4185 6288
1188 507 1565 577 DISTINCT.
1608 508 1768 577 XXI.
1811 509 1994 577 ΛΒΤ.
2041 513 2121 577 11.
2168 511 2466 591 QUAEST.
2510 514 2590 581 11.

282 641 429 707 litas
463 642 745 726 corporis
762 690 779 724 ,
836 661 1033 728 quam
1079 644 1548 730 impassibilitas
1597 646 1831 711 animae

284 765 366 812 ex
392 749 855 832 dispensatione
884 751 1129 816 divina.

362 860 425 921 2.
464 855 560 920 Ad
588 855 747 921 illud
787 857 959 939 quod
1020 858 1356 941 obiicitur,
1402 859 1574 941 quod
1615 858 1832 923 anima

278 959 389 1025 illa
434 961 672 1026 iterum
711 964 886 1027 uniri
931 967 1179 1048 poterat
1222 966 1474 1048 corpori
1512 962 1826 1049 passibili,

278 1067 620 1134 dicendum
647 1071 822 1153 quod
852 1072 1150 1154 quaedam
1186 1073 1421 1139 animae
1453 1079 1831 1158 separantur

279 1193 320 1238 a
345 1193 610 1259 corpore
635 1179 1032 1261 separatione
1060 1178 1399 1246 diffinitiva
1446 1181 1585 1247 sive
1612 1182 1789 1246 finali
1809 1230 1828 1262 ,

279 1284 579 1368 quaedam
605 1304 762 1351 vero
798 1291 1175 1370 separantur
1212 1307 1252 1352 a
1278 1306 1542 1372 corpore
1568 1289 1649 1353 ad
1674 1292 1832 1352 tem-

277 1410 403 1474 pus
445 1396 705 1475 propter
749 1394 974 1475 glorias
1025 1395 1132 1460 Dei
1178 1396 1755 1462 manifestationem
1809 1418 1824 1460 :

280 1497 444 1564 sicut
470 1503 565 1564 est
589 1500 658 1564 in
687 1500 832 1580 illis,
863 1502 976 1585 qui
998 1504 1457 1568 resuscitantur
1480 1501 1560 1568 ad
1591 1506 1831 1567 statum

277 1605 431 1671 vitae
473 1608 850 1689 praeteritae,
877 1609 1046 1675 sicut
1085 1610 1212 1674 fuit
1258 1611 1329 1674 in
1374 1609 1637 1690 Lazaro,
1667 1610 1831 1674 etin

279 1713 421 1779 aliis
444 1715 829 1781 mirabiliter
852 1717 1188 1783 suscitatis,
1219 1717 1377 1796 Quae
1400 1718 1611 1801 primo
1639 1717 1830 1783 modo

279 1826 657 1912 separantur
676 1870 694 1899 ,
754 1823 1207 1905 ingrediuntur
1272 1842 1520 1891 novum
1565 1829 1827 1891 statum.

280 1927 438 2004 Quae
464 1947 620 1995 vero
648 1931 928 2007 secundo
967 1931 1157 1996 modo
1187 1936 1567 2014 separantur
1599 1949 1828 1997 secun·

279 2034 439 2100 dum
466 2036 754 2102 divinam
793 2038 1301 2121 dispositionem,
1334 2040 1544 2105 adhuc
1583 2057 1623 2103 a
1662 2045 1832 2104 statu

280 2160 399 2209 suo
447 2144 872 2209 retardantur.
924 2144 1102 2210 Unde
1145 2146 1397 2229 primae,
1452 2147 1576 2211 nisi
1629 2147 1835 2212 obstet

280 2256 495 2316 reatus
522 2252 760 2335 peccati
777 2300 796 2331 ,
827 2253 1044 2316 statim
1071 2252 1437 2317 efficiuntur
1479 2253 1836 2337 impassibi-

279 2358 374 2423 1oe
392 2406 413 2437 ,
464 2377 582 2425 nec
630 2359 906 2431 unibiles
973 2361 1125 2423 sunt
1181 2361 1429 2442 corpori
1496 2361 1830 2445 passibili;

280 2466 581 2547 quamvis
620 2466 916 2531 secundas
960 2484 1076 2549 per
1114 2464 1414 2531 divinum
1447 2468 1834 2532 miraculum

279 2571 627 2654 aliquando
690 2572 970 2637 habeant
1049 2573 1386 2656 conjungi.
1461 2573 1540 2640 Et
1621 2575 1834 2658 primo

280 2673 475 2739 modo
500 2675 720 2739 anima
745 2674 973 2739 Christi
1018 2678 1309 2761 separata
1341 2676 1495 2755 fuit,
1525 2678 1832 2758 quoniam

279 2782 450 2850 Deus
470 2802 603 2850 non
628 2783 1160 2850 determinaverat
1185 2803 1330 2849 eam
1359 2784 1632 2849 ulterius
1659 2784 1837 2849 uniri

280 2892 459 2956 carni
487 2892 788 2975 passibili.
819 2890 898 2956 Et
921 2892 1321 2974 ideo-positio
1351 2890 1461 2955 illa
1487 2891 1665 2956 nulla
1691 2895 1786 2956 est
1814 2914 1833 2955 ε

281 3016 416 3064 non
466 2999 641 3064 enim
694 3000 988 3082 potuerat
1032 2999 1210 3062 earni
1271 2997 1556 3082 passibili
1612 2998 1834 3079 uniri,

281 3123 418 3172 non
442 3106 595 3191 quia
639 3105 880 3191 aliquid
911 3109 1195 3173 creatum
1249 3105 1409 3172 illud
1453 3104 1832 3189 impediret,

279 3214 392 3279 sed
429 3214 580 3296 quia
617 3214 838 3281 divina
876 3215 1127 3299 justitia
1183 3214 1345 3280 illud
1385 3231 1521 3279 non
1576 3213 1838 3296 permit-

280 3328 465 3388 teret.

363 3441 423 3500 3.
455 3433 555 3500 Ad
579 3433 736 3502 illud
760 3434 933 3518 quod
960 3434 1287 3517 objicitur,
1317 3434 1494 3518 quod
1525 3433 1686 3499 nihil
1712 3433 1840 3499 col-

277 3542 485 3609 latum
511 3545 606 3608 est
630 3542 864 3607 animae
885 3589 905 3620 ,
934 3538 1276 3606 dicendum
1310 3538 1485 3625 quod
1511 3538 1672 3605 illud
1700 3555 1835 3605 non

280 3652 563 3728 constat,
612 3649 911 3732 quamvis
955 3664 1089 3730 non
1135 3647 1392 3730 legatur
1413 3696 1432 3727 ,
1475 3664 1594 3712 nec
1639 3648 1836 3713 etiam

280 3755 481 3837 cogit.
525 3755 762 3821 Anima
801 3754 974 3820 enim
1023 3752 1248 3819 Christi
1267 3801 1285 3832 ,
1315 3771 1431 3837 per
1462 3753 1621 3819 illud
1662 3752 1838 3836 quod

279 3862 558 3927 habebat
600 3881 682 3927 ex
709 3862 845 3929 sola
886 3861 1284 3945 separatione
1327 3879 1368 3924 a
1393 3877 1584 3925 carne
1626 3860 1838 3943 passi·

277 3970 417 4051 bili,
460 3972 603 4054 jam
645 3970 853 4036 caruit
893 3968 1244 4053 aptitudine
1288 3965 1591 4052 patiendi,
1636 3969 1700 4032 et
1748 3967 1838 4031 ita

279 4080 532 4146 reddita
556 4085 653 4145 est
676 4078 1085 4163 impassibilis
1113 4099 1132 4145 z
1163 4095 1282 4143 nec
1303 4080 1554 4160 oportet
1574 4080 1837 4161 propter

280 4186 407 4252 hoc
447 4186 688 4271 aliquid
731 4186 886 4251 novi
932 4185 1056 4250 sibi
1100 4183 1371 4251 conferri
1405 4206 1421 4249 ε
1466 4182 1617 4249 satis
1660 4185 1837 4249 enim

280 4291 637 4358 sufficiebat
686 4292 997 4376 passionis
1043 4295 1107 4358 et
1162 4290 1592 4375 passibilitatis
1643 4291 1838 4356 ratio·

281 4417 433 4465 nem
457 4399 580 4465 sibi
607 4400 868 4466 auferri.

364 4512 428 4572 4.
472 4506 572 4573 Ad
614 4507 774 4572 illud
816 4506 990 4590 quod
1032 4505 1354 4588 objicitur,
1383 4505 1557 4588 quod
1598 4504 1834 4570 animae

283 4633 432 4698 quae
489 4615 706 4679 statim
773 4630 888 4698 per
938 4612 1406 4696 separationem
1466 4611 1836 4676 efficiuntur

283 4721 724 4806 impassibiles,
752 4721 969 4786 statim
989 4719 1264 4798 evolant,
1295 4717 1636 4784 dicendum
1659 4717 1835 4802 quod
1869 4771 1879 4785 .

284 4829 444 4895 illud
470 4830 805 4896 veritatem
845 4828 1037 4893 habet
1062 4845 1238 4892 nunc
1274 4831 1415 4910 post
1458 4826 1688 4892 Christi
1730 4844 1834 4891 as·-

285 4937 647 5003 censionem
669 4985 689 5016 ,
745 4936 857 5002 sed
903 4937 1051 5000 ante
1098 4952 1229 4999 non
1269 4932 1545 4999 habebat
1593 4933 1834 4998 verita-

282 5048 415 5110 tem
455 5068 471 5111 :
502 5044 915 5110 differebatur
960 5043 1137 5109 enim
1178 5042 1543 5125 aliquarum
1589 5041 1834 5105 anima-

281 5171 434 5219 rum
477 5153 783 5230 avolatio,
822 5151 1064 5216 scilicet
1105 5150 1474 5215 sanctorum
1521 5152 1779 5232 patrum
1807 5198 1828 5230 ,

349 5303 368 5337 ¹
390 5303 471 5365 Cl.
497 5303 642 5355 Alex.
674 5298 896 5362 Mensis,
925 5313 977 5362 p.
997 5297 1090 5362 111,
1116 5310 1166 5362 q.
1193 5309 1304 5360 xlx,
1327 5297 1519 5348 memb.
1546 5300 1604 5362 23
1631 5299 1688 5350 S.
1711 5299 1829 5362 Th„

281 5391 338 5443 p.
367 5378 459 5441 m,
490 5391 540 5442 q.
577 5389 650 5443 u,
674 5381 769 5440 art.
790 5380 846 5436 3,
879 5377 931 5424 et
956 5374 1023 5423 ιιι
1048 5374 1209 5435 8εηὶ.,
1242 5373 1359 5424 dist.
1375 5385 1488 5439 1¹1,
1506 5387 1556 5438 q.
1585 5384 1624 5437 1,
1646 5377 1827 5438 art.5;

283 5453 495 5514 scotus,
520 5451 587 5502 ul
605 5451 765 5514 Sene„
791 5447 913 5500 dist.
931 5455 1045 5506 ιιι,
1073 5457 1125 5508 q.
1159 5456 1204 5508 ¹3
1233 5445 1536 5507 Bishai-dus,
1565 5446 1630 5495 ιιι
1667 5446 1828 5508 sent„

282 5521 403 5574 dist.
434 5532 544 5584 xxx,
573 5526 669 5573 art.
700 5525 729 5573 2
745 5558 764 5587 ,
791 5534 844 5584 q.
869 5529 911 5570 ιι
934 5530 953 5580 ;
990 5515 1239 5582 Dumna„
1270 5518 1332 5567 ιιι
1365 5516 1525 5581 Sem„
1553 5517 1672 5568 dis1.
1700 5527 1827 5580 xx1,

3364 523 3479 587 451

1941 651 2203 731 propter
2235 648 2423 732 primi
2452 649 2686 732 peccati
2716 648 3170 734 obligationem
3199 673 3216 735 ;
3246 655 3485 722 animae

1942 777 2099 825 vero
2131 760 2363 826 Christi
2403 760 2816 828 differebatur
2858 769 3116 848 propter
3142 766 3487 833 hominum
3604 774 3607 779 ’

1940 868 2388 946 eruditionem,
2414 872 2477 934 et
2505 872 2737 935 nostrae
2765 870 2914 935 fidei
2935 873 3487 939 confirmationem

1941 976 2005 1037 et
2058 974 2617 1056 rectificationem,
2673 981 2737 1041 et
2795 978 3007 1042 carnis
3063 980 3487 1064 propinquam

1939 1081 2493 1161 glorificationem.

2443 1300 2851 1380 QUAESTIO
2903 1302 2991 1369 11.

1942 1463 2036 1520 An
2057 1480 2126 1520 ezr
2152 1464 2260 1520 illa
2276 1467 2620 1536 separatione
2637 1481 2764 1523 caro
2788 1466 2991 1525 Christi
3016 1469 3191 1537 suerit
3216 1471 3487 1526 mortum.

2020 1620 2249 1687 Utrum
2276 1643 2357 1689 ex
2382 1624 2490 1688 illa
2516 1625 2911 1708 separatione
2929 1644 3077 1691 caro
3101 1625 3328 1692 Christi
3354 1629 3491 1692 fue-
3521 1650 3587 1695 Aa
3624 1665 3729 1708 opp.

1940 1730 2026 1794 rit
2052 1736 2327 1812 mortua,
2354 1750 2437 1796 an
2466 1741 2607 1815 post
2642 1752 2786 1798 eam
2813 1734 3112 1800 habuerit
3153 1735 3395 1814 vitam;
3427 1739 3491 1800 et

1939 1837 2115 1921 quod
2144 1839 2341 1902 vitam
2368 1839 2701 1920 habuerit,
2732 1841 2985 1907 videtur
3015 1864 3032 1906 ε
3076 1840 3277 1908 Omne
3318 1842 3490 1926 quod

1942 1949 2038 2008 est
2069 1946 2327 2010 unitum
2355 1948 2506 2011 vitae
2535 1947 2698 2013 vivit
2735 1967 2850 2032 per
2888 1948 3439 2032 participationem
3468 1971 3485 2014 t

1942 2051 2050 2115 sed
2079 2068 2228 2116 caro
2250 2053 2476 2118 Christi
2504 2059 2645 2138 post
2671 2055 3132 2138 separationem
3158 2061 3292 2120 erat
3308 2056 3492 2120 unita

1943 2158 2066 2241 ipsi
2102 2160 2276 2239 vitae,
2319 2160 2552 2225 scilicet
2590 2158 2797 2227 Verbo
2838 2161 2947 2226 Dei
2980 2184 2995 2225 ε
3029 2181 3185 2244 ergo
3230 2162 3310 2227 ab
3352 2162 3490 2246 ipso

1941 2265 2407 2332 vivificabatur.
2460 2265 2527 2332 Si
2558 2271 2631 2332 tu
2658 2267 2857 2345 dicas,
2889 2269 3060 2351 quod
3093 2269 3217 2333 hoc
3261 2273 3355 2334 est
3381 2288 3491 2336 ve-

1942 2390 2094 2437 rum
2121 2375 2198 2439 de
2225 2374 2358 2438 vita
2385 2378 2615 2454 creata,
2645 2393 2779 2439 non
2809 2375 2887 2440 de
2913 2374 3231 2456 increata;
3262 2377 3491 2459 objici-

1943 2482 2053 2544 tur
2105 2485 2325 2546 contra
2357 2503 2374 2546 ε
2413 2481 2736 2547 Potentior
2784 2485 2880 2545 est
2920 2482 3053 2549 vita
3095 2483 3377 2548 increata
3422 2483 3493 2547 in

1942 2586 2353 2668 vivificando,
2382 2605 2579 2671 quam
2606 2588 2741 2653 vita
2765 2592 2998 2668 creata,
3027 2589 3332 2671 quoniam
3357 2590 3495 2673 ipsa

1944 2697 2042 2757 est
2080 2696 2225 2759 fons
2266 2696 2441 2759 vitae.
2474 2694 2543 2760 Si
2581 2712 2739 2776 ergo
2780 2694 2996 2759 anitna
3037 2695 3199 2760 nulli
3244 2696 3495 2779 corpori

1944 2808 2152 2889 potest
2174 2803 2386 2886 uniri,
2414 2805 2576 2887 quin
2603 2804 2710 2870 det
2736 2803 2796 2868 ei
2822 2803 3024 2871 vitam
3043 2852 3068 2885 ,
3114 2805 3320 2870 multo
3364 2806 3496 2870 for-

1943 2913 2073 2977 tius
2110 2903 2362 2977 videtur
2403 2913 2577 2995 quod
2602 2931 2722 2977 nec
2745 2930 3015 2994 persona
3041 2912 3261 2978 divina
3299 2913 3497 2997 possit

1944 3020 2122 3085 uniri
2144 3020 2345 3099 carni,
2375 3021 2499 3085 nisi
2523 3019 2764 3085 tribuat
2788 3020 2847 3085 ei
2877 3019 3102 3085 vitam.

2024 3131 2087 3194 2.
2131 3126 2288 3192 Item
2332 3126 2717 3211 impossibile
2758 3125 2880 3192 fuit
2925 3127 3210 3192 animam
3263 3127 3493 3194 Christi

1943 3234 2120 3299 uniri
2147 3234 2357 3300 Verbo
2374 3280 2392 3311 ,
2423 3234 2584 3316 quin
2612 3233 2920 3317 reciperet
2947 3232 3149 3299 vitam
3194 3233 3439 3319 abipso
3472 3257 3488 3301 :

1944 3360 2104 3423 ergo
2126 3341 2182 3405 si
2207 3360 2327 3406 suo
2356 3342 2546 3406 modo
2574 3359 2720 3405 caro
2744 3344 2882 3405 erat
2905 3339 3330 3419 vivificabilis,
3360 3341 3493 3405 im-

1941 3447 2240 3532 possibile
2289 3448 2413 3513 fuit
2459 3447 2632 3512 uniri
2680 3445 2890 3514 Verbo
2912 3495 2930 3525 ,
2982 3446 3142 3530 quin
3187 3448 3494 3532 reciperet

1941 3554 2147 3619 vitam
2175 3553 2260 3618 ab
2285 3573 2385 3619 eo.

2025 3667 2086 3728 3.
2157 3661 2317 3728 Item
2384 3659 2659 3726 nobilior
2710 3665 2809 3726 est
2861 3661 3216 3726 substantia
3264 3662 3493 3728 vivens

1943 3770 2299 3836 substantia
2325 3786 2459 3834 non
2488 3769 2746 3834 vivente
2778 3789 2794 3832 t
2824 3767 2936 3832 sed
2969 3768 3153 3833 nulla
3179 3765 3327 3835 caro
3358 3777 3494 3836 erat

1942 3879 2216 3946 nobilior
2237 3895 2426 3943 «tarne
2453 3875 2722 3954 Christi,
2753 3875 2945 3940 etiam
2974 3881 3114 3959 post
3151 3880 3492 3961 separatio-

1942 4006 2094 4052 nem
2122 3986 2356 4052 animae
2402 4007 2419 4049 ε
2453 4001 2615 4065 ergo
2656 3983 2710 4046 si
2750 3983 2884 4047 vita
2926 3984 3244 4066 reperitur
3273 3985 3340 4049 in
3367 3986 3494 4052 alia

1944 4116 2164 4177 carne,
2192 4111 2447 4161 necesse
2475 4097 2570 4158 est
2608 4091 2779 4176 quod
2806 4109 2953 4156 caro
2985 4092 3214 4158 Christi
3242 4095 3491 4161 viveret

1942 4204 2138 4269 etiam
2163 4203 2379 4267 anima
2405 4203 2715 4283 separata.

2021 4317 2082 4376 4.
2131 4310 2289 4377 Item
2316 4327 2463 4375 caro
2502 4307 2611 4373 illa
2637 4325 2768 4372 non
2812 4310 3060 4391 poterat
3102 4306 3319 4373 videre
3348 4327 3491 4374 cor-

1941 4419 2310 4503 ruptionem
2342 4439 2359 4481 :
2391 4434 2550 4499 ergo
2593 4431 2845 4480 necesse
2881 4418 3017 4478 erat
3064 4431 3207 4478 eam
3247 4415 3329 4479 ab
3376 4415 3491 4482 ali-

1941 4544 2073 4610 quo
2098 4525 2433 4609 vegetari:
2468 4522 2577 4588 sed
2604 4541 2738 4587 non
2772 4521 2899 4585 nisi
2941 4541 2981 4586 a
3008 4522 3238 4587 deitate
3283 4543 3300 4585 :
3331 4540 3491 4605 ergo

1941 4652 2085 4699 eam
2112 4635 2201 4697 ita
2226 4630 2597 4715 vegetabat,
2625 4630 2788 4693 sicut
2827 4629 3046 4693 anima
3077 4649 3093 4694 ε
3134 4629 3245 4694 sed
3270 4630 3489 4695 anima

1941 4761 2086 4807 eam
2124 4738 2485 4823 vegetando
2527 4737 2718 4802 dabat
2756 4736 2818 4800 ei
2862 4737 3059 4801 vitam
3092 4757 3109 4801 ε
3151 4754 3309 4819 ergo
3349 4738 3489 4820 pari

1940 4851 2186 4915 ratione
2215 4866 2361 4913 caro
2386 4845 2495 4911 illa
2526 4844 2781 4908 vivebat
2804 4861 2919 4927 per
2947 4842 3348 4908 divinitatem
3376 4843 3487 4908 in-

1937 4960 2247 5024 fluentem
2277 4956 2344 5019 in
2373 4954 2603 5038 ipsam.

2018 5066 2142 5132 Sed
2195 5066 2415 5130 contra
2459 5083 2475 5125 ε
2530 5059 2601 5124 ln
2639 5057 2942 5141 Symbolo
2990 5056 3261 5139 dicitur,
3307 5056 3481 5140 quod
3512 5100 3722 5148 fuum,

1939 5175 2226 5242 Christus
2256 5173 2563 5274 ‘mortuus
2597 5170 2695 5230 est
2736 5169 2802 5229 et
2841 5165 3127 5248 sepultus
3158 5187 3173 5230 :
3204 5165 3314 5230 sed
3355 5166 3480 5232 hoc

1938 5379 1991 5430 q.
2015 5370 2082 5427 ²3
2126 5362 2220 5413 Th.
2245 5360 2477 5424 Argent„
2506 5358 2573 5408 ΙΙΙ
2610 5357 2773 5410 Sent..
2811 5355 2932 5407 dist.
2957 5369 3091 5421 1111,
3117 5372 3170 5422 q.
3195 5369 3250 5420 ι,
3276 5362 3374 5408 art.
3403 5360 3473 5421 23

1938 5437 2225 5501 stephanus
2240 5430 2452 5493 Brule1.,
2470 5430 2711 5491 lllSene.,
2733 5427 2850 5479 dist.
2877 5440 2993 5493 xxx,
3020 5442 3072 5494 q.
3099 5436 3131 5476 v
3145 5446 3164 5495 5
3196 5429 3322 5481 Gab.
3347 5429 3474 5496 Biel,

1937 5512 2004 5563 ιιι
2032 5509 2192 5569 Sent„
2214 5505 2328 5557 dist.
2351 5515 2470 5569 xxi,
2490 5516 2543 5569 q.
2570 5515 2609 5556 1.
