4185 6288
1326 501 1517 568 DIST.
1563 501 1643 567 n.
1687 497 1870 566 ΛΒΤ.
1915 496 1996 562 11.
2042 496 2343 576 QUAEST.
2387 498 2435 565 l.
3425 507 3505 570 ⁴3

317 657 446 704 mm
467 657 705 723 corpus
728 656 867 704 non
888 637 1141 713 habuit,
1168 638 1481 721 perfectus
1505 638 1702 703 homo
1725 653 1857 701 non

315 748 438 812 fuit.
464 747 654 823 Item,
677 747 733 811 si
760 763 995 810 verum
1024 763 1257 828 corpus
1277 763 1409 810 non
1437 745 1684 824 habuit,
1704 762 1858 809 vere
1894 812 1903 829 ¹

314 872 521 937 passus
554 872 696 917 non
733 853 856 918 t'uit
884 874 899 916 :
945 870 1107 934 ergo
1136 856 1400 916 cunctos
1429 851 1755 916 credentes
1790 851 1857 914 in

144 968 292 1024 oviam
315 980 449 1026 eum
489 961 760 1044 decepit.
798 959 868 1024 Si
904 977 1064 1041 ergo
1102 959 1224 1024 hoc
1258 959 1487 1038 dicere,
1528 963 1623 1023 est
1654 956 1858 1023 Deum

167 1094 266 1136 aa·
315 1068 495 1152 impie
530 1068 1021 1151 blasphemare;
1064 1073 1238 1151 patet
1278 1068 1449 1151 quod
1487 1066 1858 1131 manifestus

315 1194 479 1241 error
523 1181 627 1241 oet
672 1194 910 1259 ponere
953 1178 1126 1259 quod
1171 1194 1401 1241 verum
1443 1194 1676 1259 corpus
1722 1193 1857 1239 non

314 1282 739 1367 assumpserit.
803 1281 884 1346 Et
937 1283 1080 1347 ideo
1147 1282 1252 1347 alii
1319 1283 1624 1347 dixerunt
1685 1282 1859 1365 quod

315 1390 590 1455 Christus
640 1408 872 1454 verum
923 1408 1156 1473 corpus
1209 1390 1472 1466 habuit,
1522 1395 1587 1455 et
1636 1408 1858 1455 veram

316 1516 599 1577 carnem3
632 1498 743 1562 sed
768 1516 916 1561 caro
940 1497 1050 1561 illa
1078 1515 1207 1562 non
1236 1498 1355 1560 tuit
1379 1498 1716 1577 terrestris,
1749 1498 1858 1562 sed

317 1605 591 1671 coelestis.
642 1605 730 1670 De
763 1605 923 1671 coelo
958 1606 1133 1670 enim
1174 1623 1431 1671 carnem
1470 1605 1648 1670 illam
1688 1610 1859 1670 attu-

316 1715 446 1779 lisse
481 1714 818 1780 Christum
854 1715 1192 1789 dixerunt,
1234 1715 1389 1796 qnia
1433 1732 1565 1778 non
1602 1714 1862 1779 decebat

316 1822 513 1906 ipsum
536 1824 778 1889 habere
802 1841 1062 1888 carnem
1086 1824 1521 1906 peccatricem,
1541 1827 1683 1887 tnm
1709 1823 1863 1905 quia

318 1930 693 2014 concupiscit
755 1930 1064 1996 adversus
1116 1930 1411 2011 spiritum
1430 1978 1448 2009 ,
1507 1935 1649 1994 tum
1707 1931 1862 2012 quia

317 2037 490 2101 ctiam
539 2041 873 2101 auctorem
918 2036 1114 2100 habet
1157 2036 1507 2100 diabolum.
1559 2035 1635 2100 Et
1687 2037 1863 2100 hunc

318 2162 498 2208 snum
538 2161 830 2209 errorem
880 2142 1140 2207 munire
1178 2142 1411 2207 volunt
1448 2160 1561 2226 per
1603 2143 1765 2208 illud
1785 2150 1805 2185 ¹
1840 2165 1856 2208 ε

326 2250 566 2318 Primus
611 2252 794 2319 homo
836 2251 916 2317 de
962 2258 1137 2318 terra
1176 2256 1500 2325 terrenum
1541 2251 1860 2317 secundus

322 2352 487 2421 homo
519 2354 603 2421 de
630 2355 782 2421 coelo
807 2354 1115 2428 caelestis;
1141 2359 1203 2418 et
1230 2373 1344 2437 per
1370 2354 1526 2419 illud
1551 2355 1724 2437 quod
1757 2355 1859 2418 di-

158 2455 516 2525 matur:
558 2462 684 2535 Qui
711 2460 792 2527 de
820 2461 970 2528 coelo
1013 2463 1228 2540 venit,
1257 2478 1450 2545 super
1488 2478 1700 2529 omnes
1740 2469 1859 2529 est.

326 2564 435 2630 Sed
457 2567 562 2631 hic
587 2585 771 2631 error
795 2569 1111 2650 possimus
1136 2574 1459 2652 repugnat
1489 2570 1739 2633 veritati
1767 2570 1861 2633 in·

328 2674 693 2739 carnationis
728 2679 793 2738 et
831 2675 1253 2757 reparationis
1287 2697 1303 2739 ε
1350 2677 1605 2740 veritati
1648 2677 1863 2741 incar-

319 2781 615 2860 nationis3
647 2780 804 2864 quia
838 2780 1148 2861 chriam,
1177 2781 1532 2846 secundum
1561 2783 1733 2865 quod
1764 2801 1859 2846 sa-

321 2904 415 2951 cra
440 2888 694 2972 eloquia
721 2892 1076 2967 testantur,
1110 2888 1232 2952 fuit
1262 2906 1343 2952 ex
1379 2889 1627 2954 semine
1664 2889 1859 2955 David

327 2998 658 3063 secundum
686 3016 985 3074 carnem,
1013 2998 1125 3080 qui
1168 3001 1361 3062 natus
1396 2997 1520 3061 fuit
1546 2998 1625 3062 de
1662 2998 1862 3064 Maria

326 3102 595 3188 Virgine,
628 3123 779 3190 quae
803 3104 925 3170 fuit
942 3104 1023 3170 de
1044 3104 1244 3188 stirpe
1268 3103 1468 3170 David
1490 3127 1507 3184 ;
1537 3110 1862 3189 repugnat

325 3219 515 3280 autem
534 3214 794 3279 veritati
820 3212 1241 3296 reparationis
1257 3261 1276 3292 ,
1304 3214 1457 3296 quia
1492 3215 1548 3279 si
1577 3233 1708 3279 non
1734 3215 1858 3280 ha-

324 3320 445 3386 buit
470 3341 735 3387 carnem
769 3325 1159 3400 terrestrem,
1194 3320 1305 3386 sed
1344 3321 1682 3401 caelestem,
1726 3342 1857 3387 non

325 3425 528 3493 habiat
552 3428 944 3512 passibilem.
984 3425 1053 3492 Si
1080 3428 1274 3492 etiam
1301 3446 1433 3492 non
1461 3427 1688 3493 babuit
1712 3447 1858 3493 car-

327 3553 455 3598 nem
485 3540 886 3611 terrestrem,
916 3552 1049 3600 non
1074 3536 1298 3601 habuit
1315 3556 1575 3602 carnem
1602 3537 1680 3601 de
1708 3556 1858 3601 nos-

329 3643 414 3705 tro
453 3661 730 3724 genere:
774 3647 845 3706 et·
873 3642 928 3705 si
970 3641 1113 3706 haec
1156 3661 1313 3708 vera
1353 3649 1534 3723 sunt,
1563 3660 1682 3707 nec
1708 3659 1859 3706 vere

329 3749 691 3827 patiebatur,
722 3768 841 3814 nec
866 3748 1062 3814 homo
1102 3767 1219 3832 per
1260 3749 1476 3832 ipsum
1504 3767 1656 3813 vere
1687 3747 1858 3812 redi·

332 3855 625 3920 mebatur.
668 3854 737 3920 Si
778 3873 942 3936 ergo
987 3855 1128 3919 haec
1163 3855 1292 3920 duo
1332 3855 1676 3938 impietatis
1710 3857 1860 3917 sunt

332 3964 385 4023 ct
405 3962 841 4047 blasphemiae,
867 3963 1133 4045 planum
1161 3967 1258 4027 est
1284 3963 1458 4045 quod
1486 3963 1604 4027 iste
1630 3961 1861 4026 modus

170 4092 252 4148 (ιφ-Ε,
278 4104 309 4144 ³.
334 4068 565 4136 dicendi
590 4072 788 4137 falsus
820 4075 887 4138 et
914 4071 1280 4136 haereticus.
1324 4070 1473 4135 Ideo
1500 4075 1597 4134 est
1630 4072 1861 4136 tertius

170 4154 301 4268 Q
334 4178 544 4243 modus
584 4178 832 4243 dicendi
888 4197 1086 4242 verus
1135 4182 1202 4242 et
1251 4177 1600 4243 catholicus
1613 4227 1631 4258 ,
1686 4180 1860 4262 quod

333 4280 602 4350 Christus
642 4303 871 4351 veram
910 4303 1168 4350 carnem
1211 4285 1568 4350 humanam
1608 4287 1856 4369 habuit,

329 4388 408 4453 ita
427 4393 596 4474 quod
625 4412 777 4458 caro
804 4393 942 4472 illa,
976 4397 1040 4458 et
1073 4411 1305 4458 verum
1341 4411 1573 4477 corpus
1613 4395 1766 4474 fuit,
1798 4402 1863 4461 et

332 4514 464 4564 vere
486 4501 662 4564 carni
686 4504 928 4566 nostrae
955 4500 1025 4564 in
1051 4505 1285 4566 natura
1315 4501 1689 4566 consimilis.
1721 4502 1861 4567 Non

332 4605 483 4671 enim
535 4608 793 4673 decebat
828 4609 899 4672 in
951 4607 1085 4691 ipsa
1129 4608 1396 4674 veritate
1422 4608 1700 4673 inveniri
1747 4609 1859 4673 de-

333 4714 683 4795 ceptionem,
706 4719 771 4780 et
786 4715 1126 4780 oculorum
1153 4714 1677 4798 ludificationem,
1708 4717 1862 4800 quia

333 4818 541 4884 veritas
583 4839 717 4886 non
769 4821 955 4885 novit
1008 4820 1249 4885 fallere.
1306 4819 1361 4885 N
1365 4839 1437 4884 ec
1488 4821 1746 4885 decebat
1792 4821 1861 4885 in

329 4925 755 5001 perfectissimo
805 4927 917 4993 Dei
961 4926 1120 4993 Filio
1170 4928 1466 4993 invenire
1519 4928 1862 5011 imperfec-

330 5029 563 5115 tionem,
600 5038 753 5120 quia
780 5036 1282 5121 perfectissimus
1319 5053 1453 5099 non
1478 5036 1660 5101 novit
1698 5036 1856 5100 defl-

332 5151 487 5204 cere:
532 5148 591 5207 et
621 5144 787 5226 ideo,
833 5143 1005 5207 sicut
1053 5142 1404 5227 apparebat
1423 5189 1439 5217 ,
1486 5143 1578 5206 sic
1625 5161 1859 5209 verum

334 5264 536 5333 corpus
559 5260 618 5320 et
639 5257 1000 5342 perfectum
1049 5254 1130 5320 de
1162 5257 1382 5319 nostro
1412 5272 1654 5337 genere
1684 5258 1750 5320 et
1781 5255 1861 5319 de

334 5357 495 5422 utero
526 5361 715 5430 beatae
757 5360 1054 5445 Virginis
1095 5361 1450 5444 assumpsit
1491 5361 1850 5427 verissime.

393 5480 585 5551 ¹1cor.‚
609 5501 691 5555 xv,
720 5492 803 5542 47.
829 5487 932 5526 —¹
960 5486 1085 5538 Dist-
1116 5498 1263 5552 xm,
1291 5490 1388 5540 art.
1420 5491 1465 5549 1,
1490 5500 1541 5554 q.
1576 5500 1611 5538 1.

1967 632 2046 697 Et
2053 636 2472 702 concedendae
2481 642 2638 702 sunt
2651 638 2930 702 rationes
2943 637 3068 702 hoc
3083 638 3506 705 ostendentes.

2048 747 2077 805 l
2115 747 2177 807 et
2199 748 2261 808 2.
2293 744 2388 809 Ad
2418 744 2576 809 illud
2603 763 2763 827 ergo
2790 744 2963 828 quod
3002 746 3211 829 primo
3236 746 3515 830 opponi-

1967 853 2073 914 tur
2110 850 2176 915 in
2213 852 2604 916 contrarium
2630 901 2648 932 ,
2693 852 3033 917 dicendum
3071 853 3243 936 quod
3281 871 3510 918 verum

1966 962 2060 1021 est
2089 958 2169 1022 de
2201 977 2392 1024 carne
2413 1009 2430 1039 ,
2480 960 2546 1023 in
2593 979 2724 1043 qua
2749 960 2925 1040 viget
2952 960 3151 1025 fomes
3177 959 3515 1043 concupis-

1967 1065 2233 1147 centiae3
2267 1071 2331 1131 et
2357 1068 2502 1131 talis
2531 1085 2677 1131 caro
2705 1072 2799 1131 est
2828 1067 3187 1150 peccatrix:
3217 1067 3362 1131 talis
3388 1085 3514 1131 au-

1968 1177 2100 1237 tem
2125 1191 2273 1238 caro
2303 1174 2424 1239 fuit
2448 1176 2518 1239 in
2547 1176 2753 1240 Adam
2781 1179 2919 1258 post
2947 1179 3278 1257 peccatum
3300 1223 3319 1254 ,
3352 1180 3417 1239 et
3443 1176 3514 1241 in

1968 1281 2233 1364 posteris
2260 1282 2915 1366 concupiscentialiter
2940 1281 3194 1363 genitis.
3228 1281 3350 1347 Sed
3374 1282 3517 1346 talis

1968 1405 2118 1451 caro
2157 1406 2292 1453 non
2329 1389 2450 1453 suit
2475 1391 2541 1453 in
2572 1390 2776 1454 Adam
2806 1394 2954 1453 ante
2991 1393 3318 1471 peccatum
3341 1437 3359 1468 ,
3401 1407 3520 1454 nec

1967 1495 2037 1559 in
2060 1495 2332 1576 Christe,
2360 1497 2472 1579 qui
2491 1517 2622 1563 non
2640 1499 2762 1562 fuit
2780 1501 3125 1579 conceptus
3142 1497 3210 1560 in
3230 1496 3515 1577 libidine,

1968 1604 2078 1667 sed
2107 1602 2382 1688 Spiritus
2420 1606 2619 1668 sancti
2652 1605 2892 1670 virtute
2921 1625 2937 1668 t
2982 1609 3043 1669 et
3074 1623 3192 1687 pro
3218 1608 3396 1669 tanto
3421 1606 3521 1670 di-

1969 1712 2135 1775 citur
2159 1713 2301 1794 ejus
2320 1729 2467 1775 caro
2495 1712 2787 1790 colentis,
2818 1715 2882 1775 et
2909 1711 3130 1775 venire
3155 1710 3518 1790 desursum,

1968 1819 2124 1902 quia
2148 1818 2542 1883 assimilatur
2562 1819 2883 1883 altitudini
2909 1819 3213 1883 bumanae
3246 1824 3518 1896 natum,

1968 1943 2116 2008 quae
2144 1925 2266 1990 ruit
2298 1927 2369 1989 in
2396 1926 2602 1991 Adam
2640 1929 2957 2010 quantum
2986 1925 3066 1989 ad
3097 1925 3518 2007 privationem

1968 2033 2184 2097 omnis
2206 2032 2660 2098 immunditiae.
2693 2033 2769 2097 Et
2792 2051 2907 2115 per
2927 2032 3048 2097 hoc
3072 2037 3236 2116 patet
3263 2051 3521 2115 respon-

1968 2141 2065 2205 sio
2104 2140 2183 2205 ad
2224 2159 2497 2225 sequens
2523 2142 2874 2224 objectum.
2921 2138 3060 2204 Non
3096 2140 3271 2205 enim
3303 2139 3522 2205 Chris-

1971 2252 2074 2313 tus
2099 2247 2331 2312 dicitur
2362 2249 2582 2313 venire
2625 2248 2706 2312 de
2746 2247 2906 2311 coelo
2929 2294 2948 2325 ,
2997 2248 3148 2330 quia
3189 2250 3332 2330 ejus
3370 2266 3520 2313 caro

1969 2359 2296 2423 descendit
2323 2359 2401 2424 de
2429 2359 2611 2439 orele,
2642 2359 2752 2423 sed
2777 2359 2927 2441 quia
2955 2359 3188 2423 missus
3208 2364 3305 2423 est
3333 2379 3373 2424 a
3401 2360 3520 2425 Pa-

1969 2469 2104 2531 tre:
2149 2485 2297 2531 caro
2338 2467 2509 2531 enim
2550 2467 2825 2531 formata
2850 2469 2944 2529 est
2970 2465 3323 2530 secundum
3349 2466 3522 2531 divi-

1970 2591 2122 2637 nam
2143 2573 2577 2655 operationem
2598 2592 2821 2637 carens
2843 2573 3022 2637 omni
3050 2572 3353 2654 originali
3374 2591 3519 2656 pec-

1969 2685 2110 2745 cato
2127 2686 2191 2745 et
2206 2681 2386 2744 omni
2409 2680 2778 2746 rebellione.
2809 2680 2887 2745 Et
2904 2681 2974 2744 in
2993 2680 3116 2745 boc
3141 2687 3523 2746 erraverunt

1968 2787 2151 2870 impii
2183 2785 2543 2867 Manichaei,
2575 2789 2738 2852 sicut
2756 2787 3053 2871 superius
3077 2791 3405 2852 ostensum
3428 2793 3526 2853 est

1969 2895 2040 2959 in
2072 2894 2353 2960 secundo
2406 2896 2569 2959 libro
2595 2897 2662 2974 ⁸3
2713 2896 2866 2979 quia
2909 2895 3313 2960 crediderunt
3351 2897 3524 2979 quod

1969 3020 2118 3066 caro
2143 3002 2464 3067 terrestris
2491 3003 2570 3067 de
2600 3003 2700 3067 sui
2720 3008 2952 3068 natura
2982 3008 3376 3087 repugnaret
3396 3003 3524 3088 spi-

1970 3108 2165 3187 ritui,
2203 3113 2513 3192 tanquam
2546 3109 2811 3175 baberet
2835 3116 3050 3176 ortum
3080 3128 3118 3175 a
3145 3109 3273 3176 Deo
3307 3111 3477 3176 malo
3505 3134 3521 3177 ε

1966 3220 2032 3281 et
2067 3216 2138 3281 in
2176 3217 2354 3283 hunc
2389 3235 2673 3282 errorem
2725 3218 3126 3298 inciderunt,
3177 3218 3334 3302 quia
3375 3237 3522 3283 nes·

1968 3325 2223 3390 cierunt
2247 3325 2640 3408 distinguere
2659 3325 2827 3390 inter
2850 3326 3081 3390 vitium
3105 3328 3171 3389 et
3197 3330 3522 3390 naturam.

2050 3435 2112 3496 3.
2160 3432 2258 3496 Ad
2301 3432 2461 3497 illud
2504 3431 2679 3514 quod
2732 3432 3103 3514 opponitur,
3149 3431 3323 3512 quod
3371 3432 3527 3498 unio

1966 3542 2406 3623 praesupponit
2436 3541 2752 3603 rationem
2797 3538 3106 3619 imaginis
3139 3538 3209 3600 in
3235 3556 3354 3602 suo
3377 3540 3528 3603 uni-

1968 3644 2077 3707 bili
2099 3692 2118 3722 ,
2161 3644 2504 3709 dicendum
2541 3644 2711 3726 quod
2759 3643 2883 3707 hoc
2907 3661 3140 3707 verum
3176 3649 3271 3708 est
3309 3645 3378 3708 in
3414 3665 3481 3710 se
3504 3694 3521 3725 ,

1967 3750 2069 3816 vel
2097 3751 2165 3814 in
2191 3751 2440 3814 ratione
2477 3748 2753 3814 annexi:
2797 3753 2860 3813 et
2895 3749 3193 3832 quamvis
3220 3768 3369 3815 caro
3395 3752 3520 3815 hu-

1968 3875 2162 3921 mana
2192 3876 2321 3922 non
2358 3857 2590 3922 habeat
2619 3857 2689 3920 in
2734 3875 2801 3920 se
2846 3855 3161 3921 rationem
3187 3857 3517 3939 imaginis,

1968 3968 2186 4028 tamen
2212 3965 2396 4029 unita
2422 3969 2519 4028 est
2558 3962 2793 4027 animae
2830 3962 3009 4027 factae
3035 3963 3118 4027 ad
3161 3963 3519 4045 imaginem

1966 4070 2103 4136 Dei.

2049 4184 2110 4243 4.
2145 4179 2245 4242 Ad
2281 4178 2441 4242 illud
2479 4179 2651 4262 quod
2691 4180 3070 4264 opponitur,
3113 4179 3286 4263 quod
3316 4178 3522 4244 excel-

1969 4286 2203 4352 lentior
2242 4290 2338 4350 est
2378 4286 2590 4367 gratia
2636 4287 2894 4351 unionis
2934 4306 3130 4370 quam
3173 4284 3516 4365 fruitionis,

1970 4393 2309 4459 dicendum
2367 4394 2537 4476 quod
2588 4413 2818 4459 verum
2873 4399 2970 4458 est
3020 4412 3136 4477 per
3187 4411 3519 4476 compara·

1969 4501 2209 4566 tionem
2258 4500 2339 4564 ad
2376 4500 2580 4579 idem,
2629 4505 2846 4584 utpote
2883 4500 2966 4564 ad
3007 4500 3327 4578 animam,
3373 4518 3521 4583 quae

1973 4608 2100 4672 Deo
2123 4608 2381 4686 miitur,
2410 4613 2474 4682 et
2504 4607 2631 4678 Deo
2664 4607 2909 4685 unitur,
2939 4607 3094 4689 quia
3116 4605 3523 4672 excellentior

1971 4720 2069 4780 est
2092 4714 2307 4797 gratia
2338 4714 2628 4794 unionis,
2668 4732 2867 4797 quam
2905 4714 3257 4793 fruitionis,
3288 4718 3352 4779 et
3377 4733 3521 4780 eam

1971 4823 2412 4906 praesupponit
2447 4843 2461 4885 :
2499 4826 2715 4885 tamen
2751 4825 3044 4904 respectu
3086 4822 3371 4903 corporis
3414 4840 3521 4888 se-

1971 4950 2085 4996 cus
2119 4935 2237 5011 est,
2269 4930 2423 5014 quia
2463 4929 2676 5010 gratia
2715 4927 3034 4992 fruitionis
3068 4946 3199 4993 non
3241 4933 3337 4994 est
3371 4935 3522 4996 nata
3647 4921 3652 4922 ⁷

1971 5059 2110 5105 esse
2166 5040 2236 5102 in
2289 5055 2557 5121 corpore
2572 5084 2594 5115 ,
2642 5036 2780 5101 sive
2836 5034 3005 5098 circa
3052 5053 3284 5119 corpus
3299 5085 3321 5116 ,
3372 5057 3522 5102 cum

1970 5151 2167 5230 ponat
2209 5145 2420 5210 solum
2467 5143 2762 5208 habitum
2802 5144 3114 5222 creatum,
3168 5144 3281 5227 qui
3328 5145 3522 5211 habet

1969 5255 2308 5320 habilitare
2324 5251 2673 5338 potentiam
2700 5249 3177 5316 intellectivam.
3204 5251 3329 5317 Sed
3360 5270 3515 5334 gra-

1968 5362 2061 5427 tia
2102 5361 2364 5427 unionis
2408 5361 2478 5424 in
2521 5377 2786 5443 corpore
2839 5376 2971 5423 non
3023 5360 3205 5443 ponit
3246 5358 3517 5443 alicujus

1970 5471 2231 5538 habitus
2255 5469 2680 5552 collationem,
2717 5468 2830 5535 sed
2856 5467 3067 5534 solum
3093 5467 3512 5536 sustentiflca·
