4185 6288
1271 508 1471 576 DIST.
1512 508 1731 577 XXIII.
1777 508 1958 579 ΛΒΤ.
2006 509 2054 574 Ι.
2102 508 2405 589 QUAEST.
2451 509 2531 575 ΙΙ.

305 667 439 715 non
473 650 723 714 tantum
740 646 840 712 de
882 646 1119 711 virtute
1162 645 1689 725 consuetudinali,
1730 663 1842 709 ve·

271 789 275 793 ·
303 775 454 823 rum
481 756 671 820 etiam
699 754 778 820 de
803 749 979 818 omni
1019 752 1144 843 alia
1167 752 1405 818 virtute
1445 752 1566 816 sub
1594 752 1846 817 ratione

300 863 561 928 virtutis
587 862 838 927 videtur
889 879 1071 943 posse
1107 860 1249 927 haec
1296 858 1653 925 differentia
1696 858 1849 922 assi-

300 970 491 1053 gnari
512 971 799 1053 respectu
826 967 1131 1033 scientiae.
1163 966 1241 1032 Et
1266 971 1598 1050 propterea
1633 966 1848 1029 dicen-

299 1077 459 1142 dum
484 1081 599 1158 est,
626 1076 797 1160 quod
819 1074 999 1139 aliter
1023 1092 1255 1139 verum
1281 1076 1376 1137 est
1415 1073 1739 1155 objectum
1765 1073 1843 1136 fl·
1884 1104 1892 1113 ·

300 1185 429 1264 dei,
458 1183 642 1248 aliter
668 1184 991 1266 objectum
1022 1181 1325 1246 scientiae.
1376 1179 1692 1259 Scientiae,
1740 1179 1847 1243 in-

297 1310 520 1375 quam,
550 1291 873 1373 objectum
900 1292 1015 1365 est,
1037 1288 1193 1372 quia
1210 1292 1304 1352 est
1332 1306 1561 1352 verum
1585 1286 1802 1350 visum
1824 1305 1841 1366 ;

298 1398 452 1463 fidei
477 1401 692 1463 autem
737 1400 832 1461 est
865 1396 1209 1478 obJectum,
1252 1394 1403 1478 quia
1446 1397 1541 1458 est
1577 1410 1842 1473 verum3

299 1523 556 1586 verum,
606 1504 896 1588 inquam,
946 1521 1079 1568 non
1125 1502 1362 1581 visum,
1411 1499 1522 1566 sed
1565 1499 1846 1564 salutife-

295 1632 470 1679 rum.
504 1612 665 1691 Quia
691 1612 865 1676 enim
894 1616 988 1676 est
1024 1629 1156 1675 non
1196 1610 1438 1687 visum,
1497 1606 1846 1691 requiritur

295 1723 377 1789 ad
442 1722 656 1805 ipsum
721 1719 1240 1802 cognoscendum
1309 1718 1472 1781 alius
1538 1715 1803 1780 habitus
1821 1763 1840 1797 ,

295 1847 490 1910 quam
516 1829 598 1892 sit
623 1826 878 1892 babitus
904 1825 1183 1893 scientiae
1200 1846 1216 1904 ;
1236 1823 1390 1907 quia
1417 1822 1840 1901 salutiferum,

292 1937 436 2003 ideo
462 1936 722 2001 babitus
739 1935 845 1999 ille
870 1935 948 1998 ad
969 1934 1239 1997 salutem
1261 1930 1536 2007 ordinat,
1563 1932 1626 1994 et
1649 1929 1730 1993 ad
1752 1931 1846 1995 vi-

291 2047 425 2108 tam
445 2045 697 2108 beatam
729 2065 745 2107 :
777 2046 841 2107 et
867 2041 1007 2106 ideo
1037 2040 1229 2103 habet
1247 2038 1565 2102 rationem
1583 2036 1843 2100 virtutis

292 2150 696 2234 completam.
731 2148 812 2214 Et
835 2147 927 2213 sic
952 2151 1124 2232 patet
1151 2144 1327 2229 quod
1352 2143 1516 2209 nihil
1552 2144 1840 2228 impedit,

290 2258 454 2341 quin
471 2257 629 2321 fides
651 2256 846 2340 possit
874 2274 1011 2320 esse
1037 2255 1105 2318 in
1135 2269 1392 2331 verum,
1422 2255 1485 2316 et
1511 2254 1727 2315 tamen
1748 2251 1843 2315 ni-

292 2364 642 2430 hilominus
668 2381 804 2428 esse
830 2362 1063 2438 virtus,
1094 2378 1210 2445 pro
1239 2377 1316 2424 eo
1343 2358 1513 2442 quod
1542 2358 1666 2423 alio
1692 2376 1838 2422 mo»-

289 2475 373 2541 do
420 2477 514 2537 est
545 2473 613 2537 iu
639 2490 892 2550 verum,
922 2488 1120 2554 quam
1148 2466 1437 2544 scientia,
1485 2466 1839 2530 secundum

286 2581 610 2664 duplicem
665 2579 1091 2644 conditionem
1148 2574 1690 2660 praeassignatam.
1732 2572 1842 2638 Est

291 2693 466 2757 enim
491 2692 564 2756 in
582 2691 915 2757 veritatem
945 2707 1077 2753 non
1098 2689 1328 2765 visam,
1359 2685 1467 2749 sed
1509 2685 1839 2750 veritatem

294 2798 709 2879 salutiferam.
742 2796 904 2874 Quia
926 2796 1099 2862 enim
1124 2813 1256 2859 non
1274 2793 1412 2857 visa
1429 2795 1545 2872 est,
1562 2792 1841 2857 creditur

292 2904 685 2983 voluntarie;
717 2903 868 2987 quia
890 2907 1106 2969 autem
1134 2919 1262 2964 non
1291 2898 1496 2964 solum
1526 2916 1659 2962 non
1675 2898 1834 2977 visa,

291 3012 404 3076 sed
452 3011 645 3075 etiam
689 3009 1031 3089 salutifera,
1064 3007 1358 3077 creditur.
1392 3005 1751 3097 voluntarie
1777 3010 1841 3069 et

291 3119 619 3185 meritorIe
649 3140 666 3184 z
714 3136 862 3202 quae
890 3117 1019 3181 duo
1062 3114 1268 3181 aliena
1299 3117 1449 3179 sunt
1480 3131 1518 3177 a
1545 3113 1838 3196 specula-

291 3227 466 3291 tione
493 3225 798 3290 scientiae.
833 3224 1010 3291 Unde
1038 3229 1102 3288 et
1123 3223 1359 3287 veritas
1386 3222 1455 3286 in
1479 3240 1611 3304 qua
1637 3225 1733 3285 est
1757 3221 1837 3285 fi-

290 3335 426 3415 des,
445 3337 542 3397 est
557 3334 789 3399 veritas
806 3331 1160 3398 secundum
1183 3330 1505 3415 pietatem,
1521 3347 1669 3412 quae
1692 3329 1835 3412 qui-

290 3444 440 3508 dem
468 3445 622 3508 nota
652 3445 747 3506 est
774 3438 1121 3519 catholicis,
1150 3437 1261 3503 sed
1295 3437 1520 3520 ignota
1544 3437 1665 3501 fuit
1698 3435 1838 3520 phi·

289 3548 595 3633 Iosophis.

378 3660 438 3723 3.
487 3655 587 3722 Ad
614 3653 772 3721 illud
802 3652 974 3737 quod
1000 3652 1299 3735 objicitur
1313 3700 1335 3731 ,
1384 3652 1558 3735 quod
1585 3651 1838 3718 credere

292 3763 432 3827 sine
457 3762 700 3827 ratione
727 3765 819 3826 est
841 3759 1285 3843 vituperabile,
1307 3759 1647 3825 dicendum
1666 3761 1837 3842 quod

293 3870 450 3935 illud
478 3887 706 3935 verum
733 3872 850 3948 est,
887 3868 1001 3934 ubi
1041 3867 1383 3933 auctoritas
1408 3885 1540 3931 non
1584 3867 1838 3950 supplet

292 3977 510 4041 locum
551 3975 813 4041 rationis
844 3997 860 4039 ε
895 3975 1008 4040 ubi
1038 3992 1195 4041 vero
1237 3973 1581 4040 auctoritas
1620 3973 1834 4040 locum

295 4084 551 4167 supplet
595 4084 857 4148 rationis
870 4132 892 4163 ‚
945 4102 1082 4148 non
1126 4085 1222 4147 est
1254 4082 1694 4166 vituperabile,
1724 4083 1835 4148 sed

293 4190 480 4256 valde
523 4190 1048 4256 commendabile.
1098 4189 1202 4255 Sic
1228 4193 1445 4255 autem
1470 4191 1657 4255 estin
1684 4190 1830 4270 fide,

293 4296 600 4380 quoniam
631 4297 747 4362 etsi
772 4316 905 4363 non
932 4298 1095 4363 adsit
1115 4296 1464 4363 intellectui
1490 4297 1692 4381 ipsius
1709 4315 1838 4363 cre-

293 4404 503 4469 dentis
541 4405 736 4484 ratio,
767 4409 1027 4489 propter
1073 4423 1269 4488 quam
1311 4404 1534 4470 debeat
1583 4404 1837 4471 veritati

295 4511 598 4576 assentire
637 4560 654 4590 ‚
704 4513 881 4576 adest
938 4516 1155 4577 tamen
1215 4530 1489 4577 summae
1553 4513 1838 4578 veritatis

296 4620 638 4686 auctoritas
657 4669 674 4701 ,
723 4639 872 4704 quae
920 4621 1095 4686 cordi
1149 4639 1267 4685 suo
1320 4621 1580 4701 suadet,
1637 4640 1835 4704 quam

295 4728 489 4795 etiam
533 4746 857 4793 summam
912 4728 1245 4793 veritatem
1291 4728 1528 4793 scimus
1579 4730 1837 4794 mentiri

295 4855 430 4904 non
469 4854 652 4918 posse
681 4857 697 4899 ε
726 4838 790 4900 et
834 4835 974 4900 ideo
1007 4835 1282 4918 impium
1321 4839 1417 4900 est
1459 4836 1520 4901 ei
1549 4855 1681 4902 non
1707 4856 1841 4903 cre·

295 4943 445 5009 dere
475 4964 492 5007 :
524 4946 587 5008 et
612 4946 946 5026 propterea
989 4943 1111 5007 hoc
1150 4960 1284 5006 non
1326 4943 1527 5025 tollit,
1559 4944 1690 5012 imo
1720 4965 1838 5029 po-

295 5052 425 5116 tius
446 5051 686 5116 confert
710 5050 860 5116 fldei
893 5068 1028 5114 esse
1053 5051 1381 5116 virtutem.

378 5160 439 5222 4.
489 5157 588 5223 Ad
633 5157 792 5222 illud
821 5158 994 5240 quod
1032 5157 1351 5240 objicitur,
1381 5159 1553 5242 quod
1595 5166 1837 5246 quanto

367 5355 387 5390 ¹
410 5354 539 5406 Dist.
559 5365 705 5417 xxiv,
726 5357 824 5407 art.
840 5356 890 5417 2,
907 5368 958 5420 q.
976 5356 1024 5405 3.
1041 5380 1100 5393 -
1117 5357 1139 5390 ¹
1158 5355 1240 5418 Cf.
1266 5355 1411 5407 Alex.
1431 5358 1649 5424 Mensis,
1665 5376 1721 5426 p.
1748 5366 1834 5422 111,

298 5424 466 5477 collat.
487 5437 666 5489 xxxltr,
688 5430 783 5478 art.
807 5431 863 5488 1;
890 5427 946 5477 S.
967 5426 1170 5491 Thom.‚
1194 5426 1319 5488 11-11,
1340 5442 1393 5492 q.
1410 5441 1481 5494 vl,
1503 5435 1598 5482 art.
1626 5437 1644 5482 1
1668 5449 1686 5497 ς
1708 5437 1836 5488 etde

306 5498 550 5566 Verit.,q.
566 5510 715 5566 nm,
735 5501 834 5550 art.
856 5499 905 5565 33
928 5499 1204 5564 Scotus‚lll
1230 5499 1387 5563 Seni„
1409 5501 1527 5554 dist.
1546 5515 1701 5570 xxm,
1724 5522 1777 5573 q.
1794 5522 1833 5573 13

3374 514 3494 578 485

1953 644 2195 728 aliquid
2235 647 2331 709 est
2373 644 2584 726 magis
2624 644 3017 726 rationabile,
3071 649 3250 712 tanto
3284 648 3496 731 magis

1954 755 2256 817 consonat
2296 752 2522 816 virtuti
2561 752 2851 834 perfectae
2877 801 2898 832 ‚
2944 751 3284 818 dicendum
3322 754 3494 836 quod

1953 858 2329 923 rationabile
2395 858 2625 924 dicitur
2664 859 2904 942 aliquid
2959 855 3337 944 dupliciter:
3383 840 3495 928 aut

1953 966 2105 1048 quia
2138 984 2491 1031 consonum
2532 971 2627 1031 est
2657 967 2888 1033 rationi
2930 967 3196 1033 elevatae
3218 974 3285 1034 et
3313 970 3494 1035 illus-

1954 1075 2137 1137 tratae
2165 1092 2206 1137 a
2228 1073 2475 1139 lumine
2512 1074 2793 1139 veritatis
2830 1092 3124 1157 superna?
3141 1124 3160 1155 ,
3190 1081 3304 1140 aut
3340 1077 3495 1160 quia

1954 1197 2309 1245 consonum
2348 1185 2445 1246 est
2469 1181 2694 1247 rationi
2726 1199 3051 1247 conversae
3079 1183 3160 1247 ad
3188 1183 3495 1267 cognitio-

1952 1305 2101 1351 nem
2147 1288 2529 1354 sensibilem.
2564 1289 2626 1353 si
2654 1289 2865 1373 primo
2891 1290 3083 1355 modo
3116 1291 3363 1356 dicatur
3386 1310 3494 1357 ra·

1953 1393 2274 1475 tionabile,
2309 1414 2445 1461 non
2479 1396 2671 1461 habet
2695 1396 3101 1476 instantiam3
3133 1398 3184 1461 si
3214 1400 3494 1466 secundo

1953 1502 2144 1567 modo
2186 1503 2432 1569 dicatur
2477 1503 2872 1585 rationabile,
2908 1504 3241 1570 falsitatem
3275 1507 3489 1588 habet,

1952 1611 2259 1691 quoniam
2305 1612 2670 1695 frequenter
2694 1611 2858 1676 ratio
2887 1611 2965 1675 ad
3000 1612 3324 1677 sensibilia
3350 1614 3496 1678 con-

1949 1735 2138 1782 versa
2176 1718 2425 1801 judicat
2466 1736 2602 1783 esse
2653 1736 2808 1784 vera
2854 1737 3004 1801 quae
3031 1723 3185 1784 sunt
3223 1720 3400 1801 falsa,
3431 1722 3496 1785 et

1950 1844 2084 1891 esse
2127 1827 2296 1891 bona
2335 1844 2482 1909 quae
2533 1831 2683 1890 sunt
2730 1825 2921 1904 mala,
2970 1830 3035 1892 et
3082 1845 3119 1890 e
3161 1845 3489 1893 converso.

1951 1932 2131 1998 Unde
2175 1934 2487 1999 nonnulla
2518 1933 2825 2013 videntur·
2859 1932 2983 1998 sibi
3011 1934 3489 2015 irrationabilia,

1950 2059 2100 2125 quae
2140 2045 2294 2105 sunt
2349 2040 2534 2107 valde
2584 2040 2985 2105 rationabilia
3000 2089 3021 2121 ,
3084 2041 3251 2106 sicut
3296 2046 3488 2124 patet,

1949 2150 2102 2232 quia
2146 2149 2456 2215 nonnulla
2497 2148 2800 2213 videntur
2849 2148 3307 2213 irrationabilia
3344 2150 3492 2233 phi-

1948 2257 2228 2340 losophis
2246 2306 2263 2337 ,
2296 2275 2442 2341 quae
2485 2260 2703 2321 tamen
2748 2255 3052 2320 videntur
3089 2255 3273 2322 valde
3298 2258 3490 2322 ratio·

1947 2364 2183 2429 nabilia
2224 2363 2617 2441 christiania,
2649 2365 2723 2426 ut
2748 2362 3013 2426 omnino
3052 2363 3395 2441 continere,
3428 2367 3493 2429 et

1947 2472 2213 2537 omnino
2242 2472 2637 2550 mendicare,
2685 2475 2748 2536 et
2784 2471 3038 2535 similia.
3070 2470 3148 2536 Et
3174 2475 3491 2554 quantum

1946 2580 2248 2671 praecellit
2268 2580 2585 2663 Judicium
2612 2579 2737 2646 viri
2760 2579 3078 2661 judicium
3112 2579 3318 2661 pueri,
3345 2583 3491 2646 tan-
3556 2561 3567 2582 ⁸

1946 2692 2085 2752 tum
2111 2687 2412 2771 praecellit
2450 2686 2767 2769 judicium
2811 2686 2933 2751 viri
2958 2685 3287 2750 christiani
3308 2687 3491 2769 judi-

1946 2796 2123 2861 cium
2154 2796 2349 2861 unius
2383 2795 2767 2878 philosophi,
2798 2799 2859 2859 et
2880 2793 3199 2877 judicium
3223 2794 3491 2860 rationis

1946 2922 2206 2969 sursum
2234 2920 2558 2968 conversae
2579 2901 2893 2985 judicium
2921 2900 3184 2966 rationis
3207 2901 3290 2966 ad
3319 2901 3489 2966 infe-

1944 3015 2120 3080 riora
2161 3015 2474 3098 depressae
2506 3030 2524 3076 ε
2554 3018 2618 3078 et
2642 3013 2785 3078 ideo
2809 3013 2933 3078 boc
2963 3030 3094 3076 non
3121 3011 3384 3095 impedit
3408 3013 3486 3076 fi-

1944 3123 2090 3188 dem
2138 3139 2275 3188 esse
2318 3121 2646 3203 vittutem,
2676 3120 2831 3205 quia
2857 3119 3054 3185 credit
3074 3119 3310 3203 aliqua,
3339 3137 3487 3204 quae

1949 3230 2251 3294 videntur
2280 3249 2416 3294 esse
2442 3227 2896 3294 irrationabilia
2923 3227 3173 3292 homini
3199 3227 3484 3307 animali,
3576 3266 3582 3272 ·

1945 3341 2098 3401 sunt
2143 3340 2359 3402 autem
2403 3335 2799 3401 rationabilia
2839 3335 3092 3400 homini
3130 3334 3484 3418 spirituali:

1944 3451 2008 3510 et
2034 3446 2158 3511 hoc
2189 3446 2337 3510 facit
2366 3445 2446 3510 ad
2472 3445 2782 3510 rationem
2831 3442 3091 3509 virtutis
3112 3490 3131 3520 ,
3160 3445 3235 3507 ut
3273 3442 3488 3507 credat

1945 3554 2081 3618 sine
2128 3553 2398 3619 ratione.
2432 3552 2500 3619 Si
2527 3553 2701 3617 enim
2732 3552 3010 3617 crederet
3037 3568 3150 3633 per
3172 3549 3486 3615 rationem

1944 3665 2280 3744 cogentem
2307 3710 2325 3740 ,
2354 3661 2459 3725 illa
2485 3660 2821 3726 credulitas
2842 3678 2976 3725 non
3001 3662 3161 3724 esset
3185 3656 3486 3724 volunta-

1946 3769 2063 3847 ria,
2096 3769 2206 3833 sed
2231 3769 2585 3835 necessaria
2607 3771 2706 3837 :et
2721 3768 2811 3832 sic
2836 3784 2968 3832 non
2987 3768 3147 3833 esset
3170 3764 3481 3843 virtuosa,

1945 3895 2062 3941 nec
2110 3875 2458 3954 meritoria,
2487 3876 2650 3940 sicut
2701 3874 2935 3940 melius
2980 3872 3486 3939 manilaetabitur

1943 3984 2153 4049 inst-ah

2478 4180 2836 4261 QUAESTIO
2886 4180 2966 4245 11.

1945 4354 2039 4412 An
2056 4354 2184 4425 fides
2199 4354 2272 4410 sit
2288 4355 2350 4408 in
2358 4354 2522 4424 parte
2535 4350 2810 4422 coquitiva
2828 4350 3044 4413 animoe,
3072 4349 3158 4406 vel
3175 4347 3480 4421 affectiva&

2025 4512 2253 4577 Utrum
2285 4511 2441 4576 fides
2462 4510 2640 4577 sitin
2667 4512 2845 4594 parte
2870 4508 3106 4576 animm
3132 4506 3481 4591 cognitiva,
3512 4548 3723 4596 mm

1945 4641 2031 4688 an
2076 4621 2402 4700 affectiva3
2434 4624 2497 4685 et
2522 4620 2694 4703 quod
2721 4617 2892 4682 sitin
2926 4619 3104 4702 parte
3134 4616 3480 4698 cognitiva,

1946 4729 2201 4796 videtur
2227 4729 2435 4816 primo
2459 4746 2574 4811 per
2599 4726 3037 4810 Augustinum
3057 4773 3075 4803 ,
3104 4724 3218 4808 qui
3251 4723 3343 4788 sic
3365 4723 3486 4788 dif-

1945 4839 2088 4902 finit
2144 4835 2396 4903 credere
2444 4837 2512 4900 in
2570 4835 2733 4900 libro
2781 4833 2859 4901 de
2911 4831 3483 4900 Proedestinatione

1946 4947 2321 5013 Sanctorum
2339 4946 2362 4981 ⁸
2379 4963 2404 5008 .·
2438 4942 2745 5009 «Credere
2776 4945 2870 5008 est
2893 4941 3177 5023 cogitare
3204 4958 3354 5005 cum
3382 4957 3485 5006 as-

1946 5052 2258 5117 sensione.
2284 5074 2315 5112 n
2355 5050 2453 5116 Ad
2478 5050 2653 5115 illam
2680 5068 2837 5131 ergo
2874 5049 3012 5115 vim
3048 5046 3320 5132 pertinet
3345 5066 3485 5113 cre-

1946 5160 2116 5240 dere,
2146 5159 2227 5224 ad
2252 5176 2449 5240 quam
2483 5157 2759 5240 pertinet
2783 5155 3063 5238 cogitare
3102 5174 3122 5220 :
3152 5155 3262 5221 sed
3299 5156 3483 5238 cogi-

1945 5370 2197 5432 Richard„
2230 5369 2296 5419 m
2324 5368 2484 5433 sent,
2506 5333 2624 5418 dist.
2652 5376 2815 5428 xxm,
2833 5367 3004 5425 aste,
3030 5379 3082 5430 q.
3097 5377 3166 5429 113
3194 5366 3484 5433 Durandus,

1948 5443 2012 5492 lll
2031 5443 2192 5503 Sem„
2214 5440 2329 5493 dist.
2348 5449 2504 5503 xxm,
2520 5454 2571 5505 q.
2597 5450 2636 5489 11
2652 5453 2670 5502 3
2688 5437 2869 5501 Steph.
2884 5437 3095 5502 Brulet„
3110 5438 3174 5488 lll
3191 5437 3352 5502 Sene„
3367 5437 3484 5490 dist.

1946 5525 2100 5578 xxm,
2117 5528 2168 5584 q.
2191 5525 2253 5570 ιι,
2276 5539 2336 5552 --
2361 5512 2385 5549 ⁸
2411 5515 2560 5577 Aug„
2588 5511 2649 5562 de
2675 5508 2912 5561 Prodest.
2934 5512 3115 5574 sanct„
3133 5523 3180 5561 c.
3196 5521 3261 5575 ιι,
3282 5522 3340 5564 n.
3366 5512 3416 5563 5.
