4185 6288
1252 445 1447 513 DIST.
1489 444 1702 512 XXIV.
1745 443 1929 511 ΛΒΤ.
1975 443 2053 509 11.
2100 443 2400 523 QUAEST.
2437 446 2485 510 1.

364 586 427 645 2.
482 579 642 645 Item
677 580 1086 663 Augustinus
1122 580 1445 646 diffiniens
1488 581 1683 646 fldem
1726 579 1826 645 di·-

283 687 405 751 cit¹
438 707 455 752 :
497 707 531 748 α
554 685 731 751 Fidei
772 691 868 752 est
906 686 1161 752 credere
1185 687 1358 772 quod
1385 707 1515 754 nou
1542 687 1722 754 vides
1738 709 1756 766 3
1785 708 1818 747 ιι

283 798 349 860 ct
391 794 460 858 in
503 795 881 877 praecedeuti
926 795 1324 862 distinctione
1370 796 1666 861 habitum
1708 801 1822 874 est,

283 901 458 984 quod
492 903 650 968 fides
691 907 785 969 est
812 904 1022 969 virtus
1037 954 1056 984 ‚
1089 924 1219 987 qua
1262 904 1615 969 creduntur
1634 953 1652 986 ,
1681 921 1826 987 quae

284 1027 417 1073 non
442 1010 764 1076 videntur.
795 1011 874 1076 Et
900 1011 1246 1094 Gregorius
1278 1013 1347 1076 in
1381 1013 1661 1095 quadam
1704 1012 1824 1076 ho-

284 1117 463 1181 milia
489 1117 775 1183 Pascbaii
791 1126 852 1184 ἐ
889 1142 920 1181 α
938 1120 1094 1197 Quae
1121 1120 1444 1199 videntur,
1473 1121 1668 1185 fldem
1697 1138 1829 1186 uon

283 1224 546 1305 habent,
578 1226 688 1291 sed
714 1227 1132 1309 agnitionem.
1160 1248 1193 1287 a
1220 1226 1394 1309 Ergo
1416 1246 1551 1293 non
1577 1229 1830 1294 videtur

282 1333 457 1414 quod
479 1333 558 1398 de
582 1335 823 1400 eisdem
850 1337 1047 1419 possit
1075 1354 1214 1403 esse
1241 1337 1400 1402 fides
1431 1337 1696 1403 interior
1717 1387 1735 1418 ,
1766 1341 1830 1403 et

282 1458 510 1505 sensus
536 1444 832 1510 exterior.

367 1553 428 1613 3.
460 1547 623 1616 Item
662 1551 827 1617 visio
849 1553 1071 1636 patriae
1089 1557 1356 1618 evacuat
1380 1553 1574 1618 fldem
1600 1557 1663 1618 et
1689 1556 1830 1637 ejus

284 1656 594 1721 meritum
634 1664 891 1742 propter
937 1662 1513 1727 manifestationem
1547 1661 1829 1728 veritatis

282 1763 542 1829 creditae
574 1785 592 1830 ε
625 1766 736 1829 sed
763 1767 928 1833 visio
947 1769 1291 1852 corporalis
1317 1769 1546 1835 Christi
1574 1771 1663 1834 ita
1688 1788 1824 1834 ma·

282 1868 538 1936 nitestat
564 1874 704 1953 ejus
737 1872 1205 1939 humanitatem
1229 1924 1247 1956 ,
1293 1875 1458 1941 sicut
1498 1863 1662 1941 visio
1711 1894 1830 1959 pa-

282 1976 426 2040 triae
454 1979 595 2059 ejus
622 1979 1018 2046 divinitatem
1049 2002 1067 2047 ε
1098 1999 1256 2065 ergo
1292 1983 1458 2047 sicut
1483 1984 1640 2047 fides
1665 1982 1730 2046 di
1741 1982 1828 2048 vi-

285 2084 507 2149 nitatis
545 2104 681 2152 non
726 2093 931 2172 potest
958 2110 1096 2156 esse
1134 2092 1301 2156 circa
1328 2093 1545 2158 visum
1580 2092 1830 2158 visione

284 2192 586 2275 gloriosa,
621 2195 713 2260 sic
748 2198 1005 2264 videtur
1030 2200 1202 2282 quod
1228 2199 1386 2265 fides
1411 2200 1829 2264 humanitatis

285 2317 419 2365 non
455 2307 656 2385 potest
702 2320 840 2370 esse
879 2305 1047 2372 circa
1084 2307 1300 2373 visum
1341 2308 1587 2374 visione
1615 2307 1823 2372 sensi-

286 2407 441 2473 tiva.

366 2518 430 2578 4.
457 2513 618 2580 Item
642 2521 821 2583 actus
832 2520 1148 2602 credendi,
1167 2521 1523 2587 secundum
1549 2523 1723 2604 quod
1738 2523 1826 2587 *ad

286 2620 592 2687 virtutem
619 2630 898 2708 spectat,
928 2632 1024 2693 est
1049 2628 1204 2712 quid
1231 2629 1482 2695 difficile
1504 2636 1568 2694 et
1592 2630 1829 2697 volun-

286 2730 526 2794 tarium
551 2752 568 2795 t
596 2733 705 2797 sed
729 2734 983 2799 credere
1008 2735 1182 2818 quod
1208 2736 1382 2802 videt
1403 2737 1601 2803 homo
1629 2737 1832 2801 oculis

288 2842 742 2925 exterioribus,
771 2845 896 2910 hoc
931 2851 1027 2911 est
1051 2847 1236 2911 facile
1261 2852 1323 2913 et
1347 2847 1776 2912 necessarium
1807 2868 1825 2910 :

287 2966 449 3031 ergo
494 2968 627 3015 uon
670 2951 926 3019 videtur
964 2955 1137 3037 quod
1182 2955 1425 3038 aliquid
1465 2956 1662 3038 possit
1693 2971 1831 3019 esse

287 3057 484 3122 simul
527 3062 591 3123 et
625 3060 821 3126 semel
859 3061 1141 3128 exterius
1184 3059 1430 3143 visum,
1463 3066 1528 3127 et
1560 3061 1830 3127 interius

282 3164 623 3232 creditum.

829 3329 1280 3398 CONCLUSIO.

288 3477 451 3535 Circa
475 3493 640 3535 unm
664 3484 718 3536 ct
743 3479 887 3536 idem
905 3484 1134 3553 possunt
1156 3494 1262 3537 esse
1292 3479 1455 3537 siml
1481 3478 1640 3550 fides,
1670 3482 1833 3550 atquc

355 3569 498 3623 visio
541 3569 845 3641 sensibilis,
888 3573 1132 3641 quamvis
1174 3586 1281 3626 non
1321 3568 1604 3626 secundum
1639 3567 1781 3624 idem
1802 3608 1823 3639 ,

358 3658 571 3729 quando
592 3661 797 3716 scilicet
815 3660 961 3717 illud
983 3677 1150 3719 unum
1173 3661 1456 3718 sectandum
1472 3659 1630 3717 aliud
1653 3663 1826 3733 patet,

356 3749 637 3808 secundum
664 3752 822 3809 aliud
850 3752 1013 3820 latet,
1042 3756 1105 3809 ut
1131 3754 1194 3809 in
1222 3751 1453 3809 Christo.

368 3908 555 3995 Resp.
597 3911 681 3977 ad
716 3929 861 3994 arg.
908 3912 1261 3979 Dicendum
1302 3912 1477 3996 quod
1528 3910 1829 3994 quaedam

285 4020 437 4083 sunt
462 4036 609 4101 quae
635 4018 1066 4103 subjiciuntur
1088 4019 1306 4084 sensui
1339 4019 1644 4085 exteriori
1672 4019 1828 4085 sim-

285 4123 538 4206 pliciter
581 4130 647 4192 et
684 4126 957 4193 totaliter
987 4145 1007 4191 z
1033 4129 1098 4192 ct
1123 4126 1233 4191 illa
1256 4126 1470 4193 videre
1489 4173 1508 4207 ,
1536 4129 1634 4191 est
1661 4125 1828 4189 clare

288 4234 355 4298 et
375 4233 648 4315 perfecte
669 4252 1057 4317 cognoscere
1077 4257 1094 4300 ι
1124 4239 1190 4300 et
1204 4234 1371 4300 circa
1392 4233 1545 4298 talia
1564 4251 1695 4297 nou
1714 4250 1834 4316 po-

287 4342 414 4404 test
446 4340 645 4407 simul
667 4348 732 4408 ct
756 4344 955 4409 semel
977 4361 1114 4408 esse
1139 4343 1395 4407 habitus
1425 4341 1565 4408 sive
1597 4339 1834 4421 cogni-

286 4448 382 4512 tio
415 4447 566 4513 fldei
591 4468 743 4515 cum
765 4451 1008 4517 visione
1038 4448 1337 4515 exteriori
1358 4469 1376 4528 ;
1408 4465 1528 4532 pro
1554 4464 1631 4512 eo
1655 4447 1832 4531 quod

289 4553 479 4636 visin,
503 4554 641 4623 sive
663 4558 947 4639 cognitio
970 4557 1082 4623 illa
1106 4556 1388 4624 excludit
1411 4572 1603 4620 omne
1624 4554 1832 4635 aenig-

290 4677 425 4740 ma,
450 4664 515 4726 et
537 4664 973 4745 coguitionem
995 4665 1494 4749 aenigmaticam.
1525 4662 1832 4740 Quaedam

291 4772 513 4833 autem
537 4775 711 4849 sunt,
741 4790 888 4855 quae
914 4772 1006 4837 sic
1032 4774 1364 4856 subjacent
1378 4771 1590 4837 sensui
1612 4788 1836 4834 secun·

292 4871 454 4938 dum
498 4876 741 4959 aliquid
776 4879 917 4960 sui,
954 4884 1031 4944 ut
1066 4879 1425 4944 secundum
1461 4878 1701 4961 aliquid
1730 4876 1837 4943 sui

290 4980 532 5048 lateant
567 4984 783 5067 ipsum
808 5004 1073 5053 sensum
1114 5010 1130 5052 z
1169 4993 1235 5053 et
1268 4987 1437 5052 circa
1472 4986 1627 5049 talia
1672 4984 1835 5050 bene

289 5092 499 5172 potest
535 5090 734 5158 simul
773 5098 838 5159 et
873 5093 1071 5160 semel
1113 5111 1251 5160 esse
1282 5094 1449 5160 visio
1472 5091 1829 5158 secuudum

289 5216 533 5280 unum,
554 5202 620 5265 et
643 5200 981 5269 credulitas
1010 5202 1169 5268 ‘fidei
1205 5201 1560 5269 secundum
1576 5199 1827 5265 «alinde

359 5372 378 5408 ¹
397 5373 550 5436 Aug..
568 5374 621 5422 in
634 5374 798 5438 loom,
818 5377 963 5426 tract.
984 5385 1071 5435 η,
1092 5387 1147 5424 n.
1163 5376 1220 5438 95
1242 5375 1427 5436 Quoest.
1443 5386 1638 5436 evang„
1660 5370 1751 5422 lib.
1773 5372 1833 5434 ΙΙ,

291 5457 342 5496 c.
364 5454 553 5495 xxxix.
569 5467 633 5483 -—
657 5447 683 5481 ⁸
700 5446 875 5511 Greg„
904 5446 958 5495 in
976 5446 1190 5509 Evanq„
1216 5446 1355 5497 hom.
1386 5455 1490 5497 mvl.
1508 5466 1574 5481 -—-
1591 5443 1834 5505 ’flamm

1934 580 2102 644 visio
2136 579 2495 645 secundum
2532 579 2692 646 illud
2711 628 2729 660 ‚
2763 580 3117 647 secundum
3150 579 3323 664 quod
3358 598 3478 663 pa·

1937 690 2102 767 tent;
2132 687 2471 754 credulitas
2489 687 2644 752 fidei
2663 688 3020 754 secundum
3045 687 3228 769 illud,
3257 706 3479 753 secun·

1935 794 2091 859 dum
2132 794 2306 878 quod
2342 795 2562 859 latent.
2594 794 2675 859 Et
2698 795 2822 860 hoc
2856 796 3045 860 modo
3082 799 3177 859 est
3208 796 3275 859 in
3301 795 3478 861 Chri-

1935 907 2032 966 sto
2057 901 2436 984 intelligere.
2467 901 2634 967 Nam
2663 902 2948 968 Christus
2973 904 3327 969 secundum
3360 921 3477 969 na-

1935 1014 2150 1074 turam
2177 1015 2595 1094 assumptam,
2619 1014 2685 1075 et
2715 1027 3110 1094 corpoream,
3139 1012 3480 1095 Apostolo-

1935 1137 2087 1183 rum
2128 1120 2421 1184 sensibus
2453 1120 2836 1203 apparebat;
2866 1121 3222 1185 secundum
3262 1125 3480 1185 autem

1936 1227 2224 1294 divinam
2248 1232 2573 1307 naturam,
2612 1246 2870 1293 omnem
2906 1247 3166 1293 sensum
3205 1228 3474 1323 latebat3

1937 1338 2001 1400 et
2041 1336 2263 1402 eadem
2303 1354 2576 1420 persona
2614 1338 2679 1401 et
2717 1335 3076 1419 hypostasis
3120 1336 3478 1408 secundum

1937 1443 2219 1511 diversas
2244 1447 2506 1510 naturas
2532 1444 2727 1509 simul
2752 1449 2887 1509 erat
2912 1443 3084 1509 visui
3109 1444 3392 1527 cognita,
3417 1446 3481 1510 et

1937 1552 2309 1634 incognita:
2341 1553 2486 1618 ideo
2523 1552 2716 1617 simul
2756 1554 3000 1635 poterat
3033 1570 3172 1616 esse
3207 1553 3348 1616 visa
3367 1600 3386 1632 ‚
3422 1556 3486 1617 et

1938 1658 2195 1723 credita.
2241 1658 2321 1723 Et
2354 1659 2422 1725 id
2457 1664 2552 1724 est
2584 1659 2736 1723 satis
2776 1659 2956 1723 facile
2996 1659 3356 1740 intelligere
3378 1706 3397 1736 ,
3427 1659 3480 1723 si

1938 1767 2085 1848 quis
2122 1766 2428 1844 attendat,
2481 1767 2791 1850 quoniam
2834 1766 3001 1831 circa
3050 1766 3223 1831 idem
3272 1770 3480 1849 potest

1937 1891 2073 1938 esse
2116 1873 2423 1938 certitudo
2444 1922 2463 1953 ,
2502 1878 2567 1938 et
2613 1873 2960 1953 dubitatio,
2987 1875 3342 1938 secundum
3372 1874 3472 1938 di-

1937 1998 2155 2045 versas
2180 1983 2471 2060 naturas,
2502 1985 2565 2045 et
2591 1981 2872 2047 diversos
2910 1985 3254 2064 respectus,
3285 1986 3349 2045 et
3376 1981 3479 2045 di-

1936 2106 2156 2155 versas
2200 2089 2618 2154 conditiones.
2661 2088 2811 2154 Esto
2837 2089 3014 2154 enim
3058 2090 3232 2171 quod
3260 2090 3366 2153 hic
3396 2089 3480 2153 sit

1939 2196 2227 2262 Christus
2269 2215 2489 2262 coram
2525 2197 2726 2262 oculis
2765 2197 2963 2275 meis;
3014 2196 3130 2261 etsi
3179 2196 3326 2261 visu
3370 2215 3477 2262 co·

1937 2321 2246 2386 gnoscam
2292 2304 2506 2387 ipsum
2545 2322 2683 2369 csse
2726 2303 3089 2379 hominem,
3141 2320 3481 2386 nunquam

1936 2415 2156 2476 tamen
2182 2429 2298 2494 per
2321 2411 2533 2476 visum
2560 2428 2945 2493 cognoscam
2974 2411 3186 2493 ipsum
3215 2428 3352 2475 esse
3377 2409 3478 2475 Fi-

1936 2518 2100 2583 lium
2127 2517 2258 2582 Dei.
2291 2517 2436 2582 Ideo
2476 2519 2641 2582 alius
2683 2518 2937 2582 habitus
2961 2519 3353 2582 necessarius
3379 2521 3475 2581 est

1937 2629 2016 2694 ad
2044 2630 2188 2705 hoc,
2228 2630 2397 2712 quod
2424 2647 2807 2711 cognoscam
2832 2629 3047 2712 ipsum
3077 2648 3214 2695 esse
3248 2628 3472 2693 Deum.

1937 2738 2016 2803 Et
2038 2737 2161 2803 hoc
2186 2743 2304 2818 est,
2332 2738 2506 2822 quod
2529 2738 2836 2804 Dominus
2862 2739 3024 2804 dixit
3045 2736 3254 2815 Petr0‚
3276 2756 3477 2822 quan-

1936 2846 2020 2911 do
2046 2847 2292 2911 dixerat
2309 2845 2330 2883 ⁸
2357 2864 2375 2910 :
2410 2846 2463 2911 T
2458 2863 2503 2911 u
2528 2862 2591 2914 es
2621 2845 2911 2914 Christus
2925 2845 3137 2913 Filius
3159 2848 3278 2913 Dei
3294 2849 3476 2914 vivi.-

1941 2955 2122 3034 Garn,
2179 2962 2240 3024 et
2284 2956 2556 3038 sanquis
2602 2972 2735 3022 non
2782 2955 3085 3022 revelabit
3137 2954 3296 3035 tibi,
3351 2958 3471 3020 etc.

1938 3061 2425 3130 Concedeudum
2457 3067 2552 3130 est
2599 3082 2757 3146 ergo
2800 3065 2974 3159 quod
3013 3063 3172 3128 fides
3209 3066 3273 3128 et
3313 3063 3476 3129 visio

1934 3174 2202 3255 possunt
2226 3190 2364 3237 esse
2389 3173 2554 3238 circa
2576 3190 2785 3237 unum
2814 3174 2879 3237 et
2903 3173 3225 3252 eumdem,
3255 3190 3479 3255 quam·

1935 3280 2038 3347 vis
2077 3299 2210 3346 non
2248 3280 2600 3346 secuudum
2644 3280 2838 3345 idem.
2888 3280 2968 3347 Et
3013 3281 3141 3346 hoc
3179 3284 3273 3345 est
3308 3280 3480 3365 quod

1939 3386 2089 3452 dicit
2112 3388 2519 3470 Augustinus
2544 3392 2590 3468 ⁸,
2618 3391 2686 3452 et
2700 3387 3045 3470 Gregorius
3062 3394 3084 3428 ⁸
3101 3387 3179 3453 de
3205 3387 3474 3467 Thoma‚

1938 3494 2111 3576 quod
2133 3496 2308 3561 aliud
2330 3495 2512 3574 vidit,
2537 3499 2600 3560 et
2627 3495 2801 3561 aliud
2827 3495 3088 3560 credidit
3108 3517 3125 3574 ;
3147 3495 3478 3561 hominem

1937 3603 2122 3683 vidit,
2145 3607 2208 3668 et
2217 3604 2418 3669 Deum
2431 3604 2755 3669 confessus
2772 3607 2867 3668 est
2886 3603 3100 3668 dicens
3122 3626 3138 3668 ε
3163 3603 3474 3671 Dominus

1937 3726 2116 3797 meus
2127 3716 2186 3777 et
2197 3712 2371 3777 Deus
2389 3727 2587 3777 mus.
2601 3709 2849 3776 Etsicut
2870 3711 2949 3776 de
2961 3709 3207 3776 Thoma
3220 3712 3473 3794 dicitur,

1937 3818 2028 3883 ita
2048 3818 2243 3884 etiam
2285 3819 2363 3884 de
2394 3818 2533 3883 aliis
2559 3818 2887 3901 apostolis,
2914 3819 3075 3883 etde
3094 3817 3165 3883 B.
3179 3817 3469 3901 Virgine,

1938 3940 2088 4009 quae
2117 3925 2416 4008 quamvis
2454 3924 2883 3990 certitudinali
2919 3927 3310 4009 experientia
3348 3930 3485 3993 sci-

1940 4034 2108 4099 verit
2127 4052 2196 4099 sc
2217 4034 2578 4117 concepisse
2602 4034 2740 4099 sine
2767 4031 2944 4100 virili
2966 4035 3234 4115 semine,
3258 4040 3480 4101 tamen

1938 4142 2382 4225 seconcepisse
2395 4159 2732 4224 personam
2750 4140 2941 4207 Verbi
2958 4142 3138 4209 novit
3157 4142 3475 4208 mediante

1939 4249 2088 4314 fide.
2135 4249 2213 4315 Et
2255 4250 2556 4330 breviter,
2594 4249 2748 4333 quia
2774 4250 2843 4314 in
2874 4250 3174 4316 omuibus
3197 4251 3478 4316 articulis
3511 4340 3528 4384 ι
3561 4277 3724 4384 unffi:

3530 4353 3580 4383 a.
3600 4353 3656 4395 qu

1939 4358 2306 4441 implicatur
2346 4358 2589 4441 aliquid
2630 4357 2929 4425 divinum
2950 4360 3153 4442 ,quia
3178 4359 3484 4427 articulus

1941 4469 2039 4529 est
2077 4465 2316 4530 veritas
2349 4466 2426 4531 dc
2461 4465 2616 4545 Dec,
2663 4470 2728 4531 et
2775 4464 2936 4531 illud
2974 4467 3237 4550 quidem
3291 4468 3483 4546 latet;

1941 4570 2086 4635 ideo
2129 4572 2546 4639 concedendas
2577 4576 2728 4639 sunt
2765 4573 3045 4639 rationes
3087 4574 3487 4639 ostendentes

1942 4677 2117 4761 quod
2136 4678 2298 4743 visio
2325 4681 2669 4764 corporalis
2691 4680 2888 4746 fldem
2914 4699 3047 4746 non
3073 4680 3373 4747 excludit.

2025 4788 2087 4849 1.
2119 4786 2220 4850 Ad
2239 4786 2399 4851 illud
2424 4805 2586 4869 ergo
2619 4788 2788 4871 quod
2834 4787 3043 4872 primo
3077 4787 3378 4871 objicitur
3413 4787 3486 4851 in

1944 4893 2362 4973 contrarium,
2396 4895 2570 4976 quod
2598 4894 2748 4958 fidei
2774 4895 3125 4958 necessaria
3158 4897 3252 4958 est
3275 4893 3488 4958 laten-

1942 4997 2057 5075 tia,
2086 4995 2430 5061 dicendum
2455 4996 2629 5080 quod
2662 4997 2927 5062 latentia
2963 4995 3312 5062 divinitatis
3335 4995 3484 5061 haec

1944 5108 2076 5186 est,
2127 5122 2275 5187 quae
2313 5105 2667 5171 necessaria
2703 5110 2799 5170 est
2837 5104 3028 5184 fidei}
3051 5104 3186 5170 -sed
3228 5103 3490 5170 latentia

1944 5211 2362 5279 humanitatis
2392 5231 2526 5281 non
2550 5218 2647 5280 est
2678 5213 2760 5280 de
2783 5212 2937 5281 fidei
2959 5212 3357 5294 necessitate,
3389 5211 3489 5277 fa-

1949 5387 2054 5440 xvr,
2094 5378 2170 5438 16,
2208 5377 2283 5428 17.
2308 5375 2413 5414 —⁸
2435 5379 2584 5442 Aug„
2613 5376 2670 5426 in
2692 5377 2858 5440 Joan„
2901 5377 3049 5427 tract.
3094 5387 3236 5436 cxxi,
3271 5389 3327 5427 u.
3363 5377 3494 5428 5.-

1946 5447 1970 5482 ⁸
1997 5448 2148 5514 Greg.
2179 5452 2234 5499 in
2260 5448 2478 5514 Erana„
2507 5448 2652 5500 boin.
2679 5459 2823 5499 xxvi.
