4185 6288
1273 436 1471 506 ms'r.
1514 437 1733 504 xxm.
1780 436 1960 504 ΛΒΤ.
1996 436 2073 502 11.
2122 438 2421 518 QUAEST.
2465 440 2543 507 V.

387 586 448 647 Β.
478 581 576 646 Ad
614 581 775 646 illud
799 579 971 663 quod
998 578 1297 662 objicitur
1311 625 1330 657 ,
1366 576 1538 659 quod
1563 573 1720 638 fides
1746 572 1848 637 in-

305 689 529 755 formis
576 706 709 754 non
756 689 1221 753 transmutatur
1272 682 1398 748 nisi
1460 679 1850 746 accidentali-

307 800 435 874 ter,
465 795 802 860 dicendum
838 795 1010 879 quod
1051 791 1533 872 transmutatio,
1563 787 1850 854 acciden-

307 904 452 967 talis
477 903 545 967 in
572 920 806 984 genere
833 906 1085 967 naturae
1099 950 1117 979 ,
1146 904 1350 984 potest
1384 916 1521 964 esse
1547 895 1850 961 essentia-

305 1010 386 1075 lis
409 1010 480 1074 in
518 1029 755 1093 genere
781 1027 1038 1074 morum
1073 1031 1087 1072 :
1121 1008 1286 1072 sicut
1311 1010 1482 1089 patet
1517 1004 1594 1068 de
1631 1003 1846 1085 aliquo

306 1120 454 1181 actu
473 1165 491 1194 ,
530 1116 644 1200 qui
678 1135 790 1201 per
817 1117 1241 1201 privationem
1276 1114 1550 1197 alicujus
1585 1112 1852 1177 circum·

306 1223 558 1288 stantiae
579 1224 978 1289 accidentalis
995 1228 1089 1289 est
1115 1224 1183 1287 in
1209 1241 1449 1305 genere
1461 1221 1624 1297 vitii,
1649 1225 1712 1284 et
1735 1237 1848 1303 per

305 1330 685 1413 positionem
720 1334 815 1395 est
840 1331 909 1396 in
942 1349 1178 1413 genere
1207 1330 1484 1395 virtutis.
1521 1326 1642 1392 Per
1675 1328 1851 1392 hunc

307 1438 575 1503 modum
634 1442 728 1503 est
774 1437 1261 1519 intelligendum
1324 1437 1392 1500 in
1455 1436 1775 1520 proposito
1829 1457 1845 1500 ε

306 1544 606 1629 quamvis
648 1546 823 1610 enim
849 1545 942 1610 illi
970 1544 1215 1609 habitui
1257 1543 1494 1608 accidat
1520 1560 1656 1607 esse
1698 1560 1848 1607 cum

306 1654 518 1735 gratia
538 1702 556 1732 ,
582 1653 686 1718 vel
714 1652 853 1718 sine
880 1652 1112 1735 gratia,
1141 1650 1472 1717 essentiale
1513 1637 1731 1715 tamen
1758 1651 1853 1714 est

306 1762 366 1826 ei
410 1780 548 1827 esse
590 1780 741 1827 cum
793 1762 1002 1845 gratia
1018 1808 1040 1841 ‚
1085 1763 1276 1845 prout
1324 1764 1421 1824 est
1463 1758 1846 1842 principium

305 1869 543 1934 meriti.
565 1866 901 1949 Praeterea,
916 1869 1051 1952 ipse
1078 1867 1333 1933 habitus
1354 1866 1504 1931 fidei
1528 1865 1843 1941 informis,

307 1977 500 2044 etiam
544 1978 755 2061 gratia
779 1977 1284 2061 circumscripta,
1318 1978 1492 2043 tenet
1535 1974 1847 2040 rationem

306 2084 616 2150 virtutis:
645 2084 787 2149 ideo
823 2103 909 2151 ex
952 2084 1074 2149 hoc
1117 2102 1251 2150 non
1285 2087 1491 2167 potest
1532 2080 1847 2160 concludi,

305 2193 469 2276 quin
504 2194 663 2257 fides
706 2192 790 2258 sit
823 2192 944 2258 sub
977 2210 1214 2275 genere
1252 2190 1511 2257 virtutis
1543 2196 1852 2273 tanquam

304 2300 428 2365 suh
453 2299 711 2385 proprio
740 2319 999 2382 genere.

387 2414 448 2473 6.
492 2409 590 2473 Ad
618 2408 776 2474 illud
803 2409 971 2493 quod
1000 2408 1296 2491 objicitur
1317 2457 1335 2489 ,
1378 2409 1553 2492 quod
1582 2409 1745 2473 sicut
1785 2426 1854 2473 se

305 2517 495 2583 habet
522 2518 740 2582 anima
764 2517 843 2581 ad
870 2536 1019 2581 suas
1045 2518 1355 2600 potentias
1379 2564 1397 2594 ,
1455 2517 1547 2580 sic
1573 2536 1641 2581 se
1663 2516 1856 2581 habet

306 2625 518 2706 gratia
546 2625 628 2691 ad
671 2624 938 2690 virtutes
956 2673 973 2703 ‚
1012 2624 1352 2691 dicendum
1396 2625 1568 2707 quod
1604 2642 1736 2688 non
1760 2626 1856 2687 est

307 2732 680 2796 omnimoda
730 2732 1095 2811 similitudo,
1132 2750 1251 2816 pro
1277 2750 1352 2796 eo
1390 2731 1563 2814 quod
1603 2749 1733 2795 non
1759 2733 1856 2795 est

309 2843 486 2903 tanta
528 2840 859 2905 diversitas
906 2840 1106 2924 ipsius
1150 2839 1381 2921 gratiae
1426 2838 1507 2902 ad
1556 2838 1849 2917 virtuteS,

309 2950 628 3028 quantum
655 2947 735 3012 ad
762 2965 986 3013 earum
1015 2946 1404 3031 principium
1451 2945 1739 3025 formale,
1765 2946 1849 3008 si-

308 3058 417 3118 cut
441 3054 676 3118 animae
703 3054 783 3119 ad
809 3073 958 3119 suas
981 3055 1175 3133 vireS,
1215 3053 1755 3137 quemadmodum
1783 3052 1854 3116 in

308 3164 590 3229 secundo
619 3163 784 3229 libro
820 3167 1148 3229 ostensum
1179 3163 1304 3227 fuit
1330 3163 1375 3240 ⁸,
1405 3163 1520 3226 uhi
1547 3162 1671 3227 fuit
1713 3162 1855 3227 haec

309 3273 580 3354 quaestio
623 3276 1021 3356 pertractata.
1050 3271 1333 3338 Virtutes
1379 3271 1554 3335 enim
1598 3289 1728 3335 non
1754 3270 1852 3335 di-

312 3382 549 3443 cuntur
573 3398 710 3445 esse
746 3380 1016 3446 virtutes
1041 3381 1243 3463 ipsius
1269 3379 1519 3461 gratiae,
1555 3396 1670 3462 per
1694 3396 1857 3461 quas

310 3485 452 3568 ipsa
477 3487 688 3567 gratia
732 3491 1030 3570 operetur
1046 3535 1063 3566 ,
1102 3487 1267 3551 sicut
1298 3487 1515 3552 anima
1557 3490 1857 3569 operatur

311 3611 430 3675 per
472 3613 620 3659 suas
646 3594 977 3678 potentias,
1028 3592 1158 3658 Nec
1196 3598 1292 3658 est
1340 3592 1851 3675 intelligendum,

310 3701 487 3783 quod
526 3701 735 3782 gratia
765 3701 850 3767 sit
897 3701 967 3766 in
1021 3701 1288 3767 diversis
1341 3701 1687 3784 subjectis:
1731 3700 1855 3765 hoc

312 3808 491 3873 enim
543 3808 718 3874 ducit
769 3809 837 3874 in
880 3809 1410 3891 imaginationem
1467 3808 1691 3872 falsam
1709 3857 1727 3887 ,
1785 3807 1856 3871 in

312 3913 480 3977 hanc
517 3914 827 3995 videlicet,
858 3915 1032 4000 quod
1076 3915 1286 3997 gratia
1326 3915 1707 3981 omninoita
1740 3933 1857 3979 ve-

312 4021 451 4085 niat
471 4021 539 4084 in
564 4022 847 4087 animam
899 4027 965 4088 et
987 4024 1129 4105 ejus
1156 4023 1487 4106 potentias,
1521 4022 1685 4087 sicut
1710 4022 1856 4086 ani-

314 4146 422 4192 ma
474 4129 653 4193 venit
696 4130 763 4193 in
812 4148 1045 4212 corpus
1089 4134 1152 4194 et
1190 4130 1330 4212 ejus
1372 4148 1638 4212 organa.
1675 4128 1856 4195 Tunc

312 4234 490 4300 enim
552 4239 906 4302 necessario
965 4241 1285 4321 oporteret
1306 4286 1327 4317 ‚
1394 4239 1563 4321 quod
1648 4239 1859 4321 gratia

314 4344 589 4409 abeunte
608 4363 722 4428 per
741 4348 1094 4429 peccatum,
1125 4344 1591 4428 expellerentur
1636 4361 1859 4410 omnes

315 4452 572 4516 habitus
596 4453 934 4530 virtutum,
974 4469 1136 4536 quos
1163 4470 1383 4517 secum
1417 4452 1649 4532 defert3
1686 4453 1858 4536 quod

315 4578 400 4624 ex
427 4560 565 4643 ipsa
590 4561 983 4643 experientia
1017 4561 1284 4644 planum
1310 4564 1405 4625 est
1434 4578 1570 4626 esse
1597 4561 1852 4626 falsum.

315 4666 396 4732 Et
420 4669 562 4734 ideo
580 4670 743 4733 ratio
771 4669 880 4733 illa
905 4687 1039 4733 non
1058 4669 1398 4750 concludit,
1431 4671 1585 4753 quia
1629 4670 1858 4752 accipit

316 4794 435 4858 pro
460 4776 657 4840 simili
697 4776 868 4860 quod
909 4776 1094 4842 valde
1132 4781 1228 4842 est
1274 4776 1598 4842 dissimile.
1647 4775 1860 4843 Potest

316 4889 535 4949 autem
572 4884 768 4967 accipi
818 4885 1025 4950 simile
1059 4884 1138 4950 de
1180 4886 1496 4952 infusione
1537 4886 1768 4968 gratiae
1795 4888 1859 4950 et

382 5009 399 5044 ¹
427 5010 553 5059 Dist.
579 5022 742 5073 xxvn,
770 5014 866 5061 art.
901 5017 946 5074 1,
973 5027 1026 5076 q.
1061 5024 1116 5062 11.

3389 456 3499 518 511

1953 575 2274 640 virtutum
2306 577 2376 641 in
2425 576 2670 660 pluvia,
2702 582 2763 642 et
2792 582 2964 643 terra
2990 583 3319 664 seminata,
3343 587 3509 653 sicut

1955 678 2032 746 de
2060 680 2506 748 informatione
2532 683 2848 749 virtutum
2889 705 2928 749 a
2954 688 3165 768 gratia
3191 692 3505 775 accipitur

1956 786 2028 851 in
2057 786 2304 871 lumine
2328 794 2395 855 et
2420 790 2651 857 colore.
2683 790 2754 856 Si
2781 792 2957 856 enim
2989 814 3119 860 una
3143 797 3365 878 pluvia
3392 801 3509 866 ad-

1957 895 2171 961 veniat
2212 898 2281 961 in
2326 902 2587 978 terram,
2617 899 2688 963 in
2730 918 2861 983 qua
2896 906 3048 966 sunt
3073 904 3356 986 plantata
3402 908 3508 972 di-

1958 1020 2143 1066 versa
2173 1004 2438 1084 semina,
2468 1024 2616 1089 quae
2668 1024 2799 1070 non
2827 1010 3379 1094 germinaverunt,
3411 1014 3504 1078 fa-

1959 1105 2040 1171 cit
2061 1108 2171 1172 illa
2197 1112 2586 1191 germinare,
2603 1117 2667 1176 et
2692 1114 3043 1180 secundum
3071 1117 3507 1185 diversitatem

1959 1215 2284 1280 seminum
2307 1217 2591 1283 diversas
2606 1220 2854 1301 plantas
2881 1223 3253 1304 producere.
3271 1225 3340 1291 Si
3356 1245 3509 1293 vero

1948 1325 2091 1405 jam
2117 1323 2257 1389 illas
2311 1327 2738 1408 germinavit,
2770 1329 2880 1394 sed
2910 1336 3167 1415 propter
3192 1333 3511 1399 defectum

1958 1447 2145 1514 aquae
2170 1433 2309 1514 jam
2339 1433 2628 1499 arefactae
2648 1439 2800 1499 sunt
2828 1436 3084 1519 plantae,
3117 1444 3272 1505 tunc
3290 1441 3511 1524 pluvia

1957 1537 2170 1603 denuo
2207 1538 2475 1604 veniens
2521 1540 2672 1605 facit
2709 1542 2847 1607 illas
2894 1545 3140 1627 plantas
3167 1548 3503 1615 virescere.

1959 1644 2062 1710 Sic
2082 1647 2293 1728 gratia
2317 1647 2662 1713 adveniens
2689 1650 2761 1713 in
2783 1652 3092 1734 animam,
3112 1653 3184 1718 in
3211 1675 3340 1740 qua
3356 1661 3509 1723 sunt

1958 1758 2301 1823 seminaria
2348 1758 2692 1825 habituum
2731 1761 3073 1842 virtutum,
3102 1766 3251 1831 tacit
3304 1768 3510 1851 ipsam

1960 1864 2347 1946 germinare,
2378 1866 2465 1930 ita
2486 1868 2681 1949 quod,
2728 1868 2867 1951 ipsa
2909 1869 3153 1949 hahita,
3191 1872 3513 1938 habentur

1959 1989 2074 2054 per
2118 1989 2509 2055 consequens
2561 1978 2624 2039 et
2647 1975 2919 2041 virtutes
2950 1995 2968 2040 t
3008 1979 3182 2060 quod
3209 1980 3511 2046 continue

1959 2078 2110 2143 facit
2125 2079 2266 2145 illas
2287 2099 2590 2161 crescere,
2614 2100 2955 2166 quousque
2980 2086 3283 2166 perducat
3303 2105 3510 2171 usque

1961 2186 2042 2250 ad
2069 2186 2539 2268 perfectionem.
2571 2187 2651 2253 Et
2678 2190 2732 2253 si
2758 2192 3090 2275 contingat
3104 2195 3334 2261 merito
3360 2212 3510 2279 pec-

1965 2294 2084 2358 cati
2137 2293 2479 2359 humorem
2522 2298 2749 2378 gratiae
2800 2299 3064 2379 auferri,
3114 2301 3371 2367 habitus
3419 2304 3513 2367 illi

1961 2401 2279 2466 virtutum
2309 2402 2678 2468 efficiuntur
2706 2407 2888 2487 quasi
2914 2407 3075 2471 aridi
3097 2413 3194 2473 :et
3221 2415 3509 2493 postmo-

1963 2508 2143 2586 dum,
2183 2507 2239 2571 si
2297 2509 2669 2574 restituatur
2710 2509 2931 2594 pluvia
2965 2518 3028 2578 et
3070 2514 3309 2581 humor
3355 2535 3511 2599 gra-

1961 2615 2092 2695 tiae,
2124 2633 2254 2679 non
2281 2621 2528 2697 oportet
2554 2618 2727 2698 quod
2756 2619 2973 2684 anima
2986 2621 3225 2686 iterum
3244 2624 3322 2689 de
3337 2643 3511 2691 novo

1962 2722 2304 2803 germinet,
2335 2722 2445 2787 sed
2472 2722 2578 2818 illa
2607 2743 2755 2807 quae
2782 2729 3194 2808 germinavit,
3225 2749 3340 2814 per
3380 2732 3512 2798 hu-

1962 2847 2211 2894 morem
2238 2830 2465 2911 gratiae
2491 2830 2961 2912 advenientem,
2988 2834 3227 2900 iterum
3246 2837 3512 2903 revivis—

1962 2941 2082 3002 cat.
2117 2937 2220 3003 Sic
2245 2938 2398 3003 satis
2425 2943 2641 3022 aperte
2665 2939 2935 3021 intelligi
2960 2945 3187 3024 potest,
3236 2944 3512 3026 qualiter

1961 3048 2169 3129 gratia
2195 3066 2345 3112 cum
2399 3048 2746 3114 virtutibus
2790 3049 2983 3113 simul
3037 3050 3416 3117 infundatur
3442 3053 3512 3117 in

1962 3156 2269 3236 animam,
2297 3160 2360 3221 et
2376 3156 2650 3238 qualiter
2678 3157 3022 3240 aliquando
3045 3157 3240 3224 simul
3275 3160 3514 3226 dicitur

1963 3263 2215 3327 infundi
2242 3281 2392 3328 cum
2422 3262 2750 3327 habitibus
2775 3264 3133 3343 substratis,
3163 3266 3511 3350 aliquando

1963 3389 2119 3436 vero
2147 3371 2434 3450 minime,
2487 3390 2638 3436 cum
2676 3375 2893 3437 tamen
2935 3374 3167 3454 gratia,
3195 3379 3513 3468 quantum

1963 3482 2059 3543 est
2096 3478 2176 3543 de
2219 3497 2308 3558 se,
2355 3478 2734 3542 infundatur
2789 3496 3042 3562 semper
3079 3481 3508 3548 uniformiter.

1964 3585 2147 3664 Quod
2190 3590 2411 3651 autem
2454 3587 2799 3652 seminaria
2848 3588 3163 3653 virtutum
3193 3595 3513 3674 quantum

1963 3695 2044 3760 ad
2069 3696 2327 3760 habitus
2353 3696 2698 3760 substratos
2719 3697 2850 3761 sint
2875 3697 3156 3781 plantata
3185 3699 3254 3764 in
3282 3705 3515 3767 natura

1966 3805 2197 3869 mentis
2222 3806 2568 3884 rationalis,
2599 3823 2895 3888 expresse
2922 3811 3128 3890 potest
3153 3808 3376 3873 haberi
3424 3811 3506 3874 ab

1965 3913 2331 3994 Augustino
2357 3913 2428 3976 in
2455 3912 2676 3976 multis
2701 3913 2877 3993 locis,
2908 3918 2972 3978 et
2996 3934 3035 3979 a
3051 3914 3373 3981 Bernardo
3403 3934 3506 3979 ca-

1966 4020 2092 4103 pite
2121 4019 2366 4084 decimo
2393 4018 2470 4085 dc
2488 4022 2711 4085 Amore
2730 4021 2873 4098 Dei,
2895 4022 3055 4085 etin
3082 4022 3244 4087 libro
3269 4021 3347 4089 de
3380 4021 3514 4089 Gol-

1966 4127 2315 4194 latiom'bus
2339 4132 2705 4194 sanctorum
2728 4134 3012 4209 patrum,
3031 4133 3095 4194 et
3120 4129 3188 4192 in
3208 4128 3346 4193 aliis
3357 4128 3514 4193 locis

1966 4235 2278 4317 pluribus.
2309 4232 2629 4316 Quidquid
2669 4239 2884 4299 tamen
2939 4235 3021 4299 sit
3075 4235 3153 4300 de
3187 4234 3331 4315 hoc,
3363 4235 3515 4319 quia

1964 4347 2234 4431 quaestio
2273 4347 2391 4411 ista
2425 4345 2574 4410 alibi
2624 4345 2815 4412 habet
2849 4348 3088 4428 locum,
3119 4348 3200 4413 ad
3227 4365 3513 4432 praesens

1964 4461 2217 4519 tantum
2244 4453 2514 4519 sufficiat
2535 4452 2767 4518 dixisse
2790 4454 2868 4518 de
2894 4455 3256 4537 quaestione
3284 4473 3513 4539 propo·

1965 4565 2105 4644 sita,
2158 4563 2328 4647 quod
2356 4565 2545 4645 Juxta
2596 4560 2976 4626 sententiam
3035 4564 3098 4625 et
3143 4560 3515 4644 opinionem

1968 4671 2257 4753 Magistri
2276 4671 2386 4734 illa
2402 4668 2630 4753 positio
2653 4669 2908 4736 videtur
2933 4687 3068 4733 esse
3094 4669 3330 4748 verior,
3362 4684 3513 4751 quae

1963 4780 2120 4844 dicit
2145 4777 2316 4861 quod
2363 4776 2520 4841 fides
2569 4775 2860 4839 informis
2907 4792 3024 4858 per
3062 4775 3514 4840 advenientem

1966 4890 2243 4973 gratiam
2281 4887 2393 4951 flat
2425 4886 2719 4964 formata,
2748 4885 2884 4949 sive
2923 4886 3236 4951 formetur
3256 4885 3513 4968 abipsa

1968 4990 2177 5072 gratia
2201 4988 2495 5067 mediate,
2518 4988 2651 5053 sive
2681 4987 3063 5051 immediate.
