<?xml version="1.0" encoding="UTF-8"?>
<!DOCTYPE html PUBLIC "-//W3C//DTD XHTML 1.0 Transitional//EN"
    "http://www.w3.org/TR/xhtml1/DTD/xhtml1-transitional.dtd">
<html xmlns="http://www.w3.org/1999/xhtml" xml:lang="en" lang="en">
 <head>
  <title>
</title>
<meta http-equiv="Content-Type" content="text/html;charset=utf-8" />
  <meta name='ocr-system' content='tesseract 3.04.00' />
  <meta name='ocr-capabilities' content='ocr_page ocr_carea ocr_par ocr_line ocrx_word'/>
</head>
<body>
  <div class='ocr_page' id='page_1' title='image "./srecardinalissb01cargoog_0106.png"; bbox 0 0 4185 6288; ppageno 0'>
   <div class='ocr_carea' id='block_1_1' title="bbox 735 488 2807 560">
    <p class='ocr_par' dir='ltr' id='par_1_1' title="bbox 735 488 2807 560">
     <span class='ocr_line' id='line_1_1' title="bbox 735 488 2807 560; baseline 0.002 -8"><span class='ocrx_word' id='word_1_1' title='bbox 735 492 817 553; x_wconf 68' lang='lat'>84</span> <span class='ocrx_word' id='word_1_2' title='bbox 1707 556 1710 559; x_wconf 87' lang='grc'><strong>,</strong></span> <span class='ocrx_word' id='word_1_3' title='bbox 1835 488 2456 558; x_wconf 71' lang='lat' dir='ltr'><strong>SENTENTIARUM</strong></span> <span class='ocrx_word' id='word_1_4' title='bbox 2498 495 2651 560; x_wconf 83' lang='lat' dir='ltr'><strong>LIB.</strong></span> <span class='ocrx_word' id='word_1_5' title='bbox 2701 495 2807 558; x_wconf 77' lang='grc' dir='ltr'><strong>ΙΙΙ.</strong></span> 
     </span>
    </p>
   </div>
   <div class='ocr_carea' id='block_1_2' title="bbox 730 624 2296 3818">
    <p class='ocr_par' dir='ltr' id='par_1_2' title="bbox 730 624 2283 1333">
     <span class='ocr_line' id='line_1_2' title="bbox 730 624 2278 708; baseline 0.001 -20"><span class='ocrx_word' id='word_1_6' title='bbox 730 628 987 707; x_wconf 88' lang='lat' dir='ltr'>peccato</span> <span class='ocrx_word' id='word_1_7' title='bbox 1026 625 1217 689; x_wconf 83' lang='lat' dir='ltr'>fuerit</span> <span class='ocrx_word' id='word_1_8' title='bbox 1256 624 1535 690; x_wconf 86' lang='lat' dir='ltr'>obnoxia</span> <span class='ocrx_word' id='word_1_9' title='bbox 1559 642 1693 689; x_wconf 89' lang='lat' dir='ltr'>non</span> <span class='ocrx_word' id='word_1_10' title='bbox 1718 626 2088 708; x_wconf 89' lang='lat' dir='ltr'>simpliciter</span> <span class='ocrx_word' id='word_1_11' title='bbox 2115 673 2132 700; x_wconf 94' lang='lat'>,</span> <span class='ocrx_word' id='word_1_12' title='bbox 2169 627 2278 691; x_wconf 89' lang='lat' dir='ltr'>sed</span> 
     </span>
     <span class='ocr_line' id='line_1_3' title="bbox 732 730 2279 816; baseline 0.003 -22"><span class='ocrx_word' id='word_1_13' title='bbox 732 730 802 794; x_wconf 90' lang='lat' dir='ltr'>in</span> <span class='ocrx_word' id='word_1_14' title='bbox 831 736 1065 813; x_wconf 89' lang='lat' dir='ltr'>matre,</span> <span class='ocrx_word' id='word_1_15' title='bbox 1115 734 1180 796; x_wconf 91' lang='lat' dir='ltr'>in</span> <span class='ocrx_word' id='word_1_16' title='bbox 1222 751 1350 816; x_wconf 88' lang='lat' dir='ltr'>qua</span> <span class='ocrx_word' id='word_1_17' title='bbox 1386 734 1792 799; x_wconf 79' lang='lat' dir='ltr'>materialiter</span> <span class='ocrx_word' id='word_1_18' title='bbox 1819 738 1976 799; x_wconf 86' lang='lat' dir='ltr'>erat.</span> <span class='ocrx_word' id='word_1_19' title='bbox 2021 757 2052 792; x_wconf 75' lang='lat' dir='ltr'>n</span> <span class='ocrx_word' id='word_1_20' title='bbox 2100 734 2279 799; x_wconf 83' lang='lat' dir='ltr'>Unde</span> 
     </span>
     <span class='ocr_line' id='line_1_4' title="bbox 736 839 2279 925; baseline 0.003 -23"><span class='ocrx_word' id='word_1_21' title='bbox 736 856 867 902; x_wconf 88' lang='lat' dir='ltr'>non</span> <span class='ocrx_word' id='word_1_22' title='bbox 910 842 1006 903; x_wconf 90' lang='lat' dir='ltr'>est</span> <span class='ocrx_word' id='word_1_23' title='bbox 1046 839 1414 922; x_wconf 91' lang='lat' dir='ltr'>simpliciter</span> <span class='ocrx_word' id='word_1_24' title='bbox 1452 841 1883 921; x_wconf 82' lang='lat' dir='ltr'>concedenda,</span> <span class='ocrx_word' id='word_1_25' title='bbox 1928 842 2036 905; x_wconf 93' lang='lat' dir='ltr'>sed</span> <span class='ocrx_word' id='word_1_26' title='bbox 2079 861 2279 925; x_wconf 85' lang='lat' dir='ltr'>expo-</span> 
     </span>
     <span class='ocr_line' id='line_1_5' title="bbox 735 947 2279 1033; baseline 0.003 -24"><span class='ocrx_word' id='word_1_27' title='bbox 735 947 947 1010; x_wconf 91' lang='lat' dir='ltr'>nenda</span> <span class='ocrx_word' id='word_1_28' title='bbox 966 952 1271 1031; x_wconf 87' lang='lat' dir='ltr'>tanquam</span> <span class='ocrx_word' id='word_1_29' title='bbox 1298 948 1688 1033; x_wconf 86' lang='lat' dir='ltr'>impropria:</span> <span class='ocrx_word' id='word_1_30' title='bbox 1713 954 1776 1014; x_wconf 87' lang='lat' dir='ltr'>et</span> <span class='ocrx_word' id='word_1_31' title='bbox 1802 969 1885 1013; x_wconf 82' lang='lat' dir='ltr'>ex</span> <span class='ocrx_word' id='word_1_32' title='bbox 1912 950 2279 1032; x_wconf 84' lang='lat' dir='ltr'><strong>impropriis</strong></span> 
     </span>
     <span class='ocr_line' id='line_1_6' title="bbox 735 1054 2281 1139; baseline 0.001 -22"><span class='ocrx_word' id='word_1_33' title='bbox 735 1054 1087 1119; x_wconf 87' lang='lat' dir='ltr'>secundum</span> <span class='ocrx_word' id='word_1_34' title='bbox 1138 1073 1363 1119; x_wconf 89' lang='lat' dir='ltr'>earum</span> <span class='ocrx_word' id='word_1_35' title='bbox 1417 1057 1959 1139; x_wconf 83' lang='lat' dir='ltr'>improprietatem</span> <span class='ocrx_word' id='word_1_36' title='bbox 2009 1057 2281 1139; x_wconf 89' lang='lat' dir='ltr'>acceptis</span> 
     </span>
     <span class='ocr_line' id='line_1_7' title="bbox 736 1160 2283 1243; baseline 0.003 -19"><span class='ocrx_word' id='word_1_37' title='bbox 736 1179 870 1224; x_wconf 90' lang='lat' dir='ltr'>non</span> <span class='ocrx_word' id='word_1_38' title='bbox 899 1160 1044 1224; x_wconf 88' lang='lat' dir='ltr'>licet</span> <span class='ocrx_word' id='word_1_39' title='bbox 1073 1179 1373 1243; x_wconf 80' lang='lat' dir='ltr'>arguere,</span> <span class='ocrx_word' id='word_1_40' title='bbox 1411 1163 1577 1227; x_wconf 91' lang='lat' dir='ltr'>sicut</span> <span class='ocrx_word' id='word_1_41' title='bbox 1607 1163 2013 1228; x_wconf 86' lang='lat' dir='ltr'>manifestum</span> <span class='ocrx_word' id='word_1_42' title='bbox 2042 1168 2137 1228; x_wconf 88' lang='lat' dir='ltr'>est</span> <span class='ocrx_word' id='word_1_43' title='bbox 2167 1183 2183 1227; x_wconf 92' lang='lat'>:</span> <span class='ocrx_word' id='word_1_44' title='bbox 2218 1167 2283 1228; x_wconf 93' lang='lat' dir='ltr'>et</span> 
     </span>
     <span class='ocr_line' id='line_1_8' title="bbox 734 1266 1441 1333; baseline 0.006 -4"><span class='ocrx_word' id='word_1_45' title='bbox 734 1266 877 1331; x_wconf 93' lang='lat' dir='ltr'>ideo</span> <span class='ocrx_word' id='word_1_46' title='bbox 903 1267 1064 1331; x_wconf 91' lang='lat' dir='ltr'>ratio</span> <span class='ocrx_word' id='word_1_47' title='bbox 1090 1285 1225 1331; x_wconf 89' lang='lat' dir='ltr'>non</span> <span class='ocrx_word' id='word_1_48' title='bbox 1250 1269 1441 1333; x_wconf 85' lang='lat' dir='ltr'>valet.</span> 
     </span>
    </p>

    <p class='ocr_par' dir='ltr' id='par_1_3' title="bbox 734 1374 2296 3818">
     <span class='ocr_line' id='line_1_9' title="bbox 815 1374 2282 1461; baseline 0.003 -23"><span class='ocrx_word' id='word_1_49' title='bbox 815 1378 876 1438; x_wconf 73' lang='lat'>2.</span> <span class='ocrx_word' id='word_1_50' title='bbox 918 1374 1018 1439; x_wconf 86' lang='lat' dir='ltr'>Ad</span> <span class='ocrx_word' id='word_1_51' title='bbox 1053 1374 1214 1439; x_wconf 91' lang='lat' dir='ltr'>illud</span> <span class='ocrx_word' id='word_1_52' title='bbox 1246 1378 1418 1458; x_wconf 87' lang='lat' dir='ltr'>quod</span> <span class='ocrx_word' id='word_1_53' title='bbox 1455 1379 1842 1460; x_wconf 87' lang='lat' dir='ltr'>opponitur:</span> <span class='ocrx_word' id='word_1_54' title='bbox 1891 1401 1921 1438; x_wconf 77' lang='grc' dir='ltr'>ιι</span> <span class='ocrx_word' id='word_1_55' title='bbox 1958 1378 2282 1461; x_wconf 83' lang='lat' dir='ltr'>Quidquid</span> 
     </span>
     <span class='ocr_line' id='line_1_10' title="bbox 734 1481 2282 1563; baseline 0.004 -19"><span class='ocrx_word' id='word_1_56' title='bbox 734 1481 1052 1546; x_wconf 88' lang='lat' dir='ltr'>descendit</span> <span class='ocrx_word' id='word_1_57' title='bbox 1077 1482 1158 1545; x_wconf 89' lang='lat' dir='ltr'>ab</span> <span class='ocrx_word' id='word_1_58' title='bbox 1185 1482 1388 1547; x_wconf 89' lang='lat' dir='ltr'>Adam</span> <span class='ocrx_word' id='word_1_59' title='bbox 1413 1484 1483 1547; x_wconf 90' lang='lat' dir='ltr'>in</span> <span class='ocrx_word' id='word_1_60' title='bbox 1511 1482 1686 1563; x_wconf 87' lang='lat' dir='ltr'>Seth,</span> <span class='ocrx_word' id='word_1_61' title='bbox 1713 1484 2033 1549; x_wconf 86' lang='lat' dir='ltr'>descendit</span> <span class='ocrx_word' id='word_1_62' title='bbox 2058 1504 2282 1550; x_wconf 90' lang='lat' dir='ltr'>secun·</span> 
     </span>
     <span class='ocr_line' id='line_1_11' title="bbox 734 1588 2285 1674; baseline 0.003 -23"><span class='ocrx_word' id='word_1_63' title='bbox 734 1588 891 1652; x_wconf 91' lang='lat' dir='ltr'>dum</span> <span class='ocrx_word' id='word_1_64' title='bbox 920 1588 1287 1654; x_wconf 82' lang='lat' dir='ltr'>seminalem</span> <span class='ocrx_word' id='word_1_65' title='bbox 1318 1592 1654 1671; x_wconf 89' lang='lat' dir='ltr'>rationem,</span> <span class='ocrx_word' id='word_1_66' title='bbox 1681 1613 1712 1650; x_wconf 67' lang='grc' dir='ltr'>π</span> <span class='ocrx_word' id='word_1_67' title='bbox 1739 1592 2080 1657; x_wconf 89' lang='lat' dir='ltr'>dicendum</span> <span class='ocrx_word' id='word_1_68' title='bbox 2110 1590 2285 1674; x_wconf 87' lang='lat' dir='ltr'>quod</span> 
     </span>
     <span class='ocr_line' id='line_1_12' title="bbox 736 1696 2278 1779; baseline 0.001 -19"><span class='ocrx_word' id='word_1_69' title='bbox 736 1696 1058 1760; x_wconf 87' lang='lat' dir='ltr'>seminalis</span> <span class='ocrx_word' id='word_1_70' title='bbox 1103 1697 1264 1761; x_wconf 89' lang='lat' dir='ltr'>ratio</span> <span class='ocrx_word' id='word_1_71' title='bbox 1313 1716 1445 1761; x_wconf 89' lang='lat' dir='ltr'>non</span> <span class='ocrx_word' id='word_1_72' title='bbox 1490 1697 1639 1762; x_wconf 90' lang='lat' dir='ltr'>dicit</span> <span class='ocrx_word' id='word_1_73' title='bbox 1682 1698 1835 1779; x_wconf 89' lang='lat' dir='ltr'>quid</span> <span class='ocrx_word' id='word_1_74' title='bbox 1876 1698 2278 1777; x_wconf 89' lang='lat' dir='ltr'>absolutum,</span> 
     </span>
     <span class='ocr_line' id='line_1_13' title="bbox 737 1803 2284 1888; baseline 0.002 -22"><span class='ocrx_word' id='word_1_75' title='bbox 737 1803 844 1868; x_wconf 88' lang='lat' dir='ltr'>sed</span> <span class='ocrx_word' id='word_1_76' title='bbox 869 1804 1024 1886; x_wconf 87' lang='lat' dir='ltr'>quid</span> <span class='ocrx_word' id='word_1_77' title='bbox 1049 1805 1480 1888; x_wconf 87' lang='lat' dir='ltr'>respectivum</span> <span class='ocrx_word' id='word_1_78' title='bbox 1508 1826 1524 1869; x_wconf 71' lang='grc' dir='ltr'>ι</span> <span class='ocrx_word' id='word_1_79' title='bbox 1551 1805 1700 1868; x_wconf 88' lang='lat' dir='ltr'>dicit</span> <span class='ocrx_word' id='word_1_80' title='bbox 1723 1805 1898 1868; x_wconf 91' lang='lat' dir='ltr'>enim</span> <span class='ocrx_word' id='word_1_81' title='bbox 1924 1810 2284 1888; x_wconf 88' lang='lat' dir='ltr'>respectum</span> 
     </span>
     <span class='ocr_line' id='line_1_14' title="bbox 738 1912 2285 1996; baseline 0.002 -22"><span class='ocrx_word' id='word_1_82' title='bbox 738 1913 900 1993; x_wconf 75' lang='lat' dir='ltr'>ejuS,</span> <span class='ocrx_word' id='word_1_83' title='bbox 931 1912 1101 1993; x_wconf 86' lang='lat' dir='ltr'>quod</span> <span class='ocrx_word' id='word_1_84' title='bbox 1129 1916 1525 1994; x_wconf 86' lang='lat' dir='ltr'>propagatur</span> <span class='ocrx_word' id='word_1_85' title='bbox 1548 1912 1627 1977; x_wconf 92' lang='lat' dir='ltr'>ad</span> <span class='ocrx_word' id='word_1_86' title='bbox 1659 1913 1840 1990; x_wconf 93' lang='lat' dir='ltr'>illud,</span> <span class='ocrx_word' id='word_1_87' title='bbox 1874 1913 1951 1977; x_wconf 93' lang='lat' dir='ltr'>de</span> <span class='ocrx_word' id='word_1_88' title='bbox 1978 1932 2110 1995; x_wconf 87' lang='lat' dir='ltr'>quo</span> <span class='ocrx_word' id='word_1_89' title='bbox 2134 1932 2285 1996; x_wconf 90' lang='lat' dir='ltr'>pro-</span> 
     </span>
     <span class='ocr_line' id='line_1_15' title="bbox 741 2017 2286 2102; baseline 0.002 -22"><span class='ocrx_word' id='word_1_90' title='bbox 741 2017 994 2081; x_wconf 81' lang='lat' dir='ltr'>ducitur</span> <span class='ocrx_word' id='word_1_91' title='bbox 1029 2040 1045 2081; x_wconf 85' lang='lat'>:</span> <span class='ocrx_word' id='word_1_92' title='bbox 1087 2036 1235 2082; x_wconf 89' lang='lat' dir='ltr'>cum</span> <span class='ocrx_word' id='word_1_93' title='bbox 1289 2035 1448 2100; x_wconf 91' lang='lat' dir='ltr'>ergo</span> <span class='ocrx_word' id='word_1_94' title='bbox 1503 2018 1684 2096; x_wconf 85' lang='lat' dir='ltr'>dicit,</span> <span class='ocrx_word' id='word_1_95' title='bbox 1739 2020 1912 2101; x_wconf 88' lang='lat' dir='ltr'>quod</span> <span class='ocrx_word' id='word_1_96' title='bbox 1974 2020 2286 2102; x_wconf 77' lang='lat' dir='ltr'>quidquid</span> 
     </span>
     <span class='ocr_line' id='line_1_16' title="bbox 742 2124 2288 2204; baseline 0.001 -16"><span class='ocrx_word' id='word_1_97' title='bbox 742 2124 1062 2189; x_wconf 88' lang='lat' dir='ltr'>descendit</span> <span class='ocrx_word' id='word_1_98' title='bbox 1087 2126 1167 2188; x_wconf 92' lang='lat' dir='ltr'>ab</span> <span class='ocrx_word' id='word_1_99' title='bbox 1190 2124 1394 2189; x_wconf 86' lang='lat' dir='ltr'>Adam</span> <span class='ocrx_word' id='word_1_100' title='bbox 1421 2125 1489 2189; x_wconf 89' lang='lat' dir='ltr'>in</span> <span class='ocrx_word' id='word_1_101' title='bbox 1515 2124 1691 2204; x_wconf 91' lang='lat' dir='ltr'>Seth,</span> <span class='ocrx_word' id='word_1_102' title='bbox 1716 2126 2035 2191; x_wconf 88' lang='lat' dir='ltr'>descendit</span> <span class='ocrx_word' id='word_1_103' title='bbox 2063 2145 2288 2190; x_wconf 90' lang='lat' dir='ltr'>secun-</span> 
     </span>
     <span class='ocr_line' id='line_1_17' title="bbox 742 2231 2287 2316; baseline 0.001 -21"><span class='ocrx_word' id='word_1_104' title='bbox 742 2231 900 2295; x_wconf 88' lang='lat' dir='ltr'>dum</span> <span class='ocrx_word' id='word_1_105' title='bbox 943 2232 1314 2304; x_wconf 71' lang='lat' dir='ltr'>seminalem</span> <span class='ocrx_word' id='word_1_106' title='bbox 1351 2234 1687 2312; x_wconf 89' lang='lat' dir='ltr'>rationem,</span> <span class='ocrx_word' id='word_1_107' title='bbox 1735 2234 2074 2298; x_wconf 88' lang='lat' dir='ltr'>dicendum</span> <span class='ocrx_word' id='word_1_108' title='bbox 2116 2235 2287 2316; x_wconf 88' lang='lat' dir='ltr'>quod</span> 
     </span>
     <span class='ocr_line' id='line_1_18' title="bbox 743 2344 2290 2428; baseline -0.002 -18"><span class='ocrx_word' id='word_1_109' title='bbox 743 2362 974 2411; x_wconf 88' lang='lat' dir='ltr'>verum</span> <span class='ocrx_word' id='word_1_110' title='bbox 1015 2349 1110 2408; x_wconf 88' lang='lat' dir='ltr'>est</span> <span class='ocrx_word' id='word_1_111' title='bbox 1143 2363 1258 2428; x_wconf 88' lang='lat' dir='ltr'>per</span> <span class='ocrx_word' id='word_1_112' title='bbox 1299 2345 1838 2427; x_wconf 84' lang='lat' dir='ltr'>comparationem</span> <span class='ocrx_word' id='word_1_113' title='bbox 1877 2345 1958 2408; x_wconf 90' lang='lat' dir='ltr'>ad</span> <span class='ocrx_word' id='word_1_114' title='bbox 1994 2344 2180 2421; x_wconf 90' lang='lat' dir='ltr'>Seth,</span> <span class='ocrx_word' id='word_1_115' title='bbox 2226 2347 2290 2408; x_wconf 92' lang='lat' dir='ltr'>et</span> 
     </span>
     <span class='ocr_line' id='line_1_19' title="bbox 743 2451 2288 2534; baseline 0.001 -20"><span class='ocrx_word' id='word_1_116' title='bbox 743 2451 822 2515; x_wconf 91' lang='lat' dir='ltr'>ad</span> <span class='ocrx_word' id='word_1_117' title='bbox 847 2469 957 2516; x_wconf 88' lang='lat' dir='ltr'>eos</span> <span class='ocrx_word' id='word_1_118' title='bbox 982 2453 1094 2534; x_wconf 87' lang='lat' dir='ltr'>qui</span> <span class='ocrx_word' id='word_1_119' title='bbox 1121 2452 1511 2534; x_wconf 90' lang='lat' dir='ltr'>producendi</span> <span class='ocrx_word' id='word_1_120' title='bbox 1541 2457 1722 2515; x_wconf 89' lang='lat' dir='ltr'>erant</span> <span class='ocrx_word' id='word_1_121' title='bbox 1751 2451 2107 2515; x_wconf 87' lang='lat' dir='ltr'>secundum</span> <span class='ocrx_word' id='word_1_122' title='bbox 2137 2469 2288 2533; x_wconf 90' lang='lat' dir='ltr'>pro-</span> 
     </span>
     <span class='ocr_line' id='line_1_20' title="bbox 743 2560 2289 2641; baseline -0.001 -17"><span class='ocrx_word' id='word_1_123' title='bbox 743 2560 1155 2641; x_wconf 88' lang='lat' dir='ltr'>pagationem</span> <span class='ocrx_word' id='word_1_124' title='bbox 1190 2564 1463 2638; x_wconf 71' lang='lat' dir='ltr'>naturae,</span> <span class='ocrx_word' id='word_1_125' title='bbox 1503 2563 1793 2641; x_wconf 89' lang='lat' dir='ltr'>respectu</span> <span class='ocrx_word' id='word_1_126' title='bbox 1826 2576 2106 2641; x_wconf 86' lang='lat' dir='ltr'>quorum</span> <span class='ocrx_word' id='word_1_127' title='bbox 2142 2576 2289 2622; x_wconf 90' lang='lat' dir='ltr'>om-</span> 
     </span>
     <span class='ocr_line' id='line_1_21' title="bbox 744 2664 2290 2732; baseline -0.001 -2"><span class='ocrx_word' id='word_1_128' title='bbox 744 2666 929 2731; x_wconf 90' lang='lat' dir='ltr'>nium</span> <span class='ocrx_word' id='word_1_129' title='bbox 956 2686 1174 2732; x_wconf 90' lang='lat' dir='ltr'>semen</span> <span class='ocrx_word' id='word_1_130' title='bbox 1211 2666 1494 2731; x_wconf 88' lang='lat' dir='ltr'>decisum</span> <span class='ocrx_word' id='word_1_131' title='bbox 1526 2684 1565 2729; x_wconf 90' lang='lat' dir='ltr'>a</span> <span class='ocrx_word' id='word_1_132' title='bbox 1599 2666 1835 2729; x_wconf 90' lang='lat' dir='ltr'>lumbis</span> <span class='ocrx_word' id='word_1_133' title='bbox 1872 2665 2030 2728; x_wconf 83' lang='lat' dir='ltr'>Adae</span> <span class='ocrx_word' id='word_1_134' title='bbox 2065 2664 2290 2729; x_wconf 87' lang='lat' dir='ltr'>habuit</span> 
     </span>
     <span class='ocr_line' id='line_1_22' title="bbox 741 2772 2288 2838; baseline 0 -3"><span class='ocrx_word' id='word_1_135' title='bbox 741 2773 1051 2838; x_wconf 90' lang='lat' dir='ltr'>virtutem</span> <span class='ocrx_word' id='word_1_136' title='bbox 1087 2774 1507 2838; x_wconf 81' lang='lat' dir='ltr'>sufficientem</span> <span class='ocrx_word' id='word_1_137' title='bbox 1547 2773 1626 2837; x_wconf 89' lang='lat' dir='ltr'>ad</span> <span class='ocrx_word' id='word_1_138' title='bbox 1658 2772 1971 2836; x_wconf 87' lang='lat' dir='ltr'>rationem</span> <span class='ocrx_word' id='word_1_139' title='bbox 2006 2773 2288 2836; x_wconf 87' lang='lat' dir='ltr'>semina-</span> 
     </span>
     <span class='ocr_line' id='line_1_23' title="bbox 741 2879 2289 2963; baseline 0.002 -22"><span class='ocrx_word' id='word_1_140' title='bbox 741 2879 871 2943; x_wconf 89' lang='lat' dir='ltr'>lem</span> <span class='ocrx_word' id='word_1_141' title='bbox 905 2904 919 2945; x_wconf 89' lang='lat'>:</span> <span class='ocrx_word' id='word_1_142' title='bbox 953 2886 1244 2963; x_wconf 88' lang='lat' dir='ltr'>respectu</span> <span class='ocrx_word' id='word_1_143' title='bbox 1268 2885 1486 2945; x_wconf 89' lang='lat' dir='ltr'>autem</span> <span class='ocrx_word' id='word_1_144' title='bbox 1524 2879 1753 2961; x_wconf 85' lang='lat' dir='ltr'>Christi</span> <span class='ocrx_word' id='word_1_145' title='bbox 1786 2897 1918 2943; x_wconf 90' lang='lat' dir='ltr'>non</span> <span class='ocrx_word' id='word_1_146' title='bbox 1947 2879 2139 2943; x_wconf 89' lang='lat' dir='ltr'>habet</span> <span class='ocrx_word' id='word_1_147' title='bbox 2171 2899 2289 2944; x_wconf 85' lang='lat' dir='ltr'>ve-</span> 
     </span>
     <span class='ocr_line' id='line_1_24' title="bbox 743 2984 2291 3069; baseline 0.001 -20"><span class='ocrx_word' id='word_1_148' title='bbox 743 2986 1018 3066; x_wconf 84' lang='lat' dir='ltr'>ritatem,</span> <span class='ocrx_word' id='word_1_149' title='bbox 1057 3005 1175 3069; x_wconf 91' lang='lat' dir='ltr'>pro</span> <span class='ocrx_word' id='word_1_150' title='bbox 1212 3004 1288 3050; x_wconf 90' lang='lat' dir='ltr'>eo</span> <span class='ocrx_word' id='word_1_151' title='bbox 1323 2987 1495 3069; x_wconf 87' lang='lat' dir='ltr'>quod</span> <span class='ocrx_word' id='word_1_152' title='bbox 1532 2990 1740 3050; x_wconf 90' lang='lat' dir='ltr'>totum</span> <span class='ocrx_word' id='word_1_153' title='bbox 1779 2984 1936 3050; x_wconf 91' lang='lat' dir='ltr'>illud</span> <span class='ocrx_word' id='word_1_154' title='bbox 1973 2986 2147 3067; x_wconf 88' lang='lat' dir='ltr'>quod</span> <span class='ocrx_word' id='word_1_155' title='bbox 2189 3004 2291 3050; x_wconf 91' lang='lat' dir='ltr'>se-</span> 
     </span>
     <span class='ocr_line' id='line_1_25' title="bbox 744 3093 2280 3178; baseline 0 -20"><span class='ocrx_word' id='word_1_156' title='bbox 744 3094 1032 3159; x_wconf 90' lang='lat' dir='ltr'>cundum</span> <span class='ocrx_word' id='word_1_157' title='bbox 1065 3095 1276 3176; x_wconf 92' lang='lat' dir='ltr'>legem</span> <span class='ocrx_word' id='word_1_158' title='bbox 1319 3099 1569 3158; x_wconf 67' lang='lat' dir='ltr'>naturae</span> <span class='ocrx_word' id='word_1_159' title='bbox 1606 3112 1689 3158; x_wconf 83' lang='lat' dir='ltr'>ex</span> <span class='ocrx_word' id='word_1_160' title='bbox 1724 3093 1833 3158; x_wconf 92' lang='lat' dir='ltr'>illo</span> <span class='ocrx_word' id='word_1_161' title='bbox 1868 3094 2113 3158; x_wconf 89' lang='lat' dir='ltr'>semine</span> <span class='ocrx_word' id='word_1_162' title='bbox 2142 3112 2280 3178; x_wconf 92' lang='lat' dir='ltr'>pro·</span> 
     </span>
     <span class='ocr_line' id='line_1_26' title="bbox 744 3201 2292 3282; baseline 0.001 -17"><span class='ocrx_word' id='word_1_163' title='bbox 744 3201 1111 3266; x_wconf 90' lang='lat' dir='ltr'>ducendum</span> <span class='ocrx_word' id='word_1_164' title='bbox 1155 3204 1329 3278; x_wconf 88' lang='lat' dir='ltr'>erat,</span> <span class='ocrx_word' id='word_1_165' title='bbox 1374 3203 1665 3282; x_wconf 90' lang='lat' dir='ltr'>respectu</span> <span class='ocrx_word' id='word_1_166' title='bbox 1708 3201 1917 3264; x_wconf 89' lang='lat' dir='ltr'>carnis</span> <span class='ocrx_word' id='word_1_167' title='bbox 1955 3201 2187 3266; x_wconf 87' lang='lat' dir='ltr'>Christi</span> <span class='ocrx_word' id='word_1_168' title='bbox 2224 3221 2292 3266; x_wconf 91' lang='lat' dir='ltr'>se</span> 
     </span>
     <span class='ocr_line' id='line_1_27' title="bbox 747 3306 2288 3389; baseline -0.001 -17"><span class='ocrx_word' id='word_1_169' title='bbox 747 3308 1023 3372; x_wconf 90' lang='lat' dir='ltr'>habebat</span> <span class='ocrx_word' id='word_1_170' title='bbox 1064 3308 1134 3370; x_wconf 88' lang='lat' dir='ltr'>in</span> <span class='ocrx_word' id='word_1_171' title='bbox 1178 3308 1422 3371; x_wconf 87' lang='lat' dir='ltr'>ratione</span> <span class='ocrx_word' id='word_1_172' title='bbox 1462 3306 1772 3389; x_wconf 88' lang='lat' dir='ltr'>passibilis</span> <span class='ocrx_word' id='word_1_173' title='bbox 1816 3311 1880 3370; x_wconf 89' lang='lat' dir='ltr'>et</span> <span class='ocrx_word' id='word_1_174' title='bbox 1924 3309 2288 3387; x_wconf 78' lang='lat' dir='ltr'>materialiS,</span> 
     </span>
     <span class='ocr_line' id='line_1_28' title="bbox 749 3412 2293 3497; baseline 0 -20"><span class='ocrx_word' id='word_1_175' title='bbox 749 3413 918 3496; x_wconf 87' lang='lat' dir='ltr'>quod</span> <span class='ocrx_word' id='word_1_176' title='bbox 953 3431 1088 3477; x_wconf 92' lang='lat' dir='ltr'>non</span> <span class='ocrx_word' id='word_1_177' title='bbox 1123 3416 1368 3495; x_wconf 90' lang='lat' dir='ltr'>poterat</span> <span class='ocrx_word' id='word_1_178' title='bbox 1400 3412 1616 3476; x_wconf 89' lang='lat' dir='ltr'>reduci</span> <span class='ocrx_word' id='word_1_179' title='bbox 1652 3412 1734 3476; x_wconf 90' lang='lat' dir='ltr'>ad</span> <span class='ocrx_word' id='word_1_180' title='bbox 1770 3418 1986 3477; x_wconf 89' lang='lat' dir='ltr'>actum</span> <span class='ocrx_word' id='word_1_181' title='bbox 2018 3415 2138 3478; x_wconf 91' lang='lat' dir='ltr'>nisi</span> <span class='ocrx_word' id='word_1_182' title='bbox 2181 3432 2293 3497; x_wconf 93' lang='lat' dir='ltr'>per</span> 
     </span>
     <span class='ocr_line' id='line_1_29' title="bbox 747 3519 2288 3602; baseline -0.001 -16"><span class='ocrx_word' id='word_1_183' title='bbox 747 3521 1056 3586; x_wconf 80' lang='lat' dir='ltr'>virtutem</span> <span class='ocrx_word' id='word_1_184' title='bbox 1101 3519 1376 3602; x_wconf 88' lang='lat' dir='ltr'>Spiritus</span> <span class='ocrx_word' id='word_1_185' title='bbox 1419 3519 1642 3583; x_wconf 88' lang='lat' dir='ltr'>sancti.</span> <span class='ocrx_word' id='word_1_186' title='bbox 1701 3519 1861 3584; x_wconf 88' lang='lat' dir='ltr'>Cum</span> <span class='ocrx_word' id='word_1_187' title='bbox 1913 3539 2070 3602; x_wconf 91' lang='lat' dir='ltr'>ergo</span> <span class='ocrx_word' id='word_1_188' title='bbox 2116 3522 2288 3601; x_wconf 89' lang='lat' dir='ltr'>dicit,</span> 
     </span>
     <span class='ocr_line' id='line_1_30' title="bbox 745 3620 2294 3712; baseline -0.001 -19"><span class='ocrx_word' id='word_1_189' title='bbox 745 3628 918 3712; x_wconf 92' lang='lat' dir='ltr'>quod</span> <span class='ocrx_word' id='word_1_190' title='bbox 954 3628 1261 3711; x_wconf 85' lang='lat' dir='ltr'>quidquid</span> <span class='ocrx_word' id='word_1_191' title='bbox 1296 3627 1416 3708; x_wconf 78' lang='lat' dir='ltr'>fuit</span> <span class='ocrx_word' id='word_1_192' title='bbox 1450 3627 1519 3690; x_wconf 94' lang='lat' dir='ltr'>in</span> <span class='ocrx_word' id='word_1_193' title='bbox 1555 3625 1732 3703; x_wconf 90' lang='lat' dir='ltr'>Seth,</span> <span class='ocrx_word' id='word_1_194' title='bbox 1776 3620 1898 3690; x_wconf 84' lang='lat' dir='ltr'>fuit</span> <span class='ocrx_word' id='word_1_195' title='bbox 1936 3629 2294 3692; x_wconf 90' lang='lat' dir='ltr'>secundum</span> 
     </span>
     <span class='ocr_line' id='line_1_31' title="bbox 742 3734 2296 3818; baseline 0.001 -19"><span class='ocrx_word' id='word_1_196' title='bbox 742 3736 1113 3800; x_wconf 84' lang='lat' dir='ltr'>seminalem</span> <span class='ocrx_word' id='word_1_197' title='bbox 1141 3734 1479 3814; x_wconf 89' lang='lat' dir='ltr'>rationem,</span> <span class='ocrx_word' id='word_1_198' title='bbox 1513 3752 1742 3798; x_wconf 87' lang='lat' dir='ltr'>verum</span> <span class='ocrx_word' id='word_1_199' title='bbox 1770 3741 1864 3799; x_wconf 89' lang='lat' dir='ltr'>est</span> <span class='ocrx_word' id='word_1_200' title='bbox 1890 3736 1945 3798; x_wconf 91' lang='lat' dir='ltr'>si</span> <span class='ocrx_word' id='word_1_201' title='bbox 1973 3754 2296 3818; x_wconf 90' lang='lat' dir='ltr'>compare-</span> 
     </span>
    </p>
   </div>
   <div class='ocr_carea' id='block_1_3' title="bbox 743 3841 2298 5420">
    <p class='ocr_par' dir='ltr' id='par_1_4' title="bbox 743 3841 2291 4029">
     <span class='ocr_line' id='line_1_32' title="bbox 744 3841 2291 3924; baseline 0 -18"><span class='ocrx_word' id='word_1_202' title='bbox 744 3848 852 3906; x_wconf 90' lang='lat' dir='ltr'>tur</span> <span class='ocrx_word' id='word_1_203' title='bbox 886 3842 966 3906; x_wconf 89' lang='lat' dir='ltr'>ad</span> <span class='ocrx_word' id='word_1_204' title='bbox 997 3841 1204 3906; x_wconf 87' lang='lat' dir='ltr'>Adam</span> <span class='ocrx_word' id='word_1_205' title='bbox 1236 3864 1252 3905; x_wconf 71' lang='grc' dir='ltr'>ε</span> <span class='ocrx_word' id='word_1_206' title='bbox 1295 3841 1404 3906; x_wconf 90' lang='lat' dir='ltr'>sed</span> <span class='ocrx_word' id='word_1_207' title='bbox 1433 3842 1487 3904; x_wconf 90' lang='lat' dir='ltr'>si</span> <span class='ocrx_word' id='word_1_208' title='bbox 1522 3848 1928 3924; x_wconf 88' lang='lat' dir='ltr'>comparetur</span> <span class='ocrx_word' id='word_1_209' title='bbox 1962 3842 2041 3906; x_wconf 90' lang='lat' dir='ltr'>ad</span> <span class='ocrx_word' id='word_1_210' title='bbox 2076 3843 2291 3906; x_wconf 91' lang='lat' dir='ltr'>Chris-</span> 
     </span>
     <span class='ocr_line' id='line_1_33' title="bbox 743 3948 1677 4029; baseline 0 -17"><span class='ocrx_word' id='word_1_211' title='bbox 743 3953 909 4029; x_wconf 89' lang='lat' dir='ltr'>tum,</span> <span class='ocrx_word' id='word_1_212' title='bbox 943 3967 1075 4013; x_wconf 91' lang='lat' dir='ltr'>non</span> <span class='ocrx_word' id='word_1_213' title='bbox 1102 3948 1295 4012; x_wconf 89' lang='lat' dir='ltr'>habet</span> <span class='ocrx_word' id='word_1_214' title='bbox 1319 3948 1677 4013; x_wconf 82' lang='lat' dir='ltr'>veritatem.</span> 
     </span>
    </p>

    <p class='ocr_par' dir='ltr' id='par_1_5' title="bbox 744 4054 2298 5420">
     <span class='ocr_line' id='line_1_34' title="bbox 824 4054 2294 4137; baseline -0.002 -17"><span class='ocrx_word' id='word_1_215' title='bbox 824 4059 886 4120; x_wconf 89' lang='grc'>3.</span> <span class='ocrx_word' id='word_1_216' title='bbox 929 4056 1027 4119; x_wconf 87' lang='lat' dir='ltr'>Ad</span> <span class='ocrx_word' id='word_1_217' title='bbox 1065 4054 1221 4119; x_wconf 91' lang='lat' dir='ltr'>illud</span> <span class='ocrx_word' id='word_1_218' title='bbox 1256 4054 1428 4136; x_wconf 87' lang='lat' dir='ltr'>quod</span> <span class='ocrx_word' id='word_1_219' title='bbox 1463 4055 1830 4136; x_wconf 87' lang='lat' dir='ltr'>opponitur,</span> <span class='ocrx_word' id='word_1_220' title='bbox 1875 4055 2046 4137; x_wconf 87' lang='lat' dir='ltr'>quod</span> <span class='ocrx_word' id='word_1_221' title='bbox 2085 4057 2294 4118; x_wconf 87' lang='lat' dir='ltr'>totum</span> 
     </span>
     <span class='ocr_line' id='line_1_35' title="bbox 744 4158 2294 4226; baseline -0.002 -1"><span class='ocrx_word' id='word_1_222' title='bbox 744 4179 965 4226; x_wconf 90' lang='lat' dir='ltr'>semen</span> <span class='ocrx_word' id='word_1_223' title='bbox 1002 4160 1288 4224; x_wconf 86' lang='lat' dir='ltr'>decisum</span> <span class='ocrx_word' id='word_1_224' title='bbox 1318 4160 1398 4223; x_wconf 92' lang='lat' dir='ltr'>ab</span> <span class='ocrx_word' id='word_1_225' title='bbox 1427 4158 1631 4223; x_wconf 89' lang='lat' dir='ltr'>Adam</span> <span class='ocrx_word' id='word_1_226' title='bbox 1663 4160 1889 4224; x_wconf 89' lang='lat' dir='ltr'>habuit</span> <span class='ocrx_word' id='word_1_227' title='bbox 1922 4160 2294 4225; x_wconf 89' lang='lat' dir='ltr'>seminalem</span> 
     </span>
     <span class='ocr_line' id='line_1_36' title="bbox 744 4267 2298 4350; baseline -0.001 -18"><span class='ocrx_word' id='word_1_228' title='bbox 744 4270 1083 4344; x_wconf 85' lang='lat' dir='ltr'>rationem,</span> <span class='ocrx_word' id='word_1_229' title='bbox 1100 4267 1441 4332; x_wconf 88' lang='lat' dir='ltr'>dicendum</span> <span class='ocrx_word' id='word_1_230' title='bbox 1457 4267 1629 4349; x_wconf 88' lang='lat' dir='ltr'>quod</span> <span class='ocrx_word' id='word_1_231' title='bbox 1645 4286 1756 4331; x_wconf 87' lang='lat' dir='ltr'>ver</span> <span class='ocrx_word' id='word_1_232' title='bbox 1763 4286 1878 4331; x_wconf 92' lang='lat' dir='ltr'>um</span> <span class='ocrx_word' id='word_1_233' title='bbox 1896 4273 1992 4331; x_wconf 91' lang='lat' dir='ltr'>est</span> <span class='ocrx_word' id='word_1_234' title='bbox 2006 4271 2298 4350; x_wconf 87' lang='lat' dir='ltr'>respectu</span> 
     </span>
     <span class='ocr_line' id='line_1_37' title="bbox 748 4373 2294 4458; baseline -0.004 -16"><span class='ocrx_word' id='word_1_235' title='bbox 748 4395 1003 4454; x_wconf 89' lang='lat' dir='ltr'>eorum,</span> <span class='ocrx_word' id='word_1_236' title='bbox 1032 4375 1148 4458; x_wconf 87' lang='lat' dir='ltr'>qui</span> <span class='ocrx_word' id='word_1_237' title='bbox 1181 4373 1571 4457; x_wconf 89' lang='lat' dir='ltr'>producendi</span> <span class='ocrx_word' id='word_1_238' title='bbox 1597 4379 1777 4437; x_wconf 90' lang='lat' dir='ltr'>erant</span> <span class='ocrx_word' id='word_1_239' title='bbox 1813 4375 2169 4438; x_wconf 91' lang='lat' dir='ltr'>secundum</span> <span class='ocrx_word' id='word_1_240' title='bbox 2199 4373 2294 4437; x_wconf 91' lang='lat' dir='ltr'>le-</span> 
     </span>
     <span class='ocr_line' id='line_1_38' title="bbox 749 4479 2298 4566; baseline -0.004 -17"><span class='ocrx_word' id='word_1_241' title='bbox 749 4503 902 4566; x_wconf 89' lang='lat' dir='ltr'>gem</span> <span class='ocrx_word' id='word_1_242' title='bbox 927 4486 1206 4560; x_wconf 79' lang='lat' dir='ltr'>naturae3</span> <span class='ocrx_word' id='word_1_243' title='bbox 1236 4485 1529 4562; x_wconf 88' lang='lat' dir='ltr'>respectu</span> <span class='ocrx_word' id='word_1_244' title='bbox 1556 4479 1786 4544; x_wconf 87' lang='lat' dir='ltr'>Christi</span> <span class='ocrx_word' id='word_1_245' title='bbox 1814 4497 1947 4543; x_wconf 90' lang='lat' dir='ltr'>non</span> <span class='ocrx_word' id='word_1_246' title='bbox 1971 4479 2163 4544; x_wconf 90' lang='lat' dir='ltr'>habet</span> <span class='ocrx_word' id='word_1_247' title='bbox 2189 4498 2298 4544; x_wconf 88' lang='lat' dir='ltr'>ve-</span> 
     </span>
     <span class='ocr_line' id='line_1_39' title="bbox 749 4588 2297 4670; baseline -0.005 -13"><span class='ocrx_word' id='word_1_248' title='bbox 749 4592 1027 4657; x_wconf 84' lang='lat' dir='ltr'>ritatem.</span> <span class='ocrx_word' id='word_1_249' title='bbox 1061 4589 1367 4668; x_wconf 86' lang='lat' dir='ltr'>Quamvis</span> <span class='ocrx_word' id='word_1_250' title='bbox 1396 4588 1568 4653; x_wconf 90' lang='lat' dir='ltr'>enim</span> <span class='ocrx_word' id='word_1_251' title='bbox 1603 4589 1675 4652; x_wconf 93' lang='lat' dir='ltr'>in</span> <span class='ocrx_word' id='word_1_252' title='bbox 1702 4588 1920 4670; x_wconf 86' lang='lat' dir='ltr'>aliquo</span> <span class='ocrx_word' id='word_1_253' title='bbox 1945 4589 2189 4652; x_wconf 91' lang='lat' dir='ltr'>semine</span> <span class='ocrx_word' id='word_1_254' title='bbox 2216 4588 2297 4651; x_wconf 88' lang='lat' dir='ltr'>sit</span> 
     </span>
     <span class='ocr_line' id='line_1_40' title="bbox 748 4695 2298 4778; baseline -0.005 -14"><span class='ocrx_word' id='word_1_255' title='bbox 748 4699 911 4764; x_wconf 90' lang='lat' dir='ltr'>ratio</span> <span class='ocrx_word' id='word_1_256' title='bbox 969 4698 1293 4763; x_wconf 88' lang='lat' dir='ltr'>seminalis</span> <span class='ocrx_word' id='word_1_257' title='bbox 1346 4696 1700 4760; x_wconf 88' lang='lat' dir='ltr'>secundum</span> <span class='ocrx_word' id='word_1_258' title='bbox 1755 4695 2107 4778; x_wconf 86' lang='lat' dir='ltr'>quamlibet</span> <span class='ocrx_word' id='word_1_259' title='bbox 2157 4697 2298 4776; x_wconf 88' lang='lat' dir='ltr'>ejus</span> 
     </span>
     <span class='ocr_line' id='line_1_41' title="bbox 748 4801 2296 4891; baseline -0.006 -19"><span class='ocrx_word' id='word_1_260' title='bbox 748 4811 996 4891; x_wconf 89' lang='lat' dir='ltr'>partem</span> <span class='ocrx_word' id='word_1_261' title='bbox 1035 4806 1260 4870; x_wconf 89' lang='lat' dir='ltr'>saltem</span> <span class='ocrx_word' id='word_1_262' title='bbox 1296 4804 1654 4881; x_wconf 90' lang='lat' dir='ltr'>formalem,</span> <span class='ocrx_word' id='word_1_263' title='bbox 1697 4808 1771 4867; x_wconf 88' lang='lat' dir='ltr'>ut</span> <span class='ocrx_word' id='word_1_264' title='bbox 1807 4821 1891 4867; x_wconf 85' lang='lat' dir='ltr'>ex</span> <span class='ocrx_word' id='word_1_265' title='bbox 1931 4821 2007 4867; x_wconf 90' lang='lat' dir='ltr'>eo</span> <span class='ocrx_word' id='word_1_266' title='bbox 2053 4801 2296 4884; x_wconf 87' lang='lat' dir='ltr'>aliquid</span> 
     </span>
     <span class='ocr_line' id='line_1_42' title="bbox 750 4910 2297 5000; baseline -0.005 -21"><span class='ocrx_word' id='word_1_267' title='bbox 750 4918 962 5000; x_wconf 88' lang='lat' dir='ltr'>posset</span> <span class='ocrx_word' id='word_1_268' title='bbox 985 4914 1166 4992; x_wconf 88' lang='lat' dir='ltr'>fieri;</span> <span class='ocrx_word' id='word_1_269' title='bbox 1203 4918 1421 4977; x_wconf 88' lang='lat' dir='ltr'>tamen</span> <span class='ocrx_word' id='word_1_270' title='bbox 1451 4913 1505 4976; x_wconf 91' lang='lat' dir='ltr'>si</span> <span class='ocrx_word' id='word_1_271' title='bbox 1537 4911 1703 4976; x_wconf 89' lang='lat' dir='ltr'>Deus</span> <span class='ocrx_word' id='word_1_272' title='bbox 1726 4910 1964 4993; x_wconf 86' lang='lat' dir='ltr'>aliquid</span> <span class='ocrx_word' id='word_1_273' title='bbox 1995 4910 2183 4974; x_wconf 90' lang='lat' dir='ltr'>faciat</span> <span class='ocrx_word' id='word_1_274' title='bbox 2212 4927 2297 4973; x_wconf 80' lang='lat' dir='ltr'>ex</span> 
     </span>
     <span class='ocr_line' id='line_1_43' title="bbox 752 5016 2295 5103; baseline -0.005 -16"><span class='ocrx_word' id='word_1_275' title='bbox 752 5022 862 5087; x_wconf 79' lang='lat' dir='ltr'>ino</span> <span class='ocrx_word' id='word_1_276' title='bbox 889 5023 1154 5101; x_wconf 88' lang='lat' dir='ltr'>semine,</span> <span class='ocrx_word' id='word_1_277' title='bbox 1185 5020 1265 5085; x_wconf 88' lang='lat' dir='ltr'>ad</span> <span class='ocrx_word' id='word_1_278' title='bbox 1291 5019 1464 5103; x_wconf 85' lang='lat' dir='ltr'>quod</span> <span class='ocrx_word' id='word_1_279' title='bbox 1493 5037 1626 5082; x_wconf 91' lang='lat' dir='ltr'>non</span> <span class='ocrx_word' id='word_1_280' title='bbox 1650 5018 1927 5082; x_wconf 88' lang='lat' dir='ltr'>habebat</span> <span class='ocrx_word' id='word_1_281' title='bbox 1953 5016 2295 5080; x_wconf 84' lang='lat' dir='ltr'>ordinatio·</span> 
     </span>
     <span class='ocr_line' id='line_1_44' title="bbox 751 5123 2296 5205; baseline -0.006 -9"><span class='ocrx_word' id='word_1_282' title='bbox 751 5148 904 5196; x_wconf 88' lang='lat' dir='ltr'>nem</span> <span class='ocrx_word' id='word_1_283' title='bbox 947 5129 1304 5194; x_wconf 90' lang='lat' dir='ltr'>secundum</span> <span class='ocrx_word' id='word_1_284' title='bbox 1342 5132 1641 5193; x_wconf 89' lang='lat' dir='ltr'>naturam</span> <span class='ocrx_word' id='word_1_285' title='bbox 1660 5173 1678 5205; x_wconf 91' lang='lat'>,</span> <span class='ocrx_word' id='word_1_286' title='bbox 1717 5125 1948 5189; x_wconf 90' lang='lat' dir='ltr'>dicitur</span> <span class='ocrx_word' id='word_1_287' title='bbox 1986 5124 2181 5188; x_wconf 89' lang='lat' dir='ltr'>fuisse</span> <span class='ocrx_word' id='word_1_288' title='bbox 2223 5123 2296 5187; x_wconf 91' lang='lat' dir='ltr'>in</span> 
     </span>
     <span class='ocr_line' id='line_1_45' title="bbox 751 5231 2296 5314; baseline -0.005 -13"><span class='ocrx_word' id='word_1_289' title='bbox 751 5238 863 5304; x_wconf 92' lang='lat' dir='ltr'>illo</span> <span class='ocrx_word' id='word_1_290' title='bbox 888 5236 1130 5302; x_wconf 90' lang='lat' dir='ltr'>semine</span> <span class='ocrx_word' id='word_1_291' title='bbox 1156 5235 1509 5300; x_wconf 89' lang='lat' dir='ltr'>secundum</span> <span class='ocrx_word' id='word_1_292' title='bbox 1536 5232 1972 5314; x_wconf 86' lang='lat' dir='ltr'>corpulentam</span> <span class='ocrx_word' id='word_1_293' title='bbox 2001 5231 2296 5294; x_wconf 88' lang='lat' dir='ltr'>substan-</span> 
     </span>
     <span class='ocr_line' id='line_1_46' title="bbox 751 5338 2290 5420; baseline -0.005 -11"><span class='ocrx_word' id='word_1_294' title='bbox 751 5349 928 5420; x_wconf 84' lang='lat' dir='ltr'>tiam,</span> <span class='ocrx_word' id='word_1_295' title='bbox 958 5362 1092 5407; x_wconf 90' lang='lat' dir='ltr'>non</span> <span class='ocrx_word' id='word_1_296' title='bbox 1121 5341 1477 5406; x_wconf 88' lang='lat' dir='ltr'>secundum</span> <span class='ocrx_word' id='word_1_297' title='bbox 1516 5341 1831 5403; x_wconf 87' lang='lat' dir='ltr'>rationem</span> <span class='ocrx_word' id='word_1_298' title='bbox 1866 5338 2242 5402; x_wconf 89' lang='lat' dir='ltr'>seminalem</span> <span class='ocrx_word' id='word_1_299' title='bbox 2274 5361 2290 5402; x_wconf 70' lang='grc' dir='ltr'><strong>ε</strong></span> 
     </span>
    </p>
   </div>
   <div class='ocr_carea' id='block_1_4' title="bbox 807 5475 1138 5527">
    <p class='ocr_par' dir='ltr' id='par_1_6' title="bbox 807 5475 1138 5527">
     <span class='ocr_line' id='line_1_47' title="bbox 807 5475 1138 5527; baseline -0.006 0"><span class='ocrx_word' id='word_1_300' title='bbox 807 5476 828 5512; x_wconf 84' lang='lat'>¹</span> <span class='ocrx_word' id='word_1_301' title='bbox 851 5475 981 5527; x_wconf 79' lang='lat' dir='ltr'>Dist.</span> <span class='ocrx_word' id='word_1_302' title='bbox 1009 5483 1138 5525; x_wconf 81' lang='lat' dir='ltr'>xxx.</span> 
     </span>
    </p>
   </div>
   <div class='ocr_carea' id='block_1_5' title="bbox 2388 629 3939 4470">
    <p class='ocr_par' dir='ltr' id='par_1_7' title="bbox 2388 629 3939 3805">
     <span class='ocr_line' id='line_1_48' title="bbox 2388 629 3919 718; baseline 0.007 -25"><span class='ocrx_word' id='word_1_303' title='bbox 2388 630 2542 713; x_wconf 87' lang='lat' dir='ltr'>quia</span> <span class='ocrx_word' id='word_1_304' title='bbox 2574 648 2793 694; x_wconf 90' lang='lat' dir='ltr'>semen</span> <span class='ocrx_word' id='word_1_305' title='bbox 2826 629 3006 708; x_wconf 90' lang='lat' dir='ltr'>illud,</span> <span class='ocrx_word' id='word_1_306' title='bbox 3039 634 3326 712; x_wconf 88' lang='lat' dir='ltr'>respectu</span> <span class='ocrx_word' id='word_1_307' title='bbox 3364 633 3536 696; x_wconf 91' lang='lat' dir='ltr'>illius</span> <span class='ocrx_word' id='word_1_308' title='bbox 3562 637 3726 718; x_wconf 90' lang='lat' dir='ltr'>quod</span> <span class='ocrx_word' id='word_1_309' title='bbox 3764 638 3919 703; x_wconf 88' lang='lat' dir='ltr'>Deus</span> 
     </span>
     <span class='ocr_line' id='line_1_49' title="bbox 2389 737 3911 821; baseline 0.005 -20"><span class='ocrx_word' id='word_1_310' title='bbox 2389 738 2623 816; x_wconf 86' lang='lat' dir='ltr'>educit,</span> <span class='ocrx_word' id='word_1_311' title='bbox 2663 756 2797 801; x_wconf 92' lang='lat' dir='ltr'>non</span> <span class='ocrx_word' id='word_1_312' title='bbox 2830 737 3022 801; x_wconf 88' lang='lat' dir='ltr'>habet</span> <span class='ocrx_word' id='word_1_313' title='bbox 3050 739 3187 801; x_wconf 88' lang='lat' dir='ltr'>vim</span> <span class='ocrx_word' id='word_1_314' title='bbox 3216 739 3598 805; x_wconf 86' lang='lat' dir='ltr'>sufficienter</span> <span class='ocrx_word' id='word_1_315' title='bbox 3630 744 3911 821; x_wconf 88' lang='lat' dir='ltr'>activam,</span> 
     </span>
     <span class='ocr_line' id='line_1_50' title="bbox 2388 844 3921 930; baseline 0.007 -24"><span class='ocrx_word' id='word_1_316' title='bbox 2388 844 2499 907; x_wconf 92' lang='lat' dir='ltr'>sed</span> <span class='ocrx_word' id='word_1_317' title='bbox 2525 844 2869 926; x_wconf 87' lang='lat' dir='ltr'>passivam,</span> <span class='ocrx_word' id='word_1_318' title='bbox 2895 846 3247 909; x_wconf 88' lang='lat' dir='ltr'>secundum</span> <span class='ocrx_word' id='word_1_319' title='bbox 3272 865 3469 930; x_wconf 88' lang='lat' dir='ltr'>quam</span> <span class='ocrx_word' id='word_1_320' title='bbox 3498 850 3921 916; x_wconf 87' lang='lat' dir='ltr'>subministrat</span> 
     </span>
     <span class='ocr_line' id='line_1_51' title="bbox 2390 952 3920 1041; baseline 0.007 -26"><span class='ocrx_word' id='word_1_321' title='bbox 2390 952 2782 1034; x_wconf 85' lang='lat' dir='ltr'>corporalem</span> <span class='ocrx_word' id='word_1_322' title='bbox 2836 953 3277 1018; x_wconf 85' lang='lat' dir='ltr'>substantiam.</span> <span class='ocrx_word' id='word_1_323' title='bbox 3325 954 3473 1019; x_wconf 88' lang='lat' dir='ltr'>Esto</span> <span class='ocrx_word' id='word_1_324' title='bbox 3526 957 3716 1020; x_wconf 89' lang='lat' dir='ltr'>etiam</span> <span class='ocrx_word' id='word_1_325' title='bbox 3759 961 3920 1041; x_wconf 91' lang='lat' dir='ltr'>quod</span> 
     </span>
     <span class='ocr_line' id='line_1_52' title="bbox 2391 1057 3918 1142; baseline 0.006 -21"><span class='ocrx_word' id='word_1_326' title='bbox 2391 1057 2497 1122; x_wconf 91' lang='lat' dir='ltr'>illa</span> <span class='ocrx_word' id='word_1_327' title='bbox 2531 1059 2859 1123; x_wconf 88' lang='lat' dir='ltr'>seminalis</span> <span class='ocrx_word' id='word_1_328' title='bbox 2890 1059 3053 1123; x_wconf 89' lang='lat' dir='ltr'>ratio</span> <span class='ocrx_word' id='word_1_329' title='bbox 3082 1064 3485 1142; x_wconf 85' lang='lat' dir='ltr'>comparetur</span> <span class='ocrx_word' id='word_1_330' title='bbox 3520 1063 3598 1126; x_wconf 89' lang='lat' dir='ltr'>ad</span> <span class='ocrx_word' id='word_1_331' title='bbox 3632 1064 3918 1130; x_wconf 84' lang='lat' dir='ltr'>adminis-</span> 
     </span>
     <span class='ocr_line' id='line_1_53' title="bbox 2388 1167 3923 1251; baseline 0.006 -22"><span class='ocrx_word' id='word_1_332' title='bbox 2388 1167 2727 1230; x_wconf 89' lang='lat' dir='ltr'>trationem</span> <span class='ocrx_word' id='word_1_333' title='bbox 2759 1167 3041 1231; x_wconf 67' lang='lat' dir='ltr'>materiae</span> <span class='ocrx_word' id='word_1_334' title='bbox 3071 1167 3244 1232; x_wconf 93' lang='lat' dir='ltr'>illius</span> <span class='ocrx_word' id='word_1_335' title='bbox 3277 1169 3373 1232; x_wconf 88' lang='lat' dir='ltr'>rei</span> <span class='ocrx_word' id='word_1_336' title='bbox 3403 1170 3740 1251; x_wconf 79' lang='lat' dir='ltr'>faciendae3</span> <span class='ocrx_word' id='word_1_337' title='bbox 3773 1178 3845 1237; x_wconf 90' lang='lat' dir='ltr'>ut</span> <span class='ocrx_word' id='word_1_338' title='bbox 3871 1175 3923 1238; x_wconf 89' lang='lat' dir='ltr'>si</span> 
     </span>
     <span class='ocr_line' id='line_1_54' title="bbox 2389 1273 3925 1363; baseline 0.007 -28"><span class='ocrx_word' id='word_1_339' title='bbox 2389 1273 2784 1355; x_wconf 84' lang='lat' dir='ltr'>plantaretur</span> <span class='ocrx_word' id='word_1_340' title='bbox 2820 1291 3031 1338; x_wconf 90' lang='lat' dir='ltr'>unum</span> <span class='ocrx_word' id='word_1_341' title='bbox 3067 1293 3285 1339; x_wconf 89' lang='lat' dir='ltr'>semen</span> <span class='ocrx_word' id='word_1_342' title='bbox 3320 1294 3620 1358; x_wconf 86' lang='lat' dir='ltr'>parvum,</span> <span class='ocrx_word' id='word_1_343' title='bbox 3651 1279 3738 1342; x_wconf 89' lang='lat' dir='ltr'>ita</span> <span class='ocrx_word' id='word_1_344' title='bbox 3762 1281 3925 1363; x_wconf 83' lang='lat' dir='ltr'>quod</span> 
     </span>
     <span class='ocr_line' id='line_1_55' title="bbox 2392 1379 3927 1470; baseline 0.006 -27"><span class='ocrx_word' id='word_1_345' title='bbox 2392 1379 2470 1443; x_wconf 92' lang='lat' dir='ltr'>de</span> <span class='ocrx_word' id='word_1_346' title='bbox 2522 1380 2631 1444; x_wconf 90' lang='lat' dir='ltr'>illo</span> <span class='ocrx_word' id='word_1_347' title='bbox 2674 1381 3132 1463; x_wconf 86' lang='lat' dir='ltr'>produceretur</span> <span class='ocrx_word' id='word_1_348' title='bbox 3177 1384 3370 1447; x_wconf 86' lang='lat' dir='ltr'>arbor</span> <span class='ocrx_word' id='word_1_349' title='bbox 3424 1403 3693 1466; x_wconf 90' lang='lat' dir='ltr'>magna,</span> <span class='ocrx_word' id='word_1_350' title='bbox 3749 1390 3927 1470; x_wconf 88' lang='lat' dir='ltr'>cujus</span> 
     </span>
     <span class='ocr_line' id='line_1_56' title="bbox 2392 1486 3927 1573; baseline 0.006 -24"><span class='ocrx_word' id='word_1_351' title='bbox 2392 1486 2773 1567; x_wconf 82' lang='lat' dir='ltr'>magnitudo</span> <span class='ocrx_word' id='word_1_352' title='bbox 2820 1490 3086 1553; x_wconf 87' lang='lat' dir='ltr'>materia</span> <span class='ocrx_word' id='word_1_353' title='bbox 3129 1493 3294 1553; x_wconf 88' lang='lat' dir='ltr'>esset</span> <span class='ocrx_word' id='word_1_354' title='bbox 3336 1492 3415 1553; x_wconf 92' lang='lat' dir='ltr'>ad</span> <span class='ocrx_word' id='word_1_355' title='bbox 3458 1493 3927 1573; x_wconf 89' lang='lat' dir='ltr'>productionem</span> 
     </span>
     <span class='ocr_line' id='line_1_57' title="bbox 2393 1593 3928 1678; baseline 0.006 -23"><span class='ocrx_word' id='word_1_356' title='bbox 2393 1593 2616 1674; x_wconf 86' lang='lat' dir='ltr'>magni</span> <span class='ocrx_word' id='word_1_357' title='bbox 2662 1596 2943 1676; x_wconf 88' lang='lat' dir='ltr'>corporis</span> <span class='ocrx_word' id='word_1_358' title='bbox 2986 1596 3249 1659; x_wconf 89' lang='lat' dir='ltr'>alterius</span> <span class='ocrx_word' id='word_1_359' title='bbox 3293 1596 3530 1678; x_wconf 89' lang='lat' dir='ltr'>speciei</span> <span class='ocrx_word' id='word_1_360' title='bbox 3562 1618 3579 1662; x_wconf 75' lang='grc' dir='ltr'>ε</span> <span class='ocrx_word' id='word_1_361' title='bbox 3630 1598 3721 1661; x_wconf 91' lang='lat' dir='ltr'>sic</span> <span class='ocrx_word' id='word_1_362' title='bbox 3759 1604 3820 1663; x_wconf 89' lang='lat' dir='ltr'>et</span> <span class='ocrx_word' id='word_1_363' title='bbox 3863 1602 3928 1664; x_wconf 91' lang='lat' dir='ltr'>in</span> 
     </span>
     <span class='ocr_line' id='line_1_58' title="bbox 2398 1700 3930 1784; baseline 0.003 -20"><span class='ocrx_word' id='word_1_364' title='bbox 2398 1700 2716 1783; x_wconf 88' lang='lat' dir='ltr'>proposito</span> <span class='ocrx_word' id='word_1_365' title='bbox 2776 1701 3267 1784; x_wconf 90' lang='lat' dir='ltr'>intelligendum</span> <span class='ocrx_word' id='word_1_366' title='bbox 3316 1706 3445 1777; x_wconf 86' lang='lat' dir='ltr'>est,</span> <span class='ocrx_word' id='word_1_367' title='bbox 3500 1720 3649 1767; x_wconf 89' lang='lat' dir='ltr'>cum</span> <span class='ocrx_word' id='word_1_368' title='bbox 3709 1704 3930 1769; x_wconf 86' lang='lat' dir='ltr'>dicitur</span> 
     </span>
     <span class='ocr_line' id='line_1_59' title="bbox 2394 1804 3930 1890; baseline 0.004 -20"><span class='ocrx_word' id='word_1_369' title='bbox 2394 1804 2716 1871; x_wconf 83' lang='lat' dir='ltr'>Christum</span> <span class='ocrx_word' id='word_1_370' title='bbox 2745 1808 2939 1872; x_wconf 89' lang='lat' dir='ltr'>fuisse</span> <span class='ocrx_word' id='word_1_371' title='bbox 2968 1809 3037 1872; x_wconf 90' lang='lat' dir='ltr'>in</span> <span class='ocrx_word' id='word_1_372' title='bbox 3064 1807 3300 1872; x_wconf 90' lang='lat' dir='ltr'>lumbis</span> <span class='ocrx_word' id='word_1_373' title='bbox 3335 1814 3675 1890; x_wconf 89' lang='lat' dir='ltr'>parentum</span> <span class='ocrx_word' id='word_1_374' title='bbox 3711 1829 3930 1876; x_wconf 88' lang='lat' dir='ltr'>secun-</span> 
     </span>
     <span class='ocr_line' id='line_1_60' title="bbox 2393 1918 3931 2002; baseline 0.005 -20"><span class='ocrx_word' id='word_1_375' title='bbox 2393 1918 2551 1982; x_wconf 90' lang='lat' dir='ltr'>dum</span> <span class='ocrx_word' id='word_1_376' title='bbox 2587 1920 3029 2002; x_wconf 86' lang='lat' dir='ltr'>corpulentam</span> <span class='ocrx_word' id='word_1_377' title='bbox 3063 1921 3510 1999; x_wconf 86' lang='lat' dir='ltr'>substantiam,</span> <span class='ocrx_word' id='word_1_378' title='bbox 3551 1941 3683 1986; x_wconf 87' lang='lat' dir='ltr'>non</span> <span class='ocrx_word' id='word_1_379' title='bbox 3713 1941 3931 1988; x_wconf 91' lang='lat' dir='ltr'>secuu-</span> 
     </span>
     <span class='ocr_line' id='line_1_61' title="bbox 2395 2024 3931 2111; baseline 0.004 -23"><span class='ocrx_word' id='word_1_380' title='bbox 2395 2024 2551 2089; x_wconf 90' lang='lat' dir='ltr'>dum</span> <span class='ocrx_word' id='word_1_381' title='bbox 2588 2027 2961 2092; x_wconf 87' lang='lat' dir='ltr'>seminalem</span> <span class='ocrx_word' id='word_1_382' title='bbox 3001 2028 3361 2091; x_wconf 84' lang='lat' dir='ltr'>rationem:</span> <span class='ocrx_word' id='word_1_383' title='bbox 3400 2046 3532 2092; x_wconf 94' lang='lat' dir='ltr'>non</span> <span class='ocrx_word' id='word_1_384' title='bbox 3574 2030 3744 2111; x_wconf 89' lang='lat' dir='ltr'>quod</span> <span class='ocrx_word' id='word_1_385' title='bbox 3782 2031 3931 2094; x_wconf 88' lang='lat' dir='ltr'>sub-</span> 
     </span>
     <span class='ocr_line' id='line_1_62' title="bbox 2395 2135 3933 2219; baseline 0.005 -24"><span class='ocrx_word' id='word_1_386' title='bbox 2395 2135 2623 2198; x_wconf 80' lang='lat' dir='ltr'>stantia</span> <span class='ocrx_word' id='word_1_387' title='bbox 2650 2136 2932 2218; x_wconf 87' lang='lat' dir='ltr'>corporis</span> <span class='ocrx_word' id='word_1_388' title='bbox 2962 2135 3191 2201; x_wconf 89' lang='lat' dir='ltr'>Christi</span> <span class='ocrx_word' id='word_1_389' title='bbox 3219 2136 3306 2199; x_wconf 90' lang='lat' dir='ltr'>ibi</span> <span class='ocrx_word' id='word_1_390' title='bbox 3332 2141 3463 2200; x_wconf 86' lang='lat' dir='ltr'>tota</span> <span class='ocrx_word' id='word_1_391' title='bbox 3486 2137 3632 2215; x_wconf 86' lang='lat' dir='ltr'>fuit,</span> <span class='ocrx_word' id='word_1_392' title='bbox 3662 2138 3768 2202; x_wconf 90' lang='lat' dir='ltr'>sed</span> <span class='ocrx_word' id='word_1_393' title='bbox 3788 2139 3933 2219; x_wconf 82' lang='lat' dir='ltr'>quia</span> 
     </span>
     <span class='ocr_line' id='line_1_63' title="bbox 2397 2242 3933 2327; baseline 0.003 -24"><span class='ocrx_word' id='word_1_394' title='bbox 2397 2244 2533 2304; x_wconf 89' lang='lat' dir='ltr'>erat</span> <span class='ocrx_word' id='word_1_395' title='bbox 2567 2242 2893 2325; x_wconf 87' lang='lat' dir='ltr'>aliquanta</span> <span class='ocrx_word' id='word_1_396' title='bbox 2931 2242 3223 2320; x_wconf 90' lang='lat' dir='ltr'>materia,</span> <span class='ocrx_word' id='word_1_397' title='bbox 3258 2261 3409 2325; x_wconf 81' lang='lat' dir='ltr'>quae</span> <span class='ocrx_word' id='word_1_398' title='bbox 3444 2262 3559 2327; x_wconf 87' lang='lat' dir='ltr'>per</span> <span class='ocrx_word' id='word_1_399' title='bbox 3592 2245 3723 2309; x_wconf 90' lang='lat' dir='ltr'>vim</span> <span class='ocrx_word' id='word_1_400' title='bbox 3753 2244 3933 2308; x_wconf 90' lang='lat' dir='ltr'>semi·</span> 
     </span>
     <span class='ocr_line' id='line_1_64' title="bbox 2396 2345 3933 2431; baseline 0.004 -25"><span class='ocrx_word' id='word_1_401' title='bbox 2396 2345 2608 2408; x_wconf 89' lang='lat' dir='ltr'>nalem</span> <span class='ocrx_word' id='word_1_402' title='bbox 2654 2350 2899 2430; x_wconf 86' lang='lat' dir='ltr'>poterat</span> <span class='ocrx_word' id='word_1_403' title='bbox 2944 2346 3170 2428; x_wconf 88' lang='lat' dir='ltr'>augeri</span> <span class='ocrx_word' id='word_1_404' title='bbox 3219 2351 3283 2410; x_wconf 95' lang='lat' dir='ltr'>et</span> <span class='ocrx_word' id='word_1_405' title='bbox 3330 2365 3612 2412; x_wconf 91' lang='lat' dir='ltr'>crescere</span> <span class='ocrx_word' id='word_1_406' title='bbox 3661 2348 3933 2431; x_wconf 88' lang='lat' dir='ltr'>apposito</span> 
     </span>
     <span class='ocr_line' id='line_1_65' title="bbox 2397 2452 3934 2538; baseline 0.003 -24"><span class='ocrx_word' id='word_1_407' title='bbox 2397 2452 2518 2514; x_wconf 91' lang='lat' dir='ltr'>sibi</span> <span class='ocrx_word' id='word_1_408' title='bbox 2545 2452 2851 2517; x_wconf 89' lang='lat' dir='ltr'>alimento</span> <span class='ocrx_word' id='word_1_409' title='bbox 2878 2453 3116 2535; x_wconf 87' lang='lat' dir='ltr'>aliqu0,</span> <span class='ocrx_word' id='word_1_410' title='bbox 3153 2455 3242 2517; x_wconf 90' lang='lat' dir='ltr'>ita</span> <span class='ocrx_word' id='word_1_411' title='bbox 3265 2457 3337 2517; x_wconf 91' lang='lat' dir='ltr'>ut</span> <span class='ocrx_word' id='word_1_412' title='bbox 3359 2473 3630 2538; x_wconf 88' lang='lat' dir='ltr'>corpora</span> <span class='ocrx_word' id='word_1_413' title='bbox 3657 2455 3934 2520; x_wconf 89' lang='lat' dir='ltr'>omnium</span> 
     </span>
     <span class='ocr_line' id='line_1_66' title="bbox 2396 2557 3937 2642; baseline 0.003 -22"><span class='ocrx_word' id='word_1_414' title='bbox 2396 2557 2741 2623; x_wconf 91' lang='lat' dir='ltr'>hominum</span> <span class='ocrx_word' id='word_1_415' title='bbox 2803 2560 2950 2623; x_wconf 88' lang='lat' dir='ltr'>inde</span> <span class='ocrx_word' id='word_1_416' title='bbox 3006 2564 3263 2641; x_wconf 87' lang='lat' dir='ltr'>possent</span> <span class='ocrx_word' id='word_1_417' title='bbox 3312 2559 3612 2625; x_wconf 86' lang='lat' dir='ltr'>fabricari</span> <span class='ocrx_word' id='word_1_418' title='bbox 3657 2584 3673 2625; x_wconf 73' lang='grc' dir='ltr'>ι</span> <span class='ocrx_word' id='word_1_419' title='bbox 3721 2569 3783 2626; x_wconf 90' lang='lat' dir='ltr'>et</span> <span class='ocrx_word' id='word_1_420' title='bbox 3831 2577 3937 2642; x_wconf 88' lang='lat' dir='ltr'>per</span> 
     </span>
     <span class='ocr_line' id='line_1_67' title="bbox 2397 2665 3934 2747; baseline -0.001 -19"><span class='ocrx_word' id='word_1_421' title='bbox 2397 2665 2573 2729; x_wconf 90' lang='lat' dir='ltr'>illam</span> <span class='ocrx_word' id='word_1_422' title='bbox 2608 2667 2745 2732; x_wconf 85' lang='lat' dir='ltr'>vim</span> <span class='ocrx_word' id='word_1_423' title='bbox 2784 2670 2935 2731; x_wconf 91' lang='lat' dir='ltr'>sunt</span> <span class='ocrx_word' id='word_1_424' title='bbox 2968 2683 3235 2747; x_wconf 89' lang='lat' dir='ltr'>corpora</span> <span class='ocrx_word' id='word_1_425' title='bbox 3270 2667 3567 2730; x_wconf 90' lang='lat' dir='ltr'>omnium</span> <span class='ocrx_word' id='word_1_426' title='bbox 3608 2666 3934 2731; x_wconf 91' lang='lat' dir='ltr'>hominum</span> 
     </span>
     <span class='ocr_line' id='line_1_68' title="bbox 2398 2770 3935 2856; baseline -0.001 -20"><span class='ocrx_word' id='word_1_427' title='bbox 2398 2773 2723 2853; x_wconf 86' lang='lat' dir='ltr'>fabricata,</span> <span class='ocrx_word' id='word_1_428' title='bbox 2755 2778 3023 2856; x_wconf 84' lang='lat' dir='ltr'>excepto</span> <span class='ocrx_word' id='word_1_429' title='bbox 3051 2774 3184 2837; x_wconf 86' lang='lat' dir='ltr'>solo</span> <span class='ocrx_word' id='word_1_430' title='bbox 3211 2791 3473 2855; x_wconf 86' lang='lat' dir='ltr'>corpore</span> <span class='ocrx_word' id='word_1_431' title='bbox 3504 2775 3752 2854; x_wconf 89' lang='lat' dir='ltr'>Christi,</span> <span class='ocrx_word' id='word_1_432' title='bbox 3777 2770 3935 2854; x_wconf 88' lang='lat' dir='ltr'>quod</span> 
     </span>
     <span class='ocr_line' id='line_1_69' title="bbox 2397 2879 3937 2963; baseline -0.002 -19"><span class='ocrx_word' id='word_1_433' title='bbox 2397 2880 2775 2945; x_wconf 86' lang='lat' dir='ltr'>fabricatum</span> <span class='ocrx_word' id='word_1_434' title='bbox 2815 2881 2936 2945; x_wconf 88' lang='lat' dir='ltr'>fuit</span> <span class='ocrx_word' id='word_1_435' title='bbox 2971 2900 3085 2963; x_wconf 93' lang='lat' dir='ltr'>per</span> <span class='ocrx_word' id='word_1_436' title='bbox 3118 2880 3427 2945; x_wconf 88' lang='lat' dir='ltr'>virtutem</span> <span class='ocrx_word' id='word_1_437' title='bbox 3463 2898 3827 2963; x_wconf 85' lang='lat' dir='ltr'>supernam,</span> <span class='ocrx_word' id='word_1_438' title='bbox 3856 2879 3937 2941; x_wconf 88' lang='lat' dir='ltr'>si-</span> 
     </span>
     <span class='ocr_line' id='line_1_70' title="bbox 2400 2988 3934 3069; baseline -0.001 -17"><span class='ocrx_word' id='word_1_439' title='bbox 2400 2992 2510 3053; x_wconf 92' lang='lat' dir='ltr'>cut</span> <span class='ocrx_word' id='word_1_440' title='bbox 2546 2989 2777 3052; x_wconf 90' lang='lat' dir='ltr'>melius</span> <span class='ocrx_word' id='word_1_441' title='bbox 2816 2988 3324 3052; x_wconf 81' lang='lat' dir='ltr'>manifestabitur</span> <span class='ocrx_word' id='word_1_442' title='bbox 3357 2988 3551 3052; x_wconf 88' lang='lat' dir='ltr'>infra.</span> <span class='ocrx_word' id='word_1_443' title='bbox 3592 2988 3668 3052; x_wconf 79' lang='lat' dir='ltr'>Et</span> <span class='ocrx_word' id='word_1_444' title='bbox 3703 2988 3793 3052; x_wconf 90' lang='lat' dir='ltr'>sic</span> <span class='ocrx_word' id='word_1_445' title='bbox 3830 3004 3934 3069; x_wconf 88' lang='lat' dir='ltr'>pa-</span> 
     </span>
     <span class='ocr_line' id='line_1_71' title="bbox 2398 3096 3934 3180; baseline -0.001 -18"><span class='ocrx_word' id='word_1_446' title='bbox 2398 3101 2488 3162; x_wconf 88' lang='lat' dir='ltr'>tet</span> <span class='ocrx_word' id='word_1_447' title='bbox 2538 3115 2656 3180; x_wconf 89' lang='lat' dir='ltr'>pro</span> <span class='ocrx_word' id='word_1_448' title='bbox 2705 3102 2948 3179; x_wconf 89' lang='lat' dir='ltr'>quanto</span> <span class='ocrx_word' id='word_1_449' title='bbox 3003 3097 3291 3161; x_wconf 86' lang='lat' dir='ltr'>Christus</span> <span class='ocrx_word' id='word_1_450' title='bbox 3346 3097 3583 3161; x_wconf 84' lang='lat' dir='ltr'>dicitur</span> <span class='ocrx_word' id='word_1_451' title='bbox 3637 3098 3824 3161; x_wconf 86' lang='lat' dir='ltr'>fuisse</span> <span class='ocrx_word' id='word_1_452' title='bbox 3868 3096 3934 3160; x_wconf 89' lang='lat' dir='ltr'>in</span> 
     </span>
     <span class='ocr_line' id='line_1_72' title="bbox 2400 3203 3929 3286; baseline 0.001 -18"><span class='ocrx_word' id='word_1_453' title='bbox 2400 3204 2605 3268; x_wconf 86' lang='lat' dir='ltr'>Adam</span> <span class='ocrx_word' id='word_1_454' title='bbox 2632 3204 2984 3268; x_wconf 87' lang='lat' dir='ltr'>secundum</span> <span class='ocrx_word' id='word_1_455' title='bbox 3017 3204 3455 3286; x_wconf 83' lang='lat' dir='ltr'>corpulentam</span> <span class='ocrx_word' id='word_1_456' title='bbox 3485 3203 3929 3283; x_wconf 76' lang='lat' dir='ltr'>substantiam3</span> 
     </span>
     <span class='ocr_line' id='line_1_73' title="bbox 2401 3310 3932 3395; baseline -0.001 -19"><span class='ocrx_word' id='word_1_457' title='bbox 2401 3318 2462 3376; x_wconf 87' lang='lat' dir='ltr'>et</span> <span class='ocrx_word' id='word_1_458' title='bbox 2490 3312 2661 3395; x_wconf 86' lang='lat' dir='ltr'>quod</span> <span class='ocrx_word' id='word_1_459' title='bbox 2688 3331 2818 3376; x_wconf 91' lang='lat' dir='ltr'>non</span> <span class='ocrx_word' id='word_1_460' title='bbox 2846 3312 3158 3393; x_wconf 89' lang='lat' dir='ltr'>sequitur,</span> <span class='ocrx_word' id='word_1_461' title='bbox 3184 3310 3239 3373; x_wconf 93' lang='lat' dir='ltr'>si</span> <span class='ocrx_word' id='word_1_462' title='bbox 3266 3311 3388 3374; x_wconf 84' lang='lat' dir='ltr'>fuit</span> <span class='ocrx_word' id='word_1_463' title='bbox 3411 3311 3481 3374; x_wconf 92' lang='lat' dir='ltr'>in</span> <span class='ocrx_word' id='word_1_464' title='bbox 3504 3314 3743 3375; x_wconf 86' lang='lat' dir='ltr'>semine</span> <span class='ocrx_word' id='word_1_465' title='bbox 3767 3312 3932 3390; x_wconf 78' lang='lat' dir='ltr'>Adae,</span> 
     </span>
     <span class='ocr_line' id='line_1_74' title="bbox 2401 3417 3935 3502; baseline -0.001 -19"><span class='ocrx_word' id='word_1_466' title='bbox 2401 3420 2571 3502; x_wconf 87' lang='lat' dir='ltr'>quod</span> <span class='ocrx_word' id='word_1_467' title='bbox 2598 3419 2793 3484; x_wconf 88' lang='lat' dir='ltr'>fuerit</span> <span class='ocrx_word' id='word_1_468' title='bbox 2820 3419 2887 3482; x_wconf 91' lang='lat' dir='ltr'>in</span> <span class='ocrx_word' id='word_1_469' title='bbox 2913 3420 3023 3483; x_wconf 93' lang='lat' dir='ltr'>illo</span> <span class='ocrx_word' id='word_1_470' title='bbox 3052 3417 3410 3482; x_wconf 90' lang='lat' dir='ltr'>secundum</span> <span class='ocrx_word' id='word_1_471' title='bbox 3443 3420 3812 3484; x_wconf 86' lang='lat' dir='ltr'>seminalem</span> <span class='ocrx_word' id='word_1_472' title='bbox 3837 3436 3935 3481; x_wconf 90' lang='lat' dir='ltr'>ra-</span> 
     </span>
     <span class='ocr_line' id='line_1_75' title="bbox 2402 3526 3938 3608; baseline -0.003 -18"><span class='ocrx_word' id='word_1_473' title='bbox 2402 3527 2662 3591; x_wconf 89' lang='lat' dir='ltr'>tionem.</span> <span class='ocrx_word' id='word_1_474' title='bbox 2694 3526 2791 3591; x_wconf 90' lang='lat' dir='ltr'>Ad</span> <span class='ocrx_word' id='word_1_475' title='bbox 2819 3527 2943 3590; x_wconf 92' lang='lat' dir='ltr'>hoc</span> <span class='ocrx_word' id='word_1_476' title='bbox 2969 3533 3188 3590; x_wconf 88' lang='lat' dir='ltr'>autem</span> <span class='ocrx_word' id='word_1_477' title='bbox 3215 3527 3710 3608; x_wconf 87' lang='lat' dir='ltr'>intelligendum</span> <span class='ocrx_word' id='word_1_478' title='bbox 3736 3526 3938 3593; x_wconf 88' lang='lat' dir='ltr'>valent</span> 
     </span>
     <span class='ocr_line' id='line_1_76' title="bbox 2401 3625 3939 3718; baseline 0.001 -23"><span class='ocrx_word' id='word_1_479' title='bbox 2401 3633 2538 3712; x_wconf 89' lang='lat' dir='ltr'>illa,</span> <span class='ocrx_word' id='word_1_480' title='bbox 2589 3652 2738 3718; x_wconf 81' lang='lat' dir='ltr'>quae</span> <span class='ocrx_word' id='word_1_481' title='bbox 2782 3634 3201 3698; x_wconf 89' lang='lat' dir='ltr'>determinata</span> <span class='ocrx_word' id='word_1_482' title='bbox 3249 3639 3402 3698; x_wconf 89' lang='lat' dir='ltr'>sunt</span> <span class='ocrx_word' id='word_1_483' title='bbox 3442 3634 3515 3698; x_wconf 90' lang='lat' dir='ltr'>in</span> <span class='ocrx_word' id='word_1_484' title='bbox 3558 3625 3829 3699; x_wconf 82' lang='lat' dir='ltr'>secundo</span> <span class='ocrx_word' id='word_1_485' title='bbox 3864 3632 3939 3696; x_wconf 89' lang='lat' dir='ltr'>li·-</span> 
     </span>
     <span class='ocr_line' id='line_1_77' title="bbox 2401 3741 2586 3805; baseline 0 0"><span class='ocrx_word' id='word_1_486' title='bbox 2401 3741 2518 3805; x_wconf 94' lang='lat' dir='ltr'>bro</span> <span class='ocrx_word' id='word_1_487' title='bbox 2542 3748 2586 3805; x_wconf 84' lang='lat'>¹.</span> 
     </span>
    </p>

    <p class='ocr_par' dir='ltr' id='par_1_8' title="bbox 2402 3845 3937 4470">
     <span class='ocr_line' id='line_1_78' title="bbox 2480 3845 3937 3931; baseline -0.001 -19"><span class='ocrx_word' id='word_1_488' title='bbox 2480 3854 2543 3912; x_wconf 74' lang='lat'>4.</span> <span class='ocrx_word' id='word_1_489' title='bbox 2592 3848 2691 3912; x_wconf 86' lang='lat' dir='ltr'>Ad</span> <span class='ocrx_word' id='word_1_490' title='bbox 2730 3847 2886 3912; x_wconf 90' lang='lat' dir='ltr'>illud</span> <span class='ocrx_word' id='word_1_491' title='bbox 2929 3865 3090 3930; x_wconf 89' lang='lat' dir='ltr'>ergo</span> <span class='ocrx_word' id='word_1_492' title='bbox 3142 3848 3311 3930; x_wconf 86' lang='lat' dir='ltr'>quod</span> <span class='ocrx_word' id='word_1_493' title='bbox 3352 3849 3731 3931; x_wconf 88' lang='lat' dir='ltr'>opponitur,</span> <span class='ocrx_word' id='word_1_494' title='bbox 3778 3845 3937 3930; x_wconf 84' lang='lat' dir='ltr'>quod</span> 
     </span>
     <span class='ocr_line' id='line_1_79' title="bbox 2402 3953 3935 4036; baseline -0.001 -15"><span class='ocrx_word' id='word_1_495' title='bbox 2402 3975 2548 4021; x_wconf 90' lang='lat' dir='ltr'>caro</span> <span class='ocrx_word' id='word_1_496' title='bbox 2581 3961 2714 4020; x_wconf 89' lang='lat' dir='ltr'>tota</span> <span class='ocrx_word' id='word_1_497' title='bbox 2747 3956 2951 4020; x_wconf 84' lang='lat' dir='ltr'>beatae</span> <span class='ocrx_word' id='word_1_498' title='bbox 2988 3953 3277 4036; x_wconf 84' lang='lat' dir='ltr'>Virginis</span> <span class='ocrx_word' id='word_1_499' title='bbox 3312 3955 3436 4019; x_wconf 88' lang='lat' dir='ltr'>fuit</span> <span class='ocrx_word' id='word_1_500' title='bbox 3470 3956 3563 4021; x_wconf 94' lang='lat' dir='ltr'>ibi</span> <span class='ocrx_word' id='word_1_501' title='bbox 3599 3955 3935 4021; x_wconf 88' lang='lat' dir='ltr'>secundum</span> 
     </span>
     <span class='ocr_line' id='line_1_80' title="bbox 2402 4062 3933 4140; baseline -0.001 -12"><span class='ocrx_word' id='word_1_502' title='bbox 2402 4064 2775 4129; x_wconf 86' lang='lat' dir='ltr'>seminalem</span> <span class='ocrx_word' id='word_1_503' title='bbox 2802 4063 3139 4140; x_wconf 88' lang='lat' dir='ltr'>rationem,</span> <span class='ocrx_word' id='word_1_504' title='bbox 3171 4063 3336 4126; x_wconf 89' lang='lat' dir='ltr'>sicut</span> <span class='ocrx_word' id='word_1_505' title='bbox 3357 4081 3507 4126; x_wconf 89' lang='lat' dir='ltr'>caro</span> <span class='ocrx_word' id='word_1_506' title='bbox 3533 4065 3802 4127; x_wconf 90' lang='lat' dir='ltr'>aliorum</span> <span class='ocrx_word' id='word_1_507' title='bbox 3826 4062 3933 4126; x_wconf 90' lang='lat' dir='ltr'>bo·</span> 
     </span>
     <span class='ocr_line' id='line_1_81' title="bbox 2403 4167 3932 4251; baseline -0.004 -16"><span class='ocrx_word' id='word_1_508' title='bbox 2403 4171 2678 4250; x_wconf 89' lang='lat' dir='ltr'>minum,</span> <span class='ocrx_word' id='word_1_509' title='bbox 2720 4169 3058 4234; x_wconf 89' lang='lat' dir='ltr'>dicendum</span> <span class='ocrx_word' id='word_1_510' title='bbox 3089 4169 3262 4250; x_wconf 88' lang='lat' dir='ltr'>quod</span> <span class='ocrx_word' id='word_1_511' title='bbox 3298 4167 3368 4231; x_wconf 90' lang='lat' dir='ltr'>in</span> <span class='ocrx_word' id='word_1_512' title='bbox 3412 4168 3525 4232; x_wconf 92' lang='lat' dir='ltr'>illo</span> <span class='ocrx_word' id='word_1_513' title='bbox 3566 4171 3932 4251; x_wconf 89' lang='lat' dir='ltr'>argumento</span> 
     </span>
     <span class='ocr_line' id='line_1_82' title="bbox 2402 4265 3933 4362; baseline -0.005 -18"><span class='ocrx_word' id='word_1_514' title='bbox 2402 4284 2497 4344; x_wconf 88' lang='lat' dir='ltr'>est</span> <span class='ocrx_word' id='word_1_515' title='bbox 2522 4279 2849 4362; x_wconf 89' lang='lat' dir='ltr'>sophisma</span> <span class='ocrx_word' id='word_1_516' title='bbox 2881 4277 3234 4341; x_wconf 90' lang='lat' dir='ltr'>secundum</span> <span class='ocrx_word' id='word_1_517' title='bbox 3270 4265 3582 4354; x_wconf 78' lang='lat' dir='ltr'>ac&#39;cidenS,</span> <span class='ocrx_word' id='word_1_518' title='bbox 3622 4278 3780 4341; x_wconf 90' lang='lat' dir='ltr'>sicut</span> <span class='ocrx_word' id='word_1_519' title='bbox 3812 4274 3933 4338; x_wconf 93' lang='lat' dir='ltr'>dic-</span> 
     </span>
     <span class='ocr_line' id='line_1_83' title="bbox 2403 4385 3486 4470; baseline -0.002 -18"><span class='ocrx_word' id='word_1_520' title='bbox 2403 4391 2544 4453; x_wconf 91' lang='lat' dir='ltr'>tum</span> <span class='ocrx_word' id='word_1_521' title='bbox 2572 4389 2692 4453; x_wconf 84' lang='lat' dir='ltr'>tuit</span> <span class='ocrx_word' id='word_1_522' title='bbox 2717 4405 2913 4470; x_wconf 89' lang='lat' dir='ltr'>supra</span> <span class='ocrx_word' id='word_1_523' title='bbox 2937 4386 3016 4452; x_wconf 93' lang='lat' dir='ltr'>de</span> <span class='ocrx_word' id='word_1_524' title='bbox 3043 4385 3486 4450; x_wconf 87' lang='lat' dir='ltr'>decimatione.</span> 
     </span>
    </p>
   </div>
   <div class='ocr_carea' id='block_1_6' title="bbox 2848 4679 3499 4749">
    <p class='ocr_par' dir='ltr' id='par_1_9' title="bbox 2848 4679 3499 4749">
     <span class='ocr_line' id='line_1_84' title="bbox 2848 4679 3499 4749; baseline 0 0"><span class='ocrx_word' id='word_1_525' title='bbox 2848 4679 3333 4749; x_wconf 85' lang='lat' dir='ltr'>ARTICULUS</span> <span class='ocrx_word' id='word_1_526' title='bbox 3382 4680 3499 4749; x_wconf 93' lang='lat'><em>111.</em></span> 
     </span>
    </p>
   </div>
   <div class='ocr_carea' id='block_1_7' title="bbox 2403 4905 3934 5511">
    <p class='ocr_par' dir='ltr' id='par_1_10' title="bbox 2403 4905 3934 5511">
     <span class='ocr_line' id='line_1_85' title="bbox 2484 4905 3934 4991; baseline -0.008 -16"><span class='ocrx_word' id='word_1_527' title='bbox 2484 4909 2951 4991; x_wconf 85' lang='lat' dir='ltr'>Consequenter</span> <span class='ocrx_word' id='word_1_528' title='bbox 2973 4907 3287 4989; x_wconf 71' lang='lat' dir='ltr'>quaeritur</span> <span class='ocrx_word' id='word_1_529' title='bbox 3309 4907 3387 4971; x_wconf 91' lang='lat' dir='ltr'>de</span> <span class='ocrx_word' id='word_1_530' title='bbox 3410 4905 3792 4990; x_wconf 77' lang='lat' dir='ltr'>perfectione</span> <span class='ocrx_word' id='word_1_531' title='bbox 3812 4918 3934 4965; x_wconf 90' lang='lat' dir='ltr'>cor-</span> 
     </span>
     <span class='ocr_line' id='line_1_86' title="bbox 2404 5009 3926 5101; baseline -0.009 -19"><span class='ocrx_word' id='word_1_532' title='bbox 2404 5018 2577 5101; x_wconf 90' lang='lat' dir='ltr'>poris</span> <span class='ocrx_word' id='word_1_533' title='bbox 2599 5016 2938 5093; x_wconf 91' lang='lat' dir='ltr'>dominici;</span> <span class='ocrx_word' id='word_1_534' title='bbox 2965 5020 3027 5080; x_wconf 90' lang='lat' dir='ltr'>et</span> <span class='ocrx_word' id='word_1_535' title='bbox 3046 5015 3212 5079; x_wconf 86' lang='lat' dir='ltr'>circa</span> <span class='ocrx_word' id='word_1_536' title='bbox 3233 5014 3356 5078; x_wconf 88' lang='lat' dir='ltr'>hoc</span> <span class='ocrx_word' id='word_1_537' title='bbox 3380 5018 3760 5096; x_wconf 65' lang='lat' dir='ltr'>quaeruntur</span> <span class='ocrx_word' id='word_1_538' title='bbox 3777 5009 3926 5073; x_wconf 84' lang='lat' dir='ltr'>duo:</span> 
     </span>
     <span class='ocr_line' id='line_1_87' title="bbox 2404 5114 3929 5210; baseline -0.009 -21"><span class='ocrx_word' id='word_1_539' title='bbox 2404 5126 2613 5210; x_wconf 91' lang='lat' dir='ltr'>primo</span> <span class='ocrx_word' id='word_1_540' title='bbox 2639 5124 2953 5207; x_wconf 80' lang='lat' dir='ltr'>quaeritur</span> <span class='ocrx_word' id='word_1_541' title='bbox 2982 5123 3060 5187; x_wconf 93' lang='lat' dir='ltr'>de</span> <span class='ocrx_word' id='word_1_542' title='bbox 3101 5122 3482 5205; x_wconf 84' lang='lat' dir='ltr'>perfectione</span> <span class='ocrx_word' id='word_1_543' title='bbox 3518 5119 3795 5204; x_wconf 90' lang='lat' dir='ltr'>corporis</span> <span class='ocrx_word' id='word_1_544' title='bbox 3826 5114 3929 5178; x_wconf 88' lang='lat' dir='ltr'>do·</span> 
     </span>
     <span class='ocr_line' id='line_1_88' title="bbox 2404 5229 3930 5314; baseline -0.007 -17"><span class='ocrx_word' id='word_1_545' title='bbox 2404 5234 2631 5297; x_wconf 90' lang='lat' dir='ltr'>minici</span> <span class='ocrx_word' id='word_1_546' title='bbox 2670 5236 2984 5314; x_wconf 89' lang='lat' dir='ltr'>quantum</span> <span class='ocrx_word' id='word_1_547' title='bbox 3020 5232 3098 5294; x_wconf 92' lang='lat' dir='ltr'>ad</span> <span class='ocrx_word' id='word_1_548' title='bbox 3138 5231 3408 5310; x_wconf 89' lang='lat' dir='ltr'>molem;</span> <span class='ocrx_word' id='word_1_549' title='bbox 3447 5229 3724 5295; x_wconf 88' lang='lat' dir='ltr'>secundo</span> <span class='ocrx_word' id='word_1_550' title='bbox 3763 5238 3930 5308; x_wconf 80' lang='lat' dir='ltr'>quae·</span> 
     </span>
     <span class='ocr_line' id='line_1_89' title="bbox 2403 5336 3928 5422; baseline -0.006 -19"><span class='ocrx_word' id='word_1_551' title='bbox 2403 5341 2569 5403; x_wconf 88' lang='lat' dir='ltr'>ritur</span> <span class='ocrx_word' id='word_1_552' title='bbox 2593 5340 2670 5403; x_wconf 90' lang='lat' dir='ltr'>de</span> <span class='ocrx_word' id='word_1_553' title='bbox 2697 5341 2752 5422; x_wconf 89' lang='lat' dir='ltr'>ej</span> <span class='ocrx_word' id='word_1_554' title='bbox 2762 5358 2840 5402; x_wconf 90' lang='lat' dir='ltr'>us</span> <span class='ocrx_word' id='word_1_555' title='bbox 2869 5337 3252 5420; x_wconf 89' lang='lat' dir='ltr'>perfectione</span> <span class='ocrx_word' id='word_1_556' title='bbox 3279 5346 3597 5421; x_wconf 87' lang='lat' dir='ltr'>quantum</span> <span class='ocrx_word' id='word_1_557' title='bbox 3633 5336 3710 5401; x_wconf 91' lang='lat' dir='ltr'>ad</span> <span class='ocrx_word' id='word_1_558' title='bbox 3734 5347 3928 5398; x_wconf 92' lang='lat' dir='ltr'>mem-</span> 
     </span>
     <span class='ocr_line' id='line_1_90' title="bbox 2403 5445 3183 5511; baseline -0.005 0"><span class='ocrx_word' id='word_1_559' title='bbox 2403 5449 2670 5511; x_wconf 89' lang='lat' dir='ltr'>brorum</span> <span class='ocrx_word' id='word_1_560' title='bbox 2694 5445 3183 5510; x_wconf 85' lang='lat' dir='ltr'>distinctionem.</span> 
     </span>
    </p>
   </div>
  </div>
 </body>
</html>
