4185 6288
0 1210 215 1256 :ancilia-

1226 428 1453 496 ms'r.
1495 425 1683 493 xxn.
1730 421 1916 488 ΛΒΤ.
1959 421 2009 487 1.
2056 412 2357 497 QUAE'ST.
2404 417 2454 483 1.

248 571 481 639 modus
498 569 747 636 dicendi
761 570 878 651 est,
899 567 1070 652 6666
1100 564 1260 632 11166
1279 581 1410 629 666
1436 561 1624 628 661161
1649 577 1795 625 666-

246 679 386 744 6661
413 678 491 743 66
518 676 791 756 Christe,
820 694 939 740 nec
989 675 1070 739 de
1116 673 1260 738 aliis
1293 670 1687 737 hominibus.
1718 667 1797 733 Et

245 785 535 869 primum
591 785 858 849 modum
913 781 1162 847 dicendi
1213 781 1418 845 tenuit
1486 776 1798 858 magister

246 889 444 972 Ilugo
471 891 549 954 de
576 888 809 954 Sancto
833 888 1084 955 Victore
1106 911 1123 968 ;
1147 886 1499 953 secundum
1527 884 1795 948 modum

249 998 456 1063 tenuit
481 997 784 1079 Magister
815 996 1319 1073 Sententiarum3
1351 993 1614 1059 tertium
1637 1007 1794 1055 vero

250 1108 423 1168 tenet
448 1105 810 1169 communis
839 1104 1057 1189 opinio
1081 1102 1423 1167 Doctorum
1469 1098 1788 1165 Parisien·

251 1211 448 1276 sium.
465 1211 533 1277 Si
560 1213 705 1295 quis
729 1217 945 1277 autem
963 1211 1118 1277 velit
1140 1210 1480 1291 diligenter
1506 1206 1796 1271 conside-

99 1288 150 1318 ⁰⁶
249 1337 417 1398 rare,
447 1320 713 1403 quilibet
729 1319 959 1383 modus
985 1317 1435 1402 praedictorum
1461 1314 1655 1379 babet
1679 1313 1794 1377 ali-

248 1425 408 1509 quid
433 1427 513 1492 de
538 1427 827 1491 veritate.
878 1426 1040 1491 Cum
1067 1426 1241 1490 enim
1282 1423 1513 1490 dicitur
1553 1421 1674 1486 hoc
1714 1420 1792 1485 de

246 1514 391 1613 hoc,
414 1532 745 1617 tripliciter
765 1536 968 1618 potest
988 1532 1134 1612 dici,
1157 1534 1271 1596 aut
1287 1529 1640 1595 secundum
1654 1544 1792 1592 esse

247 1641 517 1722 actuale,
571 1646 685 1706 aut
743 1640 1093 1706 secundum
1147 1656 1286 1714 6556
1338 1635 1787 1721 aptitudinale,

246 1753 362 1813 aut
385 1748 621 1831 partim
664 1749 1020 1813 5666611661
1052 1766 1188 1812 6556
1236 1745 1521 1821 6616616,
1554 1744 1792 1827 partim

242 1857 598 1923 secundum
647 1857 1060 1941 aptitudinale
1099 1875 1116 1921 ε
1148 1855 1564 1939 praedicatum
1616 1853 1790 1917 66161

240 1967 355 2028 aut
383 1964 532 2029 dicit
558 1965 892 2030 essentiam
920 1964 1216 2047 subjecti,
1252 1965 1367 2027 aut
1394 1965 1608 2026 actum
1633 1960 1787 2024 sub-

230 2070 411 2152 Jecti.
442 2071 624 2136 Tunc
649 2074 744 2136 est
768 2071 1130 2155 praedicatio
1148 2069 1501 2135 secundum
1526 2086 1661 2133 esse
1688 2085 1789 2132 ac·

241 2177 436 2253 16616,
461 2178 718 2261 quando
743 2179 1106 2261 subjectum
1133 2182 1226 2242 est
1252 2196 1366 2242 ens
1389 2178 1461 2243 in
1504 2182 1674 2256 actu,
1725 2179 1790 2240 et

238 2282 448 2347 forma
473 2268 798 2366 praedicati
821 2289 969 2349 actu
989 2286 1263 2350 inhaeret
1288 2285 1593 2366 subJectO,
1612 2288 1675 2347 et
1693 2286 1789 2347 est

239 2393 385 2473 ejus
409 2396 621 2472 actus3
648 2393 834 2470 sicut,
863 2391 1125 2458 homine
1152 2392 1481 2473 existente,
1511 2390 1782 2456 dicitur:

245 2519 279 2559 11
309 2495 519 2562 Homo
546 2503 641 2563 est
665 2499 926 2563 animal.
947 2521 979 2558 u
1010 2497 1191 2563 Tunc
1213 2500 1431 2563 autem
1448 2503 1541 2564 est
1556 2497 1791 2581 praedi-

240 2605 407 2669 66116
467 2606 821 2670 566666616
872 2624 1009 2670 6556
1047 2604 1487 2690 aptitudinale,
1529 2603 1789 2687 quando

244 2731 365 2777 nec
383 2714 745 2796 subjectum
770 2717 866 2778 est
891 2719 1060 2793 actu,
1093 2732 1210 2778 nec
1236 2714 1443 2776 forma
1462 2711 1790 2795 praedicati

247 2827 398 2887 actu
423 2822 699 2887 inhaeret
724 2824 1008 2906 subjecto
1030 2845 1047 2902 ;
1071 2822 1180 2886 sed
1196 2821 1549 2887 necessaria
1572 2825 1667 2885 est
1685 2838 1791 2884 or-

249 2930 491 2996 dinatio
517 2931 712 2995 unius
735 2931 814 2996 ad
841 2929 1115 2994 alterum
1128 2928 1392 2993 fundata
1403 2946 1597 3011 super
1619 2926 1794 3010 prin-

247 3037 417 3121 cipia
464 3042 744 3117 naturae3
792 3038 976 3116 sicut,
1034 3035 1213 3100 nulla
1262 3053 1407 3099 rosa
1459 3034 1792 3115 existente,

247 3141 612 3207 conceditur
637 3141 808 3225 quod
857 3138 1002 3206 resa
1043 3141 1124 3206 sit
1169 3140 1311 3205 1165.
1364 3138 1548 3205 Τ666
1575 3143 1794 3206 661661

248 3252 348 3313 651
363 3248 727 3331 praedicatio
753 3249 988 3333 partim
1017 3248 1372 3313 secundum
1399 3264 1534 3312 esse
1553 3248 1793 3330 aptitu-

247 3353 483 3435 dinale,
533 3358 769 3438 partim
811 3357 1166 3421 secundnm
1211 3355 1479 3435 actuale,
1537 3355 1795 3438 quando

247 3462 652 3544 suppositum
678 3464 852 3528 estin
872 3468 1041 3543 actu,
1069 3464 1276 3528 forma
1300 3481 1454 3528 vero
1473 3463 1795 3546 praedicati

246 3584 381 3632 666
400 3569 564 3634 16651
583 3570 642 3634 61
668 3571 1021 3636 566666661
1040 3574 1280 3651 actum,
1304 3571 1413 3635 sed
1437 3572 1794 3638 secundum

247 3677 669 3741 necessariam
696 3676 1186 3757 ordinationem,
1217 3678 1544 3742 fundatam
1565 3678 1644 3762 (a)
1680 3697 1796 3743 su-

247 3800 366 3866 per
418 3786 728 3878 principia
761 3790 1034 3850 66161111.
1085 3786 1243 3849 Cum
1271 3805 1430 3869 ergo
1475 3786 1795 3869 quaeritur

246 3893 472 3954 utrum
496 3891 776 3956 Christus
791 3892 872 3956 sit
898 3892 1094 3956 homo
1115 3892 1185 3956 in
1216 3893 1453 3974 tridu0,
1482 3893 1537 3957 si
1563 3893 1792 3976 loqua-

247 4015 401 4062 mur
426 4000 503 4063 de
530 3999 979 4083 praedicatione
1005 4000 1359 4064 secundum
1387 4019 1523 4065 esse
1553 4001 1791 4083 aptitu-

245 4105 480 4187 dinale,
513 4126 645 4172 non
671 4111 922 4173 tantum
951 4113 1046 4173 est
1096 4127 1327 4175 verum
1375 4110 1455 4174 de
1480 4109 1650 4192 ipso,
1681 4110 1793 4175 sed

244 4212 438 4278 etiam
462 4213 540 4279 de
566 4215 745 4280 omni
779 4214 1042 4280 homine
1069 4220 1348 4296 mortue,
1376 4215 1532 4299 6616
1560 4233 1794 4282 secun-

243 4318 406 4384 dum
453 4322 786 4386 veritatem
842 4320 990 4387 fidei
1032 4327 1292 4403 nostrae,
1341 4326 1404 4387 et
1461 4323 1790 4389 scientiam

242 4428 612 4512 theologiae,
640 4430 898 4514 666666
923 4431 1119 4495 116166
1144 4431 1441 4510 61611161,
1460 4437 1794 4498 remanent

243 4535 559 4621 principia
575 4540 738 4620 ejuS,
781 4538 853 4602 16
877 4539 1114 4621 quibus
1138 4539 1316 4605 salva
1358 4541 1455 4603 est
1478 4539 1792 4607 ordinatio

243 4661 379 4709 non
428 4646 639 4710 solum
691 4652 983 4730 respectu
1025 4648 1250 4712 formae
1303 4647 1586 4712 hominis
1603 4695 1625 4727 ,
1680 4639 1791 4713 566

244 4752 441 4816 611616
494 4752 697 4836 hujus
752 4753 1034 4819 hominis
1065 4754 1389 4837 :alioquin
1443 4773 1578 4819 non
1628 4759 1792 4821 esset

242 4878 403 4926 vera
418 4862 820 4927 resurrectio.
853 4861 920 4927 Si
949 4866 1164 4926 autem
1181 4860 1527 4944 loquamur
1541 4861 1619 4927 de
1631 4880 1793 4946 prae·

242 4961 560 5028 dicatione
587 4964 820 5047 partim
833 4964 1087 5042 actuali,
1109 4964 1345 5047 partim
1363 4964 1789 5047 aptitudinali,

241 5072 334 5137 516
360 5074 566 5154 potest
583 5071 843 5138 concedi
868 5072 946 5137 de
968 5072 1235 5150 Christe,
1254 5072 1428 5154 66611
1455 5072 1645 5137 fuerit
1667 5072 1793 5137 ho-

241 5196 354 5244 mo
406 5179 478 5245 in
529 5178 761 5263 111666,
814 5178 968 5263 6616
994 5183 1130 5245 6161
1172 5197 1443 5263 persona
1493 5180 1566 5244 in
1612 5183 1788 5259 actu,

239 5289 546 5375 quamvis
595 5290 803 5356 torma
837 5288 1255 5354 humanitatis
1306 5292 1673 5358 servaretur
1719 5289 1790 5355 in

309 5419 375 5488 (α)
409 5418 531 5471 Coet.
552 5417 676 5471 edit.
696 5417 926 5471 fundata.

3331 430 3448 493 461

1906 555 2261 639 aptitudine
2304 555 2447 637 conj
2458 553 2771 619 unctionis
2823 555 3061 620 animae
3099 560 3166 622 et
3190 560 3399 624 661615
3429 585 3445 641 ;

1904 662 2014 727 566
2058 661 2184 726 1166
2210 679 2341 727 666
2376 663 2578 743 potest
2600 660 2723 726 dici
2746 661 2824 727 66
2845 661 3065 746 611666
3088 663 3210 729 6116
3237 664 3454 731 116611-

1903 787 2008 834 ne.
2037 769 2106 833 Si
2130 772 2349 833 autem
2374 768 2720 852 loquamur
2737 769 2816 833 de
2837 770 3285 851 praedicatione
3305 774 3453 839 sim·

1903 877 2148 960 pliciter
2173 876 2430 958 actuali,
2462 894 2583 941 nec
2614 877 2693 940 de
2719 876 2985 958 Christo,
3045 895 3167 943 nec
3212 880 3291 945 de
3328 882 3452 947 6116

1902 982 2164 1049 11661166
2221 988 2317 1049 651
2342 1003 2572 1049 ν61616
2623 986 2829 1050 dicere
2871 987 3046 1070 61166
3080 987 3164 1051 511
3212 988 3409 1054 116616
3425 1037 3447 1069 ,

1902 1092 2213 1173 66661616
2239 1093 2455 1156 anima
2497 1095 2593 1156 est
2617 1096 2904 1175 separata
2931 1113 2971 1157 6
2998 1112 3212 1160 66166.
3274 1095 3451 1163 Ν11111

1902 1199 2076 1263 enim
2100 1200 2247 1264 facit
2271 1200 2601 1265 hominem
2632 1218 2767 1265 esse
2795 1206 2964 1282 6616,
3010 1203 3136 1267 6151
3182 1205 3449 1269 66166115

1901 1311 2264 1393 conjunctio
2314 1312 2549 1376 animae
2591 1330 2745 1390 cum
2780 1331 2995 1378 66166.
3028 1313 3095 1379 Si
3135 1335 3294 1399 ergo
3340 1316 3446 1382 isti

1900 1422 2028 1482 tres
2056 1419 2233 1482 modi
2299 1418 2547 1483 dicendi
2583 1418 3033 1500 intelliguntur
3086 1422 3445 1488 secundum

1901 1528 2029 1588 tres
2049 1524 2386 1608 praedictos
2408 1524 2632 1590 modos
2658 1526 3066 1608 praedicandi,
3093 1529 3281 1595 sicin
3308 1549 3450 1596 om-

1898 1632 2090 1697 nibus
2116 1633 2432 1717 reperitur
2450 1634 2684 1697 veritas
2703 1680 2719 1711 ,
2741 1638 2806 1698 et
2830 1634 3008 1699 nulla
3027 1639 3123 1701 est
3148 1638 3314 1704 inter
3339 1657 3449 1706 665

1900 1741 2332 1805 contrarietas,
2356 1740 2435 1805 Et
2446 1760 2678 1806 verum
2704 1742 2902 1806 sensit
2918 1742 3108 1825 Hugo
3122 1744 3199 1809 de
3218 1745 3450 1812 Sancto

1897 1845 2170 1927 Victore,
2221 1852 2284 1912 et
2309 1865 2541 1912 verum
2588 1847 2751 1911 dixit
2777 1846 3100 1931 Magister,
3135 1852 3189 1916 51
3215 1851 3449 1917 intelli-

1897 1957 2066 2036 gunt
2078 1956 2271 2037 juxta
2300 1955 2521 2020 modos
2555 1955 3100 2037 praeasssignatos,
3128 1962 3194 2023 et
3217 1978 3448 2025 verum

1895 2065 2068 2125 tenet
2098 2062 2458 2127 communis
2487 2061 2725 2144 opinio.
2772 2060 2853 2125 Et
2900 2081 3016 2145 per
3041 2064 3164 2129 hoc
3186 2066 3266 2130 ad
3296 2085 3444 2133 om-

1895 2188 2011 2234 nes
2038 2171 2317 2234 rationes
2357 2170 2437 2233 ad
2490 2172 2833 2252 utramque
2859 2176 3109 2254 partem
3144 2174 3445 2240 adductas

1895 2277 2045 2339 satis
2086 2280 2293 2358 potest
2345 2277 2562 2359 patere
2602 2277 2952 2359 responsio.
2985 2277 3439 2348 Verumtamen

1894 2380 1949 2444 si
1995 2383 2194 2446 verba
2220 2382 2512 2465 Hugonis
2537 2383 2812 2448 velimus
2841 2385 3118 2468 amplius
3144 2388 3440 2456 conside-

1894 2506 2060 2569 rare,
2085 2490 2456 2554 invenimus
2481 2509 2632 2553 eum
2658 2491 2925 2556 sensisse
2951 2492 3271 2559 Christum
3283 2496 3440 2563 fuis-

1893 2612 1962 2660 56
1983 2596 2642 2678 1161616611116111666,
2668 2602 2733 2662 61
2745 2617 3217 2684 quemcumque
3238 2604 3441 2670 alium

1895 2702 2225 2769 hominem
2256 2708 2605 2782 mortuum,
2627 2722 2756 2768 non
2785 2704 2996 2768 561616
3024 2711 3342 2788 66661616
3360 2710 3440 2772 66

1897 2828 2032 2875 6556
2056 2810 2494 2895 aptitudinale,
2524 2812 2632 2874 sed
2658 2811 2853 2875 etiam
2881 2815 3198 2894 quantum
3226 2815 3307 2879 ad
3334 2833 3442 2879 es-

1899 2936 1966 2981 se
1993 2917 2260 2981 actuale.
2292 2917 2512 2981 Posuit
2554 2918 2728 2982 enim
2766 2919 2940 3000 quod
2973 2922 3116 3002 post
3165 2925 3441 2986 mortem

1898 3025 2256 3089 salvaretur
2293 3043 2429 3090 esse
2474 3025 2775 3104 hominiS,
2804 3029 2867 3089 et
2893 3028 3066 3109 quod
3088 3026 3303 3093 anima
3334 3047 3441 3094 se-

1899 3138 2123 3217 parata
2147 3138 2309 3198 esset
2336 3152 2626 3217 persona,
2659 3137 2724 3198 et
2752 3134 2925 3216 quod
2973 3135 3207 3200 iterum
3237 3139 3441 3205 multo
3474 3189 3483 3194 .

1899 3241 2128 3306 fortius
2150 3241 2407 3306 deberet
2432 3242 2626 3332 homo
2653 3241 3047 3323 dici1anima,
3077 3261 3274 3326 quam
3301 3263 3443 3310 cor·

1900 3367 2046 3433 pue,
2075 3349 2132 3413 si
2160 3349 2283 3415 hoc
2309 3349 2671 3414 admitteret
2705 3366 2888 3412 usus.
2922 3348 3101 3414 Unde
3127 3352 3349 3432 arguit
3375 3354 3443 3417 in

1900 3456 2077 3521 bunc
2099 3457 2364 3521 modum
2396 3477 2412 3519 ε
2446 3455 2605 3521 Cum
2631 3455 2827 3521 homo
2854 3474 2936 3520 ex
2967 3456 3195 3546 anima·
3214 3463 3277 3523 et
3300 3477 3440 3524 cor-

1899 3583 2055 3649 pore
2082 3567 2347 3643 constet,
2375 3567 2592 3627 161666
2641 3568 2900 3647 propter
2923 3582 3122 3628 unam
3167 3570 3438 3648 partem,

1900 3689 2046 3755 quae
2075 3675 2169 3734 est
2195 3688 2446 3752 corpu5‚
2482 3669 2717 3734 dicitur
2744 3671 2939 3760 116616
2952 3689 3183 3753 corpus
3216 3695 3232 3736 z
3268 3676 3443 3738 mul-

1877 3785 1966 3870 ¹to
1987 3797 2146 3861 6136
2172 3778 2381 3859 166315
2408 3778 2763 3842 5666611661
2791 3784 3037 3862 partem
3070 3780 3267 3860 illam,
3296 3801 3443 3865 quae

3492 2431 3612 2487 opiu-
3641 2436 3680 2478 1.

1900 3891 1995 3952 651
2019 3887 2258 3964 661616,
2285 3886 2471 3951 debet
2516 3886 2640 3949 dici
2662 3887 2898 3951 anima.
2925 3887 3006 3952 Et
3029 3888 3099 3952 in
3127 3889 3249 3976 hoc
3274 3890 3440 3957 dicto
3468 3902 3662 3965 Improb.

1898 3995 2206 4079 magister
2244 3993 2436 4076 Hugo
2463 3995 2891 4059 communiter
2911 4014 3040 4061 non
3064 3998 3437 4068 sustinetur.

1898 4104 2025 4170 Nec
2050 4105 2227 4169 enim
2254 4103 2472 4166 anima
2498 4106 2787 4183 separata
2807 4111 2901 4166 est
2929 4122 3228 4186 persona,
3275 4106 3442 4170 sicut

1898 4218 2225 4278 ostensum
2266 4211 2391 4276 fuit
2435 4230 2670 4294 supra,
2703 4230 2822 4276 nec
2863 4212 3059 4278 homo
3090 4219 3185 4279 est
3223 4216 3443 4281 anima

1899 4338 2041 4398 sua,
2097 4338 2218 4385 666
2259 4319 2475 4385 verius
2530 4322 2626 4383 est
2668 4318 2866 4383 homo
2919 4337 3070 4383 cum
3124 4321 3437 4405 moritur,

1897 4448 2097 4513 quam
2126 4450 2275 4495 cum
2302 4429 2504 4511 vivit,
2540 4435 2853 4513 quantum
2888 4431 2970 4496 ad
2997 4450 3135 4497 esse
3163 4437 3437 4515 naturae,

1897 4538 2042 4603 licet
2068 4538 2346 4603 fortassis
2368 4538 2565 4622 possit
2585 4538 2809 4619 663611
2836 4538 2906 4601 16
2933 4557 3009 4603 66
3024 4557 3160 4604 6556
3173 4542 3403 4622 3161166
3416 4566 3433 4621 ;

1896 4663 2016 4709 666
2041 4663 2297 4727 corpus,
2337 4644 2691 4709 secundum
2718 4644 2890 4727 quod
2943 4649 3039 4709 est
3080 4664 3229 4728 pars
3275 4647 3442 4713 inte-

1900 4750 2101 4832 graiis
2132 4750 2446 4828 1161111615,
2491 4750 2873 4832 praedicatur
2907 4752 2986 4817 de
3016 4753 3277 4819 homine
3306 4775 3325 4819 ε
3377 4762 3442 4824 61

1896 4857 2042 4923 1666
2059 4874 2193 4922 666
2214 4857 2349 4921 sine
2382 4876 2571 4922 causa
2596 4857 2962 4942 opinionem
2986 4862 3280 4942 magistri
3301 4862 3436 4929 Hu-

1899 4963 2088 5047 gonis
2136 4963 2501 5027 communis
2553 4965 2768 5046 opinio
2822 4983 2953 5030 non
3008 4968 3317 5050 approbat
3370 4970 3443 5036 in

1898 5075 2079 5154 parte
2099 5072 2238 5135 ista.
2261 5070 2563 5151 Magister
2583 5076 2800 5136 6111616
2820 5070 3291 5141 Sententiarum
3308 5094 3442 5144 non

1899 5177 2111 5243 solum
2140 5177 2347 5245 voluit
2370 5177 2599 5259 dicere,
2628 5180 2801 5262 6666
2827 5180 3111 5247 Christus
3136 5182 3205 5246 in
3227 5184 3444 5251 triduo

1898 5287 2120 5355 {uisset
2166 5287 2364 5353 homo
2398 5286 2850 5370 praedicatione
2903 5289 3138 5373 partim
3182 5292 3439 5372 actuali,

1900 5397 2135 5482 partim
2172 5395 2572 5480 aptitudinali
2601 5413 2617 5457 ε
2664 5396 2798 5462 imo
2841 5397 3013 5483 66611
3052 5398 3176 5466 1166·
3211 5399 3444 5470 dixerit
