4185 6288
476 3354 686 3400 randum.

705 486 824 553 ⁴1⁶6

706 640 866 705 ergo
897 622 967 686 in
992 626 1197 687 morte
1223 624 1513 703 separata
1538 618 1660 682 suit
1697 616 1914 680 anima
1960 633 2000 677 a
2033 629 2248 688 carne,

706 733 901 794 restat
925 728 1097 812 quod
1123 728 1317 792 etiam
1360 725 1663 791 diviuitas
1707 727 1996 807 separata
2024 721 2143 784 suit
2170 719 2251 782 ab

707 837 950 901 eadem.

787 948 850 1007 2.
910 943 1092 1019 Item,
1150 942 1472 1007 destructo
1515 940 1740 1024 priori,
1789 936 2141 1002 destruitur
2190 940 2255 1000 et

707 1050 1024 1135 posterius
1057 1069 1075 1114 ε
1106 1050 1214 1114 sed
1243 1050 1400 1113 unio
1432 1047 1640 1112 carnis
1657 1047 1738 1112 ad
1763 1046 2046 1110 animam
2079 1043 2255 1126 prior

707 1161 803 1221 est
828 1157 1225 1236 naturaliter,
1257 1174 1454 1239 quam
1499 1156 1581 1220 sit
1624 1154 1782 1219 unio
1809 1152 2017 1216 carnis
2042 1149 2123 1214 ad
2153 1150 2249 1213 di-

707 1264 1064 1344 vinitatem,
1088 1263 1244 1347 quia
1273 1264 1484 1346 prima
1501 1267 1596 1327 est
1620 1260 1954 1339 naturalis,
1975 1258 2256 1324 secunda

710 1372 1012 1453 gratuita,
1044 1376 1109 1436 et
1133 1376 1362 1436 natura
1388 1370 1564 1454 prior
1601 1372 1697 1434 aet
1743 1384 1943 1451 quam
1989 1365 2202 1448 gratia
2233 1384 2249 1429 ι

708 1497 867 1561 ergo
893 1479 1101 1544 soluta
1130 1479 1371 1543 unione
1424 1478 1658 1542 animae
1697 1477 1778 1541 ad
1832 1492 2115 1552 carnem,
2148 1491 2256 1537 ne-

708 1604 878 1652 cesse
904 1591 1000 1650 est
1028 1586 1191 1650 solvi
1217 1586 1529 1650 unitatem
1556 1584 1766 1648 carnis
1807 1583 1888 1647 ad
1926 1582 2249 1646 deitatem.

789 1698 849 1758 3.
881 1692 1039 1757 Item
1069 1693 1367 1756 divinitas
1395 1711 1527 1757 non
1567 1696 1665 1756 est
1706 1690 1970 1755 unibilis
2001 1694 2253 1754 naturae

706 1800 1058 1865 insensibili
1090 1804 1154 1864 et
1180 1801 1531 1865 irrationali
1564 1822 1579 1864 :
1612 1800 1721 1863 sed
1746 1817 1924 1875 caro,
1967 1802 2112 1880 post
2148 1816 2251 1861 se-

707 1909 1103 1990 parationem
1153 1908 1388 1972 animae
1406 1955 1425 1987 ,
1483 1911 1578 1971 est
1600 1908 1765 1971 facta
1814 1905 2205 1970 insensibilis
2234 1923 2254 1968 ε

708 2032 868 2096 ergo
891 2033 1025 2079 non
1051 2015 1307 2079 videtur
1328 2015 1522 2078 fuisse
1549 2014 1777 2078 idonea
1802 2018 1962 2077 tunc
2003 2017 2079 2076 ut
2102 2012 2255 2077 uni·

707 2127 890 2187 retur
913 2122 1232 2187 divinitati
1257 2122 1551 2186 :videtur
1571 2137 1731 2202 ergo
1758 2120 1931 2202 quod
1960 2120 2027 2184 in
2051 2122 2256 2183 morte

708 2230 867 2293 unio
893 2229 1001 2292 illa
1043 2230 1236 2293 fuerit
1275 2228 1503 2308 soluta,
1534 2244 1684 2310 quae
1726 2231 1863 2291 erat
1905 2226 2255 2291 divinitatis

710 2337 792 2402 ad
817 2354 1073 2401 carnem
1104 2334 1474 2417 assumptiO.

789 2447 856 2508 4.
885 2443 1044 2507 Item
1071 2442 1283 2508 omnis
1304 2441 1462 2506 unio
1487 2441 1870 2505 terminatur
1897 2440 1978 2505 ad
1999 2439 2256 2523 aliquod

708 2568 940 2618 unum.
970 2550 1039 2614 Si
1073 2566 1233 2631 ergo
1261 2566 1409 2612 caro
1439 2550 1576 2613 erat
1620 2549 1799 2612 unita
1838 2546 2084 2625 deitati,
2142 2550 2258 2611 aut

711 2676 873 2739 ergo
899 2658 1020 2722 ista
1045 2659 1202 2723 unio
1230 2657 1493 2721 faciebat
1521 2673 1728 2720 unum
1755 2656 1826 2719 iu
1860 2658 2114 2732 natura,
2144 2657 2259 2718 aut

713 2785 922 2832 unum
988 2766 1058 2830 in
1105 2784 1376 2850 persona
1437 2788 1451 2829 τ
1516 2765 1584 2829 in
1638 2769 1873 2829 natura
1924 2782 2080 2843 non,
2135 2763 2259 2828 hoc

712 2878 994 2952 constat3
1039 2874 1110 2936 in
1154 2891 1425 2957 persona
1467 2890 1633 2952 nou,
1681 2877 1756 2936 ut
1780 2871 2057 2952 videtur,
2107 2871 2261 2953 quia

712 3000 845 3045 non
870 2985 966 3045 est
991 2980 1199 3044 dicere
1236 2979 1407 3062 quod
1447 2977 1649 3042 Filius
1683 2981 1778 3043 est
1813 2997 2085 3061 persona
2112 2997 2260 3041 car-

714 3087 818 3152 nis
852 3110 868 3151 :
904 3104 1062 3169 ergo
1106 3103 1235 3151 non
1276 3086 1530 3151 videtur
1554 3086 1726 3169 quod
1757 3085 1973 3170 aliquo
2020 3103 2260 3167 genere

713 3196 972 3261 unionis
991 3196 1061 3259 in
1089 3198 1292 3260 morte
1319 3194 1620 3259 divinitas
1640 3195 1830 3258 fuerit
1850 3195 2031 3258 unita
2057 3193 2254 3257 carni.

796 3303 917 3368 Sed
944 3307 1165 3367 contra
1196 3325 1211 3367 ε
1251 3302 1376 3368 Leo
1406 3301 1575 3385 Papa
1606 3324 1621 3366 ε
1663 3300 1923 3366 «Tanta
1969 3305 2062 3366 est
2103 3301 2260 3365 unio

712 3409 825 3475 Dei
852 3415 915 3475 et
936 3410 1236 3491 hominis,
1284 3413 1361 3473 ut
1400 3429 1518 3473 nec
1557 3408 1867 3492 supplicio
1907 3412 2120 3491 posset
2164 3407 2260 3471 di-

714 3518 887 3596 rimi,
918 3536 1037 3582 nec
1062 3522 1266 3582 morte
1293 3517 1604 3599 distingui
1652 3539 1667 3580 ι
1715 3516 1825 3581 sed
1870 3516 1949 3580 de
1990 3515 2264 3596 integri-

716 3630 844 3688 tate
873 3625 1175 3689 humanae
1202 3629 1450 3689 naturae
1466 3629 1562 3689 est
1581 3642 1713 3689 non
1737 3627 1991 3688 tantum
2020 3623 2264 3699 anima,

719 3751 950 3797 verum
975 3734 1169 3797 etiam
1195 3750 1342 3797 caro
1377 3755 1392 3796 :
1424 3750 1584 3815 ergo
1620 3733 1687 3796 in
1717 3735 1921 3796 morte
1971 3749 2105 3795 non
2146 3730 2266 3794 suit

720 3845 1009 3923 separata
1031 3858 1178 3904 caro
1206 3860 1245 3904 a
1269 3838 1501 3905 Verbo.
1537 3839 1670 3903 Hoc
1699 3840 1916 3922 ipsum
1953 3838 2102 3902 dicit
2127 3837 2267 3902 Au-

722 3948 1022 4029 gustinus
1051 3955 1070 3989 ¹
1097 3952 1319 4011 contra
1342 3945 1763 4026 Felicianum,
1805 3947 1905 4028 cuj
1916 3963 1994 4009 us
2041 3949 2264 4009 aucto·

722 4055 877 4119 ritas
902 4055 1173 4119 habetur
1197 4056 1265 4117 in
1290 4054 1521 4118 littera.

803 4162 963 4228 Item
1002 4163 1247 4227 ratione
1273 4161 1527 4226 videtur
1557 4160 1884 4225 :Christus
1934 4160 2004 4224 in
2052 4159 2267 4224 triduo

725 4270 954 4335 dicitur
970 4270 1244 4353 jacuisse
1268 4269 1338 4332 in
1368 4267 1707 4351 sepulchro
1755 4286 1773 4332 ε
1810 4267 1918 4332 sed
1966 4266 2089 4331 hoc
2136 4284 2267 4330 non

727 4379 956 4442 dicitur
982 4377 1104 4440 nisi
1139 4376 1383 4440 ratione
1412 4375 1621 4438 carnis
1648 4377 2006 4458 conjunctae
2043 4395 2059 4438 ε
2110 4392 2268 4456 ergo

726 4485 795 4549 in
820 4485 1031 4549 triduo
1059 4502 1204 4548 caro
1229 4483 1349 4547 fuit
1376 4484 1715 4564 conjuncta
1736 4480 2074 4544 divinitati.

809 4592 988 4671 lte-m,
1041 4591 1574 4674 quandocumque
1633 4588 1851 4671 aliqua
1913 4588 2043 4652 duo
2089 4589 2274 4652 unita

683 4725 688 4732 ·
728 4707 1128 4786 separantur,
1157 4704 1270 4764 aut
1289 4699 1674 4779 elongantur
1699 4696 2053 4761 secundum
2080 4697 2271 4761 dissi-

729 4809 1180 4886 militudinem,
1210 4810 1325 4870 aut
1339 4804 1691 4871 secundum
1709 4804 2084 4886 positionem
2116 4826 2132 4869 ι
2161 4804 2272 4869 sed

650 4944 659 4954 ·
729 4936 877 4982 caro
905 4916 1134 4981 Christi
1161 4932 1295 4978 non
1331 4913 1456 4976 fuit
1496 4912 1797 4992 elongata
1840 4929 1881 4974 a
1928 4910 2135 4976 Verbo
2170 4931 2273 4977 se-

729 5024 1019 5089 cundum
1044 5020 1547 5096 similitudinem,
1585 5019 1727 5081 talis
1746 5018 1920 5082 enim
1951 5018 2272 5099 elongatio

729 5136 825 5196 est
873 5130 1149 5213 peccati3
1208 5146 1326 5192 nec
1374 5126 1498 5218 suit
1550 5124 1873 5206 elongatio
1915 5126 2273 5191 secundum

729 5239 1134 5323 positionem,
1177 5235 1333 5318 quia
1375 5233 1660 5299 Verbum
1688 5233 1799 5299 Dei
1844 5238 1941 5299 est
1975 5235 2218 5320 ubique
2249 5257 2266 5300 ε

731 5363 890 5428 ergo
912 5363 1044 5411 non
1069 5344 1192 5410 fuit
1219 5343 1427 5409 soluta
1453 5341 1611 5408 unio
1634 5341 1984 5409 divinitatis
2008 5343 2088 5409 ad
2127 5362 2274 5409 car-

730 5469 904 5521 nem.

1843 468 2465 545 SENTENTIARUM
2500 472 2651 540 LIB.
2701 474 2811 542 111.

2442 609 2598 673 ltem
2636 612 2800 677 nihil
2846 611 3103 676 unitum
3151 612 3328 676 carni
3377 631 3493 696 per
3547 615 3911 698 passionem

2359 719 2771 800 separabatur
2817 738 2857 783 a
2900 736 3121 798 carne,
3180 719 3352 801 quod
3405 739 3537 785 non
3588 729 3913 805 pateretur

2359 844 2550 890 carne
2577 828 2891 909 patiente;
2933 827 3041 893 sed
3066 826 3369 892 divinitas
3401 829 3686 910 patiente
3726 850 3914 896 carue

2362 951 2494 997 non
2547 934 2907 1016 patiebatur
2974 957 2989 998 :
3046 953 3205 1017 ergo
3255 953 3372 1016 per
3432 937 3802 1018 passionem
3852 943 3917 1003 et

2359 1044 2635 1105 mortem
2657 1041 2738 1105 ab
2766 1060 2843 1106 ea
2871 1060 3002 1107 non
3029 1041 3464 1125 separabatur.

2879 1305 3403 1386 CONCLUSIO.

2361 1460 2427 1515 In
2440 1464 2610 1515 morte
2624 1457 2833 1516 Christi
2844 1459 3110 1517 divinitas
3128 1476 3165 1516 a
3192 1475 3352 1517 carue
3370 1476 3478 1517 non
3491 1464 3605 1531 tuit
3620 1469 3914 1535 mata:

2433 1552 2487 1604 et
2503 1549 2597 1604 hoc
2611 1550 2923 1605 conveniens
2937 1550 3052 1617 suit
3073 1565 3139 1605 ezr
3156 1551 3472 1607 assumentis
3490 1551 3850 1618 liberalitate,
3868 1560 3917 1611 a

2433 1638 2831 1711 assumptibilis
2853 1638 3152 1709 diqnitate,
3174 1643 3228 1695 et
3243 1644 3627 1713 assumptionis
3644 1644 3910 1700 utilitate.

2444 1799 2629 1883 Resp.
2668 1800 2748 1865 ad
2774 1818 2919 1881 arg.
2978 1800 3325 1865 Dicendum
3370 1802 3543 1883 quod
3593 1803 3665 1867 in
3711 1808 3917 1869 morte

2362 1904 2594 1971 Christi
2619 1924 2751 1971 non
2790 1907 2912 1971 ruit
2950 1906 3252 1972 divinitas
3288 1912 3581 1991 separata
3607 1928 3648 1972 a
3696 1927 3913 1974 carne.

2362 2011 2441 2078 Et
2462 2012 2660 2095 hujus
2685 2014 2845 2078 ratio
2867 2014 3101 2096 triplex
3144 2018 3261 2090 est,
3291 2014 3584 2080 videlicet
3632 2015 3919 2080 liberali-

2362 2128 2459 2185 tas
2504 2139 2545 2184 a
2588 2126 2769 2204 parte
2819 2122 3241 2202 assumentiS,
3297 2123 3579 2204 dignitas
3632 2143 3672 2188 a
3736 2129 3919 2207 parte

2367 2228 2850 2311 assumptibilis,
2920 2229 3164 2293 utilitas
3219 2247 3301 2293 ex
3361 2234 3541 2313 parte
3619 2249 3915 2314 assump-

2366 2335 2575 2401 tionis.
2660 2335 3033 2403 Liberalitas
3061 2387 3079 2419 ,
3166 2338 3433 2420 inquam
3464 2387 3485 2417 ‚
3572 2358 3655 2404 ex
3736 2346 3919 2422 parte

2363 2444 2745 2508 assumentis
2800 2462 2818 2507 z
2875 2445 3031 2526 quia
3084 2463 3236 2510 cum
3289 2445 3456 2511 Deus
3500 2446 3607 2511 dat
3656 2445 3919 2528 aliquod

2363 2550 2630 2629 donum,
2678 2568 2811 2615 non
2838 2552 3156 2617 subtrahit
3187 2553 3349 2617 illud
3389 2552 3525 2617 sine
3561 2553 3752 2636 culpa
3791 2572 3812 2616 z
3861 2554 3919 2616 si

2364 2676 2527 2739 ergo
2550 2659 2728 2724 nulla
2754 2660 2942 2742 culpa
2971 2661 3335 2739 intervenit,
3366 2679 3498 2725 non
3522 2660 3736 2725 decuit
3748 2658 3915 2724 divi·

2365 2783 2519 2828 nam
2543 2766 2983 2833 liberalitatem
3011 2786 3294 2845 carnem,
3338 2785 3538 2850 quam
3587 2767 3709 2831 sibi
3763 2767 3925 2833 libe-

2365 2872 2583 2939 raliter
2608 2875 2881 2955 unierat,
2910 2876 3194 2958 separari
3214 2895 3255 2939 a
3282 2894 3372 2939 se.
3403 2873 3694 2957 Dignitas
3721 2876 3920 2941 etiam

2366 2998 2449 3059 ex
2477 2985 2654 3062 parte
2680 2982 3136 3065 assumptibilis
3187 2983 3309 3047 fuit
3346 2982 3416 3045 in
3463 3001 3686 3063 causa,
3718 3002 3921 3066 quare

2366 3087 2487 3154 ista
2524 3090 2680 3156 uuio
2729 3108 2864 3155 non
2916 3090 3135 3155 debuit
3175 3090 3477 3173 separari.
3533 3090 3711 3156 Caro·
3744 3092 3920 3156 enim

2368 3198 2476 3262 illa
2494 3216 2627 3263 non
2652 3198 2871 3263 debuit
2897 3197 3115 3263 videre
3143 3198 3643 3280 corruptionem,
3682 3218 3919 3263 secun-

2370 3304 2528 3369 dum
2566 3305 2725 3369 illud
2765 3305 2938 3386 quod
2981 3305 3220 3369 dicitur
3257 3304 3327 3368 in
3380 3303 3632 3369 Psalmo
3662 3307 3686 3343 ⁸
3719 3327 3738 3370 t
3774 3305 3923 3372 Non

2371 3410 2864 3481 dabissanctum
2883 3418 3067 3478 tuum
3090 3410 3310 3479 videre
3323 3412 3791 3494 corruptionem
3805 3412 3922 3477 :si-

2371 3524 2481 3583 cut
2521 3536 2679 3600 ergo
2705 3537 3042 3601 nunquam
3075 3519 3287 3583 decuit
3313 3519 3522 3601 ipsam
3552 3519 3920 3595 incinerari,

2372 3625 2466 3689 sic
2486 3644 2825 3708 nunquam
2846 3626 3060 3691 decuit
3083 3626 3286 3707 ipsam
3309 3644 3348 3690 a
3377 3626 3585 3691 Verbo
3614 3627 3919 3709 separari.

2375 3730 2619 3795 Utilitas
2638 3736 2857 3795 autem
2884 3750 2966 3796 ex
2995 3735 3174 3814 parte
3201 3731 3656 3815 assumptionis
3693 3733 3775 3797 ad
3801 3732 3923 3798 hoc

2372 3838 2584 3921 ipsum
2613 3837 2875 3903 faciebat
2905 3860 2921 3903 ε
2948 3838 3028 3904 ad
3055 3839 3178 3903 hoc
3204 3839 3377 3904 enim
3404 3841 3597 3905 flebat
3620 3840 3732 3906 illa
3763 3841 3923 3906 unio

2374 3946 2723 4010 divinitatis
2750 3946 2834 4010 ad
2858 3946 3211 4011 humanam
3242 3951 3574 4027 naturam,
3609 3953 3677 4013 et
3714 3949 3923 4014 carnis

2375 4055 2457 4120 ad
2483 4054 2791 4134 animam,
2828 4058 2907 4119 ut
2948 4059 3403 4137 procuraretur
3427 4059 3647 4122 nostra
3665 4058 3858 4122 salus
3897 4077 3921 4124 ε

2377 4165 2441 4225 et
2469 4161 2773 4243 quoniam
2814 4162 3130 4244 separatio
3175 4165 3383 4227 carnis
3415 4180 3455 4227 a
3489 4162 3818 4230 divinitate
3836 4165 3923 4248 ‚in

2378 4267 2557 4333 nullo
2608 4268 2843 4334 faceret
2893 4279 2975 4334 ad
3023 4275 3308 4336 nostram
3360 4271 3657 4354 salutem,
3702 4291 3820 4356 pro
3846 4290 3922 4338 eo

2378 4377 2552 4461 quod
2585 4395 2717 4442 non
2762 4381 2968 4461 potest
3014 4398 3129 4462 per
3167 4398 3311 4444 eam
3364 4379 3506 4445 fieri
3558 4380 3920 4462 satisfactio,

2380 4502 2526 4549 cum
2557 4483 2864 4549 Divinitas
2890 4503 3022 4550 non
3049 4487 3247 4569 possit
3283 4486 3519 4552 sentire
3554 4487 3840 4553 dolorem
3860 4491 3924 4551 et

2380 4610 2636 4675 poenam
2662 4593 2730 4655 in
2753 4593 3150 4675 separatione
3195 4594 3394 4677 ipsius
3437 4613 3478 4658 a
3515 4612 3705 4660 carne
3727 4616 3748 4673 3
3774 4594 3923 4659 hinc

2380 4705 2477 4764 est
2502 4698 2672 4782 quod
2698 4718 2827 4764 non
2854 4703 2990 4765 erat
3028 4701 3417 4766 conveniens
3450 4719 3709 4767 caruem
3751 4719 3925 4784 sepa·

2382 4807 2512 4871 rari
2556 4826 2596 4871 a
2635 4806 2992 4872 Divinitate.
3037 4806 3216 4873 Unde
3257 4808 3338 4873 ad
3382 4807 3506 4873 hoc
3542 4809 3752 4892 passio
3794 4826 3924 4873 non

2383 4914 2657 4979 habebat
2676 4914 2956 4997 aliquem
2981 4915 3297 4980 ordinem.
3327 4915 3755 4981 Concedendae
3776 4917 3926 4981 sunt

2383 5039 2543 5102 ergo
2569 5021 2849 5086 rationes
2878 5021 3153 5087 inducta!
3193 5023 3272 5087 ad
3304 5023 3493 5088 istam
3517 5026 3789 5106 partem.

2465 5133 2526 5193 1.
2579 5127 2679 5194 Ad
2725 5127 2885 5194 illud
2932 5129 3104 5211 quod
3143 5128 3470 5212 objicitur,
3510 5129 3683 5213 quod
3721 5129 3924 5195 soluto

2385 5234 2596 5300 medio
2622 5235 2963 5302 solvuntur
2997 5238 3306 5314 extrema,
3348 5237 3696 5302 dicendum
3753 5234 3923 5319 quod

2383 5339 2540 5406 illud
2567 5342 2757 5408 habet
2781 5343 3117 5408 veritatem
3141 5342 3220 5409 de
3258 5343 3469 5411 medio
3506 5342 3918 5419 necessitatis.

2447 5470 2465 5505 ¹
2492 5472 2645 5536 Aug„
2672 5471 2801 5523 cont.
2830 5468 3092 5537 Felician„
3120 5485 3169 5524 c.
3197 5483 3338 5526 xxtv.
3361 5496 3425 5510 —
3444 5472 3468 5508 ¹
3496 5468 3628 5524 Psal.
3656 5482 3748 5536 xv,
3777 5472 3855 5521 10.
