4185 6288
1632 520 2007 587 msTINc'r.
2053 522 2182 588 XX.
3385 529 3498 594 321

314 646 585 717 tradidit
611 655 655 736 ¹,
686 657 750 719 et
774 653 953 743 quod
980 653 1188 723 Judas
1222 676 1378 723 eum
1413 652 1683 722 tradidit
1725 655 1772 739 ¹,
1812 659 1877 722 et
1918 652 2135 722 Judaei
2185 655 2229 720 ⁸.
2275 654 2420 745 Ipse
2474 678 2542 723 se
2595 655 2895 744 tradidit,
2943 658 3101 749 quia
3143 667 3372 750 sponte
3417 660 3494 729 ad
3544 678 3683 748 -ῐυάι,
3717 681 3763 719 et

313 764 683 856 passionem
712 769 998 839 accessit.
1032 770 1117 838 Et
1140 770 1336 839 Pater
1361 792 1515 839 eum
1551 769 1842 857 tradidit,
1875 770 2037 862 quia
2061 769 2404 841 voluntate
2437 772 2684 861 Patris,
2732 774 2868 843 imo
2916 775 3117 844 totius
3160 775 3499 845 Trinitatis
3539 739 3715 784 '⁰⁶⁶⁸'

313 905 541 974 passus
567 890 686 953 est.
716 884 923 954 Judas
950 886 1220 955 tradidit
1243 886 1602 978 prodendo,
1634 894 1696 955 et
1727 885 1943 955 Judaei
1972 887 2368 976 instigando.
2412 890 2493 957 Et
2537 889 2666 959 fuit
2705 877 2887 959 actus
2920 891 3111 961 Judae
3150 901 3214 961 et
3238 893 3499 965 Judaeo-

314 1022 464 1068 rum
493 1000 733 1088 maluS,
765 1010 830 1071 et
854 1012 1036 1072 actus
1062 1003 1304 1074 Christi
1336 1004 1440 1073 vel
1469 1005 1683 1073 Patris
1707 1003 1925 1072 honus
1956 1030 1972 1073 ε
2005 1026 2173 1095 opus
2199 1004 2441 1073 Christi
2472 1015 2533 1075 et
2562 1007 2776 1075 Patris
2807 1008 3085 1095 bonum,
3121 1010 3279 1101 quia
3323 1003 3499 1082 bona

296 1115 528 1185 ‘Patris
552 1125 616 1186 et
641 1117 799 1187 Filii
826 1120 1165 1208 voluntas;
1199 1120 1450 1190 malum
1479 1121 1607 1189 fuit
1635 1143 1800 1213 opus
1825 1120 2013 1190 Judae
2041 1129 2103 1190 et
2130 1120 2511 1192 Judaeorum
2531 1176 2550 1211 ,
2598 1125 2757 1216 quia
2797 1125 2971 1193 mala
3016 1125 3144 1194 fuit
3191 1126 3492 1196 intentio.

312 1232 585 1303 Diversa
621 1235 896 1305 fuerunt
933 1236 1029 1305 ibi
1065 1237 1269 1325 facta,
1314 1235 1452 1307 sive
1498 1259 1696 1330 opera
1717 1292 1737 1327 ,
1784 1237 1852 1305 id
1891 1245 1988 1305 est
2031 1238 2274 1308 diversi
2314 1247 2527 1327 actus;
2584 1247 2648 1308 et
2684 1263 2818 1308 una
2861 1263 2995 1327 reS,
3041 1241 3180 1310 sive
3223 1241 3493 1332 factum,

313 1350 558 1420 scilicet
590 1353 804 1445 passio
837 1355 1001 1446 ipsa.
1042 1354 1329 1447 Ideoque
1382 1353 1675 1424 doctores
1716 1353 2074 1447 aliquando
2113 1355 2359 1423 uniunt
2392 1355 2464 1424 in
2511 1355 2680 1425 facto
2724 1356 2843 1426 illo
2891 1357 3178 1444 Patrem,
3219 1358 3492 1449 Filium,

310 1468 580 1556 Judam,
608 1469 908 1558 Judaeos;
943 1471 1303 1564 aliquando
1341 1471 1757 1564 disjungunt.
1793 1470 2236 1563 Respicientes
2277 1471 2455 1540 enim
2498 1473 2582 1540 ad
2624 1472 3024 1564 passionem,
3076 1498 3286 1543 unum
3333 1499 3499 1568 opus

313 1586 586 1656 illorum
637 1586 900 1676 dicunt;
958 1588 1363 1656 attendentes
1417 1588 1814 1656 intentiones
1864 1596 1930 1656 et
1984 1595 2200 1674 actus,
2267 1588 2438 1657 facta
2506 1587 2765 1658 diversa
2829 1587 3227 1659 discernunt.
3307 1592 3497 1662 Unde

312 1703 727 1794 Augustinus
758 1702 782 1737 ⁸
813 1729 829 1770 τ
862 1729 898 1770 α
930 1703 1127 1772 Facta
1166 1711 1301 1788 est,
1331 1704 1575 1796 inquit,
1604 1704 1868 1773 traditio
1894 1727 1935 1773 a
1966 1704 2194 1790 Patre,
2225 1705 2396 1772 facta
2430 1713 2525 1773 est
2570 1704 2834 1775 traditio
2882 1729 2921 1773 a
2955 1706 3150 1794 Filio,
3194 1709 3363 1777 facta
3401 1718 3500 1778 est

311 1820 577 1890 traditio
605 1843 645 1888 a
667 1820 862 1889 Juda.
895 1820 1044 1889 Una
1070 1842 1174 1889 res
1200 1821 1368 1890 facta
1398 1828 1515 1889 est.
1549 1820 1725 1904 Quid
1761 1843 1916 1910 ergo
1944 1821 2255 1890 discernit
2278 1822 2451 1891 inter
2477 1827 2631 1891 eos?
2661 1823 2830 1904 Quia
2869 1823 2991 1893 hoc
3035 1825 3182 1894 fecit
3211 1825 3409 1894 Pater
3434 1836 3498 1895 et

310 1937 522 2007 Filius
544 1936 615 2004 in
643 1936 991 2024 charitate;
1045 1936 1250 2005 Judas
1290 1960 1449 2007 vero
1485 1937 1555 2006 in
1595 1938 1987 2030 proditione.
2025 1938 2273 2007 Videtis
2320 1938 2480 2031 quia
2515 1962 2650 2008 non
2694 1939 2855 2032 quid
2900 1940 3095 2009 faciat
3130 1942 3353 2027 homo,
3385 1943 3497 2012 sed

311 2078 447 2148 qua
471 2055 811 2124 voluntate
834 2053 1381 2123 considerandum
1410 2062 1529 2124 est.
1560 2055 1640 2124 In
1667 2054 1895 2124 eodem
1921 2056 2091 2123 facto
2119 2055 2497 2126 invenimus
2521 2055 2761 2142 Deum,
2799 2078 2933 2147 quo
2973 2055 3238 2125 Judam.
3282 2057 3497 2129 Deum

310 2170 782 2258 benedicimus,
812 2169 1053 2239 Judam
1085 2170 1484 2240 detestamur
1501 2197 1520 2258 ;
1552 2172 1708 2263 quia
1737 2171 1910 2240 Deus
1929 2172 2243 2261 cogitavit
2268 2172 2548 2240 salutem
2575 2179 2898 2258 nostram,
2942 2171 2981 2240 J
2987 2173 3147 2241 udas
3189 2175 3497 2263 cogitavit

309 2288 597 2381 pretium
635 2311 770 2381 quo
798 2287 1096 2357 vendidit
1129 2288 1523 2378 Dominum,
1566 2288 1779 2357 Filius
1813 2289 2103 2381 pretium
2147 2287 2326 2381 quod
2369 2287 2548 2356 dedit
2586 2310 2706 2379 pro
2754 2288 2966 2356 nobis,
3020 2287 3293 2358 Diversa
3338 2313 3494 2380 ergo

309 2405 615 2495 intenti0,
645 2405 905 2475 diversa
928 2404 1098 2475 facta
1126 2405 1301 2494 facit,
1334 2428 1487 2474 cum
1511 2414 1732 2474 tamen
1761 2404 1846 2473 sit
1873 2428 2009 2473 una
2036 2427 2141 2474 res
2164 2403 2440 2473 diversis
2472 2403 2970 2472 intentionibus,
3014 2428 3049 2468 »
3100 2404 3260 2474 Ecce
3292 2429 3492 2477 unam

309 2545 448 2592 rem
477 2522 634 2592 dicit
656 2521 751 2590 ibi
777 2521 1003 2608 fuisse,
1036 2530 1102 2590 et
1128 2521 1388 2592 diversa
1419 2523 1611 2609 facta,
1644 2522 1804 2614 quia
1831 2545 1966 2591 una
1992 2522 2086 2590 ibi
2112 2521 2242 2591 fuit
2265 2521 2502 2614 passio,
2535 2521 2646 2590 sed
2672 2521 2915 2591 diversi
2954 2530 3158 2591 actus.
3198 2522 3284 2591 Et
3308 2530 3492 2593 actus

306 2638 579 2731 quidem
603 2638 642 2709 J
649 2638 796 2709 udae
822 2661 898 2708 ac
919 2638 1305 2710 Judaeorum
1332 2640 1517 2727 mali,
1553 2638 1798 2732 quibus
1825 2639 2074 2733 operati
2113 2647 2268 2708 sunt
2313 2638 2555 2708 Christi
2590 2638 2959 2731 passionem
2982 2691 3001 2727 ,
3050 2662 3201 2732 quae
3235 2640 3488 2710 bonum

305 2764 427 2843 aet,
459 2763 717 2849 etopus
741 2756 862 2826 Dei
888 2765 1007 2827 est.

394 2873 618 2943 Passio
678 2896 834 2964 ergo
887 2873 1129 2943 Christi
1181 2884 1247 2944 et
1284 2897 1451 2965 opus
1492 2874 1735 2944 dicitur
1779 2873 2165 2944 Judaeorum
2181 2925 2201 2960 ,
2236 2873 2397 2965 quia
2440 2895 2523 2941 ex
2564 2872 2816 2942 actibus
2867 2895 3098 2942 eorum
3143 2875 3481 2965 provenit3

305 2997 369 3059 et
395 3013 563 3081 opus
584 2990 729 3078 Dei,
760 2990 920 3083 quia
945 3013 1022 3060 eo
1050 2999 1337 3077 auctore,
1367 2991 1436 3060 id
1464 3001 1559 3061 est
1584 3014 1662 3061 eo
1689 2992 1951 3061 volente
1978 2991 2128 3061 fuit.
2168 2990 2352 3063 Unde
2377 2990 2794 3080 Augustinus
2834 2996 2856 3031 ⁸
2893 3015 2909 3058 :
2945 3018 2982 3057 α
3021 2991 3230 3061 Nemo
3270 2993 3486 3062 aufert

304 3109 594 3179 animam
624 3107 864 3178 Christi
891 3108 975 3178 ab
1015 3131 1130 3196 eo,
1180 3109 1338 3202 quia
1382 3117 1763 3201 potestatem
1807 3109 2004 3178 hahet
2053 3108 2343 3200 ponendi
2377 3116 2444 3178 et
2486 3107 2791 3177 sumendi
2833 3131 2979 3179 eam
3029 3134 3044 3176 t
3094 3132 3236 3179 ecce
3281 3110 3482 3181 habes
3527 3140 3635 3183 opus
3730 3142 3744 3172 ι

303 3235 635 3296 auctorem
659 3226 895 3318 operis.
929 3227 1126 3296 Ponit
1151 3227 1441 3295 animam
1474 3251 1490 3293 :
1525 3248 1667 3295 ecce
1686 3226 1888 3295 habes
1914 3249 2079 3318 opus
2105 3224 2410 3295 auctoris.
2444 3226 2529 3295 Et
2556 3233 2630 3293 ut
2646 3225 3039 3315 generaliter
3064 3228 3476 3314 concludam,
3525 3192 3623 3296 32¹2.

303 3342 610 3436 quotiens
636 3342 709 3410 in
735 3364 929 3411 carne
955 3342 1254 3412 Christus
1279 3342 1533 3435 aliquid
1562 3343 1833 3435 patitur,
1875 3365 2043 3435 opus
2085 3342 2371 3411 auctoris
2415 3350 2533 3411 est.
2583 3340 2712 3411 Sed
2755 3342 2914 3434 quia
2949 3366 3070 3411 sua
3111 3344 3476 3430 voluntate,
3590 3331 3616 3371 ‘¹

303 3482 437 3529 non
465 3459 596 3529 alio
622 3467 917 3549 cogente,
948 3460 1335 3552 perpetitur,
1367 3460 1505 3552 ipse
1532 3468 1760 3529 auctor
1796 3467 1892 3527 est
1929 3460 2167 3552 operis.
2217 3486 2253 3525 ν)
2301 3459 2470 3528 Cum
2517 3465 2738 3528 autem
2777 3459 2990 3550 passio
3033 3459 3274 3528 Christi
3318 3484 3483 3553 opus

300 3576 421 3645 Dei
450 3576 558 3665 sit,
590 3584 652 3644 et
680 3575 828 3646 ideo
851 3576 1131 3662 bonum,
1162 3599 1439 3668 eamque
1464 3577 1711 3669 operati
1738 3585 1894 3645 sunt
1917 3574 2124 3645 Judas
2150 3584 2215 3643 et
2239 3574 2481 3654 Judaei,
2519 3575 2840 3667 quaeritur
2872 3597 2956 3643 an
2995 3575 3483 3646 concedendum

299 3693 389 3761 sit
415 3716 524 3762 eos
551 3700 852 3786 operatos
879 3693 972 3762 ibi
995 3716 1130 3762 esse
1156 3694 1433 3762 bonum.
1466 3694 1590 3764 Hic
1616 3692 2156 3784 distinguendum
2183 3701 2280 3761 est
2312 3716 2327 3759 :
2359 3698 2571 3785 potest
2600 3692 2778 3760 enim
2807 3690 2935 3759 dici
2957 3744 2974 3778 ,
3022 3693 3199 3785 quod
3237 3696 3487 3786 operati

298 3810 433 3879 sint
457 3811 734 3897 bonum,
763 3812 923 3905 quia
941 3834 1024 3882 ex
1048 3811 1300 3880 actibus
1326 3834 1558 3881 eorum
1585 3812 1836 3881 bonum
1866 3810 2194 3903 provenit,
2227 3809 2293 3877 id
2325 3816 2445 3897 est,
2476 3807 2688 3900 passio
2715 3808 2997 3894 Christi;
3028 3810 3277 3880 etitem
3305 3812 3485 3903 quod

296 3928 548 4020 operati
576 3951 712 3998 non
736 3936 894 3997 sunt
915 3927 1194 4016 honum,
1230 3927 1344 3997 sed
1370 3929 1650 4017 malum,
1683 3929 1841 4022 quia
1864 3927 2030 3998 actio
2058 3947 2293 3995 eorum
2321 3948 2457 3995 non
2486 3925 2614 3995 fuit
2641 3925 2835 4016 bona,
2866 3926 2977 3996 sed
3006 3928 3203 3996 mala.

704 4122 1114 4191 EXPOSITIO
1153 4123 1482 4190 TEXTUS.

487 4295 543 4347 Si
564 4309 692 4348 vero
722 4295 987 4361 quaeritur,
1009 4298 1185 4349 utrum
1211 4296 1310 4349 alio
1342 4297 1527 4362 modo,
1555 4301 1653 4349 etc.

378 4449 589 4533 Supra
614 4448 749 4530 egit
775 4447 1078 4530 Magister
1102 4449 1180 4514 de
1202 4449 1511 4533 passionis
1532 4451 1837 4531 efficacia;

297 4561 368 4626 in
390 4561 513 4625 hac
532 4579 687 4626 vero
700 4565 880 4644 parte
902 4561 1037 4642 agit
1064 4560 1140 4625 de
1161 4561 1469 4644 passionis
1488 4579 1846 4645 congruen-

117 4731 127 4756 ι
163 4714 267 4757 im
299 4666 410 4728 tia.
446 4662 758 4729 Dividitur
781 4667 999 4729 autem
1026 4664 1144 4728 ista
1165 4682 1314 4747 pars
1340 4663 1404 4727 in
1424 4665 1583 4730 duas
1610 4669 1843 4747 partes,

299 4767 369 4831 in
451 4784 729 4849 quarum
806 4766 1015 4848 prima
1090 4769 1415 4850 comparat
1486 4766 1844 4848 passionem

300 4873 532 4941 Christi
566 4874 647 4940 ad
673 4892 936 4938 causam
970 4878 1226 4956 propter
1243 4892 1440 4958 quam
1463 4892 1686 4957 passus
1708 4880 1839 4955 est;

300 4981 370 5046 in
396 4981 675 5046 secunda
699 5000 855 5046 vero
883 4987 1207 5064 comparat
1233 4982 1439 5064 ipsam
1457 4982 1535 5047 ad
1560 5001 1842 5065 causam,

300 5108 342 5155 a
358 5108 487 5173 qua
506 5090 627 5155 fuit
642 5091 850 5173 passio
875 5090 1118 5175 inipso,
1135 5091 1223 5154 ibi
1245 5112 1260 5155 ε
1284 5090 1574 5158 christus
1593 5108 1736 5176 erqo
1755 5098 1850 5160 est

301 5196 619 5272 sacerdos,
679 5197 964 5281 idemque
1006 5199 1240 5279 hostia,
1284 5203 1402 5263 etc.
1453 5198 1668 5263 Prima
1702 5219 1848 5282 pars

300 5305 610 5372 dividitur
651 5305 721 5370 in
762 5306 921 5371 duas
947 5310 1178 5389 parteS,
1208 5306 1280 5370 in
1314 5324 1592 5389 quarum
1641 5308 1849 5389 prima

372 5471 391 5505 ¹
413 5434 532 5533 Iso„
561 5481 677 5533 uu,
710 5473 787 5520 ¹2.
802 5494 864 5507 -
882 5469 1105 5533 ίΠααΙι,
1135 5481 1281 5534 xxvi,
1303 5472 1383 5522 48.
1404 5497 1468 5511 —
1485 5471 1508 5507 ⁸
1532 5471 1670 5537 Luc„
1699 5484 1848 5538 xx1v,

303 5543 383 5595 20.
417 5544 491 5593 De
519 5541 620 5592 hoc
647 5543 883 5604 August„
912 5541 966 5589 in
990 5542 1071 5592 Pe.
1103 5553 1252 5605 xcm,
1274 5543 1354 5606 23,
1379 5542 1587 5605 unas-r..
1611 5556 1666 5595 n.
1694 5545 1848 5595 28.—

1957 4127 2252 4205 ostendit,
2283 4124 2453 4207 quod
2480 4123 2709 4188 modus
2732 4123 2851 4187 iste
2871 4123 3246 4202 redimendi,
3269 4124 3503 4193 scilicet

1949 4252 2065 4316 per
2089 4233 2475 4318 passionem,
2505 4230 2689 4295 valde
2714 4230 2838 4295 fuit
2863 4249 3191 4313 congruus
3212 4236 3274 4298 et
3302 4236 3502 4301 ratio·

1950 4339 2206 4419 nabiliS,
2238 4337 2577 4404 ostendens
2604 4356 2806 4421 quare
2841 4337 2964 4401 isto
2991 4338 3201 4420 modo,
3257 4341 3501 4408 scilicet

1950 4467 2066 4531 per
2110 4449 2500 4531 passionem,
2535 4463 2748 4527 genus
2791 4445 3155 4509 humanum
3185 4445 3499 4514 redimere

1950 4557 2176 4621 voluit.
2207 4555 2280 4619 In
2311 4554 2589 4620 secunda
2631 4558 2809 4636 parte
2853 4553 3144 4630 ostendit,
3175 4555 3347 4636 quod
3374 4556 3499 4621 alio

1952 4664 2166 4743 modo,
2208 4663 2264 4726 si
2289 4661 2616 4739 voluisset,
2647 4659 2958 4726 redimere
2984 4662 3213 4745 potuit,
3242 4661 3331 4726 ibi
3365 4686 3381 4726 :
3426 4664 3499 4729 Si

1953 4775 2126 4839 enim
2156 4779 2284 4840 tres
2334 4771 2440 4839 illi
2468 4775 2544 4838 in
2581 4787 2868 4850 causam,
2894 4774 3014 4833 etc.
3058 4768 3361 4834 Similiter
3395 4790 3499 4835 se-

1953 4879 2162 4943 cunda
2188 4896 2337 4961 pars
2363 4877 2670 4943 dividitur
2696 4877 2764 4940 in
2797 4877 2955 4940 duas
2981 4879 3212 4959 partes,
3235 4876 3304 4940 in
3330 4895 3496 4960 qua-

1954 5003 2104 5051 rum
2133 4986 2340 5068 prima
2367 4984 2651 5067 inquirit,
2680 5004 2720 5049 a
2744 5003 2874 5067 quo
2903 4984 2987 5048 sit
3011 4985 3219 5067 passio
3242 4983 3494 5063 Christi,

1954 5093 2292 5159 ostendens
2339 5093 2511 5176 quod
2556 5091 2826 5157 traditus
2870 5093 2993 5156 fuit
3035 5112 3073 5156 a
3129 5092 3335 5174 Patre,
3365 5113 3405 5157 a
3430 5112 3498 5159 se

1953 5202 2115 5285 ipso,
2154 5220 2194 5264 a
2213 5200 2399 5281 Juda,
2457 5204 2585 5263 eta
2614 5198 2648 5263 J
2652 5198 2890 5279 udaeis3
2935 5200 3008 5262 in
3034 5200 3311 5264 secunda
3341 5219 3498 5268 vero

1954 5309 2094 5393 agit
2173 5309 2252 5374 de
2331 5307 2685 5372 differentia
2760 5325 3103 5372 causarum
3186 5309 3499 5390 passionis

1953 5473 1976 5507 δ
2003 5474 2158 5538 Aug„
2185 5473 2239 5522 in
2266 5471 2411 5523 Joan.
2441 5471 2630 5536 Epist„
2659 5481 2732 5533 iv,
2758 5474 2807 5535 9,
2831 5472 2978 5521 tract.
3012 5482 3114 5533 vu,
3141 5484 3196 5521 n.
3222 5472 3334 5521 7.-
3356 5470 3495 5532 ⁸1d.,

1954 5544 2018 5593 de
2040 5545 2167 5597 unit.
2201 5544 2402 5608 Trinit„
2421 5542 2490 5592 ad
2511 5543 2677 5608 Optat.
2705 5545 2834 5592 cont.
2867 5542 3129 5603 Pelia-iam,
3157 5556 3202 5592 c.
3230 5553 3340 5592 xlv.
