4185 6288
703 600 1028 685 paratione
1071 601 1153 664 ad
1191 599 1565 682 diligentem
1594 622 1611 679 ;
1659 600 1729 664 in
1771 601 2052 666 secunda
2095 620 2251 669 vero

702 709 881 792 ponit
928 708 1520 773 determinationem
1573 710 2045 791 quorumdam,
2095 710 2183 773 ibi
2228 730 2245 773 t

706 815 983 890 Quidam
1007 815 1180 898 quod
1204 816 1309 881 hic
1335 814 1583 881 dicitur
1605 816 1988 898 simpliciter
2032 823 2248 884 tenere

701 922 1010 1004 volentes;
1052 923 1116 986 in
1162 923 1349 986 tertia
1394 923 1735 1004 subjungit
1780 923 2253 988 determinatio-

700 1048 849 1094 nem
877 1048 1085 1110 suam,
1115 1030 1204 1094 ibi
1236 1051 1250 1093 :
1284 1029 1412 1095 Sed
1435 1029 1663 1096 melius
1691 1036 1888 1099 estut
1918 1032 2242 1114 intelliqa·

700 1143 829 1219 tur,
860 1142 976 1202 etc.

1352 1265 1489 1311 uua.
1535 1265 1580 1311 1.

1082 1421 1310 1473 Obscura
1337 1423 1416 1471 est
1436 1419 1736 1485 responsio,
1764 1424 1862 1486 etc.

783 1574 914 1638 Hoc
939 1573 1194 1639 videtur
1220 1590 1357 1637 esse
1392 1572 1761 1654 simpliciter
1789 1571 2018 1636 salsum
2046 1621 2062 1649 ,
2097 1572 2251 1655 quia

700 1701 852 1747 cum
901 1687 1081 1748 actus
1122 1681 1626 1746 diversificentur
1669 1699 1785 1763 per
1829 1681 2074 1764 objecta
2098 1683 2142 1757 ¹,
2187 1686 2251 1746 et

701 1791 947 1855 amicus
986 1793 1048 1853 et
1092 1788 1397 1852 inimicus
1437 1787 1565 1852 sint
1592 1787 1844 1851 diversa
1888 1788 2157 1869 objecta,
2190 1791 2252 1852 et

700 1897 952 1963 diversa
971 1893 1328 1975 diligibilia,
1360 1893 1753 1976 impossibile
1778 1893 2067 1975 estquod
2092 1894 2252 1957 ami·

700 2021 851 2067 cum
900 2006 964 2067 et
1005 2002 1341 2066 inimicum
1394 2001 1543 2084 quis
1583 2001 1813 2081 diligat
1860 2019 1992 2065 uno
2043 2005 2247 2066 motu.

702 2111 860 2175 Item
895 2109 1102 2174 virtus
1142 2108 1415 2192 simplex
1457 2112 1520 2172 et
1556 2109 1760 2186 finita,
1794 2109 1873 2172 ad
1915 2126 2251 2191 quaecum-

699 2238 826 2303 que
852 2238 919 2284 se
945 2219 1278 2297 convertit,
1312 2217 1584 2281 totaliter
1616 2237 1683 2282 se
1710 2219 2059 2282 convertit²
2089 2237 2107 2281 ε
2141 2219 2251 2282 sed

702 2328 917 2405 homo,
950 2325 1277 2407 diligendo
1319 2324 1600 2389 amicum
1616 2373 1638 2405 ,
1684 2326 1998 2390 convertit
2058 2344 2127 2390 se
2171 2325 2252 2389 ad

701 2434 955 2517 ipsum:
989 2451 1146 2514 ergo
1175 2450 1307 2496 non
1347 2432 1603 2496 videtur
1634 2432 1807 2514 quod
1851 2450 1985 2497 uno
2034 2436 2099 2495 et
2137 2449 2253 2497 eo-

701 2542 845 2605 dem
891 2545 1111 2618 motu,
1163 2539 1358 2604 simul
1397 2542 1459 2603 et
1507 2538 1703 2604 semel
1746 2538 1943 2622 possit
1984 2538 2251 2621 diligere

700 2650 982 2713 amicum
1006 2651 1069 2712 et
1098 2646 1456 2710 inimicum.

783 2755 970 2837 Resp.
1027 2753 1380 2819 Dicendum
1445 2751 1614 2835 quod
1636 2801 1653 2832 ,
1699 2752 1998 2835 quamvis
2048 2751 2206 2816 illud
2227 2800 2248 2831 ,

700 2861 874 2945 quod
901 2861 1052 2925 dicit
1076 2859 1380 2942 Magister
1408 2859 1548 2939 hic,
1596 2877 1723 2924 non
1754 2860 1834 2923 sit
1875 2878 2251 2943 usquequa—

703 2987 830 3052 que
887 2969 1049 3032 hene
1114 2966 1512 3048 intelligibile
1535 3015 1552 3045 ,
1623 2982 1969 3048 possumus
2034 2970 2252 3029 tamen

705 3081 1055 3160 utrumque
1097 3092 1458 3159 exponere,
1492 3077 1557 3138 et
1586 3074 1798 3157 ipsum
1842 3073 2090 3138 salvare
2128 3073 2253 3137 du—

704 3184 968 3268 pliciter.
1001 3183 1218 3248 Primo
1243 3183 1335 3247 sic
1365 3204 1382 3246 t
1416 3181 1725 3247 Convenit
1756 3180 1928 3244 enim
1956 3198 2119 3261 erga
2145 3180 2255 3249 ali·

704 3312 897 3376 quem
926 3293 1094 3357 affici
1136 3290 1512 3374 dupliciter:
1547 3288 1650 3353 vel
1691 3286 1967 3370 proprie,
2018 3291 2080 3351 et
2122 3288 2254 3351 dis-

705 3401 920 3479 tincte,
937 3406 1002 3464 et
1018 3419 1134 3465 sua
1149 3398 1409 3481 propria
1432 3397 1711 3475 ratione3
1745 3395 1849 3460 vel
1876 3396 1945 3460 in
1973 3396 2250 3479 quadam

705 3509 1117 3592 generalitate
1135 3524 1283 3570 cum
1299 3504 1472 3569 aliis:
1491 3505 1679 3583 sicut,
1697 3502 1875 3568 verbi
1890 3504 2122 3585 gratia,
2141 3503 2253 3568 du-

706 3617 950 3701 pliciter
966 3619 1166 3699 potest
1186 3615 1332 3696 quis
1352 3613 1519 3678 affici
1547 3614 1610 3676 in
1642 3610 1916 3676 amando
1936 3610 2200 3675 Petrum
2231 3632 2249 3677 t

706 3729 819 3787 aut
846 3724 1000 3804 quia
1015 3721 1367 3805 specialiter
1395 3718 1668 3782 afficitur
1686 3717 1853 3781 circa
1868 3716 2116 3799 ipsum3
2140 3721 2253 3781 aut

707 3831 859 3915 quia
914 3832 995 3914 (α)
1058 3829 1442 3911 generaliter
1500 3826 1738 3909 cogitat
1804 3844 2062 3890 omnem
2127 3827 2252 3890 ho·-

709 3939 950 4002 minem
982 3954 1117 4000 esse
1141 3932 1561 4015 diligendum,
1589 3936 1653 3996 et
1675 3932 2059 4013 generaliter
2087 3933 2253 3996 circa

706 4063 967 4111 omnem
992 4043 1320 4108 hominem
1350 4041 1652 4120 afficitur,
1684 4041 2042 4105 secundum
2078 4042 2252 4124 quod

706 4152 911 4234 exigit
936 4151 1092 4214 ordo
1120 4148 1460 4214 charitatis.
1492 4147 1559 4213 Si
1595 4148 1804 4231 primo
1842 4147 2032 4211 modo
2077 4147 2251 4210 acci-

705 4262 918 4344 piatur
946 4263 1161 4323 motus
1187 4254 1536 4321 dilectionis
1560 4255 1630 4319 in
1657 4255 1965 4335 amicum,
1999 4256 2089 4319 sic
2117 4273 2251 4321 non

703 4373 905 4453 potest
931 4384 1105 4431 unus
1129 4370 1194 4430 et
1230 4363 1402 4429 idem
1433 4368 1676 4439 motus,
1720 4363 1835 4445 qui
1864 4363 2053 4426 estin
2080 4365 2252 4427 ami-

706 4496 880 4555 cum,
913 4494 1049 4541 esse
1076 4475 1144 4539 in
1172 4475 1534 4554 inimicum,
1564 4473 1727 4538 sicut
1755 4473 2000 4536 ratione
2031 4472 2249 4536 induc·

704 4590 789 4650 tae
844 4583 1207 4649 ostendunt.
1257 4580 1325 4646 Si
1366 4599 1524 4648 vero
1565 4579 1844 4645 secundo
1891 4578 2115 4659 modo,
2163 4578 2254 4642 sic

701 4693 910 4776 potest
934 4707 1069 4754 esse
1098 4689 1270 4754 idem
1301 4707 1317 4749 ε
1351 4691 1413 4751 et
1450 4687 1574 4751 hoc
1612 4685 1805 4750 modo
1847 4685 2075 4767 accipit
2112 4684 2251 4749 Ma-

707 4802 926 4883 gister,
955 4815 1107 4863 cum
1131 4796 1284 4861 dicit
1310 4794 1480 4877 quod
1507 4798 1711 4877 potest
1736 4811 1873 4858 esse
1900 4809 2073 4856 unus
2109 4810 2248 4856 res-

703 4911 891 4991 pectu
923 4906 1275 4988 utriusque.
1306 4886 1508 4969 Aliter
1544 4906 1759 4967 autem
1802 4904 2009 4984 potest
2054 4901 2245 4964 susti-

705 5015 846 5078 neri
872 5018 946 5078 ut
972 5013 1448 5093 distinguamus
1467 5060 1483 5089 ,
1515 5010 1686 5093 quod
1720 5008 2056 5092 dupliciter
2090 5026 2252 5072 con-

710 5120 902 5202 tingit
944 5119 1079 5185 vim
1125 5118 1406 5200 aliquam
1455 5114 1703 5182 moveri
1748 5116 1816 5178 in
1859 5115 2185 5198 objectum
2233 5134 2250 5179 t

774 5282 788 5315 ¹
822 5280 993 5341 Arist„
1025 5280 1085 5328 de
1115 5281 1306 5339 Arnim„
1332 5280 1422 5329 lib.
1454 5280 1516 5342 ΙΙ,
1553 5283 1692 5329 cont.
1723 5281 1802 5328 53.
1833 5279 1937 5314 -¹
1969 5279 2168 5340 Averr„
2197 5278 2256 5326 de

711 5349 1004 5401 Substantia
1021 5350 1127 5400 orb.
1135 5388 1151 5413 ,
1174 5365 1222 5401 c.
1249 5362 1392 5401 111.—-
1418 5350 1483 5411 (a)
1517 5350 1655 5402 Edit.
1689 5349 1801 5400 Ven.
1826 5349 1960 5399 deest
1989 5349 2126 5414 quia.

1835 464 2461 534 SENTENTIARUM
2496 468 2645 536 LlB.
2687 472 2796 539 m.

2360 607 2473 668 aut
2500 610 2679 672 motu
2708 608 2978 693 simplici
3005 613 3070 674 et
3093 610 3404 690 absoluto,
3434 617 3548 677 aut
3573 618 3757 678 motu
3786 615 3896 679 col-

2357 710 2575 791 lativo,
2622 718 2687 778 et
2730 716 3008 797 quodam
3053 717 3246 781 modo
3276 719 3651 801 composito.
3700 719 3767 784 Si
3810 720 3896 785 lo-

2358 835 2640 899 quamur
2677 820 2758 887 de
2808 827 2989 887 motu
3030 823 3301 906 simplici
3341 830 3406 889 et
3444 827 3770 906 absoluto,
3816 829 3899 893 sic

2360 943 2493 990 non
2522 930 2725 1010 potest
2753 949 2923 993 unus
2949 935 3014 994 et
3040 931 3211 996 idem
3240 950 3377 997 esse
3413 934 3480 998 in
3526 935 3808 1000 amicum
3845 942 3903 1000 et

2358 1032 2700 1099 inimicum
2734 1058 2749 1101 ε
2780 1037 2915 1100 imo
2944 1038 3176 1102 diversi
3213 1045 3399 1119 sunt,
3431 1059 3713 1124 quorum
3740 1063 3904 1107 unus

2361 1143 2455 1202 est
2482 1141 2788 1206 intensior
2807 1191 2825 1225 ,
2861 1148 2924 1207 et
2948 1144 3108 1209 alter
3134 1147 3477 1212 remissior.
3532 1147 3603 1213 Si
3647 1168 3803 1215 vero
3833 1150 3906 1215 de

2360 1253 2541 1313 motu
2577 1250 2894 1332 collativo,
2924 1272 3056 1336 quo
3092 1254 3238 1336 quis
3270 1256 3551 1319 afficitur
3590 1257 3760 1320 circa
3793 1258 3904 1322 ali·

2359 1376 2491 1440 qua
2518 1357 2671 1440 duo,
2706 1378 2913 1425 unum
2939 1362 3119 1425 alteri
3148 1364 3578 1446 praeponendo
3604 1387 3621 1441 ;
3668 1364 3761 1428 sic
3796 1384 3902 1446 po-

2359 1467 2482 1529 test
2526 1483 2661 1530 esse
2704 1469 2941 1547 motuS,
2973 1468 3330 1532 secundum
3376 1470 3550 1551 quod
3579 1471 3734 1535 dicit
3776 1471 3904 1536 Ma-

2363 1572 2583 1653 gister,
2615 1574 2965 1637 secundum
3007 1574 3246 1658 aliquid
3289 1577 3389 1640 sui
3428 1577 3765 1657 intensior,
3811 1598 3904 1643 se·

2362 1680 2647 1744 cundum
2690 1699 2846 1745 vero
2871 1681 3115 1764 aliquid
3161 1683 3505 1747 remissior.
3541 1681 3907 1750 Secundum

2363 1784 2484 1851 hoc
2509 1791 2680 1869 patet
2704 1790 3035 1872 responsio
3060 1790 3138 1854 ad
3163 1809 3261 1870 ea,
3291 1808 3442 1873 quae
3473 1791 3900 1874 objiciuntur:

2362 1912 2517 1959 nam
2543 1895 2652 1959 illa
2692 1896 2824 1960 duo
2861 1898 3218 1979 procedunt
3243 1898 3323 1962 de
3357 1904 3510 1963 actu
3542 1898 3815 1983 simplici
3848 1905 3908 1965 et

2363 1998 2676 2079 absoluto,
2707 1999 2820 2083 qui
2854 2003 2950 2064 est
2976 2005 3266 2084 respectu
3292 2001 3488 2066 unius
3509 2002 3742 2084 objecti
3768 2007 3907 2069 tan-

2360 2108 2544 2186 tum;
2577 2110 2756 2170 actus
2779 2125 2934 2171 vero
2972 2107 3304 2172 collativus
3342 2112 3548 2192 potest
3593 2127 3731 2173 esse
3772 2128 3908 2172 res-

2364 2218 2554 2296 pectu
2595 2214 2873 2278 duorum
2917 2214 3040 2277 sub
3082 2214 3325 2277 ratione
3364 2213 3582 2280 unius.
3614 2215 3715 2279 Ad
3759 2215 3907 2279 illud

2362 2319 2539 2403 quod
2578 2320 2897 2402 objicitur,
2936 2321 3111 2401 quod
3147 2321 3355 2384 virtus
3390 2321 3743 2386 affectionis
3784 2339 3907 2387 non

2364 2431 2566 2509 potest
2605 2428 2804 2492 simul
2847 2429 3133 2493 converti
3151 2477 3170 2508 ,
3212 2432 3385 2512 patet
3427 2430 3756 2512 responsio
3784 2451 3807 2491 .·
3831 2449 3907 2495 ex

2363 2534 2488 2598 hoc
2525 2534 2701 2598 enim
2733 2551 2865 2600 non
2909 2535 3315 2600 concluditur
3338 2536 3515 2619 quod
3555 2554 3690 2600 non
3724 2537 3908 2621 possit

2364 2660 2499 2706 esse
2537 2660 2711 2706 unus
2747 2645 2960 2706 motus
2994 2642 3350 2722 collativus,
3396 2644 3552 2726 quia
3598 2643 3667 2707 in
3707 2662 3783 2709 eo
3821 2647 3907 2708 est

2362 2748 2639 2831 reperire
2667 2746 2843 2831 prius
2868 2752 2933 2813 et
2962 2749 3297 2831 posterius.

3019 2930 3157 2977 mm.
3203 2931 3268 2976 11.

2394 3052 2577 3102 Procul
2604 3051 2762 3104 dubio
2784 3052 2944 3103 verba
2963 3051 3258 3117 sponsionis
3280 3053 3432 3119 hujus
3460 3054 3759 3122 implentur,
3780 3062 3872 3109 etc.

2443 3178 2675 3246 Contra
2707 3200 2725 3245 ε
2760 3180 2828 3245 Si
2866 3200 2998 3247 non
3029 3182 3294 3246 dimittit
3330 3188 3681 3266 antequam
3724 3205 3900 3268 roge·

2362 3276 2492 3366 tur,
2524 3292 2737 3353 servat
2763 3288 2927 3353 iram
2954 3290 3251 3372 proximo
3275 3295 3375 3353 :et
3399 3291 3451 3353 si
3482 3297 3697 3357 servat
3722 3293 3899 3371 iram,

2362 3395 2737 3460 charitatem
2765 3414 2895 3460 non
2922 3397 3116 3463 habet
3146 3416 3162 3461 ε
3193 3415 3351 3479 ergo
3382 3398 3450 3461 in
3480 3399 3772 3464 oratione
3798 3419 3905 3465 sua

2362 3520 2494 3568 non
2542 3507 2638 3567 est
2692 3502 2930 3585 dignus
2987 3504 3394 3569 exauditione
3417 3553 3436 3585 ,
3492 3524 3615 3570 nec
3659 3508 3902 3573 videtur

2362 3609 2535 3692 quod
2563 3613 2700 3674 oret
2743 3614 2931 3675 recte.
2966 3609 3123 3676 Item
3147 3661 3165 3691 ,
3195 3612 3358 3676 sicut
3391 3613 3461 3676 in
3493 3616 3895 3697 praecedenti-

2364 3718 2485 3781 bus
2508 3718 2848 3801 probatum
2875 3721 2999 3797 est,
3029 3735 3253 3783 omnes
3278 3722 3577 3784 tenentur
3620 3722 3899 3786 inimicos

2363 3841 2516 3889 suos
2551 3824 2850 3906 diligere,
2881 3824 3074 3889 etiam
3101 3824 3465 3892 inimicitias
3490 3833 3851 3892 exercentes
3880 3848 3895 3890 :

2363 3951 2520 4015 ergo
2548 3951 2772 3998 omnes
2798 3936 3099 3997 tenentur
3125 3933 3217 3996 eis
3234 3980 3251 4010 ,
3281 3933 3475 3997 etiam
3514 3951 3649 3997 non
3679 3934 3895 4016 rogati,

2362 4041 2636 4106 offensas
2660 4040 3001 4104 dimittere.

2444 4146 2632 4229 Resp.
2672 4145 3025 4211 Dicendum
3049 4146 3225 4229 quod
3261 4151 3357 4211 est
3398 4148 3719 4213 dimittere
3760 4167 3901 4213 ran-

2364 4271 2599 4334 corem,
2649 4258 2712 4319 et
2750 4255 3065 4321 dimittere
3109 4255 3299 4337 signa
3346 4257 3652 4321 rancoris.
3695 4256 3905 4321 Dimit-

2364 4368 2498 4429 tere
2540 4380 2875 4427 rancorem
2922 4363 3312 4427 necessitatis
3358 4369 3493 4442 est,
3550 4369 3615 4428 et
3660 4364 3744 4429 ad
3791 4364 3907 4428 hoc

2365 4489 2589 4536 omnes
2618 4470 3011 4552 obligantur,
3041 4474 3109 4536 et
3132 4472 3212 4536 ad
3241 4472 3367 4536 hoc
3393 4476 3647 4537 tenetur
3693 4473 3902 4551 homo,

2365 4578 2502 4644 sive
2530 4579 2831 4643 inimicus
2858 4582 3210 4659 repugnet,
3245 4579 3381 4643 sive
3412 4579 3672 4644 veniam
3719 4584 3905 4661 petat.

2366 4685 2693 4751 Dimittere
2722 4688 2939 4750 autem
2968 4703 3101 4752 non
3137 4684 3348 4750 solnm
3392 4703 3764 4763 rancorem,
3805 4684 3908 4749 sed

2364 4798 2429 4860 et
2467 4794 2653 4875 signa
2690 4792 2993 4871 rancoris,
3040 4792 3163 4857 hoc
3199 4792 3597 4875 perfectionis
3632 4795 3751 4870 ost,
3797 4809 3908 4855 nec

2365 4902 2448 4966 ad
2471 4902 2594 4966 hoc
2617 4902 2871 4966 tenetur
2895 4899 3114 4975 homo,
3155 4900 3279 4962 nisi
3304 4899 3376 4964 in
3402 4918 3554 4963 casu
3571 4947 3588 4976 ‚
3620 4899 3913 4966 videlicet

2364 5010 2622 5095 quando
2658 5010 2882 5074 devote
2921 5012 2986 5072 et
3018 5008 3347 5072 humiliter
3384 5009 3576 5072 venia
3620 5009 3908 5091 postula-

2364 5124 2494 5184 tur.
2526 5118 2604 5183 Et
2631 5118 2709 5182 de
2744 5117 2864 5180 hac
2892 5115 3263 5180 dimissione
3287 5114 3574 5197 loquitur
3598 5115 3916 5196 Augusti·

2367 5244 2531 5305 nus;
2573 5224 2958 5307 objectiones
2994 5226 3214 5288 autem
3239 5227 3511 5286 currunt
3537 5222 3619 5288 de
3644 5223 3770 5287 alia
3804 5244 3822 5287 t
3851 5228 3915 5289 et

2371 5351 2483 5418 per
2509 5333 2632 5398 hoc
2658 5335 2873 5416 patent
2898 5335 3032 5395 tam
3056 5329 3286 5410 littera,
3316 5347 3514 5415 quam
3540 5328 3810 5412 objecta.
