4185 6288
733 508 852 571 ΗΘ

732 643 832 707 est
855 632 1030 719 quod
1052 629 1264 710 aliqua
1287 616 1643 689 differentia
1676 612 1933 679 habitus
1973 603 2270 671 introdu-

732 752 912 813 catur
927 744 996 806 in
1013 756 1169 812 esse,
1189 752 1318 817 qua
1345 730 1422 813 (a)
1455 745 1586 792 non
1611 726 1724 789 ssat
1752 718 2024 785 mutatio
2052 715 2122 777 in
2144 711 2264 775 ha-

732 853 896 930 bitu,
925 847 1030 913 vel
1056 842 1353 909 habente.

813 959 996 1037 Resp.
1029 948 1377 1017 Dicendum
1399 940 1571 1025 quod
1599 935 2007 1018 Augustinus
2037 923 2270 992 distin-

733 1066 884 1151 guit
918 1061 1213 1128 habitum
1269 1051 1622 1135 dupliciter.
1662 1044 1804 1109 Uno
1853 1038 2045 1103 'modo
2091 1034 2162 1096 in
2204 1047 2275 1093 se

723 1193 849 1261 per
874 1168 1261 1237 differentias
1285 1158 1597 1246 proprias,
1621 1170 1770 1237 quae
1797 1144 2144 1230 respiciunt
2162 1140 2277 1203 ha-

735 1285 942 1349 bitum
968 1279 1285 1361 quantum
1320 1268 1398 1334 ad
1426 1282 1596 1343 esse3
1642 1265 1707 1325 et
1732 1260 1869 1321 istae
1897 1255 2048 1317 sunt
2072 1254 2202 1312 tres
2252 1265 2271 1307 z

735 1407 928 1457 omne
951 1385 1125 1451 enim
1150 1378 1320 1464 quod
1344 1375 1637 1449 hahetur,
1667 1371 1780 1432 aut
1810 1362 2081 1428 habetur
2109 1356 2276 1420 inte·

737 1498 894 1576 rius,
919 1496 1033 1559 aut
1056 1487 1361 1562 exteriuS,
1391 1484 1504 1546 aut
1528 1475 1760 1561 partim
1785 1469 2076 1542 interim,
2121 1480 2276 1546 par-

737 1607 855 1675 tim
876 1600 1179 1668 exterius.
1207 1595 1276 1660 Si
1300 1589 1563 1657 omnino
1586 1580 1878 1658 interius,
1898 1576 1990 1639 sic
2004 1571 2280 1638 dicimus

738 1713 1032 1778 habitum
1048 1705 1305 1780 animae,
1329 1702 1403 1763 ut
1419 1693 1748 1761 scientiam
1770 1691 1833 1751 et
1850 1680 2273 1762 disciplinam3

739 1823 793 1886 si
839 1818 1104 1886 omnino
1153 1810 1458 1884 exterma,
1514 1802 1608 1867 sic
1659 1798 1931 1865 dicimus
1981 1787 2278 1854 habitum

740 1935 968 1985 eorum
988 1931 1136 1999 quae
1155 1908 1439 1977 exterius
1454 1898 1706 1984 corpori
1724 1888 2281 1971 acommodantur,

740 2030 907 2094 sicut
930 2043 1063 2090 esse
1089 2019 1395 2088 vestitum
1414 2016 1477 2077 et
1505 2008 1875 2077 calceatum.
1908 2000 1976 2067 Si
2000 1996 2281 2080 quodam

742 2245 832 2309 sic
855 2239 1129 2307 dicimus
1153 2234 1355 2297 alium
1388 2228 1512 2303 aljo
1541 2220 1912 2287 validiorem
1953 2218 2017 2278 et
2056 2209 2282 2275 fortio-

743 2363 904 2411 rem.
937 2340 1017 2406 Et
1038 2339 1162 2403 hoc
1187 2332 1370 2417 quasi
1405 2332 1575 2394 tenet
1618 2322 1904 2387 medium
1948 2318 2117 2379 inter
2158 2311 2285 2375 dit—

742 2444 1042 2512 terentias
1072 2441 1232 2505 duas
1258 2435 1438 2518 prius
1477 2428 1734 2512 positas,
1763 2421 1844 2487 Et
1868 2420 1947 2485 ad
1979 2419 2128 2481 istas
2157 2420 2288 2477 tres

745 2550 1132 2625 differentias
1156 2542 1375 2610 reduci
1404 2537 1672 2622 possunt
1698 2532 1941 2612 septem
1981 2525 2074 2588 illi
2114 2519 2286 2587 modi

746 2658 1020 2727 habendi
1042 2705 1061 2735 ,
1135 2670 1298 2735 quos
1370 2644 1656 2726 assignat
1729 2631 2154 2715 Philosophus
2221 2627 2292 2691 in

747 2754 1413 2849 Postproedicamentis
1449 2753 1493 2815 ¹.
1547 2746 1671 2814 Sed
1714 2743 1868 2829 quia
1905 2741 2025 2804 iste
2065 2736 2293 2801 modus

747 2867 1184 2952 distinguendi
1231 2879 1464 2946 parum
1512 2855 1683 2922 valet
1730 2850 1810 2916 ad
1867 2844 2290 2931 propositum,

751 2981 894 3046 ideo
924 2976 1126 3045 sumit
1157 2968 1566 3052 Augustinus
1608 2961 1811 3025 alium
1854 2954 2123 3021 modum
2163 2951 2296 3015 dis-

753 3083 1090 3170 tinguendi
1113 3098 1228 3165 per
1254 3079 1530 3159 quatuor
1558 3067 1872 3140 membra,
1900 3063 2015 3146 qui
2040 3059 2296 3141 respicit

754 3199 968 3279 ipsum
1001 3190 1293 3254 habitum
1337 3183 1654 3265 quantum
1693 3174 1773 3239 ad
1826 3172 1988 3235 fieri.
2031 3168 2112 3234 Et
2159 3169 2299 3231 haec

756 3301 984 3368 divisio
1010 3301 1106 3363 est
1138 3285 1701 3378 quadrimembriS,
1740 3279 2094 3346 secundum
2131 3294 2298 3357 qua-

757 3414 907 3474 tuor
931 3400 1428 3470 combinationes
1453 3391 1838 3458 sufficientes
1864 3389 1928 3450 et
1966 3382 2301 3447 immedia-

759 3523 878 3583 tas.
911 3513 1045 3596 Hoc
1067 3509 1244 3575 enim
1266 3503 1437 3590 quod
1464 3498 1704 3566 accedit
1726 3493 1940 3570 alicui,
1963 3494 2075 3556 aut
2096 3489 2304 3554 mutat

762 3628 1015 3690 tantum
1059 3623 1123 3683 et
1166 3633 1301 3682 non
1352 3612 1662 3685 mutatur,
1731 3603 1894 3666 sicut
1947 3595 2298 3680 sapientia3

759 3738 878 3798 aut
952 3729 1163 3794 mutat
1228 3727 1292 3787 et
1356 3721 1675 3790 mutatur,
1754 3716 1826 3776 ut
1891 3708 2109 3785 cibus;
2193 3707 2307 3767 aut

765 3857 884 3903 nec
921 3838 1130 3900 mutat
1165 3847 1283 3895 nec
1343 3828 1658 3900 mutatur,
1703 3824 1778 3883 ut
1827 3815 2144 3892 annulus3
2194 3815 2308 3874 aut

767 3948 1056 4010 mutatur
1098 3937 1207 4004 sed
1251 3952 1385 3998 non
1426 3933 1667 4005 mutat,
1715 3931 1789 3989 ut
1825 3923 2302 3989 vestimentum.

695 4051 700 4054 ’
767 4051 846 4118 Et
869 4048 1028 4138 illud
1050 4047 1354 4129 quartum
1380 4037 1746 4105 membrum
1773 4032 1942 4100 valet
1969 4029 2049 4094 ad
2074 4043 2307 4111 propo-

769 4158 967 4221 situm
1002 4176 1019 4219 ε
1063 4157 1128 4217 et
1167 4168 1280 4234 per
1314 4150 1448 4220 hoc,
1476 4147 1649 4227 patet
1683 4137 2010 4222 responsio
2052 4134 2133 4199 ad
2170 4132 2308 4216 pri-

771 4283 957 4330 mum
983 4262 1328 4342 obiectum.
1356 4254 1501 4328 lstae
1525 4252 1699 4316 enim
1727 4251 2001 4330 quatuor
2020 4241 2314 4307 differen-

1840 458 2460 537 SENTENTIARUM
2503 454 2649 521 LlB.
2693 451 2801 516 ln.

2372 589 2697 661 concurrit
2735 583 3011 651 charitas
3049 581 3261 644 creata
3302 581 3368 643 et
3405 577 3705 641 increata.
3754 572 3912 639 Cum

2376 704 2595 782 autem
2624 690 3031 773 Augustinus
3062 687 3215 752 dicit
3254 684 3426 768 quod
3450 682 3756 766 sapientia
3786 699 3915 745 non

2388 809 2699 884 mutatur,
2727 818 2859 865 non
2884 795 3190 877 intelligit
3226 794 3304 858 de
3343 791 3653 874 sapientia
3689 792 3913 866 creata,

2377 933 2527 999 quae
2570 915 2665 977 est
2699 907 2989 973 accidens
3031 903 3293 976 animas,
3339 899 3448 964 sed
3497 898 3574 962 de
3620 896 3919 978 sapientia

2380 1024 2686 1087 increata.
2719 1016 2798 1082 Et
2821 1015 2944 1078 hoc
2961 1012 3329 1093 frequenter
3350 1004 3809 1071 advertendum
3830 1006 3922 1066 est

2391 1133 2460 1195 in
2478 1126 2692 1194 verbis
2709 1120 3083 1204 Augustini,
3113 1135 3265 1182 cum
3282 1114 3566 1197 loquitur
3588 1112 3668 1176 de
3686 1112 3921 1194 sapien-

2389 1239 2481 1303 tia
2524 1242 2589 1300 et
2656 1232 2899 1315 gratia,
2952 1227 3108 1310 quia
3154 1222 3344 1287 modo
3389 1221 3677 1302 loquitur
3715 1219 3794 1283 de
3830 1217 3924 1281 in-

2383 1346 2594 1407 creata
2610 1387 2628 1416 ,
2679 1337 2868 1403 modo
2907 1334 2984 1398 de
3029 1335 3259 1395 creata.
3306 1327 3517 1391 Potest
3561 1327 3755 1388 etiam
3805 1324 3923 1388 hoc

2383 1450 2657 1515 verbum
2714 1441 2984 1521 intelligi
3032 1438 3110 1502 de
3165 1434 3478 1517 sapientia
3517 1436 3770 1510 creata3
3817 1429 3921 1495 sed

2386 1562 2540 1625 tunc
2557 1572 2689 1619 non
2703 1550 2988 1633 loquitur
3007 1524 3413 1625 Augustinus
3428 1540 3506 1603 de
3525 1554 3928 1621 quocumque

2387 1681 2623 1747 genere
2664 1654 3068 1730 mutationis,
3124 1650 3234 1713 sed
3269 1649 3347 1712 de
3397 1646 3506 1709 illa
3551 1645 3924 1722 mutatione,

2387 1789 2536 1855 quae
2564 1772 2659 1833 est
2682 1766 2759 1829 de
2783 1780 2917 1827 una
2942 1756 3354 1841 dispositione
3379 1753 3461 1817 ad
3505 1753 3795 1830 alteram,
3827 1757 3930 1815 ut-

2386 1883 2532 1961 pote
2576 1876 2654 1941 de
2700 1868 3053 1936 mutatione
3088 1881 3235 1946 quae
3273 1863 3369 1926 est
3395 1859 3752 1926 secundum
3801 1858 3930 1920 for-

2390 2001 2566 2048 mam
2622 2003 2639 2046 :
2699 1986 2758 2043 et
2814 1980 2969 2039 tunc
3019 1990 3151 2035 non
3205 1969 3396 2034 habet
3451 1966 3821 2031 instantiam
3865 1965 3930 2028 in

2259 2147 2281 2180 ,
2387 2090 2728 2174 sapientia,
2759 2084 2912 2168 quia
2938 2078 3250 2162 sapientia
3279 2075 3568 2141 accidens
3604 2091 3739 2136 non
3779 2072 3930 2136 alte-

2389 2204 2599 2275 ratur,
2665 2189 2960 2276 quamvis
3017 2185 3267 2269 sapiens
3337 2180 3698 2244 secundum
3762 2178 3930 2241 illam

2393 2306 2718 2370 alteretur.
2746 2298 2822 2364 Et
2842 2314 2956 2380 per
2976 2294 3099 2357 hoc
3117 2293 3287 2375 patet
3306 2288 3563 2352 tertium
3582 2287 3927 2368 objectum:

2394 2432 2525 2477 non
2552 2411 2726 2475 enim
2766 2402 3046 2471 excludit
3090 2414 3350 2463 omnem
3389 2399 3646 2459 motum
3678 2393 3930 2473 Augus-

2392 2523 2599 2598 tinus;
2629 2517 2739 2582 sed
2764 2514 2950 2578 illum
2979 2512 3230 2573 motum
3261 2503 3684 2579 alterationis,
3714 2500 3823 2584 qui
3845 2499 3933 2562 est

2393 2624 2748 2693 secundum
2797 2617 3173 2703 qualitatem
3219 2611 3604 2678 absolutam.
3648 2608 3799 2672 Haec
3824 2623 3936 2669 au-

2394 2744 2528 2803 tem
2566 2752 2699 2799 non
2736 2733 2830 2796 est
2863 2728 2934 2791 in
2976 2721 3430 2806 conjunctione
3473 2717 3705 2781 annuli
3741 2713 3821 2778 ad
3844 2711 3939 2775 di-

2399 2846 2634 2927 gitum,
2655 2840 2766 2906 sed
2783 2837 2993 2903 solum
3012 2850 3159 2917 quae
3178 2834 3276 2896 est
3297 2826 3573 2893 mutatio
3602 2821 3942 2890 secundum

2399 2953 2615 3017 locum
2643 2946 2748 3013 vel
2776 2945 2999 3008 situm.

2820 3241 3379 3326 ARTICULUS
3430 3240 3490 3309 Ι.

2492 3495 2588 3562 Ad
2631 3469 3125 3572 intelligentiam
3163 3503 3392 3552 eorum
3433 3496 3588 3564 quae
3618 3478 3785 3543 circa
3808 3490 3947 3558 par·

2410 3608 2541 3668 tem
2591 3600 2779 3664 istam
2836 3594 3138 3660 dicuntur
3160 3638 3178 3669 ,
3248 3585 3472 3651 incidit
3524 3584 3634 3649 hic
3688 3578 3947 3666 quaestio

2413 3705 2841 3792 principaliter
2876 3699 3043 3765 circa
3069 3698 3198 3762 duo
3229 3719 3243 3758 :
3289 3692 3500 3778 primo
3543 3690 3854 3773 quaeritur
3876 3684 3950 3750 de

2412 3817 2718 3881 varietate
2744 3812 2979 3875 harum
2995 3804 3400 3887 opinionum,
3420 3799 3492 3862 in
3517 3816 3651 3881 qua
3673 3793 3951 3861 videlicet

2414 3923 2495 3988 sit
2520 3923 2729 4002 maj0r
2755 3913 3203 4001 probabilitas3
3239 3905 3521 3974 secundo
3556 3905 3638 3970 de
3664 3900 3949 3985 qualitate

2415 4034 2482 4095 et
2505 4027 2829 4094 nobilitate
2852 4022 3027 4088 illius
3049 4015 3331 4095 unionis,
3365 4032 3448 4080 ex
3471 4031 3605 4095 qua
3623 4008 3825 4075 oritur
3846 4004 3950 4068 ha-

2416 4154 2567 4202 rum
2611 4132 2991 4217 opinionum
3035 4124 3388 4193 diversitas.
3447 4120 3630 4186 Circa
3678 4114 3948 4199 primum

2419 4244 2802 4325 quaeruntur
2819 4236 2942 4302 tria
2962 4257 2977 4298 ε
3003 4233 3212 4316 primo
3235 4227 3552 4312 quaeritur
3575 4241 3665 4289 an
3682 4218 3950 4285 christus

777 4805 924 4888 quis
948 4803 1060 4866 flat
1084 4797 1336 4883 sapiens
1352 4843 1371 4873 ,
1416 4786 1735 4864 concurrit
1767 4781 2072 4866 sapientia
2110 4779 2321 4844 creata
2427 4771 2715 4839 cundum
2742 4767 2912 4852 quod
2934 4767 3167 4843 homo,
3213 4763 3295 4830 sit
3340 4760 3556 4841 aliqua
3592 4744 3950 4821 substantia,

777 4916 843 4976 et
880 4911 1180 4984 increata,
1210 4905 1376 4968 sicut
1421 4898 1508 4965 ad
1545 4896 1668 4960 hoc
1708 4890 1880 4976 quod
1915 4889 2028 4952 fiat
2067 4890 2317 4968 gratus,

851 5035 1054 5097 ¹Arist„
1079 5027 1411 5095 Postpmdic„
1436 5040 1482 5078 c.
1508 5033 1551 5071 v.
1577 5051 1634 5059 -—
1653 5019 1724 5081 (a)
1747 5019 1832 5070 Al.
1858 5017 2013 5078 quod.

2428 4899 2516 4944 an
2541 4878 2753 4950 solum
2776 4874 3024 4938 dicatur
3042 4871 3238 4938 homo
3255 4867 3333 4931 de
3351 4863 3601 4930 Christo
3623 4851 3956 4923 secundum

2434 4985 2752 5064 habitum,
2779 4980 2944 5045 sicut
2966 4977 3118 5044 dicit
3143 4973 3327 5044 tertia
3354 4968 3596 5054 opinio.
