4185 6288
594 463 715 527 386

594 592 794 663 Dixit
815 593 1127 660 Dominus
1142 589 1416 655 Domino
1434 600 1607 653 meo:
1628 584 1784 651 Sede
1809 600 1853 649 a
1876 580 2136 649 dextris

593 703 777 769 meis.
807 699 930 765 Sed
955 715 1089 764 non
1131 699 1228 762 est
1261 695 1527 778 aequalis
1566 691 1738 761 Patri
1776 689 2134 756 secundum

592 809 866 873 sormam
890 805 1086 881 servi,
1134 804 1244 868 sed
1267 801 1622 867 secundum
1651 800 1923 863 formam
1964 795 2135 861 divi-

591 914 806 980 nitatis
840 932 858 977 ι
889 930 1048 994 ergo
1076 910 1430 976 secundum
1475 924 1619 973 eam
1646 906 1960 971 exaltatus
1984 903 2127 967 fuit.

592 1020 773 1096 Item,
802 1020 861 1085 ei
881 1018 1180 1100 competit
1206 1015 1530 1094 exaltati0‚
1562 1013 1666 1078 cui
1690 1020 1709 1055 ¹
1741 1027 1920 1078 omne
1963 1024 2134 1093 amu

590 1126 890 1209 flectitur,
920 1127 1279 1204 coelestium,
1313 1124 1738 1199 terrestrium,
1758 1126 1815 1188 et
1845 1122 2134 1200 inferno-

590 1251 773 1302 rum:
806 1235 916 1300 sed
938 1234 1063 1299 hoc
1091 1239 1185 1297 est
1210 1232 1428 1297 divina
1453 1234 1685 1295 natura
1719 1251 1735 1293 ε
1778 1245 1963 1310 ergo,
2010 1231 2131 1291 etc.

592 1342 718 1407 Sed
746 1347 969 1407 contra
1014 1340 1216 1424 :Ejus
1241 1342 1337 1404 est
1360 1337 1649 1416 exaltari,
1679 1338 1866 1418 cnjus
1895 1338 1990 1399 est
2014 1334 2139 1398 hu-

594 1449 829 1513 miliari
856 1470 872 1513 t
903 1448 1012 1512 sed
1034 1447 1252 1513 divina
1277 1451 1510 1512 natura
1537 1463 1669 1510 non
1686 1447 1890 1527 potest
1921 1442 2135 1508 humi-

590 1555 760 1635 liari,
780 1557 946 1620 sicut
960 1554 1110 1620 dicit
1134 1554 1477 1619 Anselmus
1504 1559 1527 1593 ¹
1551 1553 1621 1616 in
1636 1551 1805 1616 libro
1831 1549 2139 1616 delucer-

590 1665 850 1729 nalione
884 1661 1075 1728 Verbi
1103 1680 1127 1725 .·
1155 1679 1313 1742 ergo
1340 1679 1460 1725 nec
1484 1658 1772 1725 exaltari.
1797 1656 2135 1737 Praeterea,

593 1770 767 1852 quod
797 1774 894 1834 est
943 1768 1346 1846 altissimum,
1376 1766 1701 1850 quomodo
1726 1768 1930 1848 potest
1953 1765 2136 1830 exal-

593 1876 756 1941 tarit
786 1874 854 1940 Si
903 1894 1062 1957 ergo
1090 1875 1313 1942 divina
1355 1878 1588 1939 natura
1613 1877 1709 1938 est
1735 1871 2133 1956 huiusmodi,

591 1983 869 2063 videtur,
900 1986 1020 2048 etc.

671 2089 859 2173 Resp.
878 2088 1251 2169 Dicendum,
1277 2088 1451 2171 quod
1467 2088 1633 2153 sicut
1650 2086 2004 2152 nominatio
2024 2086 2139 2151 de·-

590 2197 780 2263 betur
810 2215 1101 2281 personae
1141 2197 1385 2262 ratione
1435 2196 1710 2279 alicujus
1739 2199 2017 2275 naturae,
2048 2195 2140 2260 sic

590 2308 657 2368 et
680 2303 1000 2370 exaltati0.
1033 2303 1156 2368 Sed
1179 2303 1634 2369 attendendum
1662 2307 1759 2368 est
1773 2303 1946 2386 quod
1958 2300 2141 2368 exal-

591 2410 746 2475 tatio
774 2409 1113 2493 dupliciter
1158 2411 1354 2476 habet
1397 2409 1671 2492 intelligi
1713 2410 1882 2476 circa
1924 2409 2139 2476 Chris-

592 2522 733 2582 tum
766 2538 782 2582 :
829 2522 942 2583 aut
992 2518 1349 2584 secundum
1402 2536 1567 2597 rem,
1621 2522 1734 2583 aut
1782 2518 2138 2583 secundum

593 2639 879 2700 nostram
915 2635 1374 2717 cognitionem.
1418 2634 1730 2700 Exaltatio
1779 2634 2009 2700 Christi
2035 2653 2140 2700 se-

592 2741 879 2806 cundum
920 2760 1060 2806 rem
1089 2745 1186 2807 est
1221 2742 1586 2807 sublimatio
1611 2741 1837 2807 Christi
1866 2742 1945 2808 de
1970 2747 2140 2809 statu

592 2849 921 2932 praesentis
947 2848 1100 2914 vitae
1141 2849 1221 2913 ad
1248 2850 1576 2915 dexteram
1607 2848 1814 2913 Petris
1845 2872 1862 2914 ε
1895 2853 1961 2914 et
2015 2849 2140 2915 hoc

593 2957 853 3039 quidem
878 2957 1001 3021 fuit
1027 2957 1097 3020 in
1149 2957 1514 3023 ascensione
1553 2980 1569 3020 :
1618 2961 1683 3022 et
1710 2958 1853 3023 haec
1878 2959 2140 3041 quidem

593 3064 892 3129 exaltatio
944 3064 1243 3129 convenit
1290 3064 1350 3132 ei
1398 3062 1752 3130 secundum
1778 3065 2140 3130 humanam

593 3178 915 3254 naturam,
946 3191 1096 3257 quae
1121 3173 1244 3238 fuit
1270 3173 1516 3238 elevata
1551 3174 1621 3237 in
1647 3174 1885 3241 eoelum
1915 3193 1933 3252 3
1959 3178 2024 3239 et
2049 3175 2141 3239 sic

594 3281 861 3346 exaltari
886 3282 967 3346 ad
991 3281 1318 3346 dexteram
1337 3280 1563 3360 Patris,
1585 3284 1680 3346 est
1705 3281 2038 3346 sublimari
2057 3283 2140 3347 ad

596 3389 840 3472 potiora
867 3389 1038 3453 bona
1065 3387 1291 3456 Patris.
1320 3389 1462 3453 Alio
1489 3389 1681 3455 modo
1715 3393 1810 3453 est
1840 3390 2140 3455 exaltatio

596 3495 950 3561 secundum
977 3500 1259 3561 nostram
1274 3496 1707 3577 cognitionem
1730 3517 1746 3558 ε
1785 3500 1850 3561 et
1873 3497 1961 3562 sic
1981 3497 2137 3561 dici-

593 3614 704 3667 tur
759 3603 1043 3668 Christus
1093 3602 1359 3667 exaltari
1402 3603 1472 3667 in
1524 3604 1822 3669 cordibus
1882 3604 2137 3684 nostris,

593 3710 850 3792 quando
878 3711 1199 3775 credimus
1244 3727 1397 3774 eum
1450 3710 1767 3793 aequalem
1795 3709 1969 3775 Patri
2024 3727 2042 3774 ε
2076 3715 2144 3776 et

591 3819 687 3881 sic
705 3817 971 3882 exaltari
1018 3819 1100 3883 ad
1136 3819 1465 3883 dexteram
1495 3817 1719 3898 Patris,
1751 3823 1846 3883 est
1870 3818 2139 3884 exaltari

593 3924 675 3987 ad
700 3925 1134 4008 aequalitatem
1160 3923 1364 3990 Patris
1396 3945 1412 3989 :
1445 3929 1508 3989 et
1531 3926 1657 3990 hoc
1675 3924 1866 3990 modo
1894 3925 2140 3991 exalta·

593 4031 682 4096 tio
734 4033 1033 4097 convenit
1062 4032 1309 4095 Christo
1346 4032 1701 4097 secundum
1754 4051 1899 4099 eam
1944 4036 2141 4097 natu-

591 4155 755 4215 ram,
813 4138 1169 4202 secundum
1223 4155 1423 4220 quam
1478 4139 1671 4203 habet
1719 4140 1967 4222 aequari
2012 4141 2139 4223 ipsi

594 4239 787 4307 Patri.
817 4241 897 4307 Et
920 4244 1276 4308 secundum
1301 4244 1475 4308 hanc
1513 4246 1984 4311 distinctionem
2017 4265 2139 4330 pa-

592 4353 690 4414 tet
712 4350 1159 4416 determinatio
1179 4352 1631 4419 controversias
1657 4354 2019 4436 apparentis
2044 4356 2143 4419 in-

591 4461 690 4522 ter
718 4456 1160 4539 August-inum
1173 4462 1237 4523 et
1262 4458 1677 4525 Ambrosium
1705 4479 1722 4525 ε
1755 4464 1929 4543 patet
1941 4461 2137 4527 etiam

592 4565 921 4648 responsio
968 4565 1049 4629 ad
1089 4567 1355 4649 objecta.
1388 4560 1792 4649 Augustinus
1820 4567 1997 4633 enim
2036 4568 2141 4643 lo,-

592 4670 813 4753 quitur
834 4671 914 4736 de
937 4673 1319 4738 exaltatione
1340 4675 1519 4755 reali,
1537 4679 1602 4739 et
1626 4676 1721 4740 sie
1740 4680 2013 4741 currunt
2031 4695 2140 4742 re-

592 4779 799 4845 tiones
849 4780 931 4844 ad
981 4781 1328 4847 secundam
1384 4786 1675 4877 partem3
1725 4783 2132 4863 Ambrosius,

595 4886 672 4950 de
701 4886 1083 4953 exaltatione
1122 4890 1478 4954 secundum
1527 4893 1959 4974 cognitionem
1994 4910 2141 4958 nos·

593 4996 784 5073 tram,
805 4998 868 5058 et
895 4994 985 5058 sic
1013 5000 1285 5059 currunt
1309 4996 1678 5063 rationesad
1694 5000 1971 5084 primam
1999 5017 2143 5085 par-

594 5098 744 5163 tem.

655 5256 671 5288 ¹
699 5255 910 5321 Philip..
936 5267 997 5323 11,
1027 5263 1101 5310 ιο.
1122 5288 1176 5296 -
1199 5261 1220 5295 ¹
1238 5261 1488 5324 Anselm„
1514 5262 1603 5319 lib.
1633 5263 1671 5328 Ι,
1698 5278 1745 5315 c.
1779 5276 1896 5316 vm.
1919 5266 2020 5307 -·⁸
2046 5267 2140 5333 td„

595 5323 697 5373 Cur
720 5328 849 5378 Deus
874 5327 1045 5391 homo,
1074 5330 1161 5382 lib.
1189 5332 1256 5395 11,
1283 5346 1329 5382 c.
1363 5345 1477 5383 xxl.

1712 441 2337 514 SENTENTIARUM
2377 446 2526 511 Lm.
2572 445 2680 512 111.

2876 659 3015 706 DUB.
3058 660 3149 708 lv.

2273 787 2400 836 Nam
2428 784 2512 836 alii
2538 784 2774 837 homines
2801 784 3058 838 debitores
3086 789 3263 851 erant,
3291 791 3344 839 et
3369 789 3457 840 vix
3481 789 3754 856 unicuique

2702 871 2797 909 sua
2819 858 2982 909 virtus
3011 858 3320 943 sufficiebat.

2319 1017 2628 1101 objicitur
2644 1022 2863 1083 eontra
2877 1019 2999 1083 hoc
3015 1036 3130 1102 per
3152 1019 3276 1084 hoc
3291 1020 3464 1103 quod
3489 1020 3642 1085 dicit
3660 1021 3793 1086 An-

2240 1126 2479 1192 selmus
2501 1126 2568 1189 in
2587 1124 2751 1190 libro
2785 1126 2913 1192 Cur
2937 1125 3109 1192 Deus
3134 1125 3314 1193 homo
3341 1131 3366 1167 ⁸
3393 1145 3418 1192 .·
3441 1149 3472 1189 α
3504 1125 3787 1193 Nullate-

2242 1254 2368 1299 nus
2391 1235 2596 1319 potest
2614 1233 2812 1297 homo
2860 1233 3073 1314 magis
3116 1233 3426 1298 honorem
3455 1235 3608 1300 dare
3631 1234 3781 1317 Dee,

2241 1359 2439 1425 quam
2492 1360 2645 1407 cum
2686 1359 2754 1405 se
2781 1339 2972 1405 tradit
3025 1342 3219 1404 morti
3263 1339 3342 1405 ad
3370 1340 3544 1405 illius
3579 1340 3786 1405 hono-

2242 1465 2404 1513 rem.
2435 1469 2466 1508 »
2503 1446 2571 1513 Si
2596 1464 2754 1529 ergo
2781 1446 3039 1512 servitia
3059 1451 3299 1530 quanto
3312 1447 3528 1530 magis
3553 1447 3789 1527 debita,

2242 1558 2418 1620 tanto
2442 1558 2593 1619 sunt
2618 1555 2835 1619 minus
2860 1557 3069 1636 grata,
3098 1554 3353 1620 videtur
3375 1555 3548 1638 quod
3571 1555 3792 1620 homi-

2242 1679 2357 1727 nes
2379 1679 2512 1727 non
2526 1666 2679 1726 sunt
2703 1661 3020 1726 debitores
3039 1661 3287 1726 mortis.
3320 1660 3503 1739 Item,
3525 1663 3795 1746 quilibet

2242 1772 2338 1832 est
2365 1767 2613 1833 debitor
2640 1768 2850 1832 omnis
2876 1770 3019 1849 ejus
3040 1768 3214 1850 quod
3236 1772 3356 1847 est,
3387 1773 3452 1833 et
3475 1770 3646 1851 quod
3676 1788 3795 1853 po-

2243 1878 2386 1955 test,
2414 1875 2569 1959 quia
2583 1879 2795 1940 totum
2818 1893 2857 1938 a
2889 1874 3016 1938 Deo
3047 1874 3289 1958 accepit
3318 1897 3333 1938 :
3367 1894 3526 1958 ergo
3544 1877 3797 1942 videtur

2244 1982 2418 2065 quod
2468 1981 2691 2047 nullus
2717 1982 2913 2064 possit
2954 1981 3197 2064 aliquid
3229 1982 3401 2064 apud
3427 1983 3630 2049 Deum
3658 2002 3801 2049 me-

2243 2090 2394 2169 reri,
2442 2109 2562 2155 nec
2613 2089 2972 2168 moriendo,
3019 2107 3138 2153 nec
3187 2088 3425 2172 aliquid
3482 2090 3795 2155 faciendo.

2244 2196 2405 2263 Item
2430 2198 2721 2263 Christus
2746 2198 3015 2263 debebat
3039 2197 3299 2262 obedire
3315 2197 3487 2263 Patri
3517 2199 3667 2264 :sed
3683 2197 3800 2264 Pa·

2245 2309 2343 2370 ter
2367 2305 2775 2388 p‘raecipiebat
2800 2304 2974 2387 quod
2993 2304 3262 2370 debebat
3287 2306 3455 2371 mori
3485 2325 3604 2390 pro
3631 2307 3800 2370 salu-

2245 2417 2308 2478 te
2332 2413 2603 2478 humani
2627 2413 2884 2494 generis
2911 2434 2926 2476 ε
2958 2430 3118 2494 ergo
3136 2412 3394 2478 videtur
3418 2414 3593 2498 quod
3615 2413 3800 2479 chri-

2246 2523 2382 2586 stus
2398 2525 2562 2586 esset
2581 2521 2828 2586 debitor
2855 2521 3107 2585 mortis.
3755 2603 3758 2606 η

2326 2628 2512 2712 Resp.
2544 2628 2895 2694 Dicendum
2924 2628 3099 2712 quod
3123 2631 3221 2692 est
3232 2627 3520 2694 debitum
3535 2646 3617 2693 ex
3642 2627 3798 2693 cha·

2246 2736 2451 2816 ritate,
2481 2741 2544 2801 et
2568 2740 2663 2801 est
2705 2735 2991 2801 debitum
3018 2753 3102 2799 ex
3150 2736 3545 2799 necessitate.
3600 2734 3797 2800 Debi-

2245 2849 2387 2910 tum
2441 2862 2524 2909 ex
2577 2843 2883 2909 charitate
2934 2861 3068 2908 non
3118 2843 3284 2908 tollit
3334 2843 3794 2925 perfectionem

2246 2951 2487 3030 meriti3
2514 2951 2803 3017 debitum
2830 2968 2988 3019 vero
3016 2969 3099 3016 ex
3120 2951 3489 3015 necessitate
3513 2952 3795 3034 quodam

2247 3059 2437 3124 modo
2480 3058 2803 3123 diminuit.
2861 3057 3180 3135 Quoniam
3220 3073 3379 3139 ergo
3417 3074 3646 3122 omnes
3684 3057 3797 3122 alii

2246 3168 2562 3234 debitores
2607 3171 2791 3233 erant
2841 3166 3066 3231 mortis
3118 3166 3333 3232 debito
3382 3166 3790 3247 necessitatis,

2246 3293 2394 3358 quae
2421 3274 2685 3358 quidem
2711 3275 3007 3357 provenit
3019 3293 3101 3338 ex
3122 3279 3304 3339 reatu
3320 3277 3387 3338 et
3399 3273 3792 3354 obligatione

2248 3383 2456 3466 culpae
2482 3401 2501 3462 3
2532 3381 2676 3447 ideo
2704 3381 2858 3446 dicit
2882 3379 3213 3464 Magister,
3235 3380 3408 3464 quod
3435 3379 3655 3445 nullus
3675 3397 3793 3464 po-

2246 3493 2410 3555 terat
2478 3489 2681 3554 Deum
2723 3489 2973 3571 placare
3000 3538 3020 3567 ,
3079 3489 3376 3572 quamvis
3429 3488 3793 3555 voluntarie

2247 3595 2622 3679 pertetendo
2640 3599 2913 3660 mortem
2929 3599 3141 3678 posset
3166 3593 3292 3661 Deo
3307 3596 3577 3678 placere.
3608 3592 3795 3660 Chri·

2250 3707 2391 3768 stus
2415 3707 2654 3783 autem,
2685 3702 2839 3786 quia
2884 3701 3022 3769 sine
3051 3702 3264 3770 debito
3289 3704 3513 3769 mortis
3537 3701 3796 3786 pertulit

2249 3812 2548 3888 mortem,
2589 3814 2655 3875 et
2680 3809 2927 3892 placere
2955 3810 3188 3892 potuit,
3221 3813 3287 3876 et
3313 3809 3611 3894 placere:
3654 3809 3797 3894 pla-

2250 3934 2415 3995 cere,
2446 3917 2709 4000 quiaex
2732 3916 2903 3982 bona
2928 3915 3256 3989 voluntate
3279 3938 3298 3992 ς
3327 3916 3578 4000 placare
3617 3934 3795 3998 vero,

2249 4025 2403 4109 quia
2427 4029 2661 4108 praeter
2684 4023 3142 4090 necessitatem.
3159 4023 3258 4089 Ad
3277 4023 3435 4089 illud
3451 4040 3609 4090 vero
3624 4023 3800 4107 quod

2249 4133 2463 4217 primo
2520 4132 2822 4215 objicitur
2885 4130 2969 4196 de
3022 4130 3327 4198 Anselmo
3355 4179 3374 4210 ,
3456 4128 3800 4197 dicendum

2250 4242 2446 4325 quod,
2475 4242 2643 4307 sicut
2678 4242 2851 4324 patet
2893 4256 2978 4303 ex
3022 4239 3162 4321 ipse
3188 4238 3352 4305 serie
3395 4240 3630 4320 textus,
3661 4238 3801 4304 An·

2250 4348 2491 4414 selmus
2537 4348 2825 4431 loquitur
2865 4345 2958 4411 ibi
3007 4344 3110 4412 de'
3143 4344 3388 4412 Christo
3445 4366 3464 4411 t
3522 4347 3806 4413 attamen

2250 4460 2386 4520 esto
2411 4455 2584 4540 quod
2611 4453 2770 4519 illud
2814 4452 2895 4519 de
2919 4452 3064 4518 aliis
3087 4451 3508 4535 intelligatur,
3543 4470 3674 4518 non
3701 4469 3809 4516 se-

2251 4561 2475 4645 quitur
2496 4565 2755 4645 propter
2782 4560 2926 4639 hoc,
2944 4560 3120 4644 quod
3139 4560 3337 4626 homo
3365 4576 3498 4626 non
3522 4559 3605 4624 sit
3628 4556 3805 4625 debi-

2250 4672 2353 4737 tor
2378 4669 2625 4751 mortis,
2657 4669 2809 4752 quia
2834 4672 3040 4752 potest
3084 4668 3283 4734 homo
3303 4669 3514 4733 facere
3540 4686 3658 4750 per
3683 4667 3808 4731 bo-

2251 4794 2407 4841 nam
2465 4776 2861 4842 voluntatem
2907 4776 2990 4842 de
3050 4776 3421 4841 necessitate
3463 4775 3801 4841 virtutem.

2252 4882 2571 4950 Praeterea
2626 4885 2858 4968 aliquis
2910 4888 3009 4949 est
3049 4884 3367 4951 moriendi
3422 4883 3676 4961 modus,
3723 4882 3811 4948 ad

2252 5011 2451 5076 quem
2474 5011 2606 5058 non
2633 5010 2866 5058 sumus
2888 4992 3250 5058 necessario
3277 4990 3566 5073 obligati.
3596 4989 3675 5056 Et
3691 5008 3813 5075 per

2252 5100 2379 5167 hoc
2429 5105 2601 5185 patet
2626 5119 2922 5185 sequens,
2965 5101 3121 5184 quia
3172 5100 3461 5166 debitum
3486 5117 3619 5165 non
3644 5097 3811 5162 tollit

2255 5211 2560 5276 meritum
2582 5211 2974 5294 simpliciter,
3005 5211 3114 5276 sed
3139 5211 3443 5276 meritum
3465 5209 3639 5274 illius
3664 5225 3809 5289 per-

2252 5319 2433 5383 tectae
2458 5318 2852 5402 placationis,
2872 5336 3005 5409 qua
3040 5318 3207 5391 Deus
3234 5316 3675 5391 reconciliatus
3706 5319 3806 5381 est

2255 5426 2368 5488 toti
2390 5425 2680 5489 humano
2709 5425 2957 5506 generi.
2989 5425 3087 5489 Ad
3113 5424 3275 5489 illud
3302 5424 3474 5506 quod
3502 5422 3808 5504 objicitur
