4185 6288
743 473 822 533 48
1866 461 2492 529 SENTENTIARUM
2533 464 2683 530 LlB.
2730 467 2812 531 ΙΙΙ
2824 517 2837 531 .

820 608 881 667 2.
932 602 1093 667 Item
1152 599 1360 681 magis
1415 599 1644 663 unitur
1691 598 1979 663 medium
2024 600 2285 663 cuilibet

737 715 1177 777 extremorum
1198 758 1217 789 ,
1265 725 1461 791 quam
1509 710 1798 772 extrema
1842 706 1923 772 ad
1961 707 2279 771 invicem:

734 836 895 900 ergo
923 818 980 882 si
1008 818 1306 883 divinitas
1331 815 1555 879 unitur
1581 816 1759 879 carni
1790 815 2112 879 mediante
2138 814 2283 877 ani-

734 945 844 991 ma
864 976 881 1006 ,
932 944 1090 1008 ergo
1133 924 1343 1006 magis
1387 923 1611 987 unitur
1657 923 1959 993 divinitas
2002 923 2238 987 animae
2260 971 2281 1002 ,

733 1053 931 1118 quam
972 1033 1184 1108 carni,
1234 1037 1297 1096 et
1332 1049 1478 1095 caro
1507 1033 1719 1113 magis
1754 1032 1977 1096 unitur
2008 1032 2279 1112 animae,

732 1160 929 1224 quam
955 1141 1102 1205 Deo.
1151 1138 1272 1205 Sed
1300 1140 1424 1204 hoc
1451 1143 1547 1204 est
1573 1140 1802 1203 falsum
1823 1189 1841 1219 ,
1885 1140 2040 1223 quia
2066 1141 2282 1205 anima

730 1250 1075 1314 uniebatur
1090 1248 1268 1312 carni
1297 1247 1753 1329 separabiliter,
1785 1248 2084 1312 divinitas
2112 1248 2283 1312 inse-

728 1356 1127 1438 parabiliter;
1191 1360 1254 1418 et
1294 1355 1383 1418 ita
1434 1354 1542 1417 illa
1585 1372 1731 1419 caro
1772 1359 1908 1419 erat
1952 1353 2086 1431 Dei,
2122 1354 2285 1419 sicut

730 1463 945 1527 anima
1013 1462 1121 1526 Dei
1160 1484 1176 1526 z
1233 1479 1392 1543 ergo
1450 1461 1837 1544 relinquitur
1893 1459 2047 1524 illud
2108 1462 2279 1544 quod

730 1570 928 1651 prius,

809 1681 868 1740 3.
898 1676 1077 1754 Item,
1100 1675 1307 1739 soluto
1328 1674 1558 1753 medi0‚
1588 1675 1932 1739 solvuntur
1950 1679 2274 1739 extrema:

726 1801 909 1865 ergO,
938 1784 990 1846 si
1025 1783 1187 1847 Deus
1213 1783 1437 1847 unitur
1464 1782 1639 1846 carni
1672 1782 1990 1846 mediante
2018 1782 2238 1845 anima
2256 1830 2274 1860 ,

726 1892 888 1955 facta
913 1890 1308 1973 separatione
1340 1909 1379 1952 a
1404 1908 1595 1953 carne
1614 1939 1631 1966 ,
1667 1890 1741 1952 fit
1766 1889 2081 1971 separatio
2109 1908 2149 1951 a
2174 1888 2276 1952 di-

724 1997 1014 2063 vinitate.
1050 1996 1172 2060 Sed
1198 1996 1333 2090 ‚hoc
1370 2001 1465 2060 est
1490 1996 1757 2073 salsum,
1789 1996 1943 2078 quia
1974 1997 2043 2059 in
2071 2000 2277 2060 morte

723 2106 941 2170 anima
968 2125 1007 2168 a
1028 2123 1216 2168 carne
1242 2105 1531 2183 recessit;
1562 2104 1728 2168 Deus
1745 2109 1964 2168 autem
1987 2121 2272 2183 carnem,

722 2231 921 2294 quam
966 2212 1349 2294 assumpsit,
1396 2228 1737 2293 nunquam
1784 2210 2062 2275 dimisit:
2115 2228 2275 2290 ergo

720 2320 978 2386 videtur
1013 2319 1187 2403 quod
1225 2319 1539 2383 mediante
1579 2319 1794 2382 anima
1837 2335 2096 2382 carnem
2142 2335 2274 2381 non

720 2428 1159 2511 assumpserit.

800 2542 862 2601 4.
910 2535 1065 2600 Item
1102 2536 1266 2600 Deus
1293 2554 1425 2599 non
1451 2535 1855 2617 organizavit
1884 2552 2003 2599 nec
2026 2536 2272 2599 forma-

720 2644 813 2709 vit
839 2662 1097 2708 carnem
1133 2643 1308 2707 illam
1349 2642 1668 2707 mediante
1695 2643 1955 2706 anima:
1991 2660 2187 2722 ergo,
2217 2643 2271 2705 si

719 2751 940 2815 eadem
966 2752 1200 2816 virtute
1240 2750 1614 2833 assumpsit,
1660 2768 1791 2832 qua
1818 2749 2162 2828 formavit,
2209 2752 2273 2812 et

717 2858 806 2921 ita
849 2858 1215 2921 immediate
1259 2858 1645 2940 assumpsit,
1696 2857 1861 2921 sicut
1903 2856 2270 2920 immediate

716 2965 884 3041 fecit,
914 2983 1043 3028 non
1063 2964 1319 3029 videtur
1346 2965 1517 3048 quod
1545 2965 1959 3048 assumpserit
1983 2963 2270 3028 median·

717 3076 779 3137 te
805 3072 1038 3156 spiritu
1063 3072 1384 3137 rationali.

1270 3316 1723 3384 CONCLUSm.

716 3483 917 3555 Gor-pm
945 3484 1147 3541 Christi
1170 3486 1286 3554 fuit
1323 3485 1541 3540 unitum
1574 3482 1748 3540 Verbo
1764 3522 1781 3549 ‚
1812 3480 2085 3537 mediante
2113 3496 2263 3537 crea-

788 3577 841 3628 to
859 3573 1104 3645 Spiritu,
1134 3589 1243 3629 non
1280 3577 1543 3645 tanquam
1569 3572 1817 3639 vinculo,
1857 3570 1950 3626 sed
1985 3575 2264 3643 tamquam

782 3664 956 3720 medio
984 3667 1365 3735 congruentia

792 3822 979 3906 Resp.
1005 3824 1086 3889 ad
1115 3825 1278 3905 Arg.
1309 3822 1661 3888 Dicendum
1682 3821 1877 3905 quod,
1898 3839 2049 3885 eum
2072 3838 2263 3903 quae-

709 3931 876 3996 ritur
919 3936 1138 3996 utrum
1184 3949 1333 3996 caro
1374 3935 1702 4012 assumpta
1731 3929 1925 3994 fuerit
1974 3947 2012 3994 a
2051 3926 2261 3995 Verbo

710 4039 1028 4104 mediante
1053 4039 1283 4123 spiritu
1303 4039 1615 4117 human0,
1642 4037 1765 4104 hoc
1786 4037 2121 4119 dupliciter
2141 4055 2261 4120 po-

708 4152 828 4212 test
853 4146 1148 4227 intelligi,
1179 4145 1532 4210 secundum
1556 4145 1725 4227 quod
1757 4145 1837 4210 ad
1856 4146 1995 4227 conj
2005 4144 2254 4209 unctio-

704 4273 857 4319 nem
898 4254 1264 4337 aliquorum
1305 4257 1510 4336 potest
1544 4271 1922 4317 concurrere
1966 4252 2256 4317 medium

705 4362 1062 4427 secundum
1084 4361 1401 4445 duplicem
1420 4361 1756 4426 rationem.
1792 4360 1901 4424 Est
1921 4361 2095 4424 enim
2124 4378 2256 4425 me-

705 4470 884 4534 dium
913 4469 1297 4552 colligantiae
1318 4519 1334 4550 ,
1364 4474 1427 4534 et
1449 4473 1543 4533 est
1571 4469 1859 4533 medium
1886 4485 2257 4549 congruen-

703 4575 834 4641 tiae.
866 4575 1146 4641 Medium
1174 4576 1557 4659 colligantiae
1584 4581 1677 4641 est
1702 4596 1817 4660 per
1843 4576 2013 4659 quod
2043 4580 2252 4641 extre-

701 4701 810 4748 ma
847 4685 1136 4765 ligantur
1160 4685 1241 4749 ad
1268 4685 1544 4749 invicem
1564 4731 1581 4761 ,
1629 4683 1798 4746 sicut
1828 4681 1958 4746 duo
1987 4698 2255 4763 corpora

699 4791 780 4855 ad
800 4792 1077 4856 invicem
1095 4794 1469 4873 Junguntur
1491 4788 1950 4854 interveniente
1970 4788 2247 4869 glutino.

699 4896 980 4963 Medium
1006 4899 1445 4980 congruentiae
1475 4897 1735 4973 dicitur,
1780 4895 2026 4960 ratione
2061 4899 2252 4979 cujus

698 5024 1066 5087 congruum
1093 5009 1188 5070 est
1221 5005 1437 5088 aliqua
1477 5004 1607 5068 duo
1652 5008 1941 5067 extrema
1984 5002 2249 5084 perduci

700 5113 779 5178 ad
822 5112 1104 5195 aliquam
1147 5113 1485 5188 unionem,
1504 5112 1669 5174 sicut
1706 5110 1939 5174 mulier
1983 5110 2246 5190 nobilia,

699 5220 1017 5286 mediante
1042 5221 1390 5300 nobilitate,
1430 5217 1913 5300 congruentiam
1958 5218 2151 5284 habet
2174 5224 2251 5284 ut

688 5330 779 5394 sit
802 5348 1035 5414 sponsa
1058 5331 1266 5414 regis;
1296 5346 1445 5393 cum
1467 5330 1686 5391 tamen
1708 5344 1828 5392 rex
1853 5326 1975 5392 sihi
1992 5327 2242 5409 unitur,

763 5449 829 5516 (a)
861 5449 983 5503 cat.
1017 5451 1141 5503 edit.
1170 5451 1277 5517 qui.

2396 601 2606 681 magis
2628 602 2856 667 unitur
2887 603 3052 668 sicut
3072 606 3363 688 conjugi,
3404 624 3605 689 quam
3629 608 3798 674 sicut
3819 627 3935 674 no-

2390 705 2523 768 bili.
2542 704 2611 771 Si
2630 726 2789 790 ergo
2805 709 3187 791 intelligitur
3200 712 3279 776 de
3300 712 3509 777 medio
3529 713 3930 797 colligantiae,

2387 815 2545 877 tunc
2595 816 2908 896 quaeritur
2945 822 3166 883 utrum
3193 816 3477 883 Verbum
3505 820 3729 885 unitur
3753 825 3931 887 carni

2393 920 2713 986 mediante
2737 923 2965 1006 spiritu
2991 932 3221 990 creato,
3260 926 3791 1010 Respondendum
3818 935 3930 1008 est,

2389 1027 2563 1109 quod
2599 1047 2713 1110 pro
2743 1049 2821 1095 eo
2854 1032 3026 1114 quod
3053 1034 3419 1099 immediate
3448 1039 3512 1098 et
3551 1036 3931 1120 inseparabi-

2388 1132 2535 1197 liter
2555 1132 2839 1201 Verbum
2854 1139 3079 1205 unitur
3093 1145 3226 1204 tam
3244 1141 3443 1220 carni,
3460 1161 3656 1224 quam
3679 1144 3929 1223 animae,

2389 1239 2533 1305 ideo
2561 1260 2693 1306 non
2711 1244 2877 1308 cadit
2892 1246 2980 1309 ibi
3001 1247 3218 1311 anima
3235 1248 3521 1313 medium
3540 1251 3724 1332 quasi
3740 1250 3932 1331 gluti-

2387 1366 2583 1428 num,
2614 1352 2717 1414 vel
2753 1353 3123 1431 vinculum,
3165 1354 3333 1419 inter
3369 1374 3600 1439 corpus
3621 1362 3684 1423 et
3711 1357 3926 1421 Deum.

2388 1453 2455 1518 Si
2479 1461 2696 1520 autem
2722 1457 3099 1541 intelligitur
3128 1461 3207 1526 de
3243 1462 3454 1527 medio
3473 1464 3930 1545 congruentiae,

2389 1561 2480 1626 sic
2505 1563 2749 1647 absque
2775 1565 2972 1631 dubio
2999 1569 3476 1634 concedendum
3493 1576 3588 1634 est
3603 1572 3778 1653 quod
3794 1589 3934 1636 caro

2385 1669 2611 1734 unitur
2692 1670 2926 1736 Christi
3012 1673 3219 1739 Verbo
3305 1676 3624 1742 mediante
3713 1679 3934 1761 spiritu

2385 1784 2618 1841 creato.
2668 1778 2812 1844 Non
2868 1780 3043 1844 enim
3104 1786 3241 1846 erat
3300 1801 3671 1865 congruum
3693 1833 3712 1864 ,
3766 1785 3930 1868 quod

2385 1884 2492 1949 Dei
2558 1885 2841 1952 Verbum
2863 1937 2881 1968 ,
2965 1890 3131 1971 quod
3203 1896 3301 1954 est
3372 1891 3507 1956 vita
3525 1940 3545 1972 ‚
3628 1893 3934 1975 acciperet

2384 2010 2637 2075 corpus,
2682 1996 2806 2058 nisi
2874 1995 3272 2061 vivificatum
3310 2020 3327 2062 ε
3377 2017 3495 2063 nec
3542 2001 3934 2081 congruebat

2382 2116 2537 2163 eum
2554 2149 2571 2179 ,
2603 2102 2718 2183 qui
2743 2106 2837 2165 est
2863 2103 3126 2185 spiritus
3155 2104 3564 2182 immortaliS,
3593 2106 3772 2170 uniri
3798 2125 3930 2170 eor·-

2382 2206 2520 2287 pori
2540 2255 2558 2286 ,
2590 2207 2712 2270 nisi
2738 2208 3062 2274 vivificato
3089 2211 3321 2293 spiritu
3347 2212 3695 2277 immortali
3715 2261 3734 2292 ,
3767 2212 3930 2277 unde

2382 2315 2538 2381 illud
2579 2336 2811 2401 corpus
2853 2325 3015 2385 esset
3044 2321 3349 2385 idoneum
3393 2321 3474 2385 ad
3506 2322 3928 2405 incorruptio·

2380 2436 2557 2484 nem.
2590 2418 2670 2484 Et
2697 2422 2818 2486 hoc
2847 2423 3138 2505 estquod
3159 2424 3391 2488 dicitur
3418 2425 3486 2486 in
3506 2424 3738 2503 littera,
3764 2424 3929 2507 quod

2380 2526 2930 2593 incommutabilis
2958 2534 3022 2594 et
3041 2531 3383 2595 invisibilis
3404 2531 3644 2596 veritas
3673 2549 3787 2614 per
3805 2532 3928 2614 spi-

2380 2635 2577 2698 ritum
2597 2637 2906 2718 animam,
2930 2643 2994 2702 et
3015 2658 3128 2721 per
3144 2640 3428 2706 animam
3448 2658 3705 2723 corpus,
3725 2645 3926 2705 totum

2379 2735 2712 2803 hominem
2740 2740 2877 2805 sine
2900 2742 3001 2805 sui
3025 2743 3409 2823 contagione
3434 2748 3819 2825 susceperat.
3848 2741 3924 2808 Et

2377 2845 2688 2928 accipitur
2748 2850 3025 2929 spiritus
3079 2868 3195 2933 pro
3256 2851 3576 2933 superiori
3637 2851 3923 2935 portione

2377 2954 2635 3032 animae,
2653 2955 2820 3019 sicut
2832 2956 2983 3021 dicit
3000 2956 3322 3040 Magister,
3341 2976 3488 3041 quae
3510 2958 3592 3042 (a)
3616 2961 3924 3042 majorem

2377 3063 2889 3128 convenientiam
2914 3063 3106 3130 habet
3131 3084 3280 3130 cum
3315 3066 3441 3131 Deo
3470 3085 3489 3147 ;
3520 3068 3751 3133 anima
3776 3082 3923 3132 vero

2375 3188 2493 3254 pro
2520 3171 2805 3238 interiori
2827 3179 3005 3256 parte
3032 3174 3269 3239 animae
3293 3221 3311 3250 ,
3341 3176 3702 3240 secundum
3725 3191 3919 3258 quam

2374 3280 2658 3346 vivificat
2685 3299 2938 3365 corpuS.
2986 3281 3065 3346 Et
3091 3301 3204 3364 per
3228 3283 3371 3346 haec
3397 3282 3527 3347 duo
3556 3283 3725 3347 nihil
3752 3280 3922 3347 aliud

2372 3385 2562 3452 datur
2582 3386 2880 3470 intelligi,
2900 3407 3099 3472 quam
3128 3389 3284 3455 illud
3302 3407 3534 3473 corpus
3555 3405 3919 3473 congruum

2374 3511 2510 3558 esse
2555 3493 2638 3558 ad
2673 3495 2983 3560 unionem
3008 3545 3026 3576 ,
3077 3496 3247 3580 quod
3279 3497 3539 3580 quidem
3578 3497 3774 3563 habet
3812 3513 3922 3580 per

2372 3600 2659 3666 animam
2685 3603 3023 3680 vivificari,
3050 3608 3113 3668 et
3137 3622 3253 3686 per
3270 3604 3572 3686 spiritum
3592 3603 3678 3669 ad
3706 3621 3919 3687 perpe-

2370 3707 2664 3773 tuitatem
2685 3713 2747 3773 et
2769 3708 3319 3792 incorruptionem
3338 3709 3647 3775 ordinari.
3677 3709 3755 3775 Et
3770 3708 3920 3793 quia

2369 3815 2648 3881 rationes
2662 3865 2681 3896 ‚
2711 3834 2860 3899 quae
2892 3818 2970 3882 ad
3002 3817 3275 3899 primam
3307 3823 3555 3902 partem
3600 3817 3921 3884 inducun-

2369 3925 2499 4000 tur,
2515 3924 2868 4007 procedunt
2883 3926 3243 3991 secundum
3258 3926 3550 3991 medium
3562 3942 3914 4010 oongruen·

2368 4030 2501 4111 tiae,
2531 4030 2673 4096 ideo
2700 4037 2854 4097 sunt
2876 4033 3322 4100 concedendae.

2449 4144 2510 4204 1.
2557 4139 2655 4203 Ad
2689 4140 2847 4204 illud
2874 4159 3032 4223 ergo
3063 4141 3236 4224 quod
3265 4140 3476 4225 primo
3521 4139 3824 4226 objicitur
3848 4139 3915 4204 in

2367 4249 2783 4328 contrarium,
2799 4251 2983 4333 quod
3009 4249 3175 4315 Deus
3198 4255 3293 4315 est
3319 4250 3590 4315 intimus
3607 4252 3912 4315 creaturae

2366 4358 2700 4439 corporali,
2725 4376 2884 4441 ergo
2910 4377 3042 4423 non
3061 4360 3286 4425 unitur
3313 4360 3545 4444 spiritu
3567 4358 3905 4436 mediante;

2365 4465 2696 4531 dicendum
2727 4469 2900 4551 quod
2929 4470 3090 4533 ratio
3117 4470 3226 4534 illa
3272 4469 3555 4552 procedit
3599 4469 3679 4534 de
3707 4466 3911 4532 medio

2362 4575 2702 4654 distantiae,
2727 4578 2830 4642 vel
2857 4577 3269 4660 colligandae,
3298 4576 3470 4657 quod
3491 4575 3758 4658 quidem
3782 4590 3911 4638 non

2362 4685 2563 4748 estibi
2587 4685 2852 4767 reperiri
2891 4708 2906 4749 ε
2935 4704 3068 4749 non
3097 4689 3316 4750 autem
3347 4684 3570 4748 obviat
3594 4684 3672 4749 de
3703 4680 3908 4747 medio

2363 4792 2828 4873 congruentiae.
2859 4791 3167 4870 Quamvis
3191 4793 3366 4857 enim
3392 4792 3475 4855 sit
3506 4791 3772 4855 intimus
3797 4807 3908 4872 per

2362 4898 2628 4963 modum
2661 4900 2912 4964 essendi
2955 4900 3413 4984 potentialiter,
3459 4897 3902 4975 essentialiter,

2361 5005 2844 5086 praesentialiter
2869 5007 2938 5070 in
2965 5007 3142 5071 omni
3165 5013 3490 5085 creatura;
3533 5021 3669 5068 non
3693 5007 3903 5067 tamen

2359 5127 2725 5192 congruum
2752 5117 2846 5177 est
2873 5118 2948 5179 ut
2976 5117 3259 5178 assumat
3284 5112 3637 5196 quamlibet
3673 5110 3744 5174 in
3770 5106 3906 5173 uni·

2356 5216 2554 5282 tatem
2576 5236 2868 5301 personae
2883 5270 2900 5301 ,
2928 5221 3096 5286 sicut
3129 5239 3326 5304 supra
3345 5230 3365 5263 ¹
3389 5220 3606 5288 visum
3633 5222 3770 5296 est3
3799 5212 3906 5278 aed

2356 5340 2499 5389 eam
2527 5325 2761 5409 solam,
2793 5346 2942 5412 quae
2967 5332 3063 5393 est
3085 5326 3167 5394 ad
3187 5328 3331 5410 ejus
3354 5326 3764 5411 imaginem,
3803 5319 3905 5387 vel

2421 5452 2440 5487 ¹
2460 5451 2588 5506 Diat-
2615 5465 2680 5517 u,
2699 5458 2796 5508 art.
2827 5467 2893 5519 11,
2919 5468 2973 5521 q.
3002 5466 3040 5507 1.
