4185 6288
661 489 782 557 20¹3
1781 481 2411 559 SENTENTIARUM
2450 483 2602 558 Lm.
2643 485 2754 557 111.

658 628 1015 694 oraticnem
1049 628 1417 711 negativam
1439 676 1458 708 ,
1507 632 1571 693 et
1613 639 1834 694 veram
1884 645 1898 691 t
1948 625 2059 692 sed
2085 627 2201 710 qui

659 739 864 817 potest
902 737 1109 801 dicere
1137 735 1528 800 locutionem
1572 736 1964 817 negativam,
1996 737 2202 818 potest

659 842 867 908 dicere
887 843 1338 908 affirmativam
1367 844 1488 907 sibi
1516 844 1872 926 oppositam
1905 865 1920 906 ι
1951 842 2059 906 sed
2095 841 2204 905 illa

660 954 755 1014 est
783 951 939 1015 falsa
971 975 985 1016 ε
1019 970 1177 1033 ergo
1203 951 1488 1016 Christus
1516 951 1755 1034 portuit
1783 951 1990 1015 dicere
2022 950 2204 1014 locu-

662 1057 901 1121 tionem
944 1059 1161 1123 falsam
1197 1078 1213 1122 ε
1246 1059 1354 1123 sed
1393 1059 1515 1123 hoc
1555 1061 1650 1123 est
1695 1058 1949 1123 mentiri
1991 1057 2057 1120 in
2100 1076 2199 1135 eo,

662 1165 773 1247 qui
806 1166 989 1230 novit
1017 1166 1409 1231 locutionem
1437 1183 1572 1229 esse
1598 1165 1823 1229 falsam
1858 1187 1873 1230 :
1904 1181 2062 1245 ergo
2099 1165 2204 1227 vi-

658 1270 846 1335 detur
871 1272 1046 1354 quod
1086 1273 1372 1336 Christus
1400 1272 1679 1353 potuerit
1706 1271 1965 1335 mentiri
1997 1292 2012 1335 τ
2043 1289 2203 1352 ergo

659 1378 864 1460 potuit
918 1397 1199 1461 peccare,
1265 1397 1417 1443 cum
1465 1377 1722 1442 mentiri
1779 1377 1960 1442 nullo
2010 1376 2201 1442 modo

660 1485 859 1567 possit
884 1484 1044 1549 bene
1072 1487 1231 1550 fieri.

419 1610 635 1661 rand-n.
738 1591 970 1655 Contra
990 1593 1008 1628 ²
1048 1612 1065 1656 ε
1097 1593 1262 1658 Eum
1296 1594 1415 1675 qui
1452 1594 1651 1675 paulo
1688 1592 2048 1659 minoratus
2074 1595 2219 1671 est,·

659 1701 804 1776 etc.;
828 1699 1077 1764 Glossa:
1100 1724 1132 1762 α
1149 1699 1389 1765 Natura
1410 1699 1716 1764 humanae
1736 1701 1988 1780 mentis,
2007 1718 2204 1783 quam

663 1806 826 1870 Deus
857 1807 1218 1889 assumpsit,
1269 1810 1333 1871 et
1371 1823 1520 1888 quae
1564 1806 1742 1870 nullo
1784 1811 2040 1888 peccato
2087 1807 2203 1871 de-

661 1913 913 1996 pravari
941 1915 1167 1997 potuit,
1201 1915 1372 1979 solus
1399 1913 1563 1978 Deus
1590 1916 1797 1996 major
1823 1919 1938 1978 est.
1970 1937 2000 1973 n
2028 1913 2204 1995 Ergo

658 2020 836 2084 nullo
893 2021 1082 2085 modo
1138 2022 1354 2085 anima
1388 2020 1616 2084 Christi
1645 2019 1856 2102 potuit
1880 2020 2054 2084 infici
2081 2021 2199 2085 ali—
2256 2023 2261 2027 ’

659 2146 791 2211 qua
819 2128 1073 2192 macula
1102 2126 1363 2211 peccati.

738 2235 898 2298 Item
925 2234 1211 2299 Christus
1236 2235 1318 2298 ab
1345 2233 1607 2298 instanti
1634 2233 2062 2316 conceptionis
2085 2233 2207 2298 fuit

657 2341 1152 2425 comprehensor
1203 2347 1267 2406 et
1317 2341 1589 2404 beatus:
1634 2340 1745 2405 sed
1798 2341 1877 2405 de
1933 2341 2204 2404 essentia

655 2447 1065 2513 beatitudinis
1102 2451 1231 2526 est,
1268 2448 1441 2530 quod
1476 2449 1557 2511 sit
1599 2448 1846 2511 bonum
1884 2448 2204 2511 inamissi-

652 2554 781 2618 bile
813 2576 828 2618 :
860 2571 1018 2635 ergo
1045 2553 1328 2619 Christus
1354 2571 1695 2635 nunquam
1723 2552 1898 2619 illam
1929 2554 2204 2618 beatitu-

653 2662 869 2726 dinem
948 2661 1154 2743 potuit
1214 2661 1479 2743 perdere
1528 2682 1544 2725 :
1601 2678 1761 2742 ergo
1815 2678 1935 2724 nec
1986 2661 2204 2724 anima

653 2768 856 2851 ipsius
878 2785 1159 2851 peccare.

735 2876 896 2941 Item
923 2876 1207 2941 Christus
1227 2875 1308 2939 ab
1322 2875 1584 2938 instanti
1611 2875 2041 2958 conceptionis
2055 2877 2200 2939 tan-

653 2989 787 3048 tam
840 2983 1117 3064 gratiam
1167 2982 1467 3065 suscepit,
1523 2981 1696 3063 quod
1744 2983 2055 3063 majorem
2096 2982 2203 3046 illa

653 3091 891 3156 habere
935 3108 1068 3155 non
1113 3089 1320 3173 potuit
1349 3108 1366 3153 ε
1398 3107 1555 3171 ergo
1601 3089 1682 3154 ab
1734 3088 1995 3153 instanti
2049 3106 2205 3153 con-

654 3199 961 3282 ceptionis
1023 3199 1251 3263 habuit
1302 3200 1581 3280 gratiam
1634 3199 2134 3263 confirmationis
2183 3221 2199 3264 ε

656 3307 765 3372 sed
791 3306 1011 3371 nullus
1043 3309 1246 3388 potest
1267 3323 1548 3388 peccare,
1580 3306 1690 3388 qui
1719 3306 1894 3370 illam
1926 3306 2203 3385 gratiam

651 3413 847 3479 habet
878 3434 894 3477 z
917 3430 1097 3495 ergo,
1122 3416 1240 3477 etc.

734 3522 893 3586 Item
934 3521 988 3584 si
1026 3519 1311 3586 Christus
1350 3520 1559 3603 potuit
1604 3538 1861 3603 peccare
1878 3569 1897 3600 ‚
1927 3528 2206 3604 ponatur

654 3632 724 3693 in
750 3644 908 3705 esse,
939 3628 1113 3711 quia,
1140 3628 1419 3712 possibili
1446 3628 1674 3711 posit0,
1701 3628 1958 3693 nullum
1976 3630 2206 3693 accidit

653 3736 1039 3819 impossibile
1071 3754 1088 3799 ε
1119 3737 1230 3801 sed
1272 3736 1476 3819 posito
1521 3736 1692 3818 quod
1734 3735 2042 3812 ChristuS‚
2068 3736 2205 3800 sive

541 3906 547 3911 .
657 3844 852 3908 homo
878 3844 1005 3920 ille,
1040 3843 1431 3927 peccaverit,
1478 3844 1740 3926 ponitur
1766 3861 1848 3906 ex
1883 3843 2006 3907 hoc
2029 3843 2201 3925 quod

654 3949 892 4031 dignus
926 3950 1045 4014 fuit
1089 3955 1329 4014 aeterna
1378 3936 1786 4024 damnatione
1836 3968 1854 4012 ε
1900 3966 2060 4029 ergo
2102 3948 2204 4012 vel

655 4056 821 4121 Dens
860 4057 1273 4121 damnaretur
1300 4106 1317 4137 ,
1354 4057 1457 4121 vel
1493 4057 1689 4120 homo
1717 4074 1756 4121 a
1781 4054 1990 4121 Verbo
2017 4074 2202 4137 sepa-

655 4167 907 4228 raretur
934 4167 1080 4228 :sed
1097 4167 1446 4247 utrumque
1473 4163 1739 4227 omnino
1767 4161 2199 4244 impossibile:

654 4289 812 4353 ergo
849 4271 1238 4354 impossibile
1274 4271 1397 4336 fuit
1438 4270 1624 4335 illum
1677 4270 2010 4335 hominem
2065 4288 2208 4353 pec-

655 4397 822 4443 care.

1205 4536 1657 4605 coNCLUSm.
1739 4514 1745 4519 ’

655 4688 941 4748 Plenitudo
956 4693 1154 4763 qratioe
1167 4731 1187 4761 ,
1211 4692 1597 4746 consummatio
1620 4691 1812 4760 alorioe
1828 4731 1844 4758 ,
1878 4696 1931 4747 ct
1954 4695 2084 4749 unio
2103 4708 2207 4750 na-

729 4785 864 4837 turoe
901 4780 1103 4836 divinoe
1138 4784 1190 4836 et
1232 4780 1479 4836 humano
1515 4781 1670 4848 facta
1712 4781 1775 4835 in
1824 4782 2207 4840 incarnatione

727 4884 836 4924 non
855 4868 1213 4940 permittebat
1237 4868 1505 4925 Christum
1525 4883 1680 4941 posse
1700 4885 1942 4941 peccare.

723 5029 909 5113 Resp.
928 5032 1005 5095 ad
1022 5048 1168 5111 arg.
1188 5029 1539 5094 Dicendum
1551 5033 1720 5113 quod
1740 5034 1981 5116 absque
2004 5036 2204 5101 dubio

659 5135 876 5199 anima
917 5136 1151 5202 Christi
1189 5155 1322 5201 non
1367 5138 1574 5218 potuit
1618 5139 1953 5221 depravari
1988 5143 2205 5226 aliqua

660 5242 868 5324 culpa.
899 5243 977 5308 Et
1001 5244 1163 5308 ratio
1182 5244 1380 5325 hujus
1407 5250 1502 5309 est
1528 5246 1782 5328 triplex,
1813 5248 2047 5314 scilicet
2072 5250 2202 5333 ple-

661 5350 885 5414 nitudo
952 5351 1180 5433 gratiae
1210 5400 1228 5430 ,
1284 5354 1749 5418 consummatio
1818 5355 2041 5437 gloriae
2064 5405 2081 5436 ,
2142 5363 2206 5423 et

726 5471 742 5509 ¹
768 5472 1018 5539 Hebr.,11,
1048 5476 1094 5524 9.

2312 627 2468 692 unio
2485 625 2725 692 divinae
2754 629 3005 692 naturae
3046 629 3110 692 et
3146 625 3475 692 humanae.
3524 624 3860 691 Plenitudo

2313 732 2540 815 gratiae
2589 733 2737 799 facit
2785 734 2957 816 quod
2996 733 3132 816 ipse
3170 732 3455 798 Christus
3505 732 3861 798 secundum

2313 841 2668 904 humanam
2711 844 3011 905 naturam
3050 840 3278 905 habuit
3329 841 3604 921 gratiam
3632 840 3864 904 conflr-

2315 947 2654 1011 mationis:
2688 948 2798 1012 sed
2825 948 2938 1013 illa
2965 949 3174 1030 gratia
3196 947 3354 1012 adeo
3397 947 3669 1012 liberum
3695 947 3863 1011 arbi-

2315 1054 2511 1118 trium
2538 1057 2894 1136 confirmat,
2924 1061 2999 1121 ut
3025 1058 3204 1121 nullo
3235 1055 3425 1121 modo
3450 1056 3652 1139 possit
3677 1056 3864 1120 infir-

2315 1160 2482 1224 mari
2525 1179 2637 1244 per
2676 1163 2956 1245 culpam.
2998 1162 3130 1226 Hoc
3156 1164 3370 1245 ipsum
3397 1163 3542 1227 facit
3569 1180 3865 1227 consum-

2316 1268 2511 1333 matio
2538 1268 2761 1350 gloriae
2782 1319 2803 1350 ‚
2834 1288 2982 1352 quae
3011 1270 3271 1351 quidem
3307 1269 3429 1334 fuit
3452 1269 3521 1334 in
3548 1269 3799 1335 Christo
3823 1288 3864 1333 a

2314 1393 2449 1439 suae
2505 1377 2931 1459 conceptionis
2981 1376 3330 1458 primordio
3372 1395 3389 1440 ε
3440 1376 3652 1440 statim
3683 1376 3864 1440 enim

2315 1484 2437 1547 fuit
2463 1484 2708 1562 beatus,
2737 1490 2801 1549 et
2827 1489 3341 1572 comprehensor.
3388 1483 3466 1547 Et
3510 1482 3674 1547 sicut
3709 1484 3863 1548 bea-

2314 1593 2418 1653 tus
2450 1609 2581 1655 non
2618 1596 2820 1675 potest
2863 1594 3189 1671 damnari,
3231 1592 3322 1656 sic
3356 1591 3545 1656 etiam
3573 1609 3705 1655 non
3744 1609 3867 1673 po-

2315 1701 2435 1762 test
2489 1700 2898 1781 praevaricari
2939 1724 2954 1764 :
3006 1721 3080 1765 ac
3141 1719 3256 1784 per
3313 1701 3439 1764 hoc
3484 1699 3555 1763 in
3613 1697 3866 1763 Christo

2314 1805 2493 1870 nulla
2545 1808 2753 1890 potuit
2809 1826 2944 1872 esse
2990 1808 3345 1872 secundum
3384 1806 3672 1870 animam
3719 1824 3868 1870 ma-

2314 1912 2460 1976 cula
2513 1913 2772 1996 peccati.
2838 1914 3164 1979 Postremo
3227 1915 3350 1979 hoc
3401 1912 3868 1978 efficassissime

2311 2019 2464 2083 facit
2490 2019 2645 2084 unio
2667 2020 2905 2085 divinae
2929 2026 3178 2086 naturae
3202 2026 3266 2084 et
3286 2020 3593 2084 humanae
3622 2019 3692 2082 in
3709 2018 3869 2083 uni-

2312 2130 2507 2193 tatem
2539 2147 2866 2211 personae;
2898 2149 3045 2213 quae
3085 2130 3240 2194 unio
3279 2127 3429 2192 facit
3453 2131 3527 2191 ut
3558 2127 3869 2191 idiomata

2313 2235 2907 2315 communicentur3
2950 2240 3014 2300 et
3056 2236 3193 2318 ipsa
3233 2252 3366 2298 non
3391 2237 3598 2316 potest
3620 2234 3865 2315 frangi.

2311 2339 2377 2405 Si
2408 2359 2565 2422 ergo
2585 2340 2750 2405 Deus
2776 2361 2903 2405 non
2923 2345 3127 2425 potest
3150 2358 3286 2404 esse
3304 2342 3617 2423 peccator,
3648 2344 3713 2403 et
3727 2357 3869 2404 non

2312 2452 2519 2532 potest
2542 2467 2674 2513 non
2701 2468 2836 2514 aese
2862 2450 3091 2528 home,
3121 2449 3390 2532 planum
3425 2453 3519 2513 est
3546 2448 3720 2531 quod
3753 2448 3871 2513 illa

2311 2556 2469 2620 unio
2486 2556 2855 2622 nullatenus
2870 2558 3136 2621 sustinet
3158 2555 3481 2621 Christum
3507 2554 3865 2621 secundum

2311 2664 2665 2729 humanam
2712 2670 3009 2730 naturam
3049 2681 3312 2748 peccare
3338 2663 3640 2746 potuisse.
3678 2661 3864 2728 Unde

2310 2771 2589 2835 rationes
2643 2772 2765 2835 hoc
2803 2772 3204 2835 ostendentes
3236 2774 3389 2834 sunt
3411 2770 3857 2835 concedendae.

2392 2881 2452 2941 1.
2501 2877 2598 2941 Ad
2641 2876 2797 2941 illud
2832 2895 2992 2959 ergo
3018 2877 3191 2959 quod
3221 2876 3431 2959 primo
3455 2876 3758 2958 objicitur
3783 2878 3862 2943 de

2310 2983 2499 3047 laude
2547 2982 2671 3047 viri
2709 2983 2901 3064 justi,
2946 2983 3286 3047 dicendum
3333 2984 3507 3065 quod
3557 2983 3701 3047 laus
3755 2984 3868 3050 illa

2315 3091 2510 3156 unius
2548 3091 2748 3175 partis
2782 3091 2934 3155 dicit
2978 3090 3451 3174 perfectionem,
3481 3090 3552 3154 in
3577 3091 3702 3157 hoc
3728 3093 3865 3156 sci-

2310 3199 2488 3279 licet,
2535 3200 2711 3282 quod
2751 3214 2884 3262 non
2931 3206 3029 3263 est
3068 3204 3506 3280 transgressus
3542 3220 3556 3263 :
3600 3217 3686 3263 ex
3735 3200 3868 3264 alia

2312 3311 2490 3389 parte
2518 3306 2860 3389 quamdam
2911 3298 3466 3370 defectibilitatem.
3501 3304 3662 3369 Cum
3698 3324 3865 3388 ergo

2312 3414 2546 3480 dicitur
2606 3412 2777 3497 quod
2850 3413 3062 3476 omnis
3112 3411 3254 3475 lans
3312 3411 3719 3477 attribuenda
3770 3418 3870 3478 est

2314 3521 2558 3586 Christo
2576 3570 2593 3601 ,
2652 3519 2994 3584 dicendum
3048 3518 3222 3601 quod
3262 3517 3374 3581 etsi
3426 3518 3587 3583 illud
3637 3519 3862 3602 aliquo

2311 3630 2503 3695 modo
2539 3628 2771 3692 habeat
2812 3626 3145 3691 veritatem
3191 3624 3271 3689 de
3321 3624 3510 3688 laude
3552 3626 3862 3708 perfecta,

2311 3738 2446 3802 sive
2473 3736 2716 3799 ratione
2757 3737 2899 3816 ejus
2938 3731 3315 3797 conditionis
3345 3779 3363 3809 ,
3404 3748 3599 3813 penes
3654 3750 3861 3814 quam

2313 3844 2659 3908 attenditur
2672 3840 2968 3924 perfectio
2991 3859 3007 3917 ;
3035 3856 3163 3903 non
3178 3842 3397 3901 tamen
3417 3842 3665 3919 oportet
3681 3840 3859 3921 quod

2313 3952 2557 4016 ratione
2584 3952 2726 4031 ejus
2751 3946 3148 4023 conditionis,
3167 3944 3522 4009 secundum
3544 3963 3742 4027 quam
3768 3949 3866 4011 est

2315 4060 2722 4144 imperfectio.
2772 4057 2988 4123 Posset
3033 4057 3227 4121 etiam
3266 4055 3455 4119 aliter
3498 4054 3646 4134 dici,
3677 4056 3857 4137 quia,

2314 4176 2477 4240 sicut
2501 4174 2655 4239 dicit
2683 4171 3018 4253 Magister,
3061 4170 3182 4232 ista
3211 4168 3351 4232 laus
3390 4172 3484 4231 est
3523 4167 3747 4251 capitis
3797 4169 3869 4239 in

2314 4282 2639 4360 membris,
2693 4279 2781 4344 ita
2823 4278 2994 4361 quod
3032 4276 3333 4359 perfectio
3382 4278 3702 4357 competat
3745 4275 3867 4359 ipsi

2313 4389 2505 4472 capiti
2546 4388 2617 4452 in
2658 4404 2764 4466 se3
2807 4385 2917 4449 sed
2952 4384 3129 4466 quod
3167 4387 3264 4447 est
3289 4382 3381 4446 ibi
3405 4381 3864 4460 defectibilitas,

2314 4496 2618 4580 competit
2639 4493 2887 4558 ratione
2908 4492 3378 4555 membrorum.

2392 4606 2453 4669 2.
2486 4603 2583 4668 Ad
2620 4600 2778 4667 illud
2802 4599 2975 4682 quod
3001 4597 3303 4680 objicitur
3317 4645 3334 4673 ‚
3364 4595 3533 4678 quod
3564 4595 3863 4660 meliores

2304 4709 2623 4796 judicavit
2648 4706 2815 4772 Deus
2834 4704 3147 4778 homineS,
3168 4707 3314 4782 etc„
3334 4701 3671 4766 dicendum
3690 4702 3868 4783 quod

2312 4821 2435 4884 hoc
2468 4833 2699 4883 verum
2744 4816 2838 4878 est
2879 4812 2957 4875 de
2996 4815 3130 4875 toto
3169 4824 3404 4891 genere
3439 4808 3727 4871 humano
3765 4825 3864 4873 se-

2313 4927 2596 4992 cundum
2635 4923 2918 5010 aliquam
2945 4917 3450 4983 meliorationem
3475 4930 3624 4996 quae
3652 4918 3864 4979 atten-

2312 5036 2484 5099 ditur
2511 5032 2581 5094 in
2606 5029 2826 5093 ordine
2853 5023 3309 5090 universitatis.
3345 5019 3449 5086 Sic
3473 5020 3648 5084 enim
3678 5021 3862 5086 dece-

2312 5144 2420 5208 bat
2451 5139 2782 5204 bominem
2809 5136 2878 5198 in
2902 5132 3318 5197 universitate
3345 5130 3667 5210 constitui,
3702 5131 3861 5195 utin

2312 5250 2521 5332 prima
2548 5245 2649 5309 sui
2687 5242 3135 5308 constitutione
3174 5239 3434 5301 haberet
3475 5237 3859 5301 vertibilita-

2310 5362 2443 5421 tem
2482 5349 2728 5418 arbitrii
2773 5346 3124 5413 secundum
3164 5345 3376 5425 legem
3418 5359 3850 5407 communem.

2314 5461 2439 5529 Sed
2493 5459 2777 5527 Christus
2826 5454 3053 5521 habuit
3103 5450 3343 5536 aliquid
3395 5467 3598 5532 supra
3638 5448 3855 5515 homi-
