4185 6288
1314 544 1508 611 ms‘r.
1560 545 1608 609 1.
1654 544 1836 612 ΛΒΤ.
1881 545 1931 611 1.
1977 543 2276 623 QUAEST.
2323 545 2366 610 1.
3423 554 3463 615 9

281 699 690 767 compersona
715 680 867 745 Filii
893 681 1009 747 Dei
1034 681 1118 746 sit
1144 681 1499 765 hypostasis
1523 680 1806 747 intellec-

284 791 469 870 tualiS‚
491 794 558 856 et
581 789 940 873 spiritualis
958 839 978 869 ,
1018 792 1081 854 et
1121 789 1399 854 increata
1424 789 1506 853 ab
1532 793 1773 854 aeterno
1787 839 1803 870 ,

287 901 342 964 in
372 899 542 964 nullo
592 900 859 979 derogat
901 899 958 962 ei
1000 899 1057 962 si
1096 898 1180 962 sit
1215 898 1571 982 hypostasis
1612 899 1810 963 ratio-

288 1008 425 1072 nalis
450 1010 711 1071 naturae
760 1009 988 1071 creatae
1019 1006 1089 1070 in
1128 1010 1433 1088 tempore.
1480 1004 1557 1070 Et
1587 1024 1811 1089 quem·

288 1114 614 1180 admodum
662 1113 829 1178 Deus
874 1113 951 1177 de
998 1131 1132 1177 non
1178 1116 1433 1176 creante
1470 1112 1543 1176 nt
1587 1130 1810 1177 creans

290 1223 345 1287 in
365 1225 506 1286 actu
531 1221 774 1304 absque
809 1220 911 1284 sui
946 1220 1161 1303 aliqua
1187 1219 1540 1284 mutatione
1571 1219 1673 1284 vel
1699 1221 1810 1283 in-

289 1328 609 1394 novatione
630 1376 649 1407 ,
677 1327 786 1391 sed
814 1326 1021 1392 solum
1048 1327 1211 1391 tacta
1237 1326 1683 1392 immutatione
1726 1347 1810 1393 ex

291 1439 448 1519 parte
483 1439 728 1499 nature
761 1437 1030 1513 creatae3
1058 1433 1151 1498 sic
1175 1451 1449 1517 persona
1476 1432 1617 1497 Filii
1656 1433 1807 1513 Dei,

291 1561 423 1626 quae
449 1561 579 1607 non
595 1546 731 1606 erat
752 1541 1113 1624 hypostasis
1128 1542 1436 1606 bumanae
1457 1547 1709 1606 naturae
1739 1545 1809 1608 in

294 1654 422 1714 actu
440 1698 458 1729 ,
491 1649 682 1713 habet
707 1651 847 1731 ejus
873 1667 1009 1712 esse
1038 1647 1397 1731 hypostasis
1422 1648 1661 1731 absque
1688 1650 1812 1713 ali-

297 1777 409 1842 qua
457 1758 556 1823 sui
611 1757 964 1822 mutatione
1015 1756 1119 1821 vel
1167 1756 1574 1822 innovatione
1596 1805 1613 1834 ,
1680 1756 1815 1822 sola

297 1867 438 1930 facta
464 1866 813 1931 mutatione
840 1883 922 1929 ex
963 1869 1143 1947 parte
1161 1869 1409 1929 naturae
1436 1869 1809 1949 assumptoe.

305 1971 370 2037 Et
390 1973 918 2056 quemadmodum
940 1973 1137 2051 DeuS,
1166 1972 1279 2055 qui
1305 1972 1493 2037 estin
1521 1976 1815 2037 creatura

304 2098 403 2161 per
441 2079 766 2144 essentiam
794 2128 811 2156 ,
857 2081 1267 2163 praesentiam
1324 2083 1388 2144 et
1425 2080 1772 2163 potentiam
1793 2129 1810 2157 ,

304 2185 364 2248 in
401 2184 571 2249 nullo
607 2185 919 2269 dependet
961 2186 1042 2249 ab
1083 2186 1255 2270 ipsa,
1296 2186 1402 2251 sed
1457 2186 1670 2269 potius
1703 2186 1815 2251 de-

304 2293 506 2374 pendet
543 2293 625 2357 ab
664 2294 802 2376 ipso
848 2297 1141 2358 creatura
1190 2298 1501 2378 tanquam
1545 2313 1585 2359 a
1626 2313 1818 2359 causa

308 2404 684 2465 conservante
728 2405 792 2465 et
826 2404 1261 2480 sustentante3
1293 2400 1383 2464 sic
1421 2399 1586 2465 Deus
1607 2449 1626 2481 ,
1666 2419 1817 2465 cum

308 2512 388 2571 est
418 2508 481 2571 in
508 2512 794 2573 creatura
820 2508 1113 2573 rationali
1154 2528 1268 2593 per
1294 2509 1605 2573 unionem
1629 2558 1648 2590 ,
1687 2527 1817 2573 non

312 2614 589 2697 dependet
614 2633 697 2680 ex
726 2616 865 2698 ipsa
888 2665 907 2693 ,
942 2616 1051 2681 sed
1077 2616 1289 2699 potius
1315 2635 1351 2681 e
1373 2634 1681 2681 converso
1712 2635 1819 2680 ra-

311 2721 528 2787 tionalis
567 2728 856 2789 creatura
891 2723 1201 2807 dependet
1242 2742 1322 2788 ex
1360 2723 1684 2807 hypostasi
1721 2723 1817 2789 di-

313 2831 472 2908 vina,
513 2835 573 2896 et
615 2832 806 2896 habet
851 2830 1298 2896 sustentisscari
1344 2831 1415 2895 in
1461 2832 1608 2912 illa,
1656 2833 1822 2897 sicut

318 2944 515 3003 natura
537 2943 935 3005 sustentatur
963 2940 1033 3003 in
1058 2958 1354 3023 persona.
1384 2938 1462 3003 Et
1490 2940 1581 3005 sic
1606 2943 1817 3024 patet,

321 3047 464 3126 qnod
499 3048 649 3113 unio
688 3047 926 3112 divinae
954 3051 1204 3112 naturae
1232 3065 1383 3112 cum
1422 3047 1709 3112 humana
1751 3048 1821 3111 in

323 3155 470 3220 nullo
495 3157 756 3240 derogat
781 3157 1095 3221 nobilitati
1125 3156 1363 3222 divinae
1387 3175 1403 3218 ε
1426 3164 1490 3221 et
1506 3156 1649 3221 ideo
1671 3175 1820 3222 cum

324 3263 507 3326 omnia
542 3264 939 3329 attribuenda
974 3265 1104 3328 sint
1143 3263 1270 3329 Deo
1293 3312 1310 3340 ,
1350 3282 1499 3347 quae
1537 3281 1668 3327 non
1710 3264 1818 3328 de-

323 3377 521 3453 rogant
545 3374 1021 3457 omnipotentiae
1049 3376 1212 3456 ejus,
1244 3373 1681 3438 indubitanter
1707 3392 1820 3457 po·

326 3481 570 3546 nendum
613 3486 706 3547 est
755 3484 899 3565 ejus
942 3480 1393 3545 incarnationis
1442 3481 1824 3565 mysterium

327 3602 437 3650 esse
473 3587 589 3654 Deo
619 3589 939 3672 possibile.
991 3588 1259 3671 Propter
1286 3589 1455 3671 quod
1493 3587 1652 3652 dixit
1693 3590 1827 3653 An-

328 3693 481 3775 gelus
504 3696 575 3760 ad
604 3695 869 3761 Mariam
898 3695 969 3759 in
995 3697 1134 3778 ejus
1164 3694 1513 3779 primordio
1537 3695 1827 3779 aperiens

329 3799 735 3868 moernationis
762 3805 1141 3887 mysterium
1168 3804 1185 3839 ¹
1214 3826 1229 3867 ε
1260 3801 1405 3870 Non
1434 3805 1563 3869 erit
1587 3806 1826 3886 impos—

328 3907 482 3976 sibile
521 3912 694 3993 apud
738 3911 936 3977 Deum
982 3926 1159 3977 omne
1213 3910 1499 3977 verbum.
1545 3909 1725 3975 Unde
1766 3915 1831 3975 et

329 4018 701 4084 concedendae
740 4022 893 4086 sunt
928 4019 1205 4084 rationes
1226 4068 1243 4099 ‚
1286 4036 1433 4102 quae
1460 4019 1580 4084 hoc
1618 4024 1827 4084 osten·

329 4124 481 4192 dunt.

395 4237 446 4295 1.
488 4234 579 4300 Ad
622 4234 783 4299 illud
821 4251 981 4315 ergo
1023 4233 1195 4316 quod
1236 4233 1533 4316 objicitur
1568 4234 1634 4298 in
1670 4252 1831 4298 con-

329 4341 561 4406 trarium
582 4393 599 4422 ‚
655 4341 835 4426 quod
882 4340 1051 4405 uniri
1117 4345 1214 4405 est
1267 4341 1399 4424 pati
1427 4388 1444 4418 ,
1491 4341 1830 4407 dicendum

326 4449 471 4530 quod
492 4498 509 4526 ,
544 4451 706 4514 sicut
730 4448 882 4514 dicit
908 4446 1305 4527 Priscianus,
1353 4447 1652 4531 quaedam
1682 4453 1836 4514 sunt

326 4557 527 4635 verba,
568 4575 717 4641 quae
753 4556 826 4620 in
851 4573 1009 4620 voce
1036 4555 1243 4620 activa
1284 4555 1648 4638 significant
1682 4576 1832 4640 pas-

327 4661 579 4744 sionem3
625 4670 691 4730 et
747 4664 1047 4748 quaedam
1104 4666 1255 4727 sunt
1294 4663 1522 4743 verba,
1569 4682 1717 4748 quae
1764 4665 1837 4731 in

330 4786 462 4836 voce
503 4774 753 4856 passiva
789 4772 1158 4854 significant
1192 4771 1506 4835 actionem
1547 4791 1563 4834 ε
1609 4777 1672 4837 et
1715 4773 1839 4837 hoc

334 4878 493 4943 modo
531 4879 1016 4961 intelligendum
1048 4882 1147 4942 est
1167 4926 1184 4957 ,
1230 4896 1382 4942 cum
1417 4878 1646 4943 dicitur
1673 4880 1836 4945 divi-

332 4999 456 5048 nam
482 4989 777 5051 naturam
796 4986 1106 5050 humanae
1133 4985 1350 5065 uniri,
1380 5003 1513 5050 non
1542 4986 1715 5069 quod
1743 4987 1842 5052 di-

330 5089 460 5155 vina
483 5097 709 5158 natura
738 5093 981 5176 aliquid
1023 5093 1302 5176 patiatur
1323 5140 1340 5168 ,
1372 5093 1480 5158 sed
1506 5093 1679 5176 quod
1706 5094 1843 5176 ipsa

323 5196 525 5263 divina
540 5205 771 5265 natura
783 5199 1136 5264 humanam
1158 5204 1454 5263 naturam
1473 5199 1617 5263 unit
1634 5199 1754 5262 sibi
1772 5200 1842 5263 in

324 5306 622 5388 propriam
649 5324 993 5391 personam
1015 5355 1032 5386 ‚
1063 5307 1199 5370 sive
1225 5305 1645 5388 hypostasim.
1688 5304 1839 5371 Pos-

1917 683 2214 765 generari
2242 701 2376 748 non
2395 683 2657 766 signant
2673 683 2741 748 in
2760 684 2995 749 divinis
3021 686 3337 750 actionem
3361 687 3463 752 vel

1917 789 2275 873 passionem
2298 839 2316 869 ,
2348 789 2459 854 sed
2490 790 2860 855 relationem
2896 810 2912 853 ε
2944 791 3034 855 sic
3062 791 3255 856 etiam
3279 794 3467 860 uniri

1915 895 2159 960 dictum
2187 896 2265 961 de
2290 897 2513 962 divina
2540 902 2773 963 natura
2790 947 2807 978 ,
2850 898 2950 963 vel
2979 917 3251 982 persona
3273 947 3290 975 ,
3331 917 3463 964 non

1915 1003 2068 1069 dicit
2095 1006 2410 1070 actionem
2448 1006 2730 1089 aliquam
2747 1055 2765 1085 ,
2806 1007 2911 1071 sed
2947 1007 3319 1072 relationem
3347 1026 3467 1091 po-

1918 1111 2088 1176 tius:
2137 1130 2289 1195 quae
2330 1112 2590 1195 quidem
2635 1112 2858 1177 relatio
2902 1113 3052 1177 dicit
3099 1113 3467 1196 dependen-

1916 1218 2074 1282 tiam
2111 1219 2320 1284 solum
2366 1220 2435 1284 in
2478 1224 2707 1285 natura
2752 1225 2983 1296 creata,
3025 1221 3190 1285 sicut
3246 1220 3467 1286 baberi

1917 1329 2122 1409 potest
2163 1344 2246 1391 ex
2286 1326 2418 1402 his,
2457 1344 2606 1409 quae
2644 1327 2712 1390 in
2761 1327 2971 1410 primo
3004 1328 3170 1392 libro
3194 1329 3217 1364 '
3256 1328 3464 1393 deter-

1920 1433 2163 1497 minata
2198 1438 2350 1498 sunt
2371 1483 2388 1512 ,
2432 1452 2581 1498 cum
2622 1434 2937 1516 agebatur
2966 1434 3044 1499 de
3083 1433 3320 1499 divinis
3348 1453 3463 1499 no-

1920 1541 2238 1620 minibus,
2286 1560 2437 1625 quae
2462 1541 2685 1606 dicunt
2710 1546 3067 1625 respectum
3107 1541 3185 1605 ad
3217 1546 3469 1606 creatu-

1918 1665 2083 1713 ram.

1999 1758 2062 1820 2.
2094 1755 2190 1820 Ad
2216 1755 2372 1820 illud
2398 1755 2570 1839 quod
2597 1755 2945 1837 objicitur:
2984 1780 3016 1818 α
3036 1754 3191 1833 Quae
3222 1756 3469 1821 uniun-

1920 1867 2058 1943 tur,
2103 1869 2616 1947 componuntur3
2670 1887 2700 1922 υ
2751 1863 3090 1928 dicendum
3136 1865 3309 1947 quod
3353 1865 3468 1928 etsi

1920 1971 2175 2055 proprie
2241 1971 2586 2054 accipiatur
2656 1971 2936 2035 verbum
3012 1973 3469 2055 componendi,

1922 2079 2115 2143 etiam
2146 2078 2291 2160 plus
2315 2082 2412 2142 aet
2437 2078 2626 2156 unio,
2659 2096 2856 2161 quam
2884 2079 3281 2161 compositio.
3305 2078 3470 2144 Unio

1922 2188 2095 2251 enim
2121 2186 2275 2251 dicit
2309 2185 2825 2267 conjunctionem
2851 2185 3130 2251 duorum
3160 2187 3227 2250 in
3257 2187 3464 2263 tertio,

1922 2295 2058 2358 sive
2087 2294 2399 2358 uniantur
2424 2294 2505 2357 ad
2535 2293 3051 2358 constitutionem
3090 2295 3294 2373 tertii,
3334 2296 3469 2360 sive

1924 2422 2094 2481 non;
2140 2401 2511 2485 compositio
2558 2420 2710 2467 vero
2754 2401 2905 2466 dicit
2952 2404 3470 2485 conjunctionem

1924 2510 2318 2593 aliquorum,
2349 2509 2438 2572 ita
2467 2509 2638 2591 quod
2669 2508 2938 2572 veniunt
2969 2507 3049 2572 ad
3078 2510 3472 2573 constitutio-

1926 2635 2075 2681 nem
2117 2618 2283 2681 tertii
2325 2636 2340 2677 :
2373 2621 2436 2680 et
2480 2633 2673 2681 omne
2712 2614 2837 2679 tale
2888 2614 3104 2697 aliquo
3148 2614 3339 2679 modo
3380 2618 3477 2678 est

1929 2724 2251 2789 materiale
2295 2730 2584 2806 respectu
2614 2721 2893 2787 alterius.
2935 2721 3014 2785 Et
3043 2721 3185 2786 ideo
3214 2739 3476 2804 compo—

1927 2832 2076 2896 sitio
2129 2849 2380 2914 semper
2441 2830 2745 2912 importat
2805 2828 3353 2911 imperfectionem
3405 2830 3474 2893 in

1927 2936 2476 3021 componentibus,
2502 2935 2658 3000 unio
2684 2953 2838 3000 vero
2860 2953 2991 3000 non
3018 2954 3035 3001 ε
3062 2940 3125 3000 et
3143 2940 3477 3019 propterea

1928 3064 2061 3111 non
2088 3046 2400 3128 sequitur,
2432 3046 2604 3128 quod
2632 3044 2686 3107 si
2714 3044 2931 3109 divina
2949 3049 3180 3108 natura
3207 3062 3338 3108 non
3365 3063 3473 3128 po-

1928 3158 2051 3219 test
2084 3153 2265 3219 alteri
2309 3153 2633 3237 componi,
2672 3153 2845 3236 quod
2877 3171 3008 3218 non
3050 3157 3254 3236 potest
3292 3153 3472 3217 alteri

1931 3280 2131 3326 uniri.

2012 3371 2073 3432 3.
2107 3366 2229 3432 Sed
2251 3366 2330 3431 ad
2349 3366 2505 3431 illud
2533 3366 2706 3449 quod
2725 3366 3031 3449 objicitur
3047 3414 3066 3446 ,
3091 3366 3262 3449 quod
3284 3383 3476 3431 omne

1931 3474 2174 3540 unibile
2209 3493 2338 3539 nou
2380 3474 2637 3539 unitum
2684 3478 2778 3538 est
2813 3474 2893 3539 ad
2935 3474 3476 3556 complementum

1934 3582 2192 3646 unionis
2224 3581 2553 3665 possibile,
2586 3581 2929 3646 dicendum
2968 3582 3138 3665 quod
3166 3580 3324 3646 illud
3359 3600 3476 3647 ve-

1934 3709 2081 3754 rum
2109 3693 2203 3754 est
2228 3690 2306 3754 de
2333 3688 2442 3752 illo
2489 3688 2718 3753 unibili
2742 3736 2759 3764 ,
2788 3689 2961 3771 quod
3003 3688 3195 3752 habet
3216 3688 3478 3771 perduci

1934 3796 2013 3860 ad
2042 3799 2257 3860 actum
2286 3794 2548 3859 unionis
2572 3813 2686 3877 per
2713 3793 2969 3877 aliquod
2998 3792 3382 3875 acquisitum
3409 3791 3477 3856 in

1936 3904 2075 3986 ipso
2114 3925 2129 3967 ε
2162 3902 2240 3967 de
2266 3880 2614 3966 illo'autem
2653 3902 2828 3984 quod
2870 3906 2966 3966 est
2992 3901 3240 3965 unibile
3265 3900 3478 3965 solum

1936 4029 2052 4095 per
2095 4009 2268 4074 aliud
2307 4009 2689 4093 acquisitum
2726 4009 2793 4073 in
2841 4008 3040 4073 altero
3059 4056 3076 4084 ,
3122 4026 3255 4072 non
3288 4007 3480 4071 habet

1940 4118 2270 4183 veritatem
2304 4139 2318 4180 ε
2356 4121 2419 4181 et
2459 4116 2581 4181 hoc
2615 4116 2804 4181 modo
2839 4121 2931 4181 est
2961 4115 3223 4180 unibilis
3259 4113 3482 4178 divina

1938 4231 2173 4291 natura
2219 4225 2529 4289 humanae
2589 4228 2840 4289 naturae
2896 4242 3010 4308 per
3057 4220 3481 4286 mutationem

1940 4334 2170 4398 factam
2202 4332 2267 4396 in
2309 4335 2643 4396 creatura:
2680 4336 2742 4395 et
2769 4331 2911 4396 ideo
2953 4350 3037 4396 ex
3062 4330 3185 4395 hoc
3209 4346 3343 4393 non
3373 4345 3481 4391 se-

1941 4442 2165 4527 quitur
2185 4490 2203 4520 ,
2248 4440 2418 4523 quod
2456 4440 2671 4523 aliqua
2705 4441 2788 4504 sit
2826 4438 3208 4523 possibilitas
3241 4436 3485 4519 imper-

1942 4550 2265 4628 fectioni5‚
2303 4547 2407 4612 vel
2449 4547 2851 4626 mutationis,
2880 4547 2951 4610 in
2976 4545 3098 4609 hae
3141 4544 3375 4608 unione
3403 4562 3486 4607 ex

1943 4661 2123 4743 parte
2169 4655 2408 4722 divinae
2452 4658 2735 4731 naturae,
2780 4653 2885 4717 sed
2927 4652 3137 4716 solum
3181 4669 3263 4714 ex
3307 4651 3487 4733 parte

1946 4769 2197 4830 naturae
2224 4766 2476 4826 creatae.
2509 4760 2586 4825 Et
2611 4761 2774 4825 ratio
2803 4760 2971 4823 illius
2999 4761 3124 4837 est,
3151 4757 3306 4841 quia
3331 4756 3487 4821 unio

1948 4873 2100 4937 dicit
2117 4869 2490 4935 relationem
2511 4891 2526 4934 ε
2547 4867 2767 4932 relatio
2785 4884 2942 4932 vero
2959 4865 3277 4929 introduci
3296 4863 3489 4928 habet

1949 4984 2017 5047 in
2052 5000 2187 5047 esse
2222 4999 2337 5064 per
2368 4979 2789 5043 mutationem
2834 4977 3059 5040 factam
3103 4975 3173 5039 in
3210 4992 3342 5038 uno
3369 4992 3489 5038 ex-

1951 5096 2180 5169 trem0,
2201 5088 2398 5152 altero
2421 5085 2685 5150 omnino
2708 5082 3020 5148 immobili
3046 5086 3485 5166 permanente;

1951 5198 2116 5262 sicut
2142 5201 2312 5280 patet
2342 5213 2359 5258 ε
2389 5194 2442 5257 si
2480 5210 2603 5274 ego
2643 5193 2767 5256 sim
2797 5192 3009 5271 albuS,
3055 5196 3117 5256 et
3150 5194 3495 5273 generetur

1953 5305 2122 5369 alius
2149 5302 2263 5386 qui
2306 5302 2387 5365 sit
2410 5300 2594 5364 albus
2614 5347 2632 5376 ,
2663 5300 2877 5363 statim
2902 5299 3124 5382 incipit
3161 5298 3322 5361 mibi
3360 5315 3494 5360 esse

325 5415 406 5476 set
427 5413 609 5480 etiam
634 5415 819 5480 aliter
846 5413 994 5491 dici,
1023 5413 1197 5497 quod
1233 5413 1402 5480 sicut
1434 5431 1746 5495 generare
1785 5420 1848 5479 et
1956 5410 2184 5475 similis
2215 5408 2392 5471 nulla
2417 5407 2486 5469 in
2514 5423 2621 5470 me
2650 5406 2813 5470 facta
2846 5405 3196 5469 mutatione
3218 5452 3236 5483 ,
3263 5403 3370 5466 sed
3399 5419 3496 5464 so-

383 5542 399 5580 ¹
422 5540 550 5607 Luc„
579 5546 626 5610 1,
658 5543 740 5596 37.
767 5566 829 5579 —
848 5540 874 5576 ¹
897 5538 1023 5592 Dist.
1045 5552 1172 5592 xxx.

1957 5525 2099 5590 lum
2139 5522 2208 5587 in
2244 5520 2421 5604 ipso;
2470 5517 2675 5582 simile
2710 5516 3079 5600 exemplum
3119 5514 3299 5598 ponit
3333 5511 3491 5576 Boe«
