4185 6288
1221 432 1600 502 DISTINCT.
1643 431 1858 498 xxix.
1903 433 2087 499 ΛΒΤ.
2135 435 2183 500 Ι.
2229 436 2527 515 QUAEST.
2577 438 2651 503 11.

337 567 602 650 diligere
635 589 650 633 ε
684 569 792 634 sed
822 571 1033 651 magis
1059 571 1502 652 cognoscimus
1540 571 1881 653 nosmetip-

337 695 442 741 sos
459 726 479 756 ,
531 695 727 761 quam
779 695 1242 759 cognoscamus
1284 679 1520 758 Deum,
1570 677 1881 761 quamdiu

335 801 563 847 sumus
591 784 662 847 in
685 787 856 850 statu
887 783 1012 849 viae
1044 803 1060 848 ι
1091 784 1345 849 videtur
1384 803 1541 866 ergo
1584 785 1755 868 quod
1799 783 1878 848 ad

336 891 629 955 ordinem
685 891 1010 956 charitatis
1052 896 1288 976 spectet
1330 892 1475 975 plus
1523 908 1640 956 nos
1682 907 1880 973 quam

335 995 540 1062 Deum
581 997 876 1080 diligere,
929 999 1282 1065 secundum
1325 1001 1563 1063 statum
1604 1015 1879 1082 praesen-

335 1108 492 1170 tem.

415 1222 478 1281 4.
534 1217 688 1282 Item
734 1218 990 1282 videtur
1035 1220 1208 1301 quod
1252 1219 1475 1283 saltem
1526 1217 1875 1301 aequaliter,

336 1324 491 1407 quia
515 1329 831 1408 quantum
858 1326 1090 1408 aliquis
1123 1326 1333 1407 diligit
1361 1332 1556 1390 Deum
1573 1373 1592 1403 ‚
1624 1328 1879 1389 tantum

334 1433 573 1515 appetit
610 1433 737 1498 frui
787 1432 938 1513 Deo,
990 1438 1054 1497 et
1097 1433 1444 1498 beatificari
1481 1433 1549 1496 in
1587 1433 1724 1517 ipso
1758 1456 1772 1497 :
1817 1436 1880 1496 et

333 1544 652 1622 quantum
699 1541 938 1623 appetit
967 1541 1093 1604 frui
1137 1543 1294 1619 Deo,
1343 1544 1594 1604 tantum
1644 1541 1880 1622 appetit

338 1649 523 1710 suam
549 1648 1005 1712 beatitudinem
1035 1666 1052 1712 t
1085 1652 1149 1712 et
1172 1651 1483 1730 quantum
1510 1665 1696 1712 suam
1737 1648 1880 1711 bea-

336 1754 675 1818 titudinem
719 1755 980 1837 appetit,
1020 1759 1274 1819 tantum
1320 1774 1389 1819 se
1422 1756 1681 1836 diligit:
1716 1774 1878 1836 ergo

335 1862 592 1926 videtur
637 1863 807 1944 quod
848 1867 1162 1945 quantum
1196 1863 1341 1945 quis
1382 1862 1595 1945 diligit
1631 1860 1832 1926 Deum
1855 1910 1873 1941 ,

333 1973 586 2033 tantum
614 1970 841 2051 diligat
865 1971 1302 2053 semetipsum.

416 2082 475 2141 5.
510 2077 667 2142 Item
698 2083 912 2142 motus
949 2079 1271 2142 charitatis
1308 2078 1378 2141 in
1425 2076 1629 2142 Deum
1655 2061 1878 2142 finitus

334 2189 450 2264 est,
474 2202 626 2248 cum
653 2185 734 2247 sit
756 2203 796 2247 a
826 2185 1064 2251 virtute
1100 2173 1320 2264 fi'nita3
1351 2185 1642 2251 similiter
1666 2187 1878 2250 motus

333 2290 660 2355 charitatis
691 2293 761 2355 in
797 2293 1125 2375 seipsum:
1163 2297 1224 2357 et
1258 2291 1549 2374 possibile
1594 2297 1690 2357 est
1736 2311 1874 2358 mo·

332 2401 474 2462 tum
500 2399 823 2463 charitatis
853 2400 922 2462 in
957 2398 1157 2464 Deum
1197 2399 1476 2478 remitti,
1518 2402 1582 2463 et
1626 2402 1876 2464 motum

332 2506 656 2571 charitatis
702 2508 769 2570 in
814 2504 1090 2590 seipsum
1136 2507 1380 2570 intendi
1413 2529 1428 2570 ε
1468 2507 1578 2570 sed
1619 2507 1875 2588 quando

331 2614 543 2697 aliqua
567 2615 696 2679 duo
719 2619 869 2679 sunt
891 2616 1095 2693 finita,
1128 2633 1405 2697 quorum
1430 2606 1637 2679 un'um
1664 2614 1877 2679 inten-

329 2720 525 2799 ditur,
572 2724 638 2785 et
679 2721 855 2786 aliud
893 2721 1261 2799 remittitur,
1290 2720 1588 2804 possibile
1634 2725 1730 2784 est
1767 2721 1877 2784 illa

328 2829 667 2912 pervenire
724 2829 804 2894 ad
866 2828 1297 2912 aequalitatem
1345 2850 1362 2892 ε
1413 2845 1572 2909 ergo
1619 2827 1875 2893 videtur

328 2935 500 3017 quod
541 2953 626 2999 ex
661 2936 966 3000 charitate
1006 2952 1348 3018 possumus
1399 2952 1515 2998 nos
1555 2937 1619 2998 et
1670 2933 1871 2999 Deum

329 3042 662 3125 aequaliter
701 3043 968 3125 diligere
1001 3065 1017 3107 z
1047 3046 1114 3107 et
1147 3043 1238 3105 sic
1284 3041 1448 3107 redit
1488 3040 1659 3105 idem
1676 3029 1682 3035 ’
1702 3040 1872 3123 quod

329 3148 529 3229 priua.

407 3257 470 3317 6.
499 3253 661 3319 ltem
709 3271 890 3317 amor
927 3255 1024 3317 est
1056 3252 1156 3316 vis
1182 3251 1432 3317 unitiva
1463 3273 1480 3316 ι
1510 3251 1618 3315 sed
1644 3252 1874 3333 impos-

330 3360 509 3425 sibile
547 3364 645 3424 est
680 3360 851 3442 quod
896 3359 1125 3442 aliquis
1169 3359 1433 3423 uniatur
1474 3358 1608 3437 alii,
1661 3360 1873 3440 magis

327 3486 523 3550 quam
548 3468 703 3532 sibi:
730 3485 888 3548 ergo
910 3467 1295 3549 impossibile
1322 3470 1416 3531 est
1434 3467 1645 3549 magis
1670 3467 1870 3531 alium

325 3593 580 3655 amare,
627 3592 826 3658 quam
865 3592 934 3638 se
967 3595 984 3638 ι
1014 3574 1216 3655 igitur
1244 3592 1375 3639 non
1407 3574 1661 3641 videtur
1699 3575 1872 3656 quod

326 3682 396 3746 in
423 3683 748 3746 charitatis
774 3681 996 3748 ordine
1027 3680 1190 3745 Deus
1217 3681 1401 3746 nobis
1428 3682 1581 3764 ipsis
1603 3682 1685 3745 sit
1710 3700 1871 3764 prae-

328 3789 679 3871 ponendus.
965 3776 972 3781 ’

875 3941 1324 4024 coNchslo.

328 4100 581 4158 Chai-itm
616 4102 680 4155 in
725 4098 999 4169 diliqendo
1040 4101 1337 4173 proeponit,
1385 4099 1639 4156 ordinate
1678 4115 1868 4172 proce-

398 4188 598 4257 dendo,
647 4191 813 4245 Deum
857 4188 1041 4257 nobis,
1085 4205 1201 4246 cum
1221 4190 1352 4262 plus
1386 4189 1552 4245 Deum
1581 4206 1743 4261 quam
1775 4205 1871 4247 nos

395 4282 539 4351 ipsos
566 4276 844 4335 debeamus
869 4278 1114 4350 diligere.

404 4437 592 4521 Resp.
638 4439 718 4503 ad
754 4456 899 4519 arg.
943 4438 1289 4504 Dicendum
1318 4438 1489 4520 quod
1514 4439 1868 4503 secundum

324 4545 617 4610 ordinem
662 4544 984 4609 charitatis
1029 4545 1194 4610 Deus
1246 4545 1717 4628 praeponendus
1775 4550 1871 4609 est

324 4652 507 4717 nohis
555 4653 626 4716 in
669 4656 920 4717 tantum
945 4701 965 4730 ‚
996 4657 1071 4718 ut
1110 4670 1290 4717 amor
1335 4656 1629 4735 respectu
1667 4654 1868 4717 nostri

322 4779 445 4825 nec
468 4761 710 4843 aequari
753 4761 987 4843 possit,
1018 4779 1137 4825 nec
1163 4759 1451 4842 praeponi
1497 4760 1702 4824 amori
1731 4759 1865 4839 Dei,

321 4869 499 4933 salva
523 4869 877 4933 substantia
901 4868 1159 4933 habitus
1187 4864 1531 4932 charitatis.
1564 4867 1745 4933 Ratio
1761 4887 1867 4932 au-

321 4977 453 5035 tem
491 4972 688 5053 hujus
722 4974 820 5036 est
854 4971 976 5034 ista
1007 4992 1023 5034 ε
1054 4970 1362 5054 quoniam
1401 4970 1673 5035 charitas
1717 4971 1867 5036 facit

323 5077 524 5143 Deum
548 5078 729 5160 diligi
744 5085 1054 5160 tanquam
1070 5079 1269 5142 finem
1282 5078 1623 5160 ultimuml,
1649 5082 1710 5143 et
1733 5083 1867 5145 tan·

320 5204 521 5268 quam
538 5204 872 5252 summum
914 5187 1157 5250 bonum
1192 5207 1209 5248 ε
1239 5189 1306 5249 et
1336 5186 1491 5268 quia
1524 5185 1669 5249 finis
1703 5186 1866 5251 ulti-

319 5312 470 5358 mus
494 5300 592 5360 est
599 5313 776 5360 unus
791 5292 986 5372 solua,
1006 5296 1069 5356 et
1085 5309 1415 5356 summum
1433 5292 1680 5356 bonum
1695 5293 1865 5357 simi-

319 5402 484 5482 liter,
508 5422 638 5468 non
654 5401 898 5467 habens
909 5398 1153 5480 aliquid
1179 5399 1476 5480 superius
1495 5418 1586 5478 se,
1611 5398 1715 5464 vel
1742 5400 1861 5463 sibi

3413 449 3532 510 653

1985 573 2273 654 aequale3
2317 575 2470 638 hinc
2504 579 2634 654 est,
2666 574 2837 657 quod
2862 575 3218 665 secundum
3251 579 3533 644 charita-

1985 678 2066 740 tis
2110 677 2321 760 legem
2366 681 2753 763 impossibile
2790 685 2884 745 est
2912 682 3152 764 aliquid
3196 683 3339 766 plus
3378 685 3528 766 Deo,

1986 784 2089 848 vel
2158 787 2489 868 aequaliter
2563 788 2683 871 ipsi
2747 787 2874 852 Deo
2941 807 3178 853 amare.
3252 791 3534 857 Charitas

1985 892 2183 971 enim,
2217 895 2368 976 quia
2395 895 2608 976 diligit
2635 894 2837 958 Deum
2866 894 3029 958 sicut
3054 915 3385 962 summum
3411 901 3531 965 bo-

1984 1018 2168 1080 num,
2201 1002 2412 1084 diligit
2440 1022 2587 1068 eum
2616 1022 2810 1086 super
2846 1005 3099 1083 omnia;
3132 1007 3285 1088 quia
3325 1007 3533 1090 diligit

1985 1110 2201 1192 ipsum
2250 1113 2414 1179 sicut
2470 1115 2668 1179 finem
2719 1114 3025 1178 ultimum
3048 1163 3065 1191 ,
3121 1116 3330 1198 diligit
3379 1137 3532 1184 eum

1984 1223 2241 1302 propter
2268 1239 2371 1286 se:
2394 1223 2566 1303 quod
2583 1227 2798 1287 autem
2830 1223 3125 1304 diligitur
3152 1229 3410 1306 propter
3436 1243 3528 1304 se,

1985 1329 2048 1389 et
2097 1344 2287 1408 super
2324 1329 2565 1408 omnia,
2599 1330 2896 1411 diligitur
2925 1330 3257 1395 dilectione
3280 1332 3532 1398 fruitio-

1984 1431 2085 1495 nis
2108 1452 2125 1511 ;
2157 1434 2329 1514 quod
2351 1453 2504 1499 vero
2530 1441 2785 1517 propter
2803 1435 2975 1500 aliud
2998 1436 3310 1518 diligitur,
3328 1439 3533 1520 diligi·-

1986 1540 2092 1600 tur
2123 1537 2454 1603 dilectione
2481 1559 2680 1604 usus:
2715 1560 2863 1605 cum
2895 1560 3051 1622 ergo
3090 1542 3410 1608 charitatis
3451 1545 3532 1610 sit

1985 1642 2201 1707 omnia
2228 1644 2307 1707 ad
2338 1644 2539 1710 Deum
2568 1650 2873 1729 tanquam
2896 1648 2973 1712 ad
3000 1649 3198 1712 finem
3224 1650 3530 1716 ultimum

1986 1751 2243 1826 referre,
2277 1752 2445 1815 sicut
2484 1754 2781 1835 ponderis
2815 1760 2911 1820 est
2953 1774 3186 1839 corpus
3211 1757 3289 1820 ad
3317 1758 3529 1823 locum

1985 1857 2314 1941 proprium
2347 1860 2653 1926 inclinare
2692 1885 2706 1925 ε
2748 1863 2900 1927 hinc
2928 1867 3022 1927 est
3048 1863 3219 1946 quod
3258 1866 3532 1930 charitas

1982 1963 2134 2027 facit
2165 1983 2283 2028 nos
2312 1965 2511 2031 Deum
2549 1968 2693 2051 plus
2735 1989 2929 2051 quam
2966 1955 3387 2054 nosmetipsos
3428 1974 3531 2038 di-

1982 2068 2206 2151 ligere.
2243 2071 2418 2136 Unde
2445 2075 2861 2140 concedendae
2883 2080 3037 2140 sunt
3058 2077 3353 2158 rationes,
3384 2100 3531 2162 quae

1984 2184 2137 2244 sunt
2164 2179 2242 2243 ad
2275 2185 2521 2262 partem
2548 2181 2745 2245 illam.

2068 2289 2127 2348 1.
2174 2286 2477 2352 Ad·i11ud
2527 2289 2697 2371 quod
2737 2290 3072 2371 objicitur,
3120 2293 3294 2374 quod
3323 2294 3532 2374 gratia

1984 2396 2078 2456 est
2113 2394 2409 2474 perfectio
2450 2400 2724 2475 naturae,
2757 2397 3095 2461 dicendum
3123 2400 3293 2480 quod
3321 2401 3389 2463 in
3413 2420 3527 2465 na-

1981 2503 2131 2562 tura
2158 2504 2250 2563 est
2276 2501 2674 2566 considerare
2713 2502 2950 2585 aliquid
2976 2523 3088 2586 per
3116 2506 3382 2570 modum
3411 2526 3525 2589 po-

1983 2604 2260 2683 sitioniS‚
2292 2611 2357 2671 et
2381 2607 2618 2690 aliquid
2663 2629 2776 2692 per
2821 2612 3086 2677 modum
3128 2614 3523 2696 privationiS,

1983 2715 2047 2775 et
2099 2713 2378 2777 defectus
2410 2764 2427 2793 ,
2480 2721 2543 2779 et
2595 2718 3042 2799 corruptionis„
3099 2719 3263 2783 Illud
3312 2703 3527 2786 autem

1982 2818 2152 2900 quod
2183 2823 2277 2883 est
2314 2820 2382 2883 in
2416 2828 2647 2885 natura
2675 2841 2788 2904 per
2815 2825 3077 2896 modum
3108 2828 3459 2907 positionis„
3488 2849 3530 2893 a

1983 2925 2191 3004 gratia
2223 2924 2415 2990 habet
2455 2929 2670 3009 perfici
2714 2936 2776 2993 et
2798 2931 3032 2995 salvari
3065 2950 3081 2992 ε
3112 2934 3283 3016 quod
3310 2939 3527 2999 autem

1982 3036 2075 3094 est
2101 3031 2189 3094 ibi
2221 3051 2335 3113 per
2361 3033 2628 3097 modum
2671 3037 3096 3119 corruptionis
3128 3042 3192 3103 et
3217 3040 3527 3122 privatio-

1981 3139 2106 3220 niS‚
2143 3159 2182 3203 a
2209 3141 2419 3222 gratia
2445 3141 2636 3208 habet
2668 3143 2904 3225 corrigi
2931 3150 2994 3211 et
3034 3149 3333 3231 suppleri.
3368 3149 3526 3214 Cum

1983 3266 2140 3329 ergo
2168 3248 2402 3312 dicitur
2436 3250 2609 3331 quod
2649 3256 2899 3346 naturae
2929 3258 3023 3317 est
3052 3255 3197 3338 plus
3223 3275 3290 3319 se
3321 3257 3524 3339 ipsam

1982 3373 2177 3436 quam
2226 3356 2424 3420 Deum
2471 3357 2772 3438 diligere,
2816 3360 3153 3426 dicendum
3188 3364 3360 3446 quod
3387 3364 3527 3430 haec

1980 3482 2112 3528 non
2139 3470 2233 3529 est
2260 3466 2532 3529 conditio
2568 3472 2821 3548 reperta
2850 3468 2918 3532 in
2955 3474 3209 3547 natura,
3240 3477 3526 3554 spectans

1981 3572 2060 3635 ad
2088 3572 2288 3654 ipsius
2318 3573 2761 3654 perfectionem
2780 3623 2797 3651 ‚
2828 3576 2963 3640 sive
2991 3577 3391 3658 positionem,
3414 3581 3524 3645 sed

1980 3679 2193 3760 potius
2232 3680 2312 3743 ad
2355 3680 2550 3762 ipsius
2615 3683 3089 3765 corruptionem
3143 3706 3159 3747 :
3207 3686 3347 3775 ideo
3390 3705 3524 3751 non

1980 3788 2271 3869 sequitur
2297 3788 2467 3870 quod
2495 3806 2608 3869 per
2655 3791 2929 3870 gratiam
2982 3792 3212 3856 habeat
3255 3793 3519 3873 salvari3

1980 3895 2112 3960 imo
2157 3895 2367 3977 potius
2410 3897 2699 3977 sequitur
2738 3897 2910 3979 quod
2952 3917 3064 3981 per
3110 3902 3387 3981 gratiam
3413 3902 3524 3966 ha-

1980 4001 2129 4064 beat
2153 4002 2459 4067 amoveri.

2060 4113 2122 4173 2.
2154 4108 2248 4171 Ad
2282 4108 2437 4172 illud
2464 4111 2633 4192 quod
2675 4111 2993 4194 oincitur,
3023 4114 3194 4195 quod
3231 4114 3285 4176 si
3311 4132 3521 4180 unum

1980 4213 2249 4279 addatur
2288 4214 2734 4296 inaequalibuS‚
2776 4217 2986 4283 adhuc
3009 4226 3200 4284 erunt
3226 4220 3518 4303 inaequa·

1978 4327 2066 4390 lia
2089 4326 2312 4390 eadem
2335 4327 2786 4409 inaequalitate,
2806 4347 2934 4411 qua
2946 4331 3146 4412 priuS,
3181 4332 3520 4398 dicendum

1978 4433 2151 4530 quod
2204 4432 2360 4497 illud
2410 4434 2603 4498 habet
2649 4436 2980 4501 veritatem
3013 4484 3030 4514 ,
3066 4438 3322 4520 quando
3362 4438 3521 4505 illud

1979 4541 2265 4605 additum
2311 4541 2641 4624 aequaliter
2683 4544 2934 4626 respicit
2976 4548 3326 4629 utrumque
3377 4547 3520 4613 illo-

1978 4666 2128 4712 rum
2151 4647 2565 4730 inaequalium
2594 4671 2608 4711 ι
2644 4649 2735 4712 sic
2760 4654 2974 4714 autem
3003 4668 3136 4716 non
3161 4656 3256 4715 est
3283 4653 3351 4716 in
3377 4672 3520 4736 pro-

1979 4755 2185 4837 posito
2230 4777 2246 4817 ι
2290 4773 2442 4819 nam
2488 4756 2761 4819 charitas
2817 4758 3232 4840 principalius
3263 4760 3519 4842 respicit

1977 4863 2164 4926 illum
2206 4863 2503 4927 affectum
2549 4864 2831 4928 hominis
2854 4914 2875 4945 ‚
2903 4866 3136 4948 qui‘est
3172 4868 3240 4931 in
3284 4867 3513 4950 Deum,

1977 4988 2175 5052 quam
2224 4970 2408 5034 illum
2459 4971 2573 5052 qui
2620 4975 2715 5035 est
2756 4972 2824 5035 in
2874 4974 3195 5056 seipsum:
3243 4976 3411 5040 unde
3446 4977 3516 5040 in

1975 5076 2256 5140 adventu
2305 5075 2627 5140 charitatis
2680 5079 2995 5145 minuitur
3050 5099 3232 5146 amor
3284 5084 3423 5162 sui,
3452 5088 3517 5149 et

1975 5183 2325 5247 intenditur
2353 5201 2535 5249 amor
2561 5184 2692 5249 Dei.
3326 5208 3329 5209 *

2057 5295 2117 5354 3.
2162 5290 2256 5355 Ad
2293 5290 2453 5354 illud
2496 5292 2667 5374 quod
2706 5294 3028 5377 objicitur,
3066 5297 3239 5380 quod
3262 5297 3510 5364 affectio

1976 5398 2265 5480 sequitur
2287 5399 2744 5481 cognitionem,
2775 5402 3111 5469 dicendum
3135 5406 3306 5488 quod
3331 5404 3514 5471 affec-
