4185 6288
1677 411 2057 479 DISTINCT.
2102 413 2262 479 nl.
3431 420 3543 483 441

360 545 652 616 animam
681 546 899 616 denuo
924 549 1184 640 corpori
1209 548 1643 641 conjunxisse,
1677 556 1742 616 et
1767 548 1998 617 inillis
2022 548 2285 619 duobus
2307 550 2526 620 denuo
2553 554 2920 645 conjunctis
2946 555 3017 624 in
3050 556 3546 646 resurrectione,

359 684 513 731 vere
539 662 903 733 secundum
930 663 1267 734 hominem
1300 663 1541 735 vixisse
1566 665 1734 734 sicut
1759 671 1912 734 ante
1938 674 2242 736 mortem.
2273 666 2442 736 Nam
2470 667 2542 736 in
2567 677 2776 739 morte
2802 679 3101 762 separata
3128 679 3224 741 est
3250 672 3475 741 anima
3510 695 3551 740 a

360 800 576 847 carne.
610 778 803 849 Unde
829 801 983 848 vere
1009 780 1253 849 dicitur
1278 780 1575 850 Christus
1604 787 1930 868 mortuuS,
1960 782 2072 850 sed
2101 790 2415 854 neutrum
2441 795 2812 878 separatum
2841 796 2939 856 est
2966 812 3005 856 a
3026 789 3249 858 Verbo
3279 788 3421 858 Dei.

450 887 637 960 Sicut
660 891 1103 980 Augustinus,
1129 913 1323 986 super
1345 896 1671 963 Ioannem
1701 906 1749 978 ¹,
1783 891 1991 981 docet,
2043 902 2326 964 tractans
2371 895 2541 964 illud
2586 898 2851 967 Domini
2900 900 3180 969 verbum
3221 901 3273 986 ⁸,
3325 925 3360 965 ιι
3400 902 3549 992 qu
3642 921 3799 967 Aucto·

350 1031 531 1102 pono
558 1008 862 1077 animam
888 1030 1134 1089 meam,
1167 1020 1240 1076 ut
1268 1010 1509 1078 iterum
1547 1031 1812 1078 sternam
1859 1032 2007 1077 eam
2060 1034 2076 1077 ε
2123 1033 2318 1080 nemo
2360 1012 2536 1081 tollit
2581 1036 2722 1083 eam
2761 1038 2805 1081 a
2851 1038 2958 1083 me
3004 1042 3027 1082 .·
3067 1015 3183 1084 sed
3218 1038 3333 1108 eqo
3369 1037 3547 1107 pono
3578 985 3796 1100 3ἔέῗῖ

363 1149 509 1197 eam
556 1150 601 1193 a
635 1147 742 1193 me
791 1126 933 1219 {vso
985 1151 1009 1193 .·
1044 1137 1443 1218 potestatem
1495 1125 1701 1194 habeo
1732 1124 2036 1219 ponendi
2076 1151 2267 1211 eam,
2306 1140 2370 1196 et
2422 1128 2664 1198 iterum
2706 1130 3016 1199 sumendi
3060 1155 3208 1199 eam
3235 1157 3270 1197 n
3310 1157 3332 1198 .-
3361 1158 3396 1197 «
3428 1131 3549 1198 Hic
3601 1108 3774 1213 ζξζξζ

361 1243 652 1312 animam
677 1241 837 1311 dicit
863 1240 1191 1312 emissam.
1226 1243 1285 1310 A
1314 1264 1449 1333 quo
1477 1241 1713 1312 emissa
1739 1248 1885 1311 est?
1926 1244 1989 1312 A
2027 1243 2239 1337 seipsa
2283 1266 2418 1313 nou
2445 1250 2543 1313 est
2568 1246 2804 1315 emissa
2824 1300 2842 1333 ,
2893 1247 3051 1338 quia
3087 1247 3374 1338 seipsam
3414 1268 3548 1315 non
3578 1232 3795 1339 {¹2an

361 1359 615 1454 posuit,
671 1380 792 1428 nec
842 1357 1142 1431 Verbum
1187 1358 1479 1427 animam
1522 1358 1764 1452 posuit,
1820 1381 1940 1428 nec
1991 1381 2280 1430 carnem.
2338 1359 2504 1431 Caro
2557 1383 2715 1451 ergo
2773 1363 3065 1432 animam
3117 1365 3381 1456 posuit,
3438 1363 3550 1432 sed
3578 1357 3774 1401 ffi'fflm·

362 1481 676 1570 potestate
702 1475 774 1544 in
801 1497 869 1545 se
915 1482 1222 1543 manente
1261 1475 1541 1545 deitatis.
1573 1498 1612 1541 π
1644 1475 1947 1546 Potentia
1971 1499 2132 1566 ergo
2160 1476 2417 1547 deitatis
2459 1478 2682 1547 anima
2724 1479 2935 1548 divisa
2972 1487 3069 1549 est
3111 1502 3152 1548 a
3190 1502 3410 1565 carne,
3440 1480 3552 1548 sed

361 1598 676 1663 neutrum
704 1614 745 1660 a
770 1591 991 1662 Verbo
1016 1591 1157 1659 Dei.
1192 1590 1383 1661 Unde
1409 1592 1828 1681 Augustinus
1852 1598 1874 1634 ⁸
1908 1618 1925 1660 ε
1960 1619 1997 1660 α
2035 1593 2327 1663 Verbum
2357 1616 2438 1662 ex
2464 1617 2598 1686 quo
2624 1595 2910 1686 suscepit
2933 1594 3299 1679 hominem,
3332 1595 3398 1664 id
3429 1602 3550 1681 est,

360 1730 623 1778 carnem
652 1713 717 1778 et
741 1707 1057 1792 animam,
1087 1729 1435 1799 nunquam
1463 1706 1760 1800 deposuit
1783 1710 2101 1795 animam,
2134 1717 2212 1778 ut
2254 1718 2421 1779 esset
2460 1711 2682 1779 anima
2727 1735 2768 1779 a
2803 1711 3026 1781 Verbo
3062 1721 3399 1803 separata3
3443 1711 3555 1781 sed

360 1846 511 1894 caro
539 1823 759 1915 posuit
783 1822 1073 1893 animam
1102 1822 1369 1915 quando
1396 1823 1745 1915 expiravit,
1793 1847 1929 1918 qua
1967 1825 2285 1894 redeunte
2329 1825 2712 1894 resurrexit.
2756 1826 2934 1895 Mors
2977 1848 3134 1915 ergo
3171 1827 3253 1896 ad
3298 1835 3559 1919 tempus

359 1962 623 2010 carnem
659 1947 724 2008 et
762 1946 1053 2008 animam
1094 1938 1464 2030 separavit,
1513 1940 1626 2009 sed
1674 1946 1989 2015 neutrum
2032 1965 2072 2010 a
2114 1941 2317 2010 verbo
2365 1941 2506 2009 Dei.
2561 1941 2729 2010 Caro
2774 1964 2931 2031 ergo
2987 1943 3178 2034 ponit
3229 1950 3295 2010 et
3359 1943 3561 2012 sumit

359 2057 677 2142 animam,
708 2076 841 2125 non
869 2061 1183 2146 potestate
1208 2076 1353 2142 sua,
1387 2055 1498 2124 sed
1527 2064 1840 2147 potestate
1866 2056 2298 2126 inhabitantis
2341 2080 2606 2127 carnem
2645 2058 2926 2129 deitatis.
2976 2085 3012 2125 >³
3061 2059 3186 2127 Hic
3226 2057 3561 2130 evidenter

361 2172 644 2242 traditur
666 2224 683 2258 ,
740 2192 861 2239 nec
912 2170 1204 2240 animam
1259 2194 1378 2240 nec
1428 2193 1692 2241 carnem
1743 2195 1784 2241 a
1836 2172 2059 2242 Verbo
2107 2171 2227 2243 Dei
2271 2168 2343 2242 in
2405 2182 2612 2244 morte
2652 2197 2790 2244 esse
2830 2175 3148 2261 divisam,
3196 2182 3273 2244 ut
3334 2175 3559 2267 aliquo

363 2288 559 2358 modo
586 2286 800 2358 soluta
833 2288 1036 2358 fuerit
1076 2288 1261 2358 unio.
1307 2287 1498 2358 Unde
1539 2289 1990 2378 Augustinus,
2037 2302 2272 2360 contra
2313 2291 2729 2359 Felicianum
2777 2297 2799 2333 ⁸
2847 2315 2863 2358 ε
2908 2291 3103 2360 Absit
3139 2299 3216 2359 ut
3262 2290 3560 2360 Christus

368 2406 461 2475 sic
492 2402 765 2474 senserit
792 2413 1096 2491 mortem,
1126 2412 1228 2493 ut,
1256 2414 1584 2497 quantum
1614 2407 1685 2473 in
1708 2429 1776 2475 se
1804 2413 1924 2493 est,
1955 2407 2096 2475 vita
2123 2407 2326 2475 vitam
2356 2406 2713 2499 perdiderit
2753 2433 2768 2475 ε
2798 2407 2854 2474 si
2882 2407 3059 2475 enim
3098 2407 3221 2476 hoc
3247 2406 3341 2476 ita
3365 2416 3554 2494 esset,

364 2523 514 2593 vitae
551 2522 697 2593 fons
722 2522 1020 2592 aruisset.
1059 2520 1279 2591 Sensit
1316 2544 1474 2612 ergo
1515 2531 1795 2592 mortem
1852 2522 2349 2616 participatione
2395 2523 2673 2592 humani
2729 2523 3036 2609 affectus,
3084 2546 3286 2615 quem
3330 2531 3559 2616 sponte

363 2648 767 2730 susceperat,
818 2660 953 2706 non
998 2647 1254 2707 naturae
1299 2661 1434 2708 suae
1480 2638 1763 2730 perdidit
1812 2639 2212 2730 potentiam,
2259 2660 2377 2731 per
2417 2661 2620 2730 quam
2666 2647 2902 2707 cuncta
2955 2639 3267 2708 vivificat.
3329 2640 3439 2709 Sic
3487 2640 3559 2708 in

362 2755 663 2848 sepulcro
706 2754 1006 2825 Christus
1057 2768 1320 2824 carnem
1362 2779 1551 2825 suam
1606 2754 2094 2824 commoriendo
2146 2777 2283 2823 non
2336 2754 2649 2844 deseruit,
2695 2754 2864 2823 sicut
2910 2754 2981 2823 in
3031 2764 3221 2825 utero
3260 2756 3560 2846 Virginis

364 2872 812 2943 connascendo
852 2872 1184 2941 formavit.
1249 2872 1553 2941 Mortuus
1604 2880 1701 2940 est
1757 2893 1913 2961 ergo
1964 2893 2100 2941 non
2153 2871 2519 2940 discedente
2564 2871 2740 2957 vita,
2789 2870 2958 2939 sicut
3010 2893 3238 2963 passus
3282 2880 3379 2940 est
3420 2895 3556 2941 non

366 2996 679 3081 pereunte
724 2988 1037 3081 potentia.
1076 2987 1285 3058 Nemo
1329 2987 1503 3056 tollit
1548 2987 1839 3056 animam
1876 2987 2020 3079 ejus
2065 2987 2148 3055 ab
2195 3010 2308 3073 eo,
2366 2987 2527 3079 quia
2584 2995 2967 3078 potestatem
3017 2987 3216 3055 habet
3266 2987 3555 3079 ponendi

365 3114 432 3177 et
456 3105 786 3176 sumendi.
810 3095 852 3172 ἶ)
889 3106 1049 3177 Ecce
1076 3113 1142 3176 et
1178 3104 1285 3175 hic
1322 3104 1525 3174 habes
1568 3103 1905 3174 Christum
1950 3126 2087 3173 non
2130 3103 2490 3173 deseruisse
2531 3125 2795 3172 carnem
2841 3103 2914 3171 in
2956 3110 3202 3190 morte,
3244 3112 3308 3172 et
3355 3104 3563 3174 vitam

366 3246 504 3293 non
530 3223 891 3293 discessisse
928 3245 968 3290 a
1006 3229 1304 3308 mortuo,
1350 3230 1415 3290 et
1450 3221 1628 3314 quod
1670 3227 1899 3314 sponte
1934 3221 2205 3290 tradidit
2243 3221 2550 3312 spiritum
2574 3275 2593 3306 ,
2633 3243 2768 3291 non
2811 3221 2984 3290 alius
3027 3221 3319 3290 extorsit.
3371 3222 3563 3291 Unde

368 3339 759 3409 Ambrosius
783 3339 854 3406 ⁸:
898 3366 932 3405 α
956 3338 1191 3408 Emisit
1234 3337 1534 3408 Christus
1576 3337 1882 3430 spiritum
1905 3388 1923 3424 ,
1974 3345 2037 3406 et
2082 3344 2304 3406 tamen
2349 3338 2539 3429 quasi
2585 3336 2830 3406 arbiter
2873 3336 3160 3406 exuendi
3206 3337 3563 3430 suscipien-

365 3455 566 3548 dique
593 3455 921 3547 corporis:
958 3455 1176 3524 emisit
1201 3453 1532 3546 spiritum,
1564 3475 1700 3522 non
1727 3453 1947 3521 amisit
1970 3452 2332 3546 :pendebat
2354 3453 2428 3522 in
2451 3475 2669 3539 cruce,
2692 3461 2757 3523 et
2776 3453 3000 3523 omnia
3016 3453 3491 3524 commovebat.
3515 3479 3550 3522 ³>

366 3572 498 3642 Sed
524 3571 701 3641 unde
732 3571 988 3640 emisit?
1021 3571 1122 3639 Ex
1144 3592 1364 3639 carne.
1396 3568 1544 3651 Quo
1570 3568 1829 3638 emisit?
1858 3569 1965 3638 Ad
1989 3570 2279 3637 Patrem.

452 3687 817 3758 Recedente
850 3709 1006 3756 vero
1036 3687 1280 3772 anima,
1312 3693 1575 3755 mortua
1598 3694 1696 3754 est
1721 3685 1965 3755 Christi
1991 3708 2182 3768 caro;
2217 3693 2281 3756 et
2306 3686 2465 3778 quia
2492 3708 2641 3756 caro
2671 3694 2932 3755 mortua
2958 3693 3091 3772 est,
3130 3692 3433 3755 mortuus
3460 3696 3556 3757 est
3627 3714 3719 3766 ou·
3733 3726 3797 3757 r·-

365 3806 685 3875 Christus.
718 3803 906 3873 Sicut
940 3804 1118 3873 enim
1163 3810 1463 3872 mortuus
1495 3802 1737 3872 dicitur
1771 3803 1981 3889 Deus,
2029 3802 2297 3895 quando
2344 3811 2646 3872 mortuus
2693 3811 2790 3873 est
2828 3803 3062 3890 homo;
3117 3803 3212 3872 ita
3251 3811 3555 3873 mortuus
3592 3782 3785 3886 ρζξῖἶῃ.

366 3924 565 4002 homo
611 3920 877 4007 dicitur,
921 3919 1189 4013 quando
1232 3926 1495 3988 mortua
1538 3927 1634 3987 cst
1671 3942 1846 3988 car0.
1896 3918 2235 4011 Separatio
2282 3920 2561 4006 animae,
2617 3942 2793 3989 mors
2836 3920 3050 3988 carnis
3092 3919 3243 3988 fuit.
3278 3919 3555 4013 Propter
3594 3902 3788 4009 ἓξὲξ,

364 4062 629 4109 carnem
658 4059 814 4128 ergo
840 4037 1097 4106 unitam
1113 4036 1335 4106 Verbo
1345 4089 1363 4123 ,
1390 4058 1542 4128 quae
1570 4043 1833 4105 mortua
1857 4042 1987 4124 est,
2018 4036 2260 4105 dicitur
2285 4038 2459 4106 Deus
2484 4044 2812 4124 mortuuS,
2832 4044 2896 4105 et
2914 4043 3179 4130 propter
3203 4059 3467 4106 carnem
3492 4043 3556 4105 et
3579 4033 3802 4086 “mu'’

365 4157 657 4225 animam
685 4177 838 4248 quae
870 4162 1152 4246 utraque
1179 4153 1474 4223 dolorem
1502 4152 1726 4240 sensit,
1757 4152 2000 4222 dicitur
2024 4154 2203 4223 Deus
2249 4176 2500 4246 passuS,
2526 4176 2678 4223 cum
2725 4153 3034 4224 divinitas
3061 4153 3275 4222 omnis
3309 4151 3556 4223 doloris

365 4296 557 4343 exors
582 4273 905 4342 existeret.
946 4271 1129 4340 Unde
1155 4271 1571 4361 Augustinus
1596 4276 1618 4308 ⁸
1651 4296 1668 4340 ε
1699 4269 2049 4340 «Verbum
2077 4293 2227 4340 caro
2255 4271 2500 4340 factum
2528 4278 2649 4357 est,
2680 4278 2756 4339 ut
2785 4291 2903 4362 per
2927 4290 3188 4338 carnem
3214 4269 3404 4362 panis
3422 4291 3558 4358 ,coe-

363 4392 546 4462 lestis
571 4390 654 4460 ad
681 4390 963 4459 infantes
988 4388 1294 4457 transiret
1319 4414 1338 4474 ;
1371 4395 1435 4457 et
1462 4387 1825 4457 secundum
1854 4387 1976 4456 hoc
2001 4388 2220 4480 ipsum
2248 4388 2547 4459 Verbum
2575 4386 2968 4458 crucifixum
2994 4394 3124 4472 est,
3155 4386 3267 4454 sed
3296 4406 3432 4454 non
3461 4394 3558 4454 est

366 4516 697 4578 mutatum
726 4507 798 4575 in
827 4505 1161 4575 hominem
1205 4532 1220 4573 ε
1252 4504 1451 4574 homo
1479 4504 1549 4572 in
1576 4503 1692 4573 illo
1720 4511 2013 4573 mutatus
2038 4513 2160 4591 est,
2192 4511 2270 4573 ut
2295 4505 2528 4573 melior
2554 4503 2744 4573 fieret
2770 4526 2973 4595 quam
3016 4510 3176 4571 erat.
3219 4502 3348 4572 Per
3383 4502 3557 4573 illud

366 4645 525 4714 ergo
552 4622 731 4715 quod
762 4622 961 4691 homo
987 4627 1151 4707 erat,
1181 4628 1485 4690 mortuus
1516 4627 1613 4689 est
1649 4620 1827 4689 Deus
1858 4644 1875 4688 ε
1907 4628 1972 4690 et
1997 4643 2116 4713 per
2158 4620 2329 4689 illud
2365 4619 2546 4712 quod
2572 4619 2748 4689 Deus
2781 4628 2955 4705 erat,
2998 4618 3199 4688 homo
3241 4619 3558 4688 excitatus

366 4749 488 4825 est,
515 4748 581 4810 et
605 4738 989 4824 resurrexit,
1018 4748 1083 4806 et
1107 4737 1397 4806 ascendit
1421 4737 1493 4805 in
1518 4737 1784 4807 coelum.
1821 4736 2155 4829 Quidquid
2183 4758 2411 4827 passus
2437 4744 2533 4805 est
2559 4737 2783 4821 homo,
2832 4757 2966 4803 non
2997 4741 3208 4826 potest
3250 4734 3379 4803 dici
3420 4756 3557 4803 non

365 4880 596 4951 passus
620 4856 821 4942 Deus,
851 4855 1169 4946 quoniam
1218 4853 1393 4923 Deus
1437 4862 1576 4924 erat
1619 4854 1866 4935 homo;
1919 4853 2252 4946 quomodo
2301 4874 2436 4922 non
2485 4860 2667 4943 potes
2719 4851 2932 4920 dicere
2979 4871 3117 4919 non
3173 4857 3236 4919 te
3291 4873 3558 4943 passum

367 4975 709 5067 injuriam,
740 4974 797 5042 si
823 4972 1019 5043 vestis
1046 4980 1162 5040 tua
1192 4971 1653 5041 conscindatur
1672 5024 1691 5058 ,
1722 4969 2030 5063 quamvis
2056 4969 2256 5039 vestis
2295 4976 2410 5038 tua
2448 4991 2584 5037 non
2609 4968 2696 5036 sit
2734 4976 2812 5036 tu
2846 4995 2863 5038 ε
2897 4967 3110 5037 multo
3152 4968 3361 5058 magis
3399 4990 3558 5058 ergo

371 5088 699 5184 quidquid
725 5089 973 5181 patitur
997 5109 1147 5158 caro
1173 5088 1364 5157 unita
1388 5087 1636 5173 Verbo,
1663 5086 1855 5156 debet
1876 5085 2007 5155 dici
2052 5085 2229 5154 Deus
2269 5084 2444 5178 pati,
2493 5084 2646 5153 licet
2686 5083 2989 5153 Verbum
3025 5105 3146 5152 nec
3193 5083 3390 5171 mori,
3437 5106 3559 5155 nec

438 5236 459 5269 ¹
486 5235 637 5299 Aug„
667 5232 722 5284 in
735 5233 878 5285 Joan.
897 5232 1116 5297 Evany„
1144 5234 1295 5283 tract.
1324 5241 1488 5295 nvn,
1515 5245 1570 5281 n.
1603 5234 1680 5293 ¹0,
1719 5234 1795 5293 1¹,
1822 5230 1992 5297 quoad
2018 5243 2246 5282 sensum.
2283 5254 2340 5265 —
2366 5230 2390 5266 ²
2412 5230 2578 5291 loon„
2607 5240 2660 5293 x,
2691 5228 2769 5278 ts.
2812 5253 2875 5265 —
2907 5227 2929 5263 ⁸
2955 5228 3121 5294 Aug„
3149 5226 3250 5279 loc.
3286 5241 3411 5280 mox
3449 5228 3557 5294 cit„

373 5313 528 5381 paulo
545 5314 773 5367 Metius.
799 5338 863 5352 —
881 5313 905 5349 δ
931 5311 1028 5375 ld„
1047 5310 1110 5363 de
1135 5311 1262 5362 unit.
1284 5311 1486 5371 Trinit„
1505 5311 1576 5362 ad
1587 5310 1848 5375 Optatam,
1872 5325 1919 5361 c.
1945 5319 2057 5361 xlv.
2078 5335 2134 5347 —
2156 5310 2178 5345 ⁸
2197 5309 2395 5371 Ambr„
2418 5307 2478 5358 de
2494 5309 2690 5359 [neam.
2716 5307 2940 5371 Domini,
2963 5322 3012 5360 c.
3035 5319 3088 5371 V,
3115 5321 3170 5359 n.
3193 5308 3382 5361 39.-⁸
3401 5309 3557 5374 Aug„

376 5387 566 5442 Enarr.
592 5386 647 5467 ιη
673 5387 752 5438 Ρε.
782 5395 940 5453 cxxx,
966 5396 1020 5438 u.
1052 5386 1139 5446 ²⁰3
1167 5383 1256 5434 sed
1278 5382 1443 5456 prima
1460 5383 1620 5433 verba
1643 5385 1884 5454 excerpta
1911 5385 2032 5432 sunt
2060 5394 2088 5433 e
2116 5380 2248 5434 libro
2279 5381 2654 5439 Sententiarum
2676 5379 2938 5450 Prosperi,
2967 5394 3012 5430 c.
3045 5390 3235 5436 ecurt.
