4185 6288
1628 484 2008 553 nISTlNc‘r.
2046 486 2175 552 XV.
3382 493 3500 555 329

310 621 564 691 tradere
614 621 880 692 videtur
924 621 1259 692 Christum
1314 644 1432 691 nec
1482 643 1637 691 vere
1688 622 2007 710 timuisse,
2067 646 2185 693 nec
2238 645 2391 694 vere
2439 622 2770 692 tristatum
2823 643 2959 690 esse
2984 674 3002 708 ,
3060 622 3282 692 dicens
3333 623 3425 693 sic
3475 650 3491 692 z
3526 665 3741 708 mem,

323 763 359 804 ι
378 736 720 820 Quomodo
747 737 869 808 hoc
893 738 1075 826 dicit,
1104 739 1223 831 qui
1251 744 1585 830 peccatum
1612 761 1747 810 non
1770 740 1944 826 fecit,
1987 762 2109 809 nec
2151 740 2465 809 inventus
2519 748 2616 808 est
2664 738 2856 807 dolus
2901 737 2972 805 in
3001 761 3114 807 ore
3143 738 3287 830 ejus
3307 744 3339 807 Ἰ
3369 740 3498 809 Sed
3529 727 3737 770 'mmm‘

318 853 504 922 nobis
526 852 611 923 de
637 876 910 947 corpore
935 878 1057 925 suo
1081 855 1205 925 hoc
1244 855 1401 925 dicit
1437 882 1453 924 ε
1496 856 1787 949 corporis
1843 857 2020 926 enim
2066 858 2196 944 sui,
2246 858 2316 927 id
2356 866 2452 927 est
2491 857 2788 926 Ecclesiae
2823 855 3090 945 gerebat
3127 878 3496 948 personam,

315 969 483 1040 sicut
506 977 571 1039 et
602 971 767 1039 alibi
791 1023 810 1058 ,
839 994 991 1040 cum
1017 971 1174 1041 dicit
1203 979 1222 1015 ¹
1256 996 1273 1039 ε
1311 975 1629 1041 Transeat
1684 996 1727 1040 α
1780 996 1887 1042 me
1938 974 2118 1042 calix
2170 976 2317 1060 iste,
2374 996 2494 1066 pro
2551 973 2740 1043 nohis
2787 972 3132 1064 loquitur:
3183 972 3311 1040 nisi
3336 971 3504 1041 forte

319 1094 586 1177 putetur
613 1087 911 1157 timuisse
948 1089 1116 1157 mori
1155 1114 1170 1156 τ
1201 1088 1313 1158 sed
1352 1110 1487 1157 non
1521 1111 1674 1159 vere
1718 1088 1989 1159 timebat
2036 1089 2358 1159 Dominus
2403 1089 2564 1182 pati,
2612 1089 2807 1157 tertio
2843 1088 2950 1157 die
2990 1095 3501 1174 resurrecturus,

317 1224 469 1272 cum
497 1203 755 1273 arderet
783 1204 1036 1274 Paulus
1065 1215 1088 1249 ¹
1114 1203 1403 1288 dissolvi,
1439 1217 1502 1273 et
1544 1228 1677 1274 esse
1717 1228 1867 1276 cum
1912 1206 2176 1276 Christo
2209 1259 2225 1275 .
2272 1205 2421 1274 Non
2461 1206 2636 1274 enim
2682 1205 2914 1275 fortior
2940 1213 3036 1273 est
3062 1204 3273 1291 miles,
3304 1228 3506 1296 quam

319 1318 697 1411 imperator.
769 1320 958 1390 Miles
1028 1320 1206 1389 enim
1276 1322 1689 1390 coronandus
1752 1322 1995 1412 gaudet
2065 1323 2272 1408 mori,
2341 1330 2408 1390 et
2471 1321 2794 1390 Dominus
2842 1329 3273 1390 coronaturus
3321 1321 3508 1390 timet

245 1462 260 1472 ·
321 1443 600 1506 mortem
626 1441 660 1504 ‘l
688 1437 816 1507 Sed
859 1437 1310 1506 infirmitatem
1358 1446 1649 1507 nostram
1693 1445 2183 1529 reproesentanS,
2217 1460 2336 1530 pro
2368 1438 2505 1508 suis
2544 1436 2830 1505 infirmis
2878 1436 2996 1529 qui
3034 1437 3270 1506 timent
3308 1438 3502 1526 mori,

319 1551 459 1622 haec
482 1553 670 1622 dixit.
705 1554 858 1624 Vox
881 1553 1001 1623 illa
1028 1554 1480 1624 membrorum
1516 1555 1602 1647 (α)
1634 1563 1808 1642 erat,
1838 1578 1974 1625 non
2017 1554 2270 1647 capitis.
2312 1578 2348 1620 ι(
2372 1552 2816 1645 Hieronymus
2868 1553 3065 1622 etiam
3101 1554 3194 1622 ait
3221 1557 3243 1591 ⁸
3283 1579 3299 1622 ε
3341 1554 3509 1623 Eru-

321 1670 586 1766 bescant
627 1670 747 1763 qui
775 1678 1008 1762 putant
1036 1671 1444 1741 Salvatorem
1473 1672 1769 1742 timuisse
1799 1680 2074 1742 mortem
2094 1723 2113 1758 ,
2150 1679 2215 1739 et
2241 1670 2557 1763 passionis
2581 1692 2823 1762 pavore
2848 1670 3086 1738 dixisse
3117 1695 3133 1738 t
3192 1674 3508 1740 Transeat

324 1811 367 1855 α
396 1810 502 1855 me
530 1787 710 1857 cali-z
736 1787 887 1856 iste.
919 1812 956 1852 n

415 1903 510 1971 Ne
536 1911 758 1973 autem
784 1903 856 1972 in
882 1904 1117 1973 sanctis
1144 1904 1381 1975 litteris
1421 1904 1649 1999 aliqua
1693 1904 1967 1975 adversa
2001 1904 2344 1974 diversitas
2383 1927 2519 1973 esse
2568 1911 2859 1996 putetur,
2892 1904 3131 1973 harum
3159 1905 3509 1974 auctorita·
3602 1949 3747 1993 nem,

325 2027 472 2087 tum
497 2018 700 2087 verba
730 2019 804 2087 in
830 2020 1006 2089 hunc
1048 2021 1318 2090 modum
1368 2020 1741 2113 accipienda
1782 2021 2088 2107 dicimus,
2140 2028 2216 2089 ut
2260 2043 2393 2090 non
2435 2020 2776 2089 veritatem
2818 2020 3073 2089 timoris
3110 2027 3176 2089 et
3200 2020 3500 2109 tristitiae,
3554 2013 3733 2117 2¹:132?ss

322 2133 436 2203 vel
488 2135 972 2228 propassionem
1025 2144 1073 2223 ⁴,
1131 2137 1242 2206 sed
1311 2137 1567 2207 timoris
1628 2146 1692 2206 et
1758 2138 2033 2208 tristitiae
2092 2138 2537 2208 necessitatem
2611 2145 2676 2206 et
2738 2138 3104 2228 passionem
3158 2162 3199 2207 a
3247 2137 3506 2207 Christo
3531 2142 3682 2183 mm·

327 2253 681 2321 removisse
718 2251 1199 2341 intelligantur.
1249 2254 1497 2323 Habuit
1540 2254 1719 2323 enim
1764 2253 2062 2324 Christus
2104 2278 2337 2323 verum
2384 2255 2683 2323 timorem
2724 2261 2788 2322 et
2815 2253 3145 2322 tristitiam
3173 2254 3243 2322 in
3272 2262 3510 2323 natura

328 2367 640 2453 hominis,
681 2368 795 2437 sed
838 2391 974 2438 non
1019 2371 1187 2440 sicut
1226 2393 1370 2458 nos,
1413 2371 1531 2463 qui
1578 2393 1809 2440 sumus
1855 2370 2152 2441 membra
2193 2372 2356 2463 ejus.
2410 2369 2541 2439 Nos
2585 2370 2764 2438 enim
2799 2392 2995 2438 causa
3037 2369 3279 2461 peccati
3305 2371 3511 2437 nostri

327 2485 436 2553 his
459 2484 820 2555 defectibus
846 2487 1206 2557 necessario
1234 2485 1672 2579 subjacemuS,
1704 2495 1770 2556 et
1797 2487 1866 2556 in
1897 2488 2087 2558 nobis
2124 2497 2277 2557 sunt
2313 2487 2421 2555 isti
2449 2486 2737 2555 defectus
2765 2484 3124 2554 secundum
3154 2487 3514 2578 propassio-

328 2624 485 2671 nem
525 2612 590 2672 et
615 2603 1044 2695 ,passionem3
1092 2603 1204 2673 sed
1244 2603 1324 2670 in
1371 2603 1654 2690 Christo,
1705 2604 1969 2673 nonnisi
2012 2603 2375 2672 secundum
2423 2584 2930 2694 propassionem.
2982 2600 3167 2669 Sicut
3213 2603 3390 2670 enim
3443 2603 3514 2671 in

329 2718 607 2810 peccatis
642 2719 885 2809 gradus
927 2719 1200 2812 quidam
1244 2727 1561 2789 notantur
1611 2721 1944 2813 propassio
1981 2728 2046 2789 et
2094 2720 2331 2813 passi0,
2380 2719 2473 2789 ita
2514 2732 2579 2788 et
2624 2720 2694 2787 in
2740 2719 3108 2810 poenalibus
3152 2717 3509 2790 effectibus·

329 2834 644 2904 Afficitnr
692 2836 872 2906 enim
916 2837 1067 2928 quis
1112 2835 1446 2906 interdum
1491 2837 1726 2907 timore
1777 2838 1882 2905 vel
1931 2837 2217 2923 tristitia,
2267 2837 2362 2905 ita
2402 2844 2477 2904 ut
2519 2836 2754 2904 mentis
2792 2833 3163 2903 intellectus
3200 2858 3335 2904 non
3361 2836 3515 2905 inde

333 2961 679 3020 moveatur
707 2975 746 3021 a
770 2952 1159 3022 rectitudine
1189 2954 1293 3021 vel
1332 2953 1451 3022 Dei
1492 2955 2039 3048 contemplatione
2075 2979 2089 3022 :
2139 2962 2202 3022 et
2240 2960 2396 3022 tunc
2441 2952 2772 3045 propassio
2800 2960 2917 3020 est.
2950 2952 3331 3045 Aliquando
3361 2975 3516 3023 vero

335 3077 642 3140 movetur
667 3076 733 3138 et
759 3068 1064 3138 turbatur
1097 3095 1112 3137 ε
1157 3077 1222 3138 et
1267 3077 1425 3139 tunc
1465 3069 1678 3163 passio
1709 3079 1827 3140 est.
1871 3071 2169 3142 Christus
2214 3093 2372 3139 vero
2410 3093 2543 3140 non
2592 3070 2721 3139 fuit
2748 3069 2839 3138 ita
2866 3069 3172 3138 turbatus
3198 3069 3270 3138 in
3297 3069 3518 3139 anima

334 3189 571 3255 timore
598 3186 704 3255 vel
733 3186 1021 3275 tristitia,
1052 3195 1194 3256 uta
1237 3188 1625 3257 rectitudine
1666 3188 1773 3259 vel
1818 3212 1858 3257 a
1897 3188 2017 3259 Dei
2061 3188 2609 3281 contemplatione
2648 3188 3068 3280 aliquatenus
3109 3187 3466 3258 declinaret
3497 3213 3514 3256 ε

338 3304 706 3373 secundum
733 3325 934 3396 quem
963 3303 1235 3374 modum
1263 3305 1683 3394 intelligitur,
1723 3327 1878 3373 cum
1918 3304 2165 3375 dicitur
2207 3305 2313 3375 vel
2356 3304 2674 3392 timuisse,
2711 3305 2816 3373 vel
2850 3304 3049 3373 tristis
3075 3305 3298 3373 fuisse.
3328 3303 3517 3373 Unde

340 3420 827 3511 Hieronymus,
882 3442 1075 3514 super
1137 3420 1564 3508 Matthoeum,
1622 3420 1739 3490 ubi
1792 3421 2034 3510 legitur
2082 3427 2154 3490 ⁸:
2217 3422 2432 3515 Coepit
2474 3421 2860 3491 contristari
2909 3433 2973 3490 et
3026 3433 3295 3490 moestus
3334 3442 3466 3490 esse
3494 3447 3516 3487 .·

342 3564 380 3603 α
418 3537 504 3606 Ut
520 3536 883 3625 veritatem,
915 3536 1135 3629 inquit
1152 3545 1200 3624 ⁸,
1231 3537 1534 3629 probaret
1551 3539 1868 3630 assumpti
1894 3538 2206 3624 hominiS,
2233 3561 2384 3608 vere
2411 3537 2827 3608 contristatus
2853 3546 2979 3624 est;
3013 3538 3126 3606 sed
3155 3560 3287 3606 non
3306 3538 3518 3629 passio

338 3655 487 3746 ejus
525 3653 908 3723 dominatur
951 3654 1196 3739 anim0,
1236 3675 1467 3721 verum
1512 3654 1844 3745 propassio
1879 3662 1996 3724 est.
2047 3655 2238 3723 Unde
2269 3656 2359 3724 ait
2398 3681 2413 3723 :
2466 3655 2681 3747 Coepic
2726 3638 3133 3723 contristari.
3189 3652 3392 3722 Aliud
3425 3661 3522 3722 est

339 3772 523 3840 enim
548 3770 946 3857 contristari,
995 3770 1180 3839 aliud
1224 3770 1512 3862 incipere
1554 3771 1923 3843 contristari
1959 3796 1975 3839 ε
2006 3798 2041 3838 »
2090 3772 2270 3865 quod
2322 3780 2442 3858 est,
2488 3768 2681 3840 aliter
2727 3771 3146 3841 contristatur
3203 3770 3353 3862 quis
3405 3792 3521 3861 per

339 3887 859 3980 propassionem,
890 3886 1081 3956 aliter
1105 3909 1223 3979 per
1261 3887 1651 3979 passionem.
1693 3888 1979 3980 Ideoque
2015 3888 2377 3957 secundum
2424 3889 2594 3957 hanc
2638 3888 3120 3958 distinctionem
3163 3886 3520 3979 aliquando

340 4002 586 4071 dicitur
610 4001 912 4071 Christus
964 4025 1099 4072 non
1153 4025 1307 4072 vere
1358 4004 1681 4090 timuisse,
1738 4004 2095 4097 aliquando
2148 4026 2301 4072 vere
2356 4003 2676 4088 timuisse,
2732 4005 2890 4096 quia
2940 4025 3172 4074 verum
3215 4003 3522 4071 timorem

340 4119 577 4188 habuit
602 4126 667 4188 et
714 4118 1069 4207 tristitiam,
1128 4119 1240 4189 sed
1287 4142 1421 4189 non
1470 4120 1828 4189 secundum
1869 4121 2262 4214 passionem,
2315 4143 2527 4213 neque
2571 4142 2653 4189 ex
2701 4120 3075 4190 necessitate
3101 4120 3514 4190 conditionis.

337 4236 533 4305 Unde
560 4235 974 4325 Augustinus
999 4259 1078 4304 ex
1118 4235 1223 4306 his
1258 4236 1470 4306 causis
1509 4235 1738 4305 volens
1781 4238 2026 4307 assumi
2070 4238 2398 4307 dictorum
2438 4237 2973 4327 intelligentiam,
3004 4236 3161 4305 dicit
3186 4236 3521 4306 Christum

338 4375 477 4421 non
528 4374 683 4420 vere
738 4352 1033 4422 timuisse
1077 4354 1182 4421 vel
1230 4353 1561 4423 tristatum
1597 4375 1758 4440 esse,
1797 4362 1861 4423 et
1903 4354 2343 4423 incontinenti
2394 4376 2623 4423 veram
2669 4353 2998 4422 tristitiam
3045 4352 3374 4438 habuisse,
3419 4351 3523 4422 his

338 4468 562 4538 verbis
586 4474 608 4508 '¹
642 4493 658 4535 ε
697 4467 1061 4538 «Infirmos
1088 4467 1173 4559 (b)
1204 4468 1275 4539 in
1302 4488 1369 4537 se
1395 4469 1793 4560 praesignans
1831 4469 2177 4557 Dominus,
2216 4472 2310 4539 ait
2342 4496 2357 4539 ε
2390 4475 2617 4558 Pater,
2655 4472 2715 4540 si
2745 4472 2901 4562 fieri
2930 4483 3190 4564 potest,
3225 4483 3523 4540 transeat

343 4610 390 4655 a
420 4609 523 4654 me
550 4585 730 4654 calix
755 4585 901 4653 iste.
937 4611 973 4651 α
1004 4584 1153 4653 Non
1191 4585 1368 4655 enim
1398 4607 1551 4654 vere
1595 4586 1864 4657 timebat
1901 4586 2226 4657 Dominus
2260 4589 2420 4680 pati,
2465 4588 2656 4658 tertia
2695 4588 2801 4658 die
2828 4596 3335 4675 resurrecturuS,
3370 4611 3523 4658 cum

344 4702 601 4771 arderet
627 4700 881 4770 Paulus
935 4700 1230 4787 dissolvi,
1283 4709 1348 4769 et
1399 4724 1536 4771 esse
1589 4725 1742 4772 cum
1795 4703 2075 4773 Christo,
2136 4706 2262 4773 Iste
2315 4706 2559 4794 gaudet
2596 4706 3034 4793 coronandus,
3090 4712 3154 4773 et
3201 4705 3404 4775 tristis
3431 4711 3527 4776 est

343 4819 668 4888 Dominus
706 4826 1137 4887 coronaturus
1159 4822 1191 4886 Ἰ
1229 4844 1265 4884 »
1291 4818 1452 4888 Ecce
1502 4819 1610 4888 hic
1650 4820 1913 4890 videtur
1952 4820 2287 4890 tristitiam
2332 4829 2397 4890 et
2440 4822 2742 4891 timorem
2790 4844 2831 4889 a
2870 4821 3119 4891 Christo
3159 4842 3519 4892 removere.

348 4932 678 5005 Continuo
730 4940 952 5003 autem
1005 4934 1397 5025 subjunxit:
1439 4960 1476 5001 α
1503 4936 1634 5005 Sed
1688 4936 2017 5007 tristitiam
2068 4936 2162 5005 sic
2215 4938 2590 5029 assumpsit,
2644 4938 2975 5030 quomodo
3028 4960 3313 5006 carnem.
3369 4936 3526 5008 Fuit

351 5050 524 5121 enim
549 5050 779 5138 tristis,
831 5049 1001 5118 sicut
1025 5050 1463 5141 Evangelium
1499 5051 1678 5121 dicit.
1732 5052 1806 5121 Si
1849 5053 2028 5122 enim
2067 5052 2269 5121 tristis
2312 5075 2447 5122 non
2490 5053 2640 5141 fuit,
2687 5075 2840 5123 cum
2868 5053 3287 5144 Evangelista
3308 5053 3518 5124 dicat:

414 5249 433 5285 ¹
451 5248 657 5311 Mami„
683 5256 827 5308 xxm,
852 5246 933 5296 39.
950 5270 1016 5285 -
1032 5245 1058 5281 ¹
1077 5245 1284 5312 Philip„
1307 5261 1345 5311 1,
1365 5250 1444 5300 23.
1463 5274 1525 5287 —
1541 5249 1565 5285 θ
1583 5249 1817 5316 Hieron„
1845 5251 1899 5299 in
1920 5249 2102 5301 Mami.
2128 5276 2189 5289 -
2205 5250 2228 5286 δ
2254 5252 2331 5301 De
2360 5252 2600 5316 passione
2633 5255 2686 5303 et
2709 5251 3045 5317 propassione
3080 5252 3279 5304 timoris
3312 5253 3529 5308 tristitias

353 5333 538 5386 snpra„
565 5320 656 5371 lib.
688 5319 753 5381 11,
778 5316 895 5368 dist.
921 5328 1173 5368 xmn.-
1190 5318 1435 5382 ⁸Mateh„
1452 5332 1596 5384 xxv1,
1627 5324 1772 5374 32—
1789 5323 1812 5359 ⁸
1838 5321 2050 5374 Hieron.
2083 5322 2136 5370 in
2166 5322 2410 5373 Matth.—
2429 5324 2618 5389 ung„
2647 5326 2697 5375 in
2727 5325 2806 5375 1²³.
2827 5335 2976 5393 11:111,
2995 5326 3072 5388 15,
3097 5325 3275 5377 Enarr.
3303 5339 3354 5382 n.
3379 5329 3455 5381 ¹9.

415 5463 474 5529 (a)
506 5464 631 5516 cm.
661 5424 780 5514 edei.
811 5464 929 5514 vox
956 5463 1184 5516 morum.
1209 5490 1272 5502 -
1299 5463 1369 5528 (b)
1400 5463 1483 5515 Al.
1515 5464 1754 5517 habuisse
1782 5482 1794 5516 :
1834 5464 1924 5519 ui·
1951 5466 2126 5518 vorbis
2152 5465 2398 5521 infirmos.
