4185 6288
1683 529 2058 599 ms‘rmc'r.
2110 528 2183 593 ll.
3441 525 3511 585 31

303 667 377 733 ad
393 670 645 733 sextam
669 671 931 733 aetatem
959 667 1083 733 fuit
1106 666 1394 731 dilatum.
1423 662 1644 744 Neque
1667 676 1856 743 prop·
1967 671 2304 736 nunquam
2322 652 2521 717 defuit
2538 652 2794 717 divinus
2810 667 3183 715 succursus:
3206 665 3362 713 nam
3379 647 3518 730 ipsa

306 777 397 840 ter
429 774 781 840 utilitatem
818 775 1189 858 aliquarum
1229 788 1647 857 personarum
1683 768 1857 833 exis-
1964 761 2351 845 expectatio,
2382 763 2445 824 et
2479 759 2636 823 fides
2670 757 2874 822 futuri
2912 757 3228 822 adventus
3256 759 3394 820 erat
3419 754 3513 819 eis

306 882 578 945 tentium
606 881 679 946 in
710 882 1036 965 prioribus
1062 876 1353 946 aetatibus
1375 875 1711 942 accelerari
1738 873 1855 939 de-
1966 870 2036 933 in
2088 866 2449 933 remedium
2503 864 2783 930 salutare
2835 866 2902 928 et
2955 863 3477 928 sustentationem
3495 908 3516 941 ,

300 987 434 1052 huit
454 987 765 1054 divinum
782 987 1212 1053 beneficium:
1244 984 1482 1069 placuit
1509 983 1685 1048 enim
1711 980 1855 1045 uni·
1965 993 2302 1059 quousque
2351 974 2599 1039 veniret
2647 972 2751 1036 ille
2815 972 2930 1053 qui
2986 973 3514 1036 consummaret:

301 1094 622 1159 versitatis
646 1095 972 1160 Conditori
997 1095 1066 1159 in
1095 1094 1236 1159 aliis
1260 1109 1518 1158 servare
1546 1089 1853 1155 severita-
1967 1083 2141 1148 unde
2183 1080 2364 1145 omni
2406 1084 2694 1162 tempore
2739 1079 2998 1143 fuerunt
3045 1078 3260 1161 aliqua
3300 1095 3516 1142 sacra-

298 1203 424 1264 tem
446 1200 754 1283 justitiae,
785 1202 856 1266 in
890 1201 1030 1266 aliis
1057 1200 1462 1266 manifestare
1486 1195 1852 1277 benignita·
1965 1194 2213 1266 menta,
2242 1206 2391 1271 quae
2428 1186 2782 1252 attulerunt
2805 1185 3000 1268 aegris
3021 1185 3380 1251 remedium
3411 1205 3516 1250 sa-

298 1310 427 1372 tem
459 1308 941 1374 misericordias.
1964 1298 2211 1362 lutare:
2241 1296 2388 1359 licet
2426 1293 2572 1373 alia,
2608 1298 2674 1358 et
2711 1293 2780 1357 in
2802 1293 3071 1358 diversis
3096 1291 3332 1357 fuerint
3356 1296 3515 1356 tem-

372 1414 475 1480 Ad
514 1414 679 1480 illud
715 1416 891 1499 quod
933 1414 1277 1499 opponitur
1302 1413 1383 1479 de
1422 1429 1633 1494 aegr0‚
1677 1409 1850 1493 quod
1962 1405 2226 1488 poribus
2263 1401 2583 1481 instituta,
2614 1401 2778 1466 sicut
2811 1402 3007 1466 etiam
3035 1401 3199 1465 libro
3225 1404 3457 1482 quarto
3490 1407 3511 1441 ¹

297 1522 512 1586 statim
560 1523 750 1589 debet
795 1522 855 1587 ei
908 1521 1228 1602 succurri,
1285 1519 1629 1585 dicendum
1677 1515 1849 1600 quod
1963 1512 2326 1598 expressius
2346 1510 2622 1578 habetur
2646 1510 3142 1575 manifestatum.

1476 1906 2217 2004 DISTINCTIO
2295 1908 2391 2001 ΙΙ

354 2146 536 2228 QUOD
582 2168 795 2216 ‘toran
841 2167 1147 2215 numum
1193 2167 1486 2215 aarum
1542 2166 1802 2213 AccnPrr
1822 2195 1841 2230 ,
1894 2164 2140 2212 camum
2194 2162 2516 2209 vlnnmcss‘r
2570 2162 2648 2207 ET
2701 2161 2968 2225 ΔΝῙΠΔΜ,
3010 2161 3197 2217 mour.
3239 2161 3468 2226 smm.;

1344 2282 1591 2331 camma
1631 2282 1842 2329 Tam
1891 2279 2208 2329 ammaum
2260 2279 2477 2326 mma·

387 2487 472 2555 Et
497 2486 664 2578 quia
687 2486 761 2554 in
791 2485 1063 2554 homine
1090 2491 1224 2553 tota
1250 2483 1546 2552 humana
1572 2490 1813 2559 natura
1849 2482 2012 2551 vitio
2055 2489 2364 2572 corrupta
2405 2489 2579 2568 erat,
2628 2487 2828 2550 totam
2865 2480 3252 2570 assumpsit,
3296 2479 3365 2548 id
3392 2487 3489 2548 est
3564 2503 3627 2545 ne
3660 2503 3728 2546 in.

302 2604 591 2672 animam
619 2609 687 2670 et
709 2623 1001 2685 carnem,
1030 2606 1107 2668 ut
1134 2608 1335 2668 totam
1363 2607 1623 2668 curaret
1648 2606 1714 2667 et
1746 2597 2200 2666 sanctificaret.
2232 2596 2423 2679 Quod
2451 2603 2671 2665 autem
2701 2595 3009 2665 humanae
3036 2603 3318 2681 naturae,
3349 2595 3487 2663 sive
3535 2578 3689 2672 ἳζῖἵ

3508 2702 3719 2745 persone,
3774 2729 3779 2734 ,

303 2717 732 2787 humanitatis
749 2716 1070 2784 vocabulo
1094 2716 1381 2784 animaet
1405 2737 1556 2783 caro
1584 2714 1868 2803 intelligi
1896 2714 2200 2800 debeant,
2231 2723 2449 2805 aperte
2476 2714 2663 2782 docet
2686 2713 3133 2803 Hieronymus
3164 2711 3234 2780 in
3262 2713 3487 2803 Ezpo-
3534 2758 3623 2801 ‚im
3643 2762 3699 2805 de

303 2834 541 2903 sitione
574 2832 923 2902 catholica?
943 2830 1132 2923 fidei,
1163 2831 1384 2899 dicens
1410 2842 1434 2876 ²
1467 2856 1483 2898 ε
1525 2857 1559 2896 «
1595 2830 1705 2900 Sic
1731 2829 2123 2899 confitemur
2151 2831 2220 2898 in
2248 2829 2505 2899 Christo
2534 2853 2735 2897 unam
2764 2828 2914 2897 Filii
2946 2851 3082 2898 esse
3104 2851 3483 2920 personam,
3537 2825 3695 2869 'mim

3531 2892 3682 2930 nutura
3695 2911 3706 2921 ·

305 2961 379 3020 ut
403 2952 706 3021 dicamus
729 2950 895 3019 duas
923 2948 1235 3039 perfectas
1253 2957 1318 3017 et
1337 2948 1624 3037 integras
1650 2970 1786 3015 esse
1813 2947 2235 3030 substantias,
2267 2945 2334 3013 id
2361 2953 2457 3012 est
2483 2945 2741 3013 deitatis
2768 2955 2831 3014 et
2858 2945 3311 3029 humanitatiS,
3341 2965 3488 3036 quae
3538 2954 3708 3062 {2⁸¹ssss

306 3088 382 3136 ex
408 3068 637 3137 anima
680 3066 1053 3134 continetur
1096 3071 1161 3133 et
1186 3086 1477 3156 corpore.
1511 3089 1545 3128 »
1582 3063 1743 3132 Ecce
1769 3071 1990 3154 aperte
2017 3062 2302 3131 ostendit
2325 3060 2756 3130 humanitatis
2801 3062 3066 3130 nomine
3093 3062 3382 3130 animam
3427 3068 3566 3129 etex
3611 3084 3730 3131 purte

305 3207 542 3276 corpus
567 3182 894 3272 intelligi,
925 3203 1076 3274 quae
1101 3181 1237 3250 duo
1264 3181 1687 3272 assumpsisse
1713 3180 1834 3249 Dei
1869 3179 2085 3249 Filius
2112 3179 2535 3268 intelligitur,
2568 3178 2685 3247 ubi
2711 3178 3053 3248 hominem
3089 3179 3228 3247 sive
3255 3180 3492 3248 huma-
3542 3146 3704 3251 ¹:32⁸?

305 3303 612 3386 nitatem,
645 3300 752 3369 vel
780 3300 1144 3369 humanam
1172 3307 1479 3370 naturam
1507 3298 1823 3390 accepisse
1849 3297 2119 3387 legitur.
2161 3297 2401 3365 Errant
2427 3318 2583 3385 ergo
2610 3296 2732 3387 qui
2760 3295 3028 3364 nomine
3060 3294 3496 3364 humanitatis
3516 3274 3615 3326 μ’·

311 3442 445 3489 non
471 3417 910 3487 substantiam
932 3469 950 3503 ‚
981 3416 1091 3485 sed
1119 3415 1582 3508 proprietatem
1608 3414 1966 3507 quamdam
1987 3466 2005 3501 ,
2033 3438 2073 3483 a
2100 3437 2235 3506 qua
2275 3413 2472 3482 homo
2502 3413 2909 3498 nominatur,
2940 3411 3300 3500 significari
3327 3434 3494 3480 con-

312 3534 630 3619 tendunt,
661 3533 1064 3624 ubicumque
1092 3531 1471 3600 humanitas
1513 3530 1756 3601 Christi
1801 3537 2228 3599 memoratur.
2260 3528 2377 3597 Ait
2402 3529 2580 3598 enim
2619 3527 2904 3596 Joannes
2950 3526 3393 3596 Damascenus
3419 3534 3441 3569 ⁸
3472 3553 3488 3596 ε

321 3678 355 3716 ιι
385 3649 749 3720 Sciendum
776 3649 1046 3741 quidem
1075 3656 1204 3733 est,
1235 3646 1415 3740 quod
1443 3646 1703 3717 deitatis
1731 3657 1794 3716 et
1818 3646 2249 3715 humanitatis
2292 3668 2534 3714 nomen
2562 3642 3079 3713 substantiarum
3097 3696 3116 3729 ,
3160 3643 3229 3710 id
3259 3650 3355 3711 est
3381 3665 3497 3711 na-

313 3775 622 3837 turarum
653 3775 751 3838 est
781 3765 1409 3856 repraesentativum.
1441 3789 1475 3829 s
1509 3763 1764 3833 Natura
1789 3764 1970 3832 enim
2000 3785 2136 3831 non
2172 3761 2263 3831 sic
2289 3762 2605 3850 accipitur
2637 3761 2708 3828 in
2736 3759 3016 3843 Christo,
3055 3767 3129 3827 ut
3155 3781 3309 3827 cum
3337 3758 3497 3827 dici-

312 3893 422 3953 tur
447 3906 588 3952 una
613 3890 853 3950 natura
878 3905 1012 3950 esse
1041 3881 1342 3950 omnium
1364 3881 1714 3950 hominnm
1740 3906 1754 3950 z
1788 3880 1966 3972 quod
1991 3879 2329 3948 evidenter
2344 3877 2518 3945 idem
2542 3876 2824 3946 Joannes
2851 3873 3157 3962 ostendit,
3188 3874 3496 3943 differen-

310 4008 440 4069 tem
467 4000 795 4068 rationem
823 3997 982 4066 dicti
1025 3998 1393 4086 assigmm,
1430 4019 1583 4065 cum
1613 4004 1851 4064 natura
1888 3995 2185 4064 humana
2219 3994 2289 4061 in
2338 3992 2595 4061 Christo
2636 3992 3042 4078 nominatur,
3071 4000 3313 4060 etcum
3361 4014 3496 4060 una

310 4115 555 4184 dicitur
573 4122 815 4184 natura
840 4114 1139 4183 omnium
1160 4112 1535 4181 hominum.
1567 4112 1683 4181 Ait
1708 4112 1888 4180 enim
1905 4110 1928 4146 ⁸
1953 4137 1968 4179 ε
2004 4139 2040 4178 (ι
2067 4111 2234 4179 Cum
2256 4132 2459 4178 unam
2486 4108 2835 4177 hominum
2856 4115 3162 4176 naturam
3189 4107 3496 4194 dicimuS,

310 4231 655 4301 sciendum
684 4239 781 4298 est
805 4230 984 4323 quod
1011 4253 1149 4298 non
1175 4229 1659 4298 considerantes
1675 4229 1759 4297 ad
1778 4228 2016 4297 animae
2033 4236 2099 4295 et
2115 4226 2404 4319 corporis
2424 4224 2749 4294 rationem
2776 4223 2900 4292 hoc
2926 4223 3228 4292 dicimuS.
3252 4223 3500 4314 Impos-

311 4347 504 4417 sibile
532 4346 713 4415 enim
741 4355 839 4415 est
866 4346 1068 4414 unius
1094 4353 1347 4415 naturae
1392 4346 1608 4415 dicere
1639 4344 1910 4413 Domini
1937 4367 2175 4436 corpus
2209 4352 2275 4412 et
2318 4342 2607 4411 animam
2626 4394 2645 4429 ,
2676 4342 2758 4409 ad
2788 4341 3071 4410 invicem
3098 4347 3493 4432 comparata.

315 4464 443 4535 Sed
477 4466 641 4557 quia
683 4463 988 4556 plurimas
1015 4484 1306 4555 personae
1329 4462 1683 4532 hominum
1709 4470 1889 4546 sunt,
1921 4453 2150 4531 omnes
2188 4469 2406 4529 autem
2449 4458 2742 4529 eamdem
2770 4457 3136 4548 suscipiunt
3179 4457 3497 4527 rationem

316 4590 573 4651 natnrae
607 4606 624 4648 ε
656 4603 884 4650 omnes
911 4580 1090 4648 enim
1120 4602 1198 4647 ex
1227 4580 1451 4648 anima
1475 4587 1540 4648 et
1564 4601 1835 4671 corpore
1861 4577 2203 4669 compositi
2229 4584 2408 4661 sunt,
2431 4582 2496 4643 et
2518 4596 2743 4642 omnes
2763 4580 3068 4642 naturam
3088 4572 3328 4642 animae
3358 4595 3503 4664 par-

318 4696 614 4789 ticipant,
638 4706 702 4766 et
728 4695 1160 4764 substantiam
1183 4697 1476 4788 corporis
1500 4695 1869 4788 possident;
1892 4715 2313 4763 communem
2339 4689 2616 4783 speciem
2642 4689 3083 4780 plurimarum
3110 4697 3174 4758 et
3200 4688 3507 4758 differen-

321 4812 487 4882 tium
515 4834 974 4904 personarum,
1008 4834 1211 4880 unam
1240 4820 1549 4881 naturam
1576 4811 1881 4898 dicimus,
1915 4809 2442 4900 uniuscujusque
2470 4806 2711 4874 scilicet
2731 4827 3019 4896 personae
3047 4805 3211 4873 duas
3236 4814 3509 4874 naturas

321 4928 644 5015 habentis,
668 4937 731 4997 et
751 4929 825 4997 in
838 4929 1097 4998 duabus
1123 4929 1402 5021 perfecte
1429 4930 1710 5016 naturis,
1741 4928 1980 4998 animae
1997 4927 2242 4995 scilicet
2259 4933 2324 4994 et
2345 4923 2659 5015 corporis,
2684 4922 3042 4990 existentis.
3065 4946 3100 4986 n
3126 4921 3205 4990 In
3223 4922 3508 4993 Domino

320 5055 540 5115 autem
564 5044 723 5116 Jesu
768 5045 1026 5114 Christo
1053 5068 1189 5114 non
1217 5054 1312 5114 est
1360 5067 1782 5114 communem
1820 5044 2100 5136 speciem
2149 5041 2460 5133 accipere.
2508 5039 2737 5130 Neque
2766 5038 2942 5106 enim
2970 5036 3180 5108 factus
3224 5047 3356 5124 est,
3388 5061 3509 5108 nec

324 5171 451 5249 est,
480 5183 604 5231 nec
629 5161 986 5254 aliquando
1019 5160 1137 5232 fiet
1160 5161 1362 5231 aliuS.
1393 5161 1525 5232 Sed
1549 5161 1851 5231 Christus
1878 5184 1960 5230 ex
1984 5160 2225 5230 deitate
2250 5167 2316 5228 et
2341 5155 2749 5226 humanitate
2768 5207 2786 5240 ‚
2814 5154 2886 5222 in
2914 5153 3154 5224 deitate
3181 5163 3246 5225 et
3271 5155 3513 5231 huma-

325 5278 562 5365 nitate,
593 5277 768 5347 Deus
799 5278 1160 5370 perfectu8‚
1199 5278 1381 5347 idem
1407 5287 1473 5348 et
1497 5278 1697 5349 homo
1745 5279 2094 5370 perfectus.
2126 5276 2359 5346 Totam
2388 5294 2545 5363 ergo
2587 5270 2877 5341 hominis
2918 5279 3227 5342 naturam
3247 5325 3267 5360 ,
3314 5272 3384 5342 id
3412 5282 3509 5342 est

390 5445 570 5569 ’.[ῗὶξᾶ
586 5457 623 5510 1,
649 5458 702 5509 q.
733 5456 772 5495 1.
800 5470 862 5525 -.-
881 5446 905 5480 2
931 5444 1163 5565 Higrou„
1196 5445 1385 5508 Expos.
1407 5444 1541 5494 orele.
1563 5443 1653 5506 fid.
1683 5444 1754 5494 ad
1785 5443 2100 5506 Damas.,-⁸
2127 5445 2385 5504 Damasc„
2414 5438 2477 5489 de
2520 5436 2666 5488 Orth.
2695 5436 2846 5497 Fide,
2877 5437 2966 5489 lib.
2992 5439 3077 5490 ΙΙΙ.
3109 5451 3156 5489 c.
3185 5449 3258 5501 w,
3280 5437 3335 5487 in
3355 5436 3525 5501 princ.

328 5542 388 5554 —
510 5525 1048 5581 2.,c.m,1nmc.
2492 5523 2503 5548 ⁸
3202 5551 3213 5556 ,
