4185 6288
603 426 721 488 336

673 556 832 620 Item
873 551 1168 634 objicitur
1202 550 1280 615 de
1327 550 1699 615 difficultate
1743 553 1821 616 ad
1864 552 2132 628 bonum,

594 682 742 747 quae
769 665 863 727 est
888 660 1164 724 defectus
1188 657 1258 721 in
1287 657 1471 722 nobis
1496 658 1763 740 poenalis
1795 678 1812 722 ε
1843 659 1913 723 in
1951 657 2133 722 Chri-

593 776 690 836 sto
729 774 947 834 autem
969 767 1111 831 talis
1152 767 1430 831 detectus
1473 760 1605 831 non
1645 767 1765 831 fuit
1784 815 1802 844 ,
1847 785 1966 831 nec
2000 785 2139 831 esse

595 878 822 961 potuit.
871 875 1192 954 Quaeritur
1249 893 1407 955 ergo
1468 876 1539 938 in
1591 873 1875 955 generali
1919 874 2140 956 quales

595 985 872 1049 defectus
902 981 1266 1064 assumpsit,
1285 980 1340 1045 si
1367 1000 1498 1046 non
1524 981 1867 1062 assumpsit
1890 998 2137 1045 omnes,

1146 1250 1296 1317 CON
1303 1248 1603 1317 CLUSIO.

602 1416 844 1473 Christus
868 1417 1157 1486 assumpsit
1185 1413 1415 1482 desectus
1442 1427 1616 1468 omnes
1651 1410 1882 1480 detectus
1908 1415 2142 1468 natura-

670 1508 773 1570 les,
806 1522 913 1562 non
941 1509 1122 1560 autem
1152 1503 1494 1575 personalem
1522 1501 1614 1558 sed
1641 1517 1807 1572 neque
1845 1502 2003 1569 illos,
2050 1503 2147 1572 qui

671 1599 797 1651 sunt
824 1612 893 1651 ea:
919 1595 1082 1666 culpa
1107 1595 1160 1649 et
1187 1592 1261 1648 ad
1287 1592 1534 1663 culpam,
1563 1594 1625 1645 ut
1643 1593 1897 1663 pronitas
1925 1590 2000 1645 ad
2024 1606 2145 1645 ma-

672 1687 814 1750 lum,
845 1689 897 1740 et
922 1683 1209 1752 difficultas
1236 1680 1311 1735 ad
1342 1680 1552 1736 boumn.

682 1844 865 1926 Resp.
901 1843 981 1905 ad
1008 1860 1150 1922 arg.
1183 1840 1533 1904 Dicendum
1564 1839 1735 1922 quod
1766 1840 2008 1921 absque
2037 1839 2151 1902 du-

602 1952 709 2015 bio
779 1950 1065 2014 Christus
1133 1966 1263 2011 non
1312 1965 1535 2011 omnes
1578 1946 1854 2010 defectus
1901 1951 2152 2010 nostros

603 2056 976 2140 assumpsit,
1024 2055 1191 2120 sicut
1238 2054 1390 2119 dicit
1432 2053 1740 2135 Magister
1782 2053 1850 2116 in
1895 2053 2148 2132 littera;

605 2166 713 2230 sed
741 2166 878 2229 illos
916 2168 1199 2241 tantum,
1232 2181 1394 2246 quos
1437 2163 1648 2244 ipsum
1694 2180 2016 2226 assumere
2048 2161 2153 2227 de-

606 2273 767 2351 cuit,
816 2277 879 2336 et
923 2272 1106 2335 nobis
1147 2270 1488 2352 expediens
1530 2268 1674 2332 fuit.
1718 2267 1840 2332 Sed
1874 2267 1988 2350 qui
2027 2270 2156 2331 sint

607 2380 713 2444 isti
739 2380 1043 2459 desectuS,
1073 2378 1282 2442 adhuc
1306 2378 1656 2459 quaestione
1683 2375 1933 2456 indiget
1948 2425 1965 2453 ,
1993 2377 2156 2441 sicut

609 2491 673 2550 et
703 2487 985 2568 primum
1026 2505 1043 2549 ε
1076 2483 1140 2549 et
1169 2485 1381 2548 innuit
1423 2483 1731 2564 Magister
1768 2483 1908 2546 illos
1947 2483 2152 2547 desec-

610 2599 714 2658 tus
740 2594 1023 2658 decuisse
1054 2596 1117 2657 et
1142 2591 1541 2673 expedivisse
1573 2590 1757 2653 illum
1784 2608 2109 2655 assumere
2134 2639 2151 2667 ,

610 2702 726 2784 qui
751 2701 987 2765 faciunt
1014 2699 1117 2764 vel
1143 2699 1223 2765 ad
1258 2698 1543 2763 veritatis
1569 2702 1822 2762 naturae
1864 2716 2157 2780 assump-

613 2816 697 2874 tae
724 2808 1173 2885 ostensionem,
1204 2808 1306 2871 vel
1335 2807 1417 2871 ad
1443 2807 1674 2890 operiS,
1706 2811 1974 2889 propter.
1985 2807 2159 2890 quod

616 2923 901 2995 venerat,
946 2917 1587 2981 consummationem.
1632 2915 1749 2980 Sed
1799 2916 2009 2980 adhuc
2045 2917 2154 2999 qui

379 3053 590 3114 Opiniot.
620 3033 769 3092 sunt
795 3027 898 3089 isti
926 3026 1204 3090 defectus
1231 3023 1481 3089 difficile
1509 3028 1604 3088 est
1630 3025 2007 3089 discernere.
2038 3022 2157 3088 Vo-

615 3137 878 3202 luerunt
914 3140 1132 3201 autem
1157 3136 1355 3218 aliqui
1382 3136 1588 3201 dicere
1606 3183 1624 3213 ,
1653 3135 1826 3219 quod
1862 3134 1964 3199 isti
2008 3138 2162 3198 sunt

615 3247 926 3325 defectus,
955 3264 1119 3327 quos
1146 3245 1312 3308 Deus
1356 3243 1666 3326 plantavit
1703 3244 1771 3307 in
1797 3246 2012 3313 nostra
2042 3261 2161 3305 na-

617 3364 784 3423 tura.
818 3356 1089 3434 Quidam
1111 3357 1285 3420 enim
1311 3355 1587 3419 defectus
1610 3357 1782 3432 sunt,
1804 3354 1919 3435 qui
1946 3357 2161 3418 ortum

617 3466 856 3529 babent
881 3484 964 3529 ex
989 3464 1271 3529 absentia
1297 3462 1545 3544 gratiae,
1576 3462 1742 3525 sicut
1772 3462 2161 3543 ignorantia,

492 3656 493 3659 Ἴ
618 3578 682 3637 et
720 3572 980 3637 rebellio
1016 3573 1229 3636 carnis
1286 3571 1366 3635 ad
1411 3569 1707 3652 spiritum
1730 3616 1747 3645 ,
1800 3573 1864 3633 et
1908 3568 2162 3634 similia.

621 3679 892 3757 Quidam
929 3684 1143 3744 autem
1189 3685 1342 3743 sunt
1384 3678 1496 3760 qui
1541 3696 1670 3743 non
1696 3677 1906 3741 solum
1933 3696 2017 3741 ex
2044 3678 2166 3741 hoc

621 3792 837 3852 ortum
881 3787 1148 3866 habent,
1195 3786 1303 3851 sed
1351 3786 1544 3850 etiam
1588 3804 1672 3851 ex
1719 3784 2169 3867 compositione

620 3896 902 3977 partium
945 3893 1490 3972 constituentium,
1528 3892 1693 3957 sicut
1742 3893 1962 3971 famoe,
2011 3892 2167 3971 sitis,

623 4018 828 4080 mora,
857 4000 1061 4079 dolor,
1092 4004 1155 4064 et
1199 3999 1585 4078 consimilia,
1615 4017 1763 4081 quae
1792 4002 2007 4065 ortum
2051 3999 2170 4062 ha·

626 4108 776 4172 bent
802 4126 931 4173 non
958 4111 1213 4171 tantum
1241 4126 1323 4171 ex
1360 4107 1571 4189 culpa,
1608 4106 1715 4171 sed
1743 4125 1825 4171 ex
1854 4107 1974 4171 hoc
2000 4106 2173 4188 quod

627 4215 916 4280 humana
940 4218 1172 4279 natura
1196 4219 1291 4279 est
1317 4232 1401 4279 ex
1428 4213 1759 4279 contrariis
1780 4214 2121 4277 constituta
2152 4231 2168 4276 ε

629 4329 693 4389 et
718 4323 874 4388 tales
901 4323 1178 4387 desectus
1203 4325 1383 4400 sunt,
1413 4321 1523 4402 qui
1549 4320 1789 4385 faciunt
1826 4321 1905 4384 ad
1935 4321 2172 4385 verita-

389 4462 582 4520 ιωρηὴ,
629 4432 711 4496 tis
738 4436 986 4495 naturae
1014 4435 1361 4512 assumptae
1390 4428 1981 4505 manifestationem,
2007 4432 2072 4493 et
2094 4428 2176 4492 ad

632 4533 840 4616 operis
878 4532 1150 4614 suscepti
1193 4529 1846 4607 consummationem;
1877 4529 1986 4594 alii
2019 4548 2176 4595 vero

633 4642 919 4706 minime.
952 4638 1075 4704 Sed
1103 4638 1259 4702 illud
1287 4638 1480 4701 habet
1505 4636 1715 4701 adhuc
1749 4637 2137 4702 calumniam
2155 4685 2173 4717 ,

633 4752 888 4832 propter
919 4748 1040 4812 hoc
1063 4746 1234 4830 quod
1266 4743 1683 4827 aegritudines
1718 4743 1938 4809 multae
1962 4747 2179 4808 ortum

631 4857 868 4922 habent
890 4875 975 4921 ex
998 4856 1436 4939 complexione
1465 4852 1778 4929 hominis,
1808 4871 1970 4935 quas
1996 4871 2183 4918 cons·

635 4966 724 5028 tat
773 4962 1091 5028 Christum
1151 4981 1283 5026 non
1346 4959 1784 5043 assumpsisse.
1845 4958 2178 5039 Praeterea,

634 5088 857 5136 omnes
882 5070 1159 5134 defectus
1184 5068 1387 5132 nostri
1416 5066 1694 5150 poenales
1718 5063 1926 5146 magis
1954 5065 2183 5131 viden-

636 5183 744 5243 tur
773 5177 971 5241 secuti
1015 5194 1151 5240 esse
1190 5194 1273 5240 ex
1316 5179 1535 5240 nostra
1576 5172 2079 5254 transgressione
2122 5175 2186 5237 et

642 5283 859 5349 divina
887 5284 1238 5367 punitione,
1268 5300 1465 5365 quam
1492 5299 1574 5345 ex
1597 5280 1899 5362 primaria
1930 5278 2183 5362 planta-

400 5420 607 5478 opimos.
637 5389 831 5454 tione.
885 5389 962 5452 Et
1007 5393 1339 5470 propterea
1382 5390 1582 5468 potest
1629 5385 1752 5449 alio
1792 5384 1982 5451 modo
2022 5386 2146 5450 dici
2163 5433 2182 5464 ,

1692 415 2317 483 SENTENTIARUM
2362 417 2511 483 LIB.
2559 418 2663 482 ΙΙΙ.

2244 552 2414 634 quod
2469 531 2742 635 quidam·
2795 556 2948 618 sunt
3003 553 3280 620 defectus
3336 557 3449 639 qui
3509 560 3663 621 sunt
3706 573 3802 621 ex

2244 658 2464 742 culpa,
2494 658 2758 742 quidam
2784 678 2940 726 vero
2972 661 3085 744 qui
3111 666 3262 726 sunt
3287 681 3369 726 ex
3403 664 3590 745 culpa
3618 664 3683 727 et
3710 662 3804 726 ad

2246 766 2524 848 culpam,
2564 769 2732 831 sicut
2770 768 3054 850 pronitas
3096 770 3175 833 ad
3221 770 3485 849 malum,
3525 774 3590 834 et
3630 770 3805 833 diffl-

2247 873 2449 937 cultas
2485 874 2565 939 ad
2594 876 2862 940 bonum.
2908 876 3054 940 Illos
3080 883 3310 943 autem.
3345 879 3644 954 defectuS,
3677 879 3801 961 qui

2249 999 2379 1044 non
2404 984 2657 1046 tantum
2685 986 2837 1048 sunt
2861 1002 2946 1047 ex
2973 984 3189 1067 culpa,
3221 986 3332 1051 sed
3355 986 3548 1050 etiam
3577 986 3687 1050 via
3714 986 3803 1050 ad

2249 1087 2529 1170 culpam,
2550 1107 2680 1153 uon
2700 1089 2913 1155 decuit
2931 1089 3252 1156 Christum
3269 1110 3619 1171 assumere,
3643 1093 3806 1175 quia

2252 1196 2537 1262 Christus
2578 1197 2701 1263 fuit
2747 1199 3033 1263 minister
3066 1200 3356 1282 justitiae‘
3390 1200 3654 1264 omnino
3692 1218 3798 1264 se-

2254 1308 2566 1385 gregatus
2612 1324 2652 1368 a
2701 1311 2977 1388 peccato.
3023 1307 3200 1372 Alios
3252 1312 3469 1372 autem
3520 1307 3807 1373 defectus

2252 1409 2465 1474 decuit
2530 1412 2742 1493 ipsum
2790 1429 3116 1477 assumere
3136 1462 3158 1493 ,
3205 1414 3314 1478 sed
3360 1432 3492 1477 non
3535 1431 3798 1492 omnes,

2253 1517 2405 1597 quia
2453 1518 2713 1600 quidam
2762 1523 2914 1584 sunt
2956 1521 3234 1585 defectus
3272 1521 3617 1600 naturales,
3648 1521 3807 1603 qui-

2253 1624 2402 1688 dam
2453 1626 2834 1707 personales.
2879 1627 3164 1694 Defectus
3205 1633 3424 1693 autem
3481 1630 3809 1693 naturales

2256 1746 2416 1791 voco
2463 1728 2601 1818 illos
2623 1778 2641 1808 ,
2688 1731 2804 1812 qui
2847 1731 3193 1814 respiciunt
3254 1735 3452 1796 totam
3501 1736 3808 1797 naturam

2254 1835 2613 1901 humanam
2640 1838 3102 1919 universaliter,
3128 1840 3293 1905 sicut
3323 1842 3521 1906 fames
3547 1846 3612 1906 et
3642 1841 3803 1920 sitis,

2258 1949 2321 2010 et
2376 1945 2653 2009 defectus
2716 1945 3098 2011 consimiles.
3170 1946 3542 2013 Personales
3585 1955 3808 2014 autem

2259 2052 2535 2118 defectus
2560 2057 2740 2129 sunt,
2783 2053 2895 2135 qui
2932 2055 3281 2138 respiciunt
3314 2055 3562 2139 aliquas
3587 2074 3809 2139 perso-

2259 2178 2374 2224 nas
2409 2162 2783 2244 specialiter,
2826 2164 2988 2227 sicut
3032 2163 3302 2227 diversae
3347 2164 3810 2245 aegritudinum

2259 2270 2518 2352 speeies.
2554 2269 2868 2347 Quoniam
2895 2288 3056 2351 ergo
3083 2268 3368 2334 Christus
3405 2276 3668 2336 venerat
3692 2289 3813 2336 na-

2261 2383 2474 2444 turam
2502 2373 2856 2443 humanam
2878 2380 3192 2443 redimere
3217 2382 3647 2445 communiter
3670 2382 3813 2445 sine

2262 2505 2681 2569 personarum
2707 2488 3150 2567 distinctione3
3180 2488 3334 2552 hinc
3355 2493 3470 2568 est,
3503 2489 3674 2573 quod
3706 2491 3815 2554 de-

2263 2595 2464 2659 fectus
2503 2594 2823 2658 naturales
2840 2644 2858 2674 ,
2909 2613 3042 2660 non
3085 2597 3445 2679 personales
3494 2597 3774 2662 defectus
3789 2644 3810 2675 ,

2265 2703 2545 2784 poenales
2584 2707 2866 2782 tantum,
2898 2720 3032 2766 non
3073 2703 3334 2768 vitiosos
3375 2703 3590 2768 debuit
3630 2703 3702 2767 in
3746 2722 3816 2768 se

2265 2808 2498 2874 habere
2516 2859 2534 2890 ,
2583 2810 2747 2874 sicut
2801 2810 3146 2875 ostendunt
3189 2811 3465 2877 rationes
3511 2812 3592 2876 ad
3648 2811 3817 2876 hanc

2265 2922 2512 3000 partem
2538 2919 2836 2983 iuductae.

2350 3034 2381 3091 1
2434 3032 2498 3091 et
2537 3033 2599 3092 2.
2650 3029 2747 3092 Ad
2791 3029 2952 3093 illud
2995 3047 3156 3110 ergo
3184 3030 3359 3112 quod
3400 3030 3700 3112 objicitur
3749 3029 3819 3092 in

2268 3136 2661 3201 contrarium
2699 3137 2776 3202 de
2816 3136 3202 3202 Damasceno
3220 3187 3238 3217 ,
3270 3138 3445 3221 quod
3471 3142 3676 3203 totum
3707 3157 3821 3202 as-

2269 3243 2572 3325 sumpsit,
2618 3248 2692 3309 ut
2732 3247 2938 3309 totum
2969 3250 3251 3323 curaret,
3283 3246 3620 3310 dicendum
3647 3246 3823 3329 quod

2271 3349 2393 3415 hoc
2419 3351 2804 3431 intelligitur
2829 3352 2907 3416 de
2933 3352 3033 3415 his
3063 3371 3212 3435 quae
3234 3357 3388 3417 sunt
3412 3353 3490 3417 de
3518 3353 3826 3417 constitu-

2274 3458 2444 3523 tione
2480 3463 2762 3538 naturae,
2795 3477 2928 3524 non
2951 3461 3031 3525 de
3065 3460 3168 3525 his
3202 3479 3351 3544 quae
3396 3461 3715 3544 pertinent
3739 3460 3825 3524 ad

2273 3565 2589 3629 defectum
2642 3569 2894 3631 naturae
2944 3588 2961 3631 :
3011 3571 3074 3631 et
3119 3567 3242 3632 hoc
3288 3568 3501 3651 ipsum
3547 3568 3826 3633 verbum

2275 3669 2559 3734 insinuat
2568 3692 2588 3749 ;
2612 3689 2765 3735 nam
2792 3673 3046 3755 proprie
3073 3673 3246 3755 quod
3279 3677 3561 3754 curatur,
3591 3674 3827 3739 dicitur
3887 3757 3897 3768 ,

2278 3780 2542 3859 natura3
2576 3780 2837 3844 morbus
2877 3798 3033 3846 vero
3060 3783 3156 3845 est
3192 3780 3346 3846 illud
3382 3801 3422 3847 a
3457 3800 3586 3864 quo
3632 3800 3832 3847 cura-

2278 3891 2408 3965 tur,
2436 3888 2591 3971 quia
2616 3890 2883 3955 morbus
2908 3890 3269 3973 expellitur,
3301 3892 3412 3957 sed
3441 3896 3670 3957 natura
3700 3910 3832 3957 ser-

2280 3999 2490 4059 vaturL
2545 3994 2621 4059 Et
2663 4015 2779 4078 per
2818 3998 2939 4062 hoc
2984 4002 3156 4081 patet
3202 3998 3531 4081 responsio
3586 3999 3668 4064 ad
3725 4017 3830 4064 se-

2280 4120 2508 4184 quens,
2534 4092 2707 4185 quod
2733 4104 2961 4169 dicitur
2992 4125 3054 4170 τε(
3076 4106 3579 4191 inassumptibile
3603 4112 3698 4171 est
3721 4106 3827 4171 in-

2282 4209 2602 4273 curabile»
2635 4232 2650 4274 :
2676 4210 2798 4275 hoc
2826 4212 3000 4276 enim
3013 4213 3397 4295 intelligitur
3416 4214 3495 4280 de
3512 4218 3742 4278 natura
3768 4218 3837 4279 et

2284 4316 2426 4397 ejus
2453 4316 2738 4397 partibus
2755 4365 2776 4395 ,
2804 4336 2953 4401 quae
2984 4320 3239 4402 proprie
3264 4320 3566 4385 dicuntur
3591 4322 3834 4400 curari,

2285 4442 2418 4488 non
2448 4424 2525 4488 de
2552 4424 2916 4505 defectibus,
2948 4427 3062 4509 qui
3090 4427 3299 4510 potius
3325 4428 3627 4493 dicuntur
3653 4445 3834 4492 coas-

2287 4531 2458 4595 sumi
2472 4579 2490 4609 ,
2522 4550 2720 4615 quam
2751 4533 3023 4613 assumi,
3071 4535 3282 4617 magis
3307 4535 3500 4601 etiam
3534 4535 3841 4600 dicuntur

2288 4637 2544 4721 expelli,
2576 4657 2774 4721 quam
2800 4640 3035 4705 sanari.

2372 4749 2433 4810 3.
2478 4747 2573 4810 Ad
2620 4746 2779 4812 illud
2818 4747 2989 4829 quod
3029 4747 3328 4830 obiicitur
3361 4750 3441 4815 de
3481 4750 3842 4817 ostensione

2291 4855 2760 4935 misericordiae,
2803 4856 3144 4922 dicendum
3192 4859 3364 4941 quod
3407 4859 3846 4925 misericordia

2292 4979 2543 5044 semper
2587 4980 2655 5026 se
2700 4963 2973 5027 ostendit
3017 4964 3194 5027 salva
3234 4964 3610 5030 rectitudine
3645 4966 3846 5047 justi-

2292 5066 2401 5131 tiae
2420 5115 2442 5146 ,
2472 5070 2537 5131 et
2559 5066 2781 5132 ordine
2815 5068 3141 5152 sapientire
3173 5090 3190 5133 ε
3222 5070 3364 5135 ideo
3393 5071 3604 5137 nullos
3632 5071 3844 5136 defec-

2294 5177 2400 5239 tus
2424 5173 2645 5238 debuit
2667 5192 2994 5240 assumere
3019 5177 3134 5258 qui
3159 5194 3292 5241 non
3323 5182 3530 5243 essent
3559 5178 3846 5243 ordinati

2295 5279 2376 5344 ad
2402 5283 2694 5344 nostrum
2717 5284 3093 5363 profectum,
3115 5288 3179 5348 et
3204 5284 3670 5367 expeditionem
3697 5303 3848 5349 nos·

2296 5394 2413 5453 tras
2461 5391 2686 5456 salutis
2723 5414 2739 5454 :
2784 5393 2976 5458 multi
3022 5398 3240 5457 autem
3285 5399 3437 5459 sunt
3482 5395 3594 5477 qui
3629 5394 3846 5477 potius
