4185 6288
767 431 885 490 564

765 558 980 625 Gratia
1034 558 1209 624 enim
1268 556 1522 640 respicit
1566 554 1676 619 Dei
1730 552 2195 634 benignitatem
2243 552 2307 612 et

765 666 1259 732 misericordiam
1286 686 1304 745 3
1335 665 1563 730 merita
1604 683 1760 729 vero
1800 663 1906 727 Dei
1939 661 2304 742 munitatem

765 780 828 838 et
882 774 1195 855 justitiam
1248 796 1262 836 ε
1314 773 1619 855 quoniam
1672 790 1825 833 vero
1880 769 2131 832 virtutis
2175 765 2308 848 spei

764 883 1019 963 proprie
1047 888 1141 943 est
1171 887 1518 962 utrumque
1548 880 1874 962 respicere,
1908 882 1980 940 ut
2010 877 2231 938 liberet
2271 892 2310 937 a

764 987 1196 1068 desperatione.
1224 993 1283 1049 et
1318 988 1840 1068 praesumptione,
1871 1003 2017 1066 quae
2060 984 2309 1046 solum-

767 1090 956 1154 modo
972 1091 1239 1153 alterum
1258 1092 1582 1153 intuentur
1597 1092 1677 1171 (α)
1701 1113 1716 1166 ;
1735 1091 1875 1152 ideo
1892 1087 2142 1170 proprie
2162 1105 2310 1149 con-

768 1198 942 1260 venit
972 1197 1090 1278 ipsi
1122 1197 1275 1278 spei,
1299 1199 1467 1273 quod
1498 1198 1748 1274 dieitur,
1772 1196 2031 1260 veniens
2056 1208 2146 1258 ea·
2168 1208 2311 1273 qra-

768 1307 864 1370 tia
893 1313 950 1370 et
986 1308 1273 1383 meritis;
1310 1306 1581 1383 meritis,
1614 1305 1875 1385 inquam
1899 1351 1915 1377 ‚
1946 1301 2311 1384 praeceden-

766 1413 965 1487 tibus,
1012 1412 1116 1475 vel
1161 1414 1229 1475 in
1274 1412 1622 1495 propositO,
1666 1411 1899 1472 scilicet
1944 1409 2011 1470 in
2055 1405 2305 1478 radice,

769 1516 872 1580 vel
892 1535 1041 1594 usu,
1053 1518 1288 1581 sicutin
1301 1517 1799 1600 praecedentibus
1812 1522 2143 1581 ostensum
2153 1512 2302 1575 fuit.

1401 1703 1538 1748 DUB.
1570 1703 1663 1746 ΠΙ.

896 1816 957 1868 Et
977 1815 1108 1867 sieut
1131 1805 1281 1877 fides,
1311 1817 1380 1867 ita
1407 1822 1459 1868 et
1484 1832 1602 1882 spes
1630 1819 1707 1867 cst
1734 1817 1799 1866 de
1826 1813 2182 1866 invisibilibus.

847 1943 1110 2011 Videtur
1155 1946 1385 2011 falsum
1426 1949 1633 2013 dicere
1676 1971 1693 2012 ε
1738 1949 1896 2027 quia
1938 1948 1994 2012 si
2041 1947 2200 2011 fides
2247 1951 2310 2010 et

763 2070 907 2135 spes
932 2054 1405 2118 communicant
1434 2055 1500 2118 in
1528 2056 1774 2137 objecto
1793 2105 1813 2135 ‚
1845 2074 2002 2138 ergo
2029 2057 2182 2119 sunt
2208 2072 2311 2118 ea-

761 2158 908 2222 dem
948 2161 1175 2225 virtus.
1209 2160 1365 2225 Item
1406 2161 1478 2225 in
1523 2163 1978 2244 temporalibus
2021 2163 2110 2226 ita
2147 2163 2307 2226 bene

758 2271 965 2347 potest
1006 2268 1154 2349 quis
1190 2287 1445 2351 sperare
1489 2271 1824 2351 pecuniam
1866 2290 2062 2353 quam
2110 2270 2305 2349 videt,

757 2392 958 2455 qnam
988 2377 1324 2458 pecuniam
1353 2397 1548 2459 quam
1578 2398 1708 2444 non
1732 2380 1906 2443 videt
1935 2403 1949 2443 :
1978 2398 2138 2462 ergo
2167 2380 2308 2462 pari

756 2481 1002 2546 ratione
1030 2484 1099 2548 in
1136 2485 1573 2566 spiritualibus
1604 2508 1619 2549 t
1654 2505 1812 2568 ergo
1850 2506 1991 2570 spes
2032 2506 2163 2551 non
2191 2489 2307 2552 de-

759 2590 865 2652 bet
894 2591 1014 2654 dici
1043 2610 1179 2655 esse
1206 2592 1284 2655 de
1320 2593 1771 2657 invisibilibus.
1817 2594 1974 2658 Item
2003 2613 2147 2678 spes
2173 2612 2305 2657 res-

757 2698 910 2777 picit
947 2698 1159 2779 ipsum
1199 2699 1499 2763 affectum
1529 2720 1546 2778 ;
1579 2702 1826 2765 visibile
1853 2707 2068 2765 autem
2115 2706 2178 2764 et
2206 2701 2306 2764 in-

758 2803 1009 2865 visibile
1049 2804 1305 2885 respicit
1341 2805 1729 2871 intellectum
1764 2832 1777 2872 :
1811 2826 1967 2890 ergo
2006 2808 2060 2871 si
2095 2808 2307 2890 obJ‘ec-

759 2912 901 2971 tum
969 2909 1227 2972 babitus
1282 2912 1530 2993 respicit
1575 2916 1863 2977 eamdem
1916 2916 2303 2996 potentiam,

759 3032 956 3095 quam
1000 3022 1063 3078 et
1100 3015 1387 3096 habitus,
1417 3018 1587 3084 male
1615 3019 1849 3085 dicitur
1879 3041 2023 3103 spes
2060 3040 2195 3086 esse
2229 3020 2309 3085 de

760 3121 1210 3187 invisibilibus,

842 3230 1029 3312 Resp.
1084 3231 1430 3297 Dicendum
1477 3235 1648 3317 quod
1696 3236 1763 3300 In
1809 3237 2069 3301 aeternis
2130 3237 2313 3301 bonis

757 3343 1029 3424 perfecte
1077 3342 1292 3408 videre
1334 3351 1428 3408 est
1473 3346 1743 3426 habere,
1787 3347 1950 3410 sicut
1990 3348 2139 3411 dicit
2181 3347 2310 3410 Au-

762 3450 1142 3530 gustinus¹3
1174 3457 1429 3533 propter
1455 3453 1622 3535 quod
1662 3454 1932 3517 dicitur¹
1970 3478 1984 3518 :
2019 3455 2170 3521 Hoec
2215 3462 2306 3521 est

763 3559 902 3622 vica
931 3564 1201 3629 crisma,
1235 3566 1309 3624 ut
1335 3569 1714 3642 coquoscant
1745 3570 1800 3627 τε
1830 3579 2044 3628 verum
2073 3563 2306 3638 Deum,

764 3667 881 3726 etc.
937 3662 1082 3727 Ideo
1130 3673 1419 3748 respectu
1464 3669 1835 3732 eorumdem
1882 3669 2312 3751 spiritualium

763 3768 1083 3833 bonorum
1109 3788 1240 3837 non
1267 3773 1521 3852 videre,
1551 3782 1614 3838 et
1643 3791 1774 3841 non
1801 3775 2056 3857 habere,
2078 3796 2146 3839 se
2175 3795 2312 3839 mu·

766 3880 880 3941 tuo
918 3880 1443 3943 concomitantur.
1477 3882 1791 3957 Quoniam
1828 3902 1984 3965 ergo
2030 3903 2175 3966 spes
2219 3889 2317 3947 est

766 3984 844 4048 de
874 4004 1005 4049 non
1035 3987 1286 4067 habitis,
1316 3989 1467 4070 quia
1495 4007 1687 4053 nemo
1714 3996 1925 4072 sperat
1954 3991 2113 4055 illud
2141 3992 2311 4074 quod

766 4090 990 4170 habet,
1021 4094 1128 4156 sed
1159 4094 1316 4158 illud
1348 4096 1520 4177 quod
1546 4095 1913 4160 habendum
1939 4101 2068 4174 est,
2101 4102 2165 4160 et
2190 4115 2318 4161 res-

767 4203 956 4280 pectu
985 4205 1375 4266 aeternorum
1404 4204 1719 4268 bonorum
1742 4221 1873 4270 non
1900 4204 2190 4271 habiturn
2222 4209 2317 4269 est

768 4320 899 4371 non
945 4308 1193 4387 visum3
1244 4310 1395 4373 hinc
1439 4316 1534 4373 est
1578 4313 1749 4393 quod
1795 4311 2098 4394 Magister
2142 4312 2313 4392 dicit,

769 4413 940 4492 quod
983 4416 1150 4478 sieut
1178 4416 1335 4479 fldes
1378 4421 1473 4480 est
1516 4417 1594 4481 de
1636 4418 2084 4496 invisibilibus,
2129 4419 2218 4482 ita
2255 4422 2320 4483 et

770 4538 935 4602 spes.
980 4520 1058 4585 Et
1082 4521 1221 4585 haec
1267 4527 1362 4586 est
1403 4522 1785 4601 differentia,
1818 4524 1990 4606 quod
2032 4525 2190 4589 fides
2225 4530 2320 4589 est

771 4626 849 4690 de
877 4628 1339 4709 invisibilibuS,
1371 4618 1723 4694 secundum
1765 4633 1934 4713 quod
1964 4639 2118 4695 sunt
2145 4632 2318 4696 invi-

771 4736 1021 4816 sibilia3
1054 4757 1194 4818 spes
1232 4744 1449 4802 autem
1487 4739 1563 4801 (le
1602 4740 2055 4818 invisibilibuS,
2087 4760 2316 4805 secun-

771 4842 927 4906 dum
961 4846 1131 4925 quod
1155 4852 1305 4909 sunt
1333 4866 1462 4909 non
1492 4847 1727 4923 habita,
1755 4848 1865 4913 sed
1895 4849 2205 4913 habenda.
2239 4849 2322 4912 Et

771 4968 884 5031 per
913 4951 1035 5014 hoc
1067 4959 1234 5033 patet
1259 4955 1586 5036 responsio
1610 4956 1689 5017 ad
1719 4955 1964 5037 objecta
1992 4973 2008 5019 ε
2036 4956 2116 5019 ad
2156 4954 2314 5020 illud

773 5057 947 5118 enim
976 5060 1144 5138 quod
1170 5061 1380 5141 primo
1403 5062 1721 5142 objicitur,
1754 5061 1925 5142 quod
1952 5062 2314 5126 communi·-

837 5251 857 5285 ¹
880 5252 1031 5313 Aug,
1057 5254 1126 5302 ad
1149 5256 1332 5319 Darei„
1362 5258 1516 5320 Epist.
1542 5269 1667 5319 nvn,
1696 5258 1760 5308 al.
1790 5269 2055 5322 CLXXXVII,
2082 5274 2135 5309 n.
2161 5262 2236 5310 21.
2256 5287 2319 5299 --

775 5323 797 5354 ¹
822 5321 989 5382 loom,
1016 5335 1144 5379 xvir.
1173 5332 1296 5375 3.-
1323 5329 1345 5362 ⁸
1371 5330 1567 5393 virgil„
1596 5329 1819 5392 AEneid.,
1848 5331 1938 5380 lib.
1965 5331 2161 5381 IV.—⁸
2180 5334 2318 5384 Luc..

752 5401 925 5465 1ΣΧΠ,
953 5394 1030 5439 2¹·
1052 5419 1109 5431 —-
1136 5396 1157 5428 ⁸
1187 5402 1333 5460 Aug„
1359 5398 1420 5448 de
1446 5400 1577 5449 verb.
1614 5403 1774 5462 Dom„
1804 5414 1957 5451 serm.
1995 5412 2069 5463 xl,
2101 5421 2148 5453 e.
2178 5414 2274 5453 xm
2293 5440 2311 5465 ,

1881 408 2503 481 SENTENTIARUM
2544 410 2690 477 ΜΒ.
2747 413 2852 477 111.

2418 554 2566 613 cant
2591 549 2656 612 in
2682 550 2950 632 objecto,
2980 550 3322 615 dicendum
3348 550 3526 633 quod
3553 568 3686 615 non
3713 551 3832 615 snb
3856 569 3954 615 ffl-

2416 656 2561 720 dem
2588 657 2834 721 ratione
2873 659 3220 742 respiciunt
3261 658 3416 748 illud
3445 658 3806 740 objectum,
3847 657 3954 721 sed

2417 764 2538 826 sub
2581 765 2705 828 alia
2747 771 2810 829 et
2854 767 2999 829 alia.
3047 767 3142 829 Ad
3199 766 3354 829 illud
3401 765 3570 847 quod
3618 765 3954 847 objicitur,

2418 872 2588 951 quod
2631 873 2694 933 in
2731 873 3184 954 temporalibus
3211 874 3371 936 bene
3404 877 3603 954 potest
3630 872 3779 953 quis
3818 890 3953 952 spe·

2418 997 2559 1040 rare
2600 980 2770 1061 quod
2818 981 3009 1059 videt,
3062 1000 3220 1063 ergo
3262 987 3324 1044 et
3367 983 3435 1043 in
3479 981 3953 1063 spiritualibus;

2415 1085 2753 1149 dicendum
2781 1089 2952 1169 quod
2991 1107 3120 1152 non
3148 1094 3241 1151 est
3285 1088 3494 1150 simile
3515 1137 3534 1164 ,
3564 1088 3718 1169 quia
3749 1088 3959 1151 videre

2417 1194 2766 1275 corporalia
2820 1213 2949 1258 non
2999 1199 3096 1258 est
3146 1196 3254 1257 illa
3302 1194 3540 1259 habere
3562 1217 3582 1273 ;
3632 1195 3741 1258 sed
3797 1195 3961 1258 bona

2417 1305 2655 1365 aeterna
2694 1303 2935 1381 videre,
2985 1306 3080 1366 est
3123 1302 3230 1365 illa
3271 1301 3613 1384 possidere.
3660 1299 3758 1364 Ad
3811 1299 3960 1363 illud

2416 1407 2585 1488 quod
2628 1408 2946 1490 objicitur,
2990 1409 3163 1490 quod
3212 1407 3527 1472 invisibile
3567 1405 3831 1488 respicit
3869 1407 3962 1469 in-

2415 1514 2770 1593 tellectum,
2812 1516 3149 1580 dicendum
3198 1515 3369 1598 quod
3413 1532 3646 1579 verum
3701 1517 3800 1577 est
3845 1513 3960 1577 sub

2417 1622 2658 1686 ratione
2701 1622 3036 1686 invisibilis
3072 1643 3088 1686 z
3120 1622 3544 1687 nihilominus
3575 1624 3784 1703 potest
3828 1638 3958 1683 res-

2416 1729 2622 1811 picere
2648 1730 2951 1795 affectum
2975 1731 3097 1794 sub
3123 1730 3369 1794 ratione
3396 1746 3533 1792 non
3557 1727 3782 1792 habiti.

3049 1945 3188 1991 mm.
3235 1944 3326 1990 lv.

2464 2059 2592 2122 Spes
2618 2062 2790 2110 autem
2817 2073 2923 2111 non
2957 2060 3060 2111 nisi
3084 2060 3340 2111 bonarum
3366 2071 3544 2110 rerum
3572 2063 3680 2121 est,
3703 2071 3803 2108 nec
3828 2057 3924 2108 nisi

2965 2132 3249 2182 futurarum
3266 2167 3278 2184 .
3308 2135 3407 2182 etc.

2497 2263 2727 2328 Contra
2753 2264 2875 2329 hoc
2901 2266 3204 2348 objicitur
3228 2265 3468 2348 prim0‚
3503 2263 3754 2329 ratione
3781 2263 3959 2345 primi

2417 2370 2713 2448 membri,
2744 2371 2899 2453 quia
2931 2372 3082 2435 dicit
3108 2370 3336 2435 Poeta·
3371 2394 3385 2434 ε

2540 2531 2691 2581 Hunc
2722 2543 2819 2595 ego
2847 2530 2890 2581 si
2916 2531 3060 2596 potui
3086 2535 3284 2582 tantum
3311 2544 3520 2596 sperare
3552 2530 3806 2581 dolorem.

2495 2691 2669 2774 Ergo
2705 2710 2849 2775 spes
2894 2696 2989 2756 est
3028 2692 3347 2757 malarum
3389 2711 3640 2758 rerum.
3671 2692 3863 2771 Item,
3893 2695 3965 2756 si-

2416 2804 2526 2862 cut
2574 2799 2719 2881 quis
2763 2804 3053 2881 expectat
3104 2799 3429 2882 propriam
3471 2800 3960 2877 exaltationem,

2415 2906 2504 2970 ita
2562 2913 2850 2989 expectat
2904 2907 3251 2971 adversarii
3301 2908 3403 2970 sui
3456 2907 3900 2972 contusionem
3944 2926 3962 2967 ε

2417 3032 2574 3095 ergo
2602 3015 2767 3077 sicut
2792 3020 3081 3097 expectat
3106 3015 3353 3078 bonum
3381 3032 3603 3088 suum,
3631 3013 3725 3076 ita
3752 3031 3965 3095 expec-

2417 3126 2552 3187 tare
2595 3127 2799 3205 potest
2845 3122 3089 3188 malum
3131 3122 3436 3186 alienum.
3474 3120 3638 3186 Item
3675 3121 3966 3204 objicitur

2418 3235 2637 3294 contra
2683 3230 3035 3294 secundum
3092 3229 3501 3306 membrum,
3549 3230 3727 3310 quod
3775 3229 3959 3292 dicit:

2417 3340 2687 3404 nonnisi
2730 3339 3130 3418 tatarorum,
3173 3337 3328 3418 quia
3361 3337 3691 3400 beatitudo
3722 3355 3855 3399 non
3880 3341 3964 3399 est

2418 3445 2666 3521 futura,
2698 3465 2817 3509 nec
2842 3445 3137 3510 habenda
3173 3445 3465 3528 praescito
3500 3466 3517 3508 ε
3548 3462 3714 3525 ergo
3756 3445 3811 3506 si
3834 3461 3964 3526 spes

2420 3575 2551 3620 non
2581 3562 2675 3619 est
2714 3557 2833 3620 nisi
2864 3576 3082 3622 rerum
3121 3557 3519 3631 suturarum,
3549 3554 3780 3619 nullus
3805 3572 3966 3638 prae-

2419 3663 2614 3727 scitus
2637 3664 2830 3728 habet
2856 3683 3057 3747 spem.
3086 3664 3241 3728 Item
3264 3664 3565 3745 oincitur
3591 3668 3819 3727 contra
3839 3668 3965 3725 ter-

2419 3770 2582 3833 tium
2611 3772 2998 3849 membrum,
3040 3789 3172 3853 quo
3196 3770 3430 3835 dicitur
3461 3790 3478 3833 t
3507 3769 3599 3834 ad
3636 3786 3743 3835 eos
3779 3768 3969 3851 perti·

2421 3879 2737 3955 nentium,
2773 3882 2918 3956 etc.;
2940 3878 3094 3960 quia
3118 3877 3385 3942 dicitur*
3404 3877 3566 3942 :Nos
3600 3883 3814 3943 autem
3841 3890 3967 3956 spe·

2422 3983 2748 4065 rubemus,
2763 3985 2934 4068 quod
2950 3988 3087 4067 ipse
3106 3992 3262 4052 esset
3275 3984 3726 4067 redempturus
3747 3982 3937 4050 Israel
3945 4005 3969 4047 .-

2421 4109 2583 4174 ergo
2623 4094 2937 4175 contingit
2981 4111 3234 4176 sperare
3273 4092 3517 4156 bonum
3564 4108 3912 4157 commune
3949 4109 3964 4151 ε

2423 4219 2556 4264 non
2579 4219 2737 4282 ergo
2764 4206 3014 4265 tantum
3039 4218 3183 4284 spes
3206 4204 3301 4264 est
3324 4206 3621 4283 respectu
3645 4200 3805 4264 boni
3834 4216 3969 4281 pro-

2422 4307 2569 4388 prii.
2604 4307 2762 4372 item
2803 4308 3214 4388 Augustinus
3248 4307 3400 4371 dicit
3421 4307 3443 4343 ⁸
3478 4307 3655 4390 quod
3692 4331 3726 4367 e
3753 4307 3832 4372 de
3858 4325 3971 4370 ne-

2426 4415 2600 4479 mine
2644 4416 3114 4498 desperandum
3154 4419 3287 4493 est,
3322 4414 3484 4478 dum
3519 4418 3618 4477 est
3649 4414 3726 4477 in
3753 4415 3866 4478 via
3893 4434 3910 4476 :
3936 4435 3962 4470 ο

2425 4522 2533 4586 sed
2562 4522 2638 4586 de
2667 4521 2880 4604 aliquo
2912 4522 3227 4603 contingit
3266 4521 3602 4604 desperare
3638 4542 3653 4582 τ
3689 4539 3853 4603 ergo
3879 4520 3973 4582 vi·

2425 4628 2611 4693 detur
2639 4631 2809 4711 quod
2849 4631 2926 4695 de
2953 4632 3076 4695 alio
3106 4630 3423 4713 contingit
3459 4649 3745 4714 sperare.
3783 4631 3968 4706 Item,

2426 4754 2571 4798 cum
2624 4737 2780 4799 fides
2821 4743 2883 4800 et
2928 4738 3204 4801 charitas
3244 4737 3484 4820 possint
3535 4756 3667 4801 non
3725 4742 3968 4801 tantum

2427 4860 2563 4906 esse
2590 4844 2667 4907 de
2697 4844 2882 4907 bonis
2911 4843 3183 4926 propriis
3203 4891 3221 4920 ,
3250 4844 3360 4906 sed
3391 4848 3454 4907 et
3478 4843 3558 4909 de
3588 4845 3777 4908 bonis
3802 4862 3973 4908 com-

2427 4951 2758 5030 munibus,
2788 4970 2988 5032 quare
3017 4969 3151 5015 non
3189 4951 3487 5018 similiter
3514 4957 3612 5017 est
3637 4953 3764 5018 hcc
3801 4969 3972 5035 repe-

2425 5058 2552 5121 rire
2579 5059 2658 5122 de
2684 5078 2796 5142 spe
2814 5060 2845 5121 ‘2

2508 5164 2693 5249 Resp.
2737 5163 3125 5230 Dicendum·
3151 5164 3331 5247 quod
3371 5184 3519 5249 spes
3561 5171 3659 5234 est
3697 5171 3966 5251 respectu

2426 5331 2495 5381 al.
2529 5342 2670 5391 mur,
2691 5344 2744 5379 n.
2763 5334 2812 5380 21
2842 5345 2857 5392 ;
2886 5330 3121 5390 Reti-act..
3142 5328 3294 5394 Iib.I,
3316 5345 3364 5381 c.
3386 5344 3509 5396 xm,
3533 5347 3590 5385 n.
3610 5337 3660 5385 Ἰ.
3695 5361 3747 5371 -
3777 5334 3797 5368 ⁸
3824 5332 3966 5390 Ala,

2427 5402 2548 5451 coll.
2574 5413 2664 5452 uu
2686 5405 2737 5450 et
2759 5412 2842 5463 nv,
2874 5406 2970 5450 art.
3003 5405 3051 5464 3,
3079 5414 3133 5464 q.
3161 5411 3222 5450 ιι.
3241 5426 3305 5439 -
3329 5404 3416 5467 (a),
3435 5406 3579 5457 Edit.
3607 5406 3725 5457 γεω.
3750 5407 3965 5456 intuetur.
