4185 6288
597 467 716 528 308

598 616 701 663 res
730 617 746 661 ε
779 616 937 680 ergo
964 597 1204 662 cumin
1231 596 1439 662 Verbo
1464 600 1707 662 aeterno
1737 615 1869 661 non
1896 596 2147 660 differat

599 706 945 770 similitudo
971 706 1060 770 rei
1089 707 1169 769 ab
1198 706 1357 788 ipso,
1389 725 1543 770 nam
1568 707 1779 790 ipsum
1811 709 1905 770 est
1930 723 2145 769 exem-

599 813 739 895 plar
764 817 825 877 et
849 813 1009 876 ratio
1034 815 1499 893 cognoscendi,
1533 814 1788 878 videtur
1816 813 1991 896 quod
2037 832 2144 878 ea-

600 919 747 983 dem
793 919 1158 1000 cognitione
1182 969 1199 997 ,
1237 939 1366 1002 qua
1408 921 1553 1002 quis
1596 921 1776 985 novit
1816 920 2097 984 Verbum
2123 968 2140 996 ‚

598 1031 939 1108 cognoscat
992 1032 1055 1091 et
1105 1046 1205 1091 res
1263 1029 1330 1091 in
1383 1026 1592 1092 Verbo
1639 1049 1657 1091 ε
1713 1047 1873 1110 ergo
1931 1028 2148 1091 anima

600 1131 824 1196 Christi
848 1149 968 1216 per
990 1134 1289 1199 eumdem
1310 1135 1603 1199 habitum
1630 1135 2014 1217 cognitionis
2046 1152 2148 1198 co-

597 1237 846 1317 gnoscit
868 1235 1174 1314 Verbum,
1204 1242 1267 1302 et
1292 1238 1415 1302 alia
1449 1238 1519 1301 in
1548 1240 1710 1320 ipso,

678 1343 858 1425 Item,
889 1346 943 1409 si
971 1347 1188 1410 anima
1220 1346 1445 1410 Christi
1471 1350 1886 1428 cognosceret
1909 1364 2047 1410 rem
2079 1345 2149 1407 in

597 1449 804 1516 Verbo
831 1471 944 1535 per
981 1453 1181 1517 alium
1211 1454 1505 1517 habitum
1531 1457 1593 1517 et
1621 1454 1811 1517 aliam
1842 1452 2148 1516 similitu-

599 1560 840 1639 dinem,
873 1581 1068 1644 quam
1096 1568 1435 1643 cognoscat
1464 1563 1675 1645 ipsum
1699 1561 2003 1640 Verbum,
2035 1564 2150 1624 aut

600 1666 709 1730 illa
747 1668 1094 1733 similitudo
1132 1675 1300 1733 esset
1343 1688 1497 1746 una,
1553 1674 1668 1733 aut
1717 1670 1981 1733 multae:
2015 1687 2151 1732 una

603 1790 734 1836 non
761 1778 963 1856 potest
988 1793 1122 1838 esse
1141 1824 1158 1854 ,
1193 1776 1348 1857 quia
1370 1794 1781 1857 unaquaeque
1814 1794 1913 1839 res
1941 1778 2151 1838 creata

604 1878 796 1943 habet
820 1880 1301 1945 similitudinem
1330 1883 1447 1945 sibi
1467 1882 1788 1964 propriam
1818 1882 1885 1944 in
1911 1898 2149 1963 genere

552 1979 578 2005 ⁶
607 1991 937 2051 creaturae.
971 1988 1035 2052 Si
1069 1990 1290 2069 multa,
1318 2009 1475 2071 ergo
1504 2009 1653 2053 cum
1680 2008 1808 2054 non
1834 1991 1914 2052 sit
1950 1993 2152 2052 status

374 2977 446 3026 Ad
480 2996 587 3041 opp·

607 2092 676 2155 in
705 2094 945 2174 multiS,
976 2098 1083 2160 sed
1112 2098 1178 2159 in
1207 2117 1368 2177 uno,
1411 2099 1695 2179 cognitio
1729 2098 2001 2161 aliarum
2044 2117 2147 2161 re-

607 2217 756 2263 rum
782 2220 821 2264 a
845 2200 1052 2266 Verbo
1079 2204 1145 2266 in
1175 2205 1309 2286 ipso
1336 2205 1546 2270 Verbo
1573 2225 1705 2269 non
1736 2210 2042 2287 spectaret
2069 2205 2149 2267 ad

607 2306 1040 2388 cognitionem
1087 2310 1317 2390 gloriae
1341 2361 1358 2392 ,
1408 2313 1476 2376 in
1523 2333 1651 2395 qua
1701 2318 1794 2378 est
1837 2316 2037 2376 status
2090 2316 2154 2376 et

608 2415 786 2496 quies
819 2440 833 2480 :
865 2436 1022 2499 ergo
1060 2420 1112 2481 si
1153 2420 1276 2484 hoc
1325 2424 1418 2484 est
1442 2422 1922 2500 inconvenienS,
1957 2424 2152 2484 restat

606 2523 776 2605 quod
803 2527 1026 2591 eodem
1053 2526 1277 2590 habitu
1305 2528 1714 2608 cognitioniS,
1746 2547 1877 2611 quo
1906 2545 2153 2607 cogno-

607 2631 806 2695 scitur
831 2630 1040 2716 ipsum
1063 2633 1348 2699 Verbum
1370 2684 1388 2714 ,
1439 2640 1903 2716 cognoscantur
1929 2639 1993 2698 et
2031 2632 2158 2697 alia

608 2737 676 2801 in
722 2736 951 2819 Verbo,
978 2745 1111 2804 tam
1156 2744 1236 2806 ab
1281 2742 1496 2806 anima
1541 2741 1810 2819 Christi,
1841 2760 2039 2824 quam
2075 2739 2155 2803 ab

610 2846 733 2908 alia
761 2847 979 2910 anima
1001 2849 1209 2912 beata.

696 2955 819 3018 Sed
861 2960 1083 3020 contra
1112 2980 1126 3019 ε
1162 2963 1221 3021 1.
1253 2956 1431 3022 Sicut
1467 2959 1733 3022 materia
1759 2976 1826 3022 se
1856 2959 2046 3023 habet
2076 2958 2158 3023 ad

612 3063 910 3140 formam,
940 3065 1030 3128 ita
1046 3065 1398 3130 intellectus
1426 3066 1738 3153 possibilis
1761 3085 1827 3129 se
1857 3066 2045 3130 habet
2077 3065 2158 3130 ad

559 3242 574 3253 ἡ
614 3189 717 3235 res
743 3190 904 3254 quas
928 3175 1258 3254 cognoscit
1286 3198 1301 3238 ε
1337 3176 1445 3239 sed
1476 3176 1860 3259 impossibile
1880 3175 2160 3256 estquod

616 3298 948 3345 summum
995 3300 1110 3345 ens
1150 3282 1254 3346 det
1301 3302 1436 3347 esse
1480 3284 1600 3366 ipsi
1656 3282 1972 3361 materiae,
2033 3283 2159 3346 nisi

617 3388 1043 3471 imprimendo
1088 3391 1369 3473 aliquam
1413 3392 1686 3455 formam
1732 3396 2009 3456 creatam
2037 3390 2159 3473 ipsi

619 3502 942 3582 materiae,
992 3502 1309 3568 diversam
1352 3523 1392 3566 a
1426 3522 1528 3581 se;
1577 3522 1739 3585 ergo
1774 3503 2187 3587 impossibile¹

620 3611 715 3670 est
754 3608 927 3689 quod
951 3627 1283 3672 summum
1313 3609 1533 3672 lumen
1561 3609 1745 3673 faciat
1770 3609 2162 3674 intellectum

621 3715 985 3797 possibilem
1014 3717 1252 3800 aliquid
1282 3721 1428 3781 actu
1457 3718 1812 3799 intelligere
1833 3768 1852 3798 ,
1883 3718 2007 3782 nisi
2035 3718 2165 3781 im-

623 3823 858 3905 primat
899 3824 959 3887 ei
1010 3826 1284 3907 speciem
1332 3830 1395 3889 et
1432 3825 1911 3890 similitudinem
1963 3827 2165 3908 ipsius

624 3932 718 3995 rei
744 3933 1023 4013 cognitae
1057 3956 1072 3997 ι
1109 3952 1268 4015 ergo
1299 3934 1582 4014 cognitio
1622 3933 1896 3998 aliarum
1943 3953 2164 3999 rerum

628 4056 669 4102 a
693 4037 902 4103 Verbo
941 4040 1009 4102 in
1043 4041 1180 4122 ipso
1226 4039 1432 4106 Verbo
1487 4042 1728 4125 aliquid
1767 4042 1911 4124 plus
1940 4042 2164 4123 exigit,

631 4164 827 4228 quam
873 4148 1304 4229 cognitionem
1341 4149 1542 4231 ipsius
1584 4147 1807 4227 Verbi;
1839 4152 1903 4212 et
1928 4154 2024 4213 est
2058 4168 2174 4232 per

634 4254 827 4319 aliam
861 4256 1175 4320 rationem
1211 4256 1675 4338 cognoscendi,
1710 4276 1908 4339 quam
1945 4258 2025 4321 sit
2060 4276 2173 4322 co-

632 4363 839 4443 gnitio
866 4363 1084 4446 ipsius.

715 4475 774 4534 2.
835 4470 1014 4552 Item,
1064 4472 1144 4536 ad
1192 4473 1314 4537 hoc
1350 4473 1518 4555 quod
1546 4473 1897 4537 intellectus
1936 4475 2176 4558 aliquid

632 4578 988 4661 intelligat,
1040 4599 1292 4645 necesse
1335 4588 1429 4644 est
1468 4581 1680 4663 ipsum
1708 4581 2046 4649 assimilari
2079 4584 2174 4647 rei

630 4686 943 4768 cognitae:
977 4705 1138 4769 ergo
1183 4706 1331 4751 cum
1361 4689 1685 4770 cognoscit
1727 4689 1852 4752 alia
1879 4709 1914 4753 a
1939 4688 2170 4769 Verbo,

632 4813 886 4859 necesse
916 4798 1009 4858 est
1035 4794 1249 4878 ipsum
1277 4796 1615 4859 assimilari
1651 4813 1784 4860 non
1812 4796 2018 4860 solum
2053 4797 2175 4879 ipsi

632 4901 857 4980 Verb0‚
904 4901 1016 4965 sed
1042 4900 1235 4965 etiam
1264 4901 1405 4965 aliis
1445 4921 1485 4965 a
1520 4900 1767 4967 Verbo:
1794 4904 1902 4968 sed
1954 4904 2095 4967 aliis
2136 4922 2176 4967 a

633 5028 674 5073 a
699 5009 906 5073 Verbo
933 5027 1062 5072 non
1101 5012 1302 5091 potest
1345 5009 1701 5090 assimilari,
1731 5012 1851 5074 nisi
1895 5031 2006 5094 per
2030 5029 2175 5075 sus-

632 5116 988 5198 ceptionem
1022 5117 1514 5183 similitudinum
1560 5118 1875 5182 aliarum:
1908 5136 2065 5198 ergo
2094 5117 2175 5181 ad

634 5222 758 5285 hoc
797 5224 968 5304 quod
1012 5224 1367 5290 intellectus
1407 5226 1637 5307 aliquis
1683 5230 1931 5290 creatus
1966 5274 1982 5302 ‚
2039 5226 2175 5289 sive

637 5326 886 5408 Christi,
909 5330 1044 5393 sive
1065 5332 1251 5410 aliuS,
1280 5337 1615 5411 cognoscat
1633 5332 1786 5396 alias
1815 5333 2001 5396 resin
2019 5332 2180 5396 Ver-

636 5438 745 5517 ho,
774 5455 907 5503 non
942 5439 1174 5502 sufficit
1206 5457 1585 5520 cognoscere
1612 5441 1824 5523 ipsum
1862 5439 2170 5504 Verbum.

1737 454 2356 527 SENTENTIA-num
2392 455 2544 521 LIB.
2587 453 2696 521 111.

2337 599 2393 658 3.
2436 591 2593 656 Item
2619 641 2637 671 ,
2680 592 2735 655 si
2784 591 3131 675 aspicerem
3176 591 3257 657 ad
3303 593 3584 676 anquam
3633 614 3803 677 rem,

2256 700 2762 778 aggeneraretur
2798 696 2866 758 in
2908 715 3010 760 me
3050 696 3397 761 similitudo
3456 698 3628 762 illius
3682 700 3805 764 rei.

2257 805 2580 882 Similiter,
2614 804 2670 866 si
2698 803 3046 886 aspicerem
3069 804 3148 868 ad
3170 805 3526 887 speculum,
3547 825 3678 871 non
3705 827 3806 871 so·

2254 913 2395 978 lum
2423 911 3012 994 aggenerareturin
3031 930 3136 975 me
3154 912 3507 977 similitudo
3534 914 3803 996 speculi,

2255 1021 2365 1085 sed
2411 1021 2604 1085 etiam
2651 1018 2998 1084 similitudo
3034 1019 3149 1083 rei.
3194 1018 3368 1100 Ergo
3415 1021 3469 1082 si
3518 1019 3806 1086 Verbum

2258 1133 2574 1193 aeternum
2620 1129 2899 1192 continet
2948 1126 3014 1189 in
3065 1145 3130 1190 se
3173 1127 3345 1191 ideas
3387 1146 3607 1192 rerum
3657 1148 3805 1193 om-

2257 1233 2464 1311 nium,
2496 1233 2578 1297 ita
2609 1232 3091 1313 generabuntur
3116 1231 3561 1296 similitudines
3578 1251 3804 1297 rerum

2257 1339 2326 1402 in
2370 1339 2587 1403 anima
2629 1339 2971 1421 aspiciente
3016 1338 3252 1421 ipsum,
3307 1340 3472 1402 sicut
3497 1341 3550 1403 si
3584 1342 3805 1404 anima

2257 1451 2666 1511 contueretur
2692 1447 2860 1528 ipsas
2886 1465 2987 1510 res
3018 1469 3033 1509 :
3065 1465 3225 1528 ergo
3244 1447 3498 1512 videtur
3512 1449 3685 1530 quod
3701 1467 3806 1513 res

2259 1555 2329 1617 in
2354 1554 2562 1619 Verbo
2603 1575 2734 1619 non
2779 1559 3033 1619 tantum
3070 1555 3476 1636 cognoscitur
3502 1556 3583 1619 ab
3612 1555 3808 1620 intel-

2258 1666 2425 1730 lectu
2470 1669 2679 1729 creato
2708 1684 2821 1747 per
2848 1666 3060 1748 ipsum
3096 1664 3379 1729 Verbum
3400 1716 3418 1745 ,
3464 1665 3573 1729 sed
3609 1666 3806 1730 etiam

2258 1793 2373 1856 per
2418 1774 2863 1838 similitudines
2899 1774 3280 1856 impressas:
3331 1793 3493 1854 ergo
3534 1793 3651 1856 per
3694 1794 3810 1839 co·-

2262 1883 2618 1962 gnitionem
2646 1883 2836 1946 aliam
2864 1886 2927 1945 et
2949 1881 3162 1945 aliam.

2338 1996 2401 2054 4.
2438 1990 2596 2055 Item
2646 1990 2959 2071 contingit
2993 2008 3375 2070 cognoscere
3411 1990 3618 2072 ipsum
3650 1990 3809 2055 Ver·

2261 2099 2420 2163 bum
2479 2104 2554 2163 ut
2605 2098 2812 2162 lucem
2836 2147 2852 2174 ,
2914 2103 2976 2161 et
3022 2097 3341 2178 contingit
3417 2116 3811 2178 cognoscere

2261 2207 2477 2289 ipsum
2534 2210 2606 2270 ut
2630 2205 3000 2288 exemplar:
3033 2210 3189 2269 tunc
3214 2211 3430 2270 autem
3474 2208 3812 2288 cognosci-

2260 2319 2368 2378 tur
2392 2312 2675 2377 Verbum
2705 2319 2779 2377 ut
2804 2314 2919 2376 lux
2942 2362 2960 2393 ‚
2989 2313 3244 2394 quando
3290 2315 3697 2394 cognoscitur
3739 2315 3812 2378 in

2262 2441 2366 2500 se;
2415 2427 2568 2486 tunc
2610 2425 2827 2485 autem
2876 2421 3285 2500 cognoscitur
3324 2425 3399 2483 ut
3451 2421 3806 2503 exemplar,

2262 2530 2519 2612 quando
2567 2530 2637 2592 in
2675 2529 2810 2611 ipso
2847 2532 3327 2609 cognoscuntur
3354 2527 3501 2591 alia.
3531 2527 3655 2592 Sed
3682 2528 3812 2591 im-

2264 2636 2560 2719 possibile
2585 2640 2679 2700 est
2715 2654 3101 2716 cognoscere
3128 2636 3339 2718 ipsum
3374 2634 3659 2700 Verbum
3701 2637 3812 2701 lu-

2264 2763 2426 2822 cem,
2450 2745 2610 2828 quin
2636 2743 3009 2808 infundatur
3031 2743 3215 2806 nobis
3240 2743 3482 2820 lumen,
3517 2744 3689 2825 quod
3713 2744 3813 2807 fa-

2265 2854 2349 2918 cit
2367 2872 2484 2917 nos
2502 2854 2858 2917 conformes
2879 2852 2998 2934 ipsi
3024 2851 3152 2914 luci
3185 2874 3199 2914 ε
3238 2870 3398 2931 ergo
3423 2850 3813 2932 impossibile

2265 2965 2361 3024 est
2386 2961 2599 3042 ipsum
2627 2976 3011 3039 cognoscere
3038 2961 3114 3021 ut
3139 2957 3490 3039 exemplar,
3522 2957 3680 3039 quin
3706 2958 3813 3020 in-

2267 3068 2572 3133 fundatur
2612 3068 2796 3130 nobis
2834 3066 3138 3149 cognitio,
3170 3083 3317 3148 quae
3339 3065 3487 3128 facit
3505 3082 3625 3128 nos
3653 3083 3813 3127 con—

2267 3179 2501 3242 formes
2526 3178 2680 3259 ipsis
2703 3175 2957 3256 aeternis
2987 3174 3142 3238 ideis
3159 3178 3223 3237 et
3240 3173 3594 3237 rationibus
3611 3190 3627 3232 ε
3653 3191 3815 3255 ergo

2267 3304 2385 3349 nec
2411 3285 2627 3349 anima
2652 3282 2879 3348 Christi
2917 3281 3040 3345 alio
3071 3281 3258 3344 modo
3277 3328 3295 3359 ,
3327 3299 3525 3363 quam
3550 3280 3671 3343 isto
3699 3298 3809 3343 co-

2270 3392 2517 3475 gnovit.
2564 3390 2633 3456 Si
2672 3391 2845 3454 dicas
2894 3388 3068 3470 quod
3113 3387 3284 3451 idem
3324 3390 3421 3450 est
3470 3404 3585 3468 per
3639 3385 3815 3468 quod

2270 3500 2652 3564 assimilatur
2698 3498 2817 3580 ipsi
2859 3496 3066 3560 Verbo
3107 3499 3181 3558 ut
3223 3495 3350 3558 luci
3371 3543 3388 3574 ,
3420 3498 3483 3557 et
3508 3492 3716 3558 Verbo
3744 3499 3820 3559 ut

2271 3609 2622 3692 exemplari
2634 3626 2654 3688 3
2681 3610 2902 3671 contra
2932 3626 2948 3668 :
2980 3605 3277 3687 possibile
3318 3608 3413 3668 est
3433 3622 3819 3685 cognoscere

2273 3712 2486 3794 ipsum
2515 3709 2798 3774 Verbum
2823 3758 2840 3786 ,
2873 3708 2990 3771 etsi
3014 3725 3145 3772 non
3172 3711 3670 3789 cognosceretur
3715 3726 3822 3771 res

2273 3821 2461 3901 cujus
2481 3817 2789 3893 Verbum,
2818 3821 2912 3880 est
2937 3816 3306 3898 exemplam
3349 3833 3510 3896 ergo
3535 3814 3818 3893 videtur,

2275 3929 2447 4010 quod
2483 3927 2607 3991 alia
2636 3927 2717 3989 sit
2746 3925 2938 4005 rati0,
2976 3943 3091 4007 per
3134 3942 3330 4006 quam
3369 3924 3513 4006 quis
3562 3922 3824 3986 confor-

2276 4039 2491 4100 matur
2533 4035 2654 4117 ipsi
2695 4030 2903 4098 Verbo
2943 4036 3018 4095 ut
3060 4031 3232 4111 luci,
3270 4036 3333 4095 et
3361 4031 3480 4113 ipsi
3509 4029 3715 4096 Verbo
3746 4034 3823 4093 ut

2277 4142 2649 4224 exemplari.

2361 4256 2421 4316 5.
2454 4251 2612 4316 Item
2639 4249 3063 4331 intelligimus
3087 4248 3258 4330 quod
3280 4246 3509 4330 aliquis
3526 4247 3592 4310 in
3612 4244 3824 4310 Verbo

2280 4363 2623 4442 cognoscat
2645 4377 2780 4422 rem
2812 4357 3090 4438 aliquam
3118 4354 3394 4418 videndo
3421 4354 3635 4436 ipsum
3665 4351 3828 4416 Ver-

2281 4470 2464 4546 bum,
2480 4470 2694 4550 etpost
2716 4466 2959 4531 desinat
2978 4464 3215 4541 videre,
3228 4462 3396 4526 sicut
3411 4462 3529 4524 fuit
3546 4460 3613 4523 in
3631 4463 3830 4542 raptu

2284 4576 2465 4641 Pauli
2498 4599 2512 4640 ε
2544 4573 2840 4657 possibile
2885 4576 2982 4635 est
3022 4570 3247 4648 talem,
3276 4572 3613 4652 postquam
3642 4567 3834 4631 desiit

2282 4684 2498 4750 videre
2524 4683 2729 4766 ipsam
2771 4680 2965 4744 Verbi
2999 4678 3336 4743 essentiam
3361 4725 3379 4756 ,
3420 4676 3655 4740 habere
3688 4693 3829 4739 me-

2282 4791 2557 4856 moriam
2600 4792 2740 4871 eJus
2778 4787 2951 4870 quod
2980 4785 3139 4850 vidit
3170 4785 3239 4847 in
3260 4783 3468 4847 Verbo
3498 4805 3514 4845 ε
3543 4783 3667 4847 hoc
3701 4803 3832 4849 au-

2282 4904 2410 4966 tem
2448 4919 2580 4964 non
2610 4901 2793 4975 esset,
2823 4894 2945 4958 nisi
2983 4910 3085 4957 res
3130 4893 3202 4956 in
3229 4891 3436 4956 Verbo
3477 4910 3828 4974 cognosce·

2282 5013 2508 5072 rentur
2526 5007 2649 5070 alia
2666 5002 3054 5084 cognitione,
3074 5018 3271 5082 quam
3285 5000 3500 5083 ipsum
3518 4998 3831 5068 Verbum:

2283 5135 2442 5198 ergo
2465 5116 2679 5177 anima
2707 5110 2958 5187 Christi,
2988 5113 3053 5172 et
3078 5109 3288 5171 omnis
3325 5108 3453 5172 alia
3485 5109 3703 5174 anima
3723 5160 3741 5190 ,
3771 5115 3831 5177 si

2284 5224 2624 5303 cognoscat
2647 5235 2748 5281 res
2772 5218 2837 5278 in
2859 5213 3089 5293 Verbo,
3120 5215 3243 5277 hoc
3260 5233 3391 5278 non
3410 5219 3505 5278 est
3521 5234 3637 5298 per
3655 5236 3840 5283 eam-

2285 5331 2432 5394 dem
2443 5326 2899 5408 cognitionem,
2911 5323 3014 5385 sed
3034 5342 3146 5404 per
3160 5323 3601 5402 cognitionem
3613 5326 3842 5411 aliam,

2287 5441 2350 5502 et
2376 5436 2588 5500 aliam.
