4185 6288
372 1500 566 1556 lmpmb.

620 488 736 549 316

608 620 826 684 omnia
875 637 1022 703 quae
1088 622 1410 700 cognoscit
1464 618 1746 684 Verbum
1764 669 1782 698 ,
1868 620 1976 683 sed
2045 619 2154 682 illa

609 745 757 809 quae
841 730 1122 810 spectant
1206 727 1283 792 ad
1365 729 1639 810 gloriam
1730 747 1935 792 suam.
2010 728 2153 793 Alio

609 854 763 899 vero
804 835 993 900 modo
1012 885 1030 912 ,
1079 836 1192 917 qui
1239 843 1335 900 est
1383 856 1497 920 per
1552 838 1827 919 gratiam
1873 837 2150 916 unionis,

608 943 930 1023 cognoscit
1003 942 1220 1006 omnia
1296 962 1443 1026 quae
1536 945 1862 1025 cognoscit
1941 944 2154 1025 ipsum

614 1048 918 1128 Verbum,
953 1050 1257 1131 quoniam
1316 1050 1524 1132 gratia
1577 1052 1860 1128 unionis,
1909 1051 2153 1114 ratione

608 1158 882 1220 extremi
937 1157 1037 1219 cui
1092 1158 1345 1234 unitur,
1394 1164 1489 1222 est
1544 1159 1752 1239 gratia
1793 1159 1930 1221 sine
1964 1176 2154 1221 men-

608 1282 781 1340 sura,
833 1267 897 1326 et
944 1264 1155 1345 gratia
1205 1265 1455 1330 infinita
1507 1289 1522 1329 z
1576 1271 1641 1329 et
1678 1266 1819 1329 ideo
1872 1284 2002 1329 non
2061 1269 2156 1329 est

610 1371 874 1451 mirum,
918 1371 973 1433 si
1016 1373 1337 1452 cognoscit
1380 1374 1730 1438 secundum
1787 1373 1959 1436 illam
2003 1375 2155 1438 infi-

610 1480 766 1560 nita,
798 1485 861 1544 et
887 1482 1105 1545 omnia
1130 1501 1278 1563 quae
1320 1481 1598 1546 Verbum
1636 1484 1980 1564 cognoscit.
2031 1482 2155 1548 Sed

611 1589 727 1651 iste
770 1588 997 1651 modus
1019 1589 1269 1652 dicendi
1297 1609 1425 1652 non
1459 1590 1711 1655 videtur
1747 1610 1882 1654 esse
1920 1590 2149 1653 intelli-

614 1695 827 1774 gibilis
870 1695 949 1759 de
985 1697 1171 1759 facili.
1224 1697 1514 1761 Primum
1565 1699 1849 1780 quidem,
1900 1699 2053 1779 quia
2102 1699 2155 1760 si

610 1806 829 1866 anima
856 1804 1082 1868 Christi
1110 1807 1437 1886 cognoscit
1475 1807 1788 1888 quidquid
1825 1806 2158 1887 cognoscit

611 1931 724 1994 per
749 1913 1041 1975 habitum
1069 1918 1349 1977 creatum
1367 1963 1383 1990 ,
1418 1933 1538 1977 nec
1566 1918 1660 1977 est
1706 1914 1964 1977 habitus
1989 1912 2154 1976 alius

612 2025 857 2082 creatus
884 2021 952 2082 in
980 2020 1193 2082 anima
1217 2021 1446 2083 Christi
1473 2040 1604 2102 quo
1644 2022 1860 2084 omnia
1882 2039 2156 2102 cognos-

612 2129 714 2206 cit,
739 2127 971 2190 scilicet
996 2128 1206 2210 ipsum
1233 2127 1536 2207 Verbum,
1560 2127 1661 2192 vel
1679 2130 1746 2191 in
1767 2129 1902 2211 ipso
1919 2127 2149 2206 Verb0‚

612 2234 736 2296 nisi
778 2234 1035 2297 habitus
1081 2234 1305 2316 gloriae
1343 2235 1956 2318 comprehensionis,
2005 2236 2158 2317 quia

609 2339 721 2403 illo
749 2340 1228 2422 circumscripto
1248 2343 1386 2422 jam
1427 2342 1590 2404 nihil
1636 2346 2049 2423 cognosceret
2089 2342 2154 2404 in

612 2444 817 2510 Verbo
845 2470 860 2510 ε
893 2448 1047 2511 unio
1075 2449 1249 2512 enim
1284 2469 1417 2513 non
1445 2451 1593 2514 facit
1636 2451 1924 2514 divinam
1960 2455 2158 2515 natu-

613 2573 755 2617 ram
780 2557 1076 2636 cognosci
1108 2557 1189 2619 ab
1210 2557 1517 2637 humana,
1539 2560 1606 2621 in
1631 2563 1944 2640 quantum
1972 2560 2152 2639 unio,

613 2662 723 2724 sed
768 2661 975 2742 gloria
1014 2664 1597 2746 comprehensionis
1635 2689 1650 2728 ε
1698 2684 1847 2728 nam
1892 2685 2038 2730 caro
2065 2672 2160 2731 est

616 2768 797 2831 unita
821 2768 1050 2848 Verbo,
1081 2773 1378 2852 quamvis
1418 2791 1551 2835 non
1569 2777 1920 2854 ‘cognoscat
1943 2774 2156 2856 ipsum

616 2872 922 2939 Verbum.
973 2878 1040 2941 Si
1082 2897 1238 2959 ergo
1289 2879 1507 2961 aliquo
1547 2881 1772 2944 habitu
1835 2883 2159 2963 cognoscit

619 2982 839 3045 omnia
875 3001 1017 3064 quae
1059 2988 1386 3066 cognoscit
1427 2986 1706 3051 Verbum
1728 3037 1744 3064 ,
1788 3007 2039 3053 necesse
2064 2994 2161 3053 est

621 3089 791 3170 quod
820 3094 1159 3171 cognoscat
1187 3111 1300 3174 per
1334 3092 1516 3157 illum
1553 3097 1981 3177 cognitionem
2011 3116 2160 3180 quae

620 3198 882 3278 quidem
925 3205 1020 3263 est
1054 3200 1307 3265 habitus
1344 3204 1943 3286 comprehensionis,
1985 3208 2157 3273 Prae-

621 3309 813 3385 terea,
835 3307 1143 3389 quidquid
1158 3309 1238 3372 sit
1254 3313 1462 3392 gratia
1476 3314 1753 3394 unioniS,
1772 3315 1906 3379 sive
1926 3322 2156 3395 creata,

621 3412 757 3476 sive
779 3415 1079 3491 increata,
1110 3418 1326 3481 anima
1353 3420 1578 3483 Christi
1603 3440 1854 3503 semper
1877 3428 1969 3486 est
1996 3425 2163 3489 inter

619 3521 926 3585 terminos
953 3531 1292 3591 creaturae:
1318 3546 1475 3609 ergo
1503 3532 1642 3611 ejus
1668 3531 1873 3595 virtus
1898 3552 2163 3614 cognos-

619 3629 809 3692 citiva
834 3649 1084 3713 semper
1111 3634 1291 3697 finita
1316 3641 1410 3698 est
1441 3656 1457 3700 t
1490 3656 1647 3718 ergo
1683 3659 2017 3722 nunquam
2047 3662 2161 3707 co-

619 3737 869 3815 gnoscit
895 3738 1146 3803 infinita
1192 3763 1207 3803 :
1259 3746 1321 3805 et
1358 3743 1451 3806 sic
1496 3745 1658 3808 redit
1684 3749 1956 3827 quaestio
1984 3751 2162 3830 prius

448 3874 505 3915 ω,
553 3902 567 3914 ,
618 3844 961 3924 proposita.
1006 3846 1190 3910 Alius
1247 3866 1401 3913 vero
1455 3851 1685 3914 modus
1743 3853 1990 3918 dicendi
2041 3861 2156 3936 est,

619 3952 790 4031 quod
816 3952 883 4013 in
912 3952 1036 4017 Deo
1065 3956 1324 4036 ponitur
1348 3957 1588 4040 duplex
1613 3961 1841 4024 modus
1881 3981 2159 4054 cognos-

618 4059 820 4138 cendi,
853 4079 980 4125 non
1011 4069 1268 4146 propter
1294 4066 1722 4131 diversitatem
1750 4088 1789 4132 a
1815 4075 1994 4151 parte
2020 4074 2160 4135 vir-
2186 4126 2201 4141 .

616 4167 771 4229 tutis
817 4172 1283 4251 cognoscentis,
1332 4174 1438 4236 sed
1495 4193 1534 4237 a
1583 4180 1760 4255 parte
1816 4180 2157 4244 connotati.

616 4272 860 4338 Dicitur
886 4279 1060 4340 enim
1103 4277 1171 4340 in
1209 4296 1285 4341 eo
1322 4298 1456 4343 esse
1486 4282 1747 4346 scientia
1773 4284 2067 4364 visionis,
2100 4292 2164 4350 et

616 4386 877 4448 scientia
924 4386 1402 4468 intelligentiae:
1454 4391 1716 4453 scientia
1759 4390 2025 4456 visionis
2069 4400 2163 4457 est

618 4498 906 4574 respectu
933 4494 1221 4557 omnium
1251 4514 1500 4575 eorum,
1542 4516 1689 4579 quae
1721 4498 1924 4561 facere
1948 4499 2159 4582 dispo-

619 4601 767 4678 suit3
798 4601 1056 4664 scientia
1076 4603 1535 4684 intelligentiae,
1559 4612 1845 4688 respectu
1870 4609 2162 4671 omnium

620 4726 870 4787 eorum,
897 4728 1042 4790 quae
1070 4710 1276 4774 facere
1304 4716 1526 4793 potest.
1579 4714 1655 4776 Et
1698 4719 1968 4796 utraque
2005 4716 2165 4778 dici-

621 4818 729 4878 tur
757 4816 1240 4893 omniscientia3
1274 4820 1571 4899 quamvis
1605 4820 1873 4883 scientia
1900 4822 2166 4886 visionis

620 4923 700 4985 sit
720 4923 1076 5001 finitorum,
1109 4925 1368 4987 scientia
1412 4926 1850 5007 intelligentiae
1879 4930 2163 4993 infinito-

621 5048 772 5095 rum
805 5050 821 5093 :
853 5030 1161 5112 disposuit
1188 5033 1359 5095 enim
1402 5034 1604 5098 facere
1646 5034 1853 5114 finita3
1900 5039 2006 5101 sed
2041 5057 2163 5120 po-

621 5140 744 5201 test
773 5137 976 5208 facere
1010 5137 1281 5202 infinita.
1326 5139 1590 5217 Quando
1628 5161 1786 5224 ergo
1825 5145 2163 5225 quaeritur,

625 5248 843 5309 utrum
875 5244 1157 5309 Christus
1187 5248 1343 5310 sciat
1367 5249 1584 5312 omnia
1609 5268 1758 5331 quae
1797 5252 1977 5317 novit
2005 5250 2163 5314 Ver-

623 5351 818 5428 bum;
866 5351 920 5413 si
975 5352 1369 5433 intelligatur
1419 5355 1497 5418 de
1562 5356 1822 5419 scientia
1880 5358 2162 5435 visioniS,

625 5458 977 5524 concedunt
998 5461 1255 5542 utique,
1297 5463 1469 5544 quod
1510 5463 1726 5526 anima
1769 5465 1993 5528 Christi
2024 5483 2166 5529 om-

1721 482 2341 550 SENTENTIARUM
2382 484 2529 548 LlB.
2578 483 2683 548 ΙΙΙ.

2263 620 2445 683 nium
2473 620 2730 684 illorum
2759 603 2961 702 capax
2987 618 3140 698 fuit,
3185 622 3249 682 et
3286 618 3493 683 eidem
3516 635 3808 682 commu-

2264 726 2499 792 nicavit
2524 727 2689 792 Deus
2717 728 3353 805 scientiamomnium
3371 726 3628 790 illorum
3656 743 3809 809 quae

2262 834 2466 898 facere
2508 834 2835 918 disposuit,
2883 839 3139 917 propter
3182 852 3489 915 magnam
3531 833 3630 896 sui
3656 832 3812 896 libe-

2263 942 2604 1020 ralitatem,
2655 948 2717 1006 et
2750 942 2949 1024 ipsius
2990 942 3226 1006 animae
3267 942 3697 1024 capacitatem.
3740 938 3812 1004 Si

2263 1052 2478 1113 autem
2506 1049 2903 1130 intelligatur
2931 1048 3008 1112 de
3048 1050 3309 1112 scientia
3346 1047 3809 1130 intelligentiae,

2264 1157 2352 1221 sic
2376 1158 2629 1234 dicunt,
2661 1157 2833 1238 quod
2861 1175 2995 1220 non
3036 1157 3254 1221 omnia
3281 1158 3631 1238 cognoscit,
3661 1175 3813 1239 quae

2264 1266 2591 1345 cognoscit
2610 1265 2826 1347 ipsum
2855 1264 3170 1328 Verbum:
3201 1265 3358 1346 quia
3369 1265 3480 1327 illa
3491 1283 3557 1328 se
3577 1270 3805 1328 exten-

2265 1372 2457 1436 ditad
2482 1369 2764 1450 infinita,
2809 1376 2873 1435 et
2918 1373 3137 1436 anima
3164 1372 3393 1437 Christi
3433 1373 3501 1434 in
3547 1390 3809 1453 cognos-

2265 1479 2464 1543 cendo
2478 1497 2607 1542 non
2624 1483 2825 1561 potest
2837 1480 2960 1542 nisi
2977 1498 3169 1561 super
3184 1481 3366 1544 finita
3383 1503 3398 1544 ε
3415 1480 3580 1545 Deus
3594 1486 3815 1545 autem

2267 1606 2395 1652 non
2454 1588 2955 1652 communicavit
3009 1589 3103 1651 illi
3142 1590 3379 1653 animae
3434 1591 3553 1653 nisi
3601 1609 3815 1672 quan-

2265 1700 2405 1759 tum
2434 1696 2641 1777 potuit
2668 1714 2890 1778 capere
2917 1715 2934 1758 ε
2957 1701 3020 1759 et
3041 1696 3396 1760 secundum
3424 1697 3609 1760 istam
3636 1697 3815 1760 viam

2266 1803 2526 1867 dissolvi
2552 1808 2818 1884 possunt
2848 1803 3124 1867 rationes
3160 1804 3241 1884 ad
3285 1809 3626 1888 utramque
3664 1822 3814 1887 par-

2264 1914 2417 1974 tem.
2454 1909 2530 1972 Et
2559 1909 2662 1973 hic
2689 1910 2949 1993 quidem
2977 1911 3206 1975 modus
3232 1913 3384 1974 satis
3408 1913 3606 1975 facilis
3634 1916 3728 1975 est
3750 1916 3817 1976 et

2267 2016 2678 2080 rationabilis
2714 2015 3177 2081 Verumtamen
3208 2017 3416 2082 adhuc
3438 2036 3568 2081 non
3596 2019 3810 2100 quies-

2265 2123 2350 2185 cit
2404 2140 2587 2184 mens
2641 2123 3025 2203 dubitantis;
3083 2127 3393 2206 quoniam
3445 2129 3576 2188 esto
3638 2125 3812 2208 quod

2266 2230 2433 2294 Deus
2461 2231 2652 2294 modo
2678 2232 2934 2314 aliquod
2962 2251 3208 2296 novum
3228 2233 3477 2311 faceret,
3508 2232 3680 2315 quod
3708 2237 3813 2296 ta—

2267 2358 2414 2404 men
2471 2340 2675 2403 fucere
2731 2359 2861 2403 non
2925 2339 3267 2423 disposuit,
3326 2340 3488 2404 sicut
3564 2358 3814 2405 novum

2267 2449 2609 2526 mundum,
2628 2450 2764 2529 jam
2792 2448 3014 2511 lateret
3039 2446 3385 2510 Christum.
3424 2446 3816 2530 Sequeretur

2267 2555 2459 2618 etiam
2487 2554 2660 2636 quod
2689 2554 2973 2619 Christus
2995 2553 3233 2635 aliquid
3276 2554 3354 2618 de
3391 2573 3561 2618 novo
3607 2560 3817 2636 posset

2268 2663 2608 2739 addiscere,
2639 2667 2702 2726 et
2728 2664 2818 2726 ita
2858 2681 2990 2727 non
3036 2662 3300 2725 haberet
3348 2663 3814 2744 plenitudinem

2268 2772 2571 2834 scientiae.
2620 2770 2697 2834 Et
2743 2770 2977 2832 iterum
3000 2817 3015 2846 ,
3072 2786 3223 2831 cum
3275 2769 3517 2832 scibilia
3565 2789 3694 2834 non
3745 2791 3818 2836 se

2268 2884 2688 2960 coangustent
2713 2879 2924 2942 adhuc
2967 2873 3035 2941 in
3083 2878 3298 2941 anima
3335 2879 3591 2958 sciente,
3640 2899 3818 2944 nun-

2269 3006 2466 3068 quam
2506 2986 2758 3050 videtur
2797 2985 2968 3066 quod
3014 2988 3106 3048 tot
3158 2985 3313 3048 sciat
3352 2987 3569 3049 anima
3591 3036 3608 3064 ,
3654 2991 3818 3069 quin

2269 3097 2465 3182 possit
2491 3095 2699 3160 adhuc
2728 3096 2913 3178 plura
2938 3095 3125 3173 scire3
3156 3096 3474 3177 quomodo
3502 3115 3659 3177 ergo
3693 3098 3821 3162 erit

3849 2020 4063 2076 Improb.

2269 3210 2469 3270 status
2520 3224 2601 3268 ex
2654 3207 2833 3286 parte
2907 3203 3265 3284 capacitatis
3337 3207 3685 3267 creaturae?
3735 3205 3821 3271 Et
3851 3217 3992 3274 opio.
4020 3222 4078 3274 3,

2268 3318 2602 3397 propterea
2653 3315 2747 3375 est
2808 3312 3031 3375 tertius
3079 3312 3309 3375 modus
3357 3312 3818 3399 distinguendi,

2270 3422 2439 3506 quod
2485 3421 2784 3484 convenit
2816 3419 3057 3502 aliquid
3107 3420 3403 3499 cognosci
3430 3422 3820 3505 ,cognitione

2269 3529 2601 3606 habituali,
2628 3532 2691 3591 et
2718 3526 3081 3607 cognitione
3108 3526 3361 3604 actuali,
3415 3527 3549 3591 sive
3597 3533 3823 3611 cogni-

2267 3640 2440 3703 tione
2480 3655 2627 3719 quae
2664 3640 2758 3699 est
2804 3635 2969 3697 sicut
3017 3635 3300 3712 scientia,
3345 3639 3409 3698 et
3446 3637 3820 3717 cognitione

2270 3764 2419 3827 quae
2439 3748 2533 3809 est
2546 3745 2708 3808 sicut
2726 3742 3164 3807 consideratio.
3197 3742 3266 3805 Si
3294 3761 3450 3823 ergo
3470 3742 3820 3827 loquamur

2272 3854 2349 3917 de
2396 3852 2760 3934 cognitione
2798 3855 3116 3932 quantum
3160 3849 3241 3912 ad
3280 3855 3494 3913 actum
3535 3853 3820 3917 conside-

2269 3960 2533 4024 rationis
2553 4008 2570 4037 ,
2624 3959 2713 4021 sic
2768 3956 3109 4019 dicendum
3179 3960 3273 4019 est
3295 4005 3312 4033 ,
3370 3958 3542 4039 quod
3596 3960 3815 4025 anima

2271 4067 2505 4132 Christi
2557 4081 2891 4147 nunquam
2945 4066 3038 4126 tot
3097 4064 3442 4144 cognoscit,
3497 4070 3651 4147 quot
3702 4085 3817 4129 co-

2273 4173 2521 4255 gnoscit
2568 4173 2779 4255 ipsum
2812 4169 3116 4234 Verbum.
3175 4169 3295 4235 Per
3344 4172 3586 4235 nullam
3634 4174 3815 4238 enim

2274 4282 2545 4364 gloriam
2573 4283 2776 4362 potest
2819 4278 2974 4342 adeo
3016 4277 3335 4341 sublevari
3379 4284 3686 4360 creatura,
3738 4288 3820 4346 ut

2272 4390 2465 4453 simul
2498 4393 2562 4453 et
2607 4388 2677 4450 in
2716 4391 2863 4450 actu
2899 4385 3144 4468 judicet
3189 4387 3265 4448 de
3320 4386 3608 4467 infinitis,
3661 4407 3816 4453 cum

2273 4498 2394 4561 hoc
2446 4496 2527 4558 sit
2567 4494 2838 4557 infinitae
2886 4493 3162 4556 virtutis.
3197 4491 3259 4556 Si
3289 4510 3444 4557 vero
3473 4494 3819 4577 loquamur

2273 4605 2350 4668 de
2377 4602 2738 4683 cognitione
2765 4600 3112 4678 habituali,
3160 4601 3249 4664 sic
3294 4603 3550 4666 concedi
3588 4608 3817 4687 potest,

2273 4710 2444 4791 quod
2469 4710 2585 4773 scit
2610 4708 2827 4772 omnia
2868 4725 3019 4787 quae
3065 4708 3388 4788 cognoscit
3414 4709 3626 4791 ipsum
3656 4709 3820 4774 Ver-

2272 4819 2433 4883 bum
2473 4818 2592 4880 sibi
2631 4816 2889 4880 unitum
2926 4834 2943 4877 :
2990 4820 3053 4878 et
3090 4814 3211 4878 hoc
3249 4821 3420 4897 patet
3458 4818 3546 4879 sic
3595 4841 3609 4881 :
3659 4820 3819 4901 quia

2274 4946 2423 4990 cum
2450 4926 2665 4989 anima
2692 4923 2920 4987 Christi
2941 4928 3281 5003 cognoscat
3303 4923 3514 5004 ipsum
3532 4925 3820 4991 Verbum

2274 5034 2496 5098 habitu
2528 5032 2806 5112 glorioso
2823 5032 2913 5094 ita
2936 5031 3227 5113 perfecte,
3259 5032 3431 5112 quod
3455 5051 3586 5096 non
3612 5039 3821 5116 potest

2274 5143 2487 5224 ipsum
2515 5140 2850 5223 perfectius
2876 5156 3287 5219 cognoscere;
3319 5144 3381 5203 et
3421 5141 3631 5223 ipsum
3657 5140 3818 5206 Ver-

2275 5249 2431 5313 bum
2486 5251 2801 5311 aeternum
2835 5249 3195 5328 promptam
3242 5245 3472 5309 habeat
3521 5248 3816 5312 volunta-

2276 5361 2405 5419 tem
2429 5356 2510 5419 ad
2536 5353 2946 5434 aperiendum
2980 5352 3100 5433 ipsi
3143 5352 3376 5415 animae
3416 5355 3632 5417 omnia
3664 5374 3813 5437 quae

2277 5462 2345 5524 in
2370 5462 2507 5543 ipso
2528 5460 2834 5535 relucent,
2864 5476 2981 5523 nec
3002 5460 3237 5542 aliquid
3265 5459 3331 5522 in
3357 5461 3492 5543 ipso
3515 5461 3811 5541 reluceat,

3872 3294 3977 3336 que
3990 3288 4055 3324 est

3855 3343 3952 3388 noc
3958 3346 4076 3386 toris.
