4185 6288
846 418 967 481 Mt)
1937 413 2555 483 SENTENTlARUM
2595 417 2742 486 tle.
2791 419 2900 484 111.

845 547 1086 619 Christi
1112 570 1249 619 non
1273 571 1458 643 posse
1484 572 1619 622 esse
1644 552 1957 638 salutem;
1998 562 2061 621 et
2106 559 2326 622 tamen
2369 551 2752 651 Cornelium
2798 553 3184 624 exauditum
3224 560 3582 648 antequam
3628 557 3976 626 crederet
3957 582 4028 628 ιιι

847 664 1204 735 Christum.
1253 666 1446 748 Quod
1496 668 1590 737 ita
1628 676 1836 761 potest
1877 668 2204 759 intelligi,
2251 669 2532 759 scilicet,
2580 677 2933 764 antequam
2974 671 3167 740 sciret
3207 671 3542 742 Christum
3586 673 4025 763 incarnatum,

847 783 918 851 in
943 804 1138 874 quem
1170 783 1514 852 credebat
1496 806 1568 853 ιιι
1597 785 1930 878 mysterio.

934 898 1111 967 Illud
1139 898 1336 968 etiam
1363 922 1497 970 non
1514 909 1617 969 est
1642 899 2295 992 praetermittendum,
2325 901 2505 994 quod
2531 901 2718 989 fides,
2751 924 2919 994 spes,
2950 903 3232 973 charitas
3257 912 3321 972 et
3343 905 3634 997 operatio
3662 906 4027 977 secundum

607 975 820 1084 ⁰12⁴oe
848 1013 1104 1107 aliquid
1131 1015 1415 1106 aequalia
1440 1015 1667 1085 sintin
1698 1018 2026 1109 praesenti.
2061 1017 2252 1088 Unde
2284 1017 2640 1108 Gregorius
2663 1023 2682 1058 ¹
2718 1044 2734 1086 z
2775 1046 2809 1085 α
2835 1018 3087 1108 Fidem,
3140 1041 3362 1111 spem,
3403 1019 3792 1091 charitatem
3838 1034 4032 1116 atque

647 1102 774 1221 ῗὲἶξξ
846 1132 1292 1223 operationem
1341 1132 1501 1200 dum
1545 1133 1615 1202 in
1658 1134 1778 1203 hac
1813 1134 1950 1203 vita
1995 1134 2310 1221 vivimus,
2366 1135 2652 1226 aequales
2694 1136 2820 1204 sihi
2865 1158 3002 1204 esse
3039 1136 3217 1229 apud
3261 1159 3382 1205 nos
3427 1137 3810 1207 invenimus
3829 1142 4032 1231 ,quia

621 1226 801 1342 ⁰2:2⁴2?
848 1256 1172 1339 quantum
1218 1248 1581 1335 credimus,
1635 1256 1893 1319 tantum
1933 1272 2271 1336 amamus;
2315 1258 2381 1319 et
2420 1260 2746 1342 quantum
2785 1273 3121 1338 amamus,
3185 1259 3443 1321 tantum
3490 1253 3571 1323 de
3629 1277 3746 1346 spe
3790 1278 4034 1347 praesu-

622 1353 791 1407 ⁰P‘'⁵⁸·
847 1364 1114 1433 mimus.
1169 1365 1464 1457 Quisque
1507 1366 1685 1435 enim
1737 1365 1952 1436 fidelis
2005 1374 2264 1435 tantum
2316 1366 2542 1455 credit,
2599 1376 2924 1459 quantum
2967 1376 3184 1461 sperat
3230 1376 3296 1438 et
3349 1378 3566 1456 amat?
3635 1378 3703 1438 θῑ
3773 1379 4032 1440 tantum

618 1425 715 1468 que
730 1428 793 1459 se-

618 1478 802 1593 ffifffi
846 1489 1177 1572 operatur,
1214 1490 1538 1574 quantum
1566 1482 1805 1569 credit,
1851 1491 1916 1552 et
1959 1491 2170 1569 amat,
2225 1490 2288 1551 et
2327 1491 2563 1574 sperat.
2614 1484 2744 1554 Sed
2789 1493 3007 1553 tamen
3051 1484 3264 1576 major
3299 1507 3413 1577 spe
3449 1495 3515 1554 et
3574 1485 3708 1555 fide
3752 1486 4034 1556 charitas

610 1607 789 1720 aeqffigal
844 1596 1108 1685 dicitur,
1161 1599 1321 1690 quia
1356 1622 1523 1668 -cum
1577 1598 1661 1669 ad
1715 1599 1833 1668 Dei
1886 1599 2165 1690 speciem
2220 1599 2604 1691 pervenitur
2627 1653 2646 1687 ,
2715 1623 2860 1693 spes
2912 1609 2977 1670 et
3026 1599 3191 1670 fides
3245 1602 3523 1688 transit,
3578 1603 3695 1671 sed
3747 1603 4031 1672 charitas

791 1695 807 1711 ⁸
842 1722 1222 1805 permanet;
1257 1724 1323 1783 et
1349 1715 1508 1807 quia
1532 1715 1814 1784 charitas
1839 1722 2051 1784 mater
2075 1723 2173 1783 est
2201 1715 2501 1785 omnium
2529 1716 2879 1785 virtutum.
2911 1742 2947 1783 ι)
2981 1716 3141 1798 Quae
3170 1738 3303 1785 non
3344 1716 3492 1786 ideo
3535 1725 3678 1810 post
3724 1719 3930 1789 fidem
3970 1729 4033 1788 et

840 1852 1022 1923 spem
1049 1831 1343 1923 ponitur,
1374 1832 1552 1922 quod
1581 1855 1662 1900 ex
1686 1832 1791 1900 his
1817 1832 2096 1918 oriatur,
2126 1832 2238 1900 sed
2265 1832 2424 1924 quia
2451 1841 2594 1924 post
2621 1833 2738 1901 illa
2763 1835 3131 1904 remanebit
3155 1843 3347 1904 aucta
3385 1860 3401 1903 t
3453 1836 3774 1906 Charitas
3802 1838 3986 1906 enim
4011 1847 4033 1879 ⁸

841 1970 1182 2040 nunquam
1235 1948 1500 2018 excidit.
1547 1949 1890 2018 Praemissa
1932 1956 2154 2018 autem
2195 1949 2537 2040 aequalitas
2588 1949 2850 2041 proprie
2897 1951 3259 2020 secundum
3305 1952 3702 2022 interiorum
3764 1962 4029 2023 actuum

840 2065 1273 2134 intensionem
1299 2066 1766 2136 consideranda
1791 2073 1909 2137 est.
1942 2065 2115 2134 Huic
2141 2086 2297 2136 vero
2325 2065 2502 2156 quod
2531 2065 2636 2132 hic
2663 2074 2729 2134 et
2754 2066 3059 2157 superius
3083 2066 3107 2101 ⁸
3131 2067 3377 2136 dictum
3407 2076 3526 2153 est,
3557 2068 3811 2137 scilicet
3857 2071 4026 2161 quod

837 2181 1116 2251 charitas
1141 2205 1276 2251 non
1309 2191 1405 2251 est
1448 2206 1530 2252 ex
1578 2181 1741 2269 fide,
1782 2183 1894 2252 sed
1929 2204 2325 2267 econverso,
2357 2181 2622 2250 videtur
2663 2181 2930 2251 obviare
2967 2182 3146 2274 quod
3189 2183 3284 2252 ait
3335 2184 3693 2275 Apostolus
3718 2188 3743 2221 ⁴
3795 2211 3812 2253 τ
3849 2185 4029 2254 Finis

826 2300 1144 2393 proecepti
1204 2312 1300 2368 est
1353 2299 1646 2370 charitas
1698 2298 1780 2368 de
1822 2298 2013 2368 corde
2037 2321 2238 2391 pure,
2292 2309 2354 2366 et
2399 2298 2801 2367 conscientia
2848 2297 3043 2385 bona,
3090 2310 3154 2366 et
3202 2297 3342 2390 fide
3381 2323 3518 2368 non
3575 2301 3772 2391 ficta.
3842 2301 4028 2383 Quod

838 2438 1169 2509 exponens
1217 2416 1669 2506 Augustinus,
1717 2440 1828 2485 cor
1868 2416 2100 2507 accipit
2144 2436 2262 2508 pro
2305 2415 2667 2500 intellectu,
2710 2423 2774 2482 et
2824 2413 3295 2484 conscientiam
3337 2437 3456 2508 pro
3495 2438 3660 2507 spe:
3702 2443 3742 2486 a
3774 2416 4024 2502 Qualis,

836 2533 1054 2625 inquit
1077 2532 1125 2619 ⁸,
1155 2532 1435 2602 charitas
1461 2541 1556 2601 est
1583 2533 1736 2601 finis
1761 2533 2065 2624 praecepti
2091 2532 2446 2625 procedens
2473 2531 2554 2599 de
2580 2530 2772 2600 corde
2798 2553 2966 2621 puro
2991 2583 3010 2618 ,
3055 2530 3125 2599 id
3164 2539 3297 2618 est,
3328 2531 3410 2600 de
3438 2554 3606 2624 puro
3653 2532 4021 2616 intellectu,

836 2657 914 2719 ut
937 2648 1108 2718 nihil
1135 2649 1264 2717 nisi
1295 2649 1467 2718 Deus
1494 2649 1810 2739 diligatur
1826 2675 1845 2736 ;
1877 2657 1941 2718 et
1968 2647 2383 2733 conscientia,
2414 2645 2480 2714 id
2510 2654 2628 2731 est,
2658 2669 2771 2739 spe
2797 2646 2997 2733 bona,
3029 2653 3094 2715 et
3118 2646 3248 2715 fide
3275 2668 3409 2716 non
3437 2647 3614 2733 ficta,
3651 2647 3721 2716 id
3771 2656 3876 2716 est
3900 2672 4024 2719 non

834 2765 1167 2834 simulata.
1197 2791 1231 2830 ι)
1275 2764 1421 2833 Non
1468 2787 1625 2854 ergo
1664 2764 1946 2833 charitas
1978 2764 2177 2833 fidem
2215 2772 2277 2832 et
2318 2784 2533 2855 spem,
2578 2763 2689 2831 sed
2739 2762 2899 2830 fides
2945 2771 3009 2830 et
3045 2786 3191 2855 spes
3236 2764 3621 2832 charitatem
3671 2765 4028 2856 praeoedere

835 2880 1168 2950 videntur.
1225 2881 1364 2950 Hoc
1413 2903 1569 2970 ergo
1608 2904 1687 2950 ea
1729 2880 1981 2950 ratione
2041 2880 2358 2949 traditum
2408 2878 2737 2968 intellige,
2783 2899 2920 2948 non
2962 2877 3142 2970 quod
3178 2878 3342 2948 fides
3381 2888 3446 2947 et
3500 2901 3648 2971 spes
3699 2903 3901 2950 causa
3925 2883 4025 2951 vel

836 3003 1126 3091 tempore
1152 2996 1531 3066 charitatem
1560 2997 1861 3066 omnium
1889 2997 2219 3066 bonorum
2255 3002 2531 3064 matrem
2575 2994 2971 3086 praecedant3
3020 2995 3131 3063 sed
3170 2996 3331 3086 quia
3371 2995 3655 3065 charitas
3700 2998 3848 3066 sine
3897 2999 4025 3067 illis

834 3114 907 3184 in
932 3114 1157 3206 aliquo
1183 3135 1322 3185 esse
1349 3136 1482 3183 non
1508 3121 1740 3207 potest,
1769 3112 1880 3182 sed
1910 3113 2026 3182 illa
2053 3114 2193 3182 sine
2218 3111 2531 3180 charitate
2555 3117 2828 3202 possunt
2853 3132 3014 3198 esse,
3045 3111 3351 3203 quamvis
3378 3134 3514 3181 non
3559 3113 3646 3181 sit
3675 3114 3784 3204 pia
3829 3114 4014 3202 fides,

833 3230 941 3299 vel
967 3252 1135 3323 spes,
1164 3229 1306 3299 sine
1331 3229 1665 3348 charitate.
1698 3229 1852 3301 ldeo
1883 3252 2039 3360 ergo
2070 3253 2151 3299 ex
2194 3229 2324 3299 fide
2354 3236 2420 3299 et
2444 3251 2556 3322 spe
2594 3228 2942 3321 procedere
2988 3228 3231 3298 dicitur
3274 3228 3598 3317 charitas,
3646 3231 3812 3323 quia
3851 3233 4018 3302 nulli

834 3346 1138 3440 provenit
1161 3346 1304 3416 sine
1333 3346 1495 3416 istis.

1212 3567 1621 3636 EXPOSlTIO
1662 3567 1990 3635 TEXTUS.

892 3716 1153 3768 Praedictis
1173 3717 1518 3782 adjiciendum
1535 3718 1613 3770 est
1638 3718 1702 3769 de
1729 3717 2029 3772 sufficientia
2048 3717 2168 3770 fidei
2179 3756 2197 3783 ,
2226 3720 2324 3770 etc.

909 3869 1117 3954 Supra
1143 3872 1280 3953 egit
1314 3870 1616 3953 Magister
1666 3871 1745 3936 de
1784 3872 1931 3937 fidei
1978 3872 2273 3952 essentia,
2311 3876 2376 3938 et

831 3976 910 4042 de
952 3981 1094 4061 ejus
1143 3978 1388 4061 objecto
1439 3982 1502 4041 et
1549 3978 1855 4057 materia3
1904 3978 1973 4042 in
2021 3979 2142 4043 hac
2189 3979 2374 4043 tertia

830 4089 1009 4169 parte
1035 4085 1174 4167 agit
1208 4085 1286 4149 de
1312 4086 1454 4167 ejus
1481 4084 1878 4149 sufficientia.
1914 4084 2228 4149 Dividitur
2254 4103 2374 4149 au-

830 4195 960 4257 tem
1008 4210 1156 4275 pars
1201 4192 1322 4254 ista
1366 4190 1433 4254 in
1474 4190 1635 4255 duas
1685 4195 1934 4273 partes,
1979 4190 2047 4253 in
2091 4208 2371 4272 quarum

832 4301 1042 4383 prima
1078 4298 1231 4363 dicit
1260 4301 1339 4363 de
1366 4298 1513 4362 fidei
1542 4298 1957 4377 sufficientia3
1988 4298 2059 4362 in
2096 4297 2372 4364 secunda

831 4421 986 4471 vero
1010 4404 1215 4488 ipsam
1241 4404 1432 4469 fldem
1459 4408 1785 4488 comparat
1807 4405 1887 4468 ad
1909 4405 2177 4472 virtutes
2191 4404 2366 4485 alias,

833 4513 923 4575 ibi
953 4531 971 4576 ε
1001 4511 1176 4578 Illud
1200 4514 1395 4579 etiam
1421 4527 1552 4578 non
1583 4518 1676 4578 est
1709 4511 2327 4594 praetermittendum
2348 4560 2366 4591 ‚

836 4618 1006 4703 quod
1030 4616 1220 4701 fides,
1249 4634 1393 4702 spes
1412 4667 1432 4698 ,
1461 4619 1765 4698 charitas,
1796 4622 1916 4683 etc.
1948 4617 2162 4682 Prima
2186 4635 2367 4702 pars,

833 4728 903 4792 in
930 4745 1061 4811 qua
1086 4726 1464 4792 determinat
1493 4724 1573 4791 de
1597 4725 1973 4790 sufficientia
1996 4726 2178 4806 fidei,
2207 4726 2372 4793 divi·

833 4833 1010 4899 ditur
1054 4833 1123 4896 in
1157 4835 1369 4915 partes
1406 4832 1596 4913 duas,
1621 4831 1690 4895 in
1719 4850 1999 4915 quarum
2024 4834 2233 4915 prima
2270 4834 2372 4898 in-

833 4939 1034 5024 quirit
1057 4941 1138 5006 de
1175 4939 1553 5004 sufficientia
1585 4939 1733 5004 fidei
1768 4940 1840 5004 in
1863 4940 2141 5023 quadam
2170 4958 2368 5024 gene—

835 5046 1127 5124 ralitate;
1174 5047 1243 5110 in
1287 5047 1568 5112 secunda
1616 5048 1885 5132 inquirit
1937 5047 2371 5115 descendendo

834 5153 913 5217 ad
948 5153 1249 5236 speciales
1288 5153 1673 5220 differentias
1713 5172 2128 5237 personarum
2146 5204 2167 5236 ,
2208 5156 2300 5219 ibi
2349 5177 2367 5221 ε

840 5262 1012 5338 Quid
1036 5279 1182 5346 erqo
1222 5263 1473 5332 dicetur
1506 5265 1585 5331 de
1625 5264 1763 5332 illis
1789 5267 2218 5349 simplicibus,
2249 5271 2368 5331 etc.

898 5389 916 5423 ¹
939 5389 1119 5451 Greg„
1144 5388 1195 5437 in
1222 5387 1422 5451 Ezeeh„
1460 5400 1623 5451 xxm,
1649 5391 1738 5452 47,
1766 5387 1906 5440 hom.
1932 5391 2021 5445 ult.
2046 5416 2111 5427 -
2132 5393 2152 5425 2
2182 5394 2197 5442 1
2230 5392 2370 5456 Cor„

2485 3567 2700 3633 Prima
2724 3586 2872 3651 pars
2898 3568 3204 3634 dividitur
3230 3568 3302 3632 in
3326 3572 3457 3634 tres
3482 3574 3736 3653 partes,
3774 3574 3846 3637 in
3873 3591 4032 3658 qua-

2484 3693 2637 3740 rum
2680 3676 2890 3759 prima
2935 3675 3316 3741 determinat
3364 3675 3690 3758 Magister,
3730 3681 3886 3763 qnid
3944 3686 4030 3744 est

2482 3781 2641 3846 illud
2668 3783 2746 3847 de
2774 3782 2898 3847 flde
2915 3831 2932 3862 ,
2963 3782 3102 3847 sine
3130 3802 3258 3866 qua
3284 3800 3621 3866 nunquam
3651 3788 3863 3868 potuit
3899 3805 4028 3851 esse

2486 3889 2657 3952 salus
2682 3911 2701 3966 ;
2730 3890 2798 3953 in
2824 3890 3104 3954 secunda
3144 3890 3525 3955 determinat
3550 3900 3870 3976 quantum
3897 3895 4027 3958 suf·

2486 3995 2617 4059 flcit
2655 3996 2943 4075 credere,
2974 3996 3064 4060 ibi
3095 4019 3110 4060 :
3148 3996 3269 4062 Sed
3308 4001 3627 4081 quaeritur
3670 4008 3898 4067 utrum
3922 4002 4026 4067 1⁴oe

2484 4102 2736 4169 credere
2765 4108 2913 4170 ante
2939 4102 3320 4184 adventum,
3352 4108 3471 4168 etc.
3501 4125 3519 4185 ;
3567 4108 3635 4171 in
3661 4110 3855 4172 tertia
3878 4127 4024 4173 vero

2483 4211 2781 4293 pluribus
2828 4211 3308 4275 auctoritatibus
3351 4214 3689 4278 confirmat
3729 4214 4025 4280 determi-

2481 4321 2660 4398 nata,
2692 4319 2781 4381 ibi
2822 4339 2839 4383 ι
2880 4317 3053 4384 Unde
3092 4319 3498 4402 Anqustinus
3533 4321 3624 4386 ad
3665 4323 3967 4405 optatum
4002 4342 4022 4388 .·

2482 4426 2607 4492 Illa
2655 4426 2846 4508 Ῑῑάεε,
2891 4430 3010 4491 etc.
3064 4425 3371 4492 Similiter
3414 4429 3694 4493 secunda
3741 4449 3908 4513 pars,
3956 4433 4021 4494 in

2482 4551 2612 4616 qua
2638 4533 2960 4599 descendit
2984 4534 3066 4598 ad
3092 4534 3394 4617 speciales
3408 4536 3800 4602 differentias
3818 4557 4021 4622 perso·-

2481 4657 2715 4706 narum
2757 4641 3184 4720 credentium,
3226 4641 3424 4731 habet,
3461 4647 3592 4707 tres
3638 4666 3656 4708 ι
3699 4645 3768 4708 iu
3815 4646 4020 4728 prima

2479 4748 2749 4830 inquirit
2775 4748 2931 4831 quid
2944 4796 2962 4826 ‚
2993 4748 3099 4813 vel
3121 4752 3438 4831 quantum
3467 4751 3741 4816 sufficiat
3765 4754 4017 4818 credere

2481 4853 2871 4937 simplicibus
2886 4901 2909 4933 ,
2960 4853 3074 4937 qui
3126 4861 3587 4938 praecesserunt
3633 4857 3868 4923 Christi
3914 4860 4022 4925 ad-

2480 4965 2792 5041 ventum3
2832 4961 2898 5024 in
2946 4961 3223 5026 secunda
3251 4980 3408 5027 vero
3450 4963 3720 5047 inquirit
3757 4966 3844 5031 de
3885 4985 4023 5050 pro-

2479 5069 2864 5134 vectioribus
2880 5116 2900 5150 ,
2954 5073 3177 5133 utrum
3230 5086 3486 5136 necesse
3532 5071 3729 5138 fuerit
3771 5075 4020 5141 creoere

2482 5192 2590 5239 eos
2626 5175 2876 5256 omnia,
2908 5192 3057 5259 quae
3100 5176 3291 5241 modo
3317 5176 3700 5262 creduntur,
3730 5181 3868 5247 ibi:
3899 5181 4019 5248 Sed

2483 5347 2599 5397 x111,
2619 5339 2665 5387 8.
2686 5336 2862 5387 -·⁸Di
2866 5340 2930 5386 t
2951 5347 3103 5399 xxm
3119 5337 3425 5401 §ult—⁸1
3459 5340 3584 5391 Tim.
3589 5355 3666 5407 „1
3698 5347 3746 5394 5
3767 5348 4012 5410 -⁸Aug

2479 5373 2693 5461 deficiet.
2714 5409 2926 5475 clu-im!
2958 5408 3047 5458 lib.
3073 5408 3114 5472 1,
3143 5421 3188 5459 c.
3217 5421 3307 5475 xz,
3335 5423 3389 5461 ιι.
3410 5414 3490 5476 u,
3509 5415 3928 5481 quoadsensum.
