4185 6288
781 476 901 538 276

781 608 1132 690 perfectior,
1159 623 1277 688 pro
1303 621 1381 669 eo
1407 603 1578 686 quod
1599 603 1809 686 magis
1818 606 2041 686 jnngit
2064 607 2144 672 de
2167 626 2316 689 pro·-

781 719 958 781 ximo
984 718 1078 795 ei,
1113 716 1182 779 in
1209 732 1338 797 quo
1357 719 1451 778 est
1466 732 1723 778 summa
1743 713 2062 793 nobilitas,
2098 720 2317 797 utpote

784 825 946 888 Deo:
978 842 1135 903 ergo
1161 823 1414 887 videtur
1435 823 1607 904 quod
1628 821 1830 884 multo
1855 823 2086 903 magiS‚
2119 841 2313 904 quam

777 937 1003 1007 tactus,
1051 932 1353 997 deberent
1389 930 1495 993 alii
1541 948 1765 993 sensus
1800 928 1867 991 in
1896 929 2056 992 viris
2083 930 2317 992 sanctis

779 1039 1043 1122 reperiri
1076 1061 1091 1102 ε
1123 1042 1216 1102 est
1231 1056 1388 1119 ergo
1411 1036 1705 1120 quaestio,
1725 1035 1880 1118 quid
1899 1036 2311 1117 Augustinus

776 1146 881 1210 hic
898 1150 1080 1211 vocet
1097 1145 1382 1228 quinque
1399 1161 1623 1208 sensus
1637 1142 2016 1225 spirituales,
2036 1142 2113 1205 Et
2121 1145 2315 1224 juxta

779 1255 896 1317 hoc
933 1253 1091 1337 quid
1131 1253 1258 1315 sint
1296 1269 1519 1316 sensus
1542 1248 1924 1332 spirituales»,
1949 1253 2013 1313 et
2038 1250 2313 1332 qualiter

773 1361 1270 1442 distinguantur.

854 1467 1039 1551 Resp.
1097 1466 1446 1531 Dicendum
1510 1464 1682 1548 quod
1744 1483 1970 1530 sensus
2025 1464 2317 1529 nominat

774 1594 965 1639 usum
1013 1574 1284 1656 alicujus
1328 1572 1624 1656 potentiae
1667 1572 1993 1636 existentis
2022 1572 2086 1635 in
2118 1591 2187 1635 re
2214 1572 2314 1634 vi-

776 1687 963 1747 vente
984 1731 1001 1762 ,
1039 1686 1103 1746 et
1130 1701 1169 1745 a
1195 1699 1266 1768 re
1297 1681 1555 1745 vivente
1585 1681 1938 1744 secundum
1981 1684 2306 1744 naturam.

777 1787 899 1854 Per
924 1790 1099 1853 hunc
1125 1788 1316 1853 etiam
1340 1788 1601 1852 modum
1620 1789 1686 1850 in
1714 1786 2148 1869 spiritualibus
2169 1805 2311 1850 sen-

774 1916 886 1961 sus
927 1898 1076 1961 dicit
1119 1915 1311 1960 usum
1335 1896 1652 1959 donorum
1679 1895 2133 1974 gratuitorum,
2164 1911 2313 1975 quae

774 2003 1032 2085 quidem
1082 2003 1250 2066 dona
1292 2006 1443 2065 sunt
1480 2001 1550 2062 in
1592 2017 1668 2062 eo
1707 1999 1921 2062 vitalia
1944 2047 1962 2076 ‚
1993 2018 2123 2080 quo
2163 2008 2314 2062 sunt

774 2110 1076 2191 gratuita.
1114 2107 1327 2173 Potest
1351 2125 1509 2189 ergo
1533 2125 1754 2169 sensus
1776 2105 1973 2188 accipi
1995 2107 2175 2187 large
2198 2124 2313 2187 pro

772 2235 1180 2299 quocumque
1223 2234 1350 2279 usu
1390 2214 1617 2296 gratiae
1652 2214 1923 2295 perfecto
1967 2216 2032 2276 et
2058 2212 2315 2276 eviden-

772 2323 842 2387 ti.
880 2323 954 2387 Et
993 2324 1082 2387 sic
1117 2323 1342 2406 accipit
1373 2319 1777 2402 Augustinus
1804 2321 1874 2383 in
1900 2319 2130 2397 littera,
2162 2339 2312 2385 cum

769 2431 919 2494 dicit
945 2432 962 2467 ¹
991 2431 1162 2514 quod
1203 2432 1273 2495 in
1314 2430 1561 2494 Christo
1604 2430 1866 2493 fuerunt
1902 2447 2127 2492 omnes
2164 2448 2311 2493 sen-

770 2555 901 2618 suS,
930 2539 1000 2601 in
1024 2539 1162 2602 aliis
1187 2556 1341 2602 vero
1369 2537 1540 2601 solus
1564 2540 1771 2601 tactus
1801 2559 1815 2600 :
1846 2537 1999 2619 quia
2026 2535 2310 2601 Christus

770 2643 994 2710 habuit
1016 2646 1185 2710 dona
1205 2645 1585 2726 gratiarum,
1607 2648 1922 2726 quantum
1949 2644 2030 2708 ad
2053 2645 2312 2709 habitus

768 2754 833 2814 et
890 2769 1115 2816 eorum
1163 2769 1318 2815 usus
1342 2799 1360 2830 ,
1413 2751 1481 2813 in
1517 2750 1886 2814 omnimoda
1918 2750 2311 2833 plenitudine

769 2858 1243 2922 numerositatis
1268 2862 1332 2920 et
1356 2857 1792 2940 perfectionis3
1843 2857 1951 2920 alii
1996 2876 2152 2921 vero
2185 2859 2308 2922 ha-

768 2963 923 3028 bent
964 2969 1284 3047 quantum
1333 2965 1566 3027 sufficit
1605 2964 1687 3028 ad
1713 2982 1905 3027 usum
1934 2964 2084 3028 vitae
2113 2965 2309 3048 spiri-

767 3071 981 3136 tualis,
1013 3070 1090 3134 Et
1113 3071 1266 3154 quia
1297 3075 1494 3134 tactus
1517 3074 1611 3134 est
1636 3088 1860 3134 sensus
1890 3072 2169 3135 maxime
2197 3090 2311 3136 ne-

769 3179 1077 3243 cessarius
1101 3180 1291 3256 vitae3
1323 3178 1463 3242 ideo
1497 3178 1647 3242 dicit
1672 3178 1845 3259 quod
1870 3179 1936 3241 in
1964 3179 2104 3241 aliis
2138 3198 2311 3243 sanc·

766 3287 847 3350 tis
874 3289 969 3349 est
995 3285 1168 3349 solus
1195 3288 1419 3349 tactuS.
1463 3283 1640 3348 Unde
1676 3285 1839 3348 sieut
1881 3286 2120 3349 animal
2155 3304 2305 3368 per-

766 3393 1002 3457 fectum
1030 3391 1604 3456 excedit‘animalia
1639 3392 2002 3473 imperfecta
2036 3393 2105 3455 in
2130 3393 2308 3456 nobi-

766 3498 941 3562 litate
963 3499 1112 3562 vitae
1138 3505 1200 3562 et
1226 3498 1592 3579 integritate
1619 3516 1947 3578 sensuum,
1975 3500 2066 3563 sic
2094 3501 2308 3565 Chris-

767 3611 875 3670 tus
945 3608 1015 3670 in
1084 3606 1310 3688 gratiae
1390 3605 1790 3688 plenitudine
1869 3608 2307 3672 excellentiam

767 3712 959 3777 habet
1015 3718 1306 3796 respectu
1360 3713 1654 3777 omnium
1715 3708 2106 3779 sanctorum.
2164 3715 2308 3779 Alio

770 3820 958 3884 modo
983 3838 1205 3883 sensus
1232 3823 1434 3901 potest
1459 3820 1583 3883 dici
1609 3821 1820 3885 stricte
1851 3843 1867 3884 t
1899 3822 2067 3885 etsie
2084 3841 2310 3888 sensus

767 3926 1110 4009 spiritualis
1176 3925 1407 3990 dicitur
1496 3945 1657 3990 usus
1714 3927 1940 4009 gratiae
2041 3929 2308 3993 interior

766 4037 1056 4115 respectu
1103 4033 1304 4115 ipsius
1355 4032 1485 4110 Dei,
1544 4033 1898 4097 secundum
1950 4036 2308 4118 proportio-

767 4159 917 4205 nem
948 4142 1025 4205 ad
1071 4141 1355 4222 quinque
1396 4158 1642 4204 sensus,
1686 4140 1762 4204 Et
1802 4141 1893 4204 sic
1919 4143 2149 4226 accipit
2176 4142 2308 4209 Ori-

767 4266 965 4328 genes
990 4252 1054 4311 et
1082 4245 1443 4310 Bernartius
1464 4293 1482 4324 ,
1513 4247 1626 4327 qui
1665 4246 2071 4329 distinguunt
2111 4250 2309 4332 quin-

767 4374 892 4437 que
947 4372 1172 4418 sensus
1224 4353 1556 4416 interiores
1573 4402 1590 4430 ‚
1638 4372 1916 4436 quorum
1959 4374 2303 4422 numerum

767 4462 947 4527 facile
994 4467 1091 4526 est
1130 4461 1489 4541 assignare.
1532 4458 1807 4536 Quilibet
1839 4462 2015 4526 enim
2048 4463 2308 4528 illorum

772 4588 1078 4635 sensuum
1101 4618 1119 4648 ,
1153 4570 1316 4632 sicut
1353 4568 1495 4631 vult
1536 4565 1897 4633 Bernardus
1915 4577 1937 4610 ¹
1960 4619 1978 4648 ,
2027 4572 2309 4637 radicem

768 4679 960 4743 habet
1002 4679 1071 4741 in
1116 4676 1439 4740 intellectu
1483 4681 1546 4739 et
1586 4677 1818 4741 affectu
1842 4726 1861 4757 ,
1893 4697 2009 4761 pro
2033 4699 2110 4744 eo
2138 4682 2307 4763 quod

769 4786 1200 4867 cognitionem
1258 4783 1819 4866 experimentalem
1874 4785 2119 4851 dicunt.
2186 4787 2308 4853 Sed

768 4893 1031 4977 quidam
1061 4911 1128 4955 se
1156 4891 1364 4972 magis
1391 4894 1611 4954 tenent
1638 4909 1719 4954 ex
1739 4894 2303 4975 parteintellectus,

770 5004 843 5063 ut
876 5001 1057 5065 visus
1096 5003 1159 5063 et
1194 4998 1478 5076 auditus;
1508 4998 1771 5080 quidam
1798 5017 1882 5063 ex
1910 5006 2087 5081 parte
2112 5003 2305 5067 affec-

768 5108 895 5184 tus,
926 5109 1004 5169 ut
1029 5106 1351 5184 odoratus,
1383 5109 1616 5186 gustus
1643 5109 1708 5169 et
1733 5110 1956 5172 tactus.
1996 5107 2074 5174 Et
2121 5111 2307 5175 suffl-

836 5287 853 5322 ¹
881 5288 1031 5349 Aug..
1058 5285 1129 5335 ad
1147 5285 1325 5344 Dav-d„
1350 5286 1512 5349 Epist.
1543 5297 1649 5336 nvn
1670 5321 1683 5348 ‚
1712 5285 1779 5335 al.
1804 5298 2068 5351 cxxxxvn,
2095 5302 2142 5338 c.
2169 5301 2303 5352 1111,

771 5369 826 5406 n.
845 5358 925 5406 to.
945 5381 1009 5394 —
1028 5356 1051 5391 ¹
1069 5358 1241 5409 Bern..
1263 5371 1417 5408 serm.
1437 5356 1498 5407 de
1516 5359 1734 5422 quinque
1758 5359 1985 5408 sensibus
2011 5363 2194 5409 animoe
2213 5401 2227 5423 ‚
2256 5367 2309 5412 et

836 5450 907 5510 (α)
934 5447 1057 5498 Coet.
1092 5448 1214 5498 edit.
1239 5449 1375 5500 dicit.
1404 5474 1466 5489 -
1492 5447 1565 5512 (b)
1600 5449 1769 5513 Vulq„
1801 5450 1931 5501 sicut
1955 5453 2092 5500 Deus
2115 5451 2305 5501 divisit.

1883 467 2505 537 SENTENTIARUM
2543 472 2693 538 mn.
2748 473 2858 537 111.

2423 609 2653 673 cientia
2697 611 2868 690 patet
2912 607 3025 680 sic,
3060 604 3213 686 quia
3259 622 3343 668 ex
3387 609 3567 687 parte
3617 603 3975 670 intellectus

2427 715 2745 796 contingit
2788 712 3122 795 dupliciter
3168 711 3334 775 eirca
3377 711 3805 792 cognitionem
3848 711 3969 775 ali-

2425 825 2612 904 cujus
2641 820 2962 886 exerceri:
2998 823 3113 883 aut
3133 819 3389 901 proprio
3409 818 3668 897 intuitu,
3696 819 3862 882 etsic
3882 823 3976 883 est

2423 930 2636 1007 visus3
2683 933 2797 993 aut
2830 928 3039 992 aliena
3063 927 3444 991 excitatione
3464 974 3485 1005 ,
3515 926 3650 989 sive
3696 926 3975 989 instruc-

2423 1032 2596 1095 tione
2619 1080 2637 1108 ,
2668 1035 2733 1095 et
2769 1031 2859 1094 sic
2885 1032 2979 1093 est
3022 1029 3302 1093 auditus,
3351 1027 3529 1092 Circa
3566 1027 3969 1092 affectionem

2422 1156 2578 1202 vero
2631 1136 2943 1220 triplicem
2997 1135 3311 1216 contingit
3355 1134 3633 1216 reperire
3680 1139 3968 1198 statum:

2422 1251 2534 1311 aut
2573 1248 2643 1310 in
2682 1248 3037 1311 remotione
3059 1294 3075 1323 ‚
3107 1250 3171 1309 et
3208 1245 3298 1308 sic
3337 1245 3638 1309 odoratus
3668 1267 3685 1322 ;
3736 1250 3851 1309 aut
3902 1245 3969 1308 in

2420 1354 2992 1436 approximatione,
3022 1357 3086 1416 et
3119 1352 3208 1416 sic
3245 1355 3506 1434 gustus;
3539 1356 3651 1416 aut
3680 1352 3750 1416 in
3774 1351 3971 1416 unio-

2419 1480 2525 1537 ne,
2569 1465 2632 1525 et
2688 1461 2779 1524 sic
2834 1464 3079 1538 tactuS,
3130 1458 3242 1542 qui
3285 1462 3382 1522 est
3423 1457 3758 1541 perfectior
3806 1459 3971 1523 inter

2421 1588 2643 1634 omnes
2692 1588 2914 1633 sensus
2932 1619 2950 1649 ,
2980 1574 3044 1632 et
3096 1547 3488 1652 spiritualior
3535 1572 3794 1651 propter
3828 1569 3967 1644 hoc,

2366 1679 2376 1692 “
2421 1677 2595 1760 quod
2643 1678 2926 1741 maxime
2967 1677 3193 1741 unitur
3239 1676 3342 1752 ei,
3381 1676 3494 1757 qui
3539 1678 3634 1739 est
3675 1693 3972 1739 summus

2420 1784 2720 1865 spiritus;
2769 1787 3025 1867 propter
3075 1782 3245 1866 quod
3291 1782 3524 1846 dieitur
3554 1782 3621 1845 ⁸:
3686 1783 3811 1855 Qui
3853 1783 3968 1849 ad-

2418 1891 2607 1957 hoeret
2650 1893 2772 1959 Deo
2791 1939 2810 1970 ‚
2861 1908 3034 1957 unus
3076 1891 3353 1974 spiritus
3395 1895 3508 1955 est.
3548 1888 3643 1953 Ex
3669 1889 3777 1953 his
3804 1892 3973 1972 patet

2419 1996 2650 2074 littera,
2680 2001 2744 2061 et
2769 1999 3092 2080 responsio
3123 1998 3203 2062 ad
3231 1999 3498 2080 quaesita
3532 2019 3546 2059 :
3578 1996 3763 2060 aliter
3789 1997 3961 2060 enim

2419 2106 2827 2187 Augustinus
2870 2107 3097 2190 accipit
3135 2125 3382 2183 sensus,
3427 2124 3625 2188 quam
3653 2104 3961 2188 Origenes

2420 2219 2484 2277 et
2510 2213 2890 2284 BernarduS.
2919 2213 3097 2279 Patet
3122 2214 3314 2279 etiam
3340 2214 3518 2291 illud,
3539 2215 3712 2296 quod
3738 2213 3968 2278 ultimo

2419 2321 2853 2401 quaerebatur.

3055 2476 3192 2523 ΗΠΒ.
3240 2477 3311 2522 11.

2618 2595 2814 2656 Quibus
2839 2595 2989 2646 datus
3016 2600 3095 2646 est
3125 2595 3333 2660 spiritus
3360 2597 3427 2647 ad
3454 2610 3775 2649 mensuram.

2500 2749 2717 2814 Innuit
2771 2749 3075 2831 Magister
3140 2749 3311 2832 quod
3354 2750 3584 2814 sanetis
3637 2751 3749 2815 dat
3800 2749 3961 2815 Deus

2419 2857 2717 2939 spiritum
2763 2856 2846 2920 ad
2897 2875 3288 2920 mensuram.
3338 2855 3658 2920 Contra⁸2
3699 2858 3823 2931 Oui
3854 2857 3963 2923 dat

2418 2965 2709 3030 omnibus
2748 2964 3116 3045 affluenter,
3167 2968 3321 3042 etc.;
3375 2963 3593 3028 Glossa
3622 2986 3637 3028 :
3684 2988 3715 3025 α
3741 2964 3963 3031 Omnia

2418 3072 2526 3135 dat
2569 3072 2892 3150 omnibuS,
2942 3090 3073 3135 non
3100 3072 3170 3135 in
3198 3090 3535 3136 mensura:
3558 3093 3588 3131 »
3625 3091 3815 3157 ergo,
3843 3077 3957 3138 etc.

2420 3180 2578 3243 ltem
2606 3229 2625 3259 ‚
2674 3181 2896 3244 eadem
2958 3179 3255 3261 largitate
3300 3183 3363 3243 et
3424 3179 3807 3246 liberalitate
3859 3183 3964 3246 dat

2417 3287 2692 3368 gratiam
2731 3287 3069 3366 membris,
3118 3305 3247 3368 qua
3275 3286 3382 3349 dat
3419 3288 3700 3367 gratiam
3737 3290 3955 3371 capiti:

2417 3394 2528 3459 sed
2573 3394 2855 3477 primum
2903 3395 3050 3459 fecit
3089 3393 3388 3476 largitate
3412 3394 3737 3462 immensa
3764 3416 3781 3460 ε
3810 3415 3959 3478 ergo

2417 3506 2480 3565 et
2504 3502 2884 3584 secundum.

2498 3607 2681 3690 Resp.
2728 3607 3081 3672 Dicendum
3120 3607 3289 3689 quod
3337 3626 3489 3671 cum
3533 3609 3770 3675 dicitur
3799 3610 3958 3674 Deus

2416 3714 2567 3779 dare
2594 3714 2890 3796 spiritum
2916 3733 3048 3778 non
3077 3713 3157 3777 ad
3177 3731 3572 3793 mensuram,
3588 3716 3729 3782 sive
3747 3736 3875 3781 non
3895 3717 3956 3779 in

2417 3841 2739 3901 mensura,
2770 3824 2892 3888 hoc
2917 3822 3255 3904 dupliciter
3302 3829 3508 3906 potest
3536 3825 3832 3907 intelligi,
3859 3824 3957 3889 vel

2416 3930 2571 4012 quia
2591 3932 2672 3994 sit
2690 3929 2960 4014 privatio
2979 3947 3302 3995 mensurae
3322 3935 3616 4015 respectu
3632 3931 3783 3998 doni
3804 3931 3954 4006 dati,

2416 4044 2479 4103 et
2518 4037 2637 4109 ‚sie
2710 4036 2939 4119 accipit
2995 4036 3403 4118 Augustinus
3433 4087 3452 4118 ‚
3536 4058 3689 4103 cum
3761 4038 3907 4102 dicit
3929 4036 3952 4072 ⁸

2416 4149 2587 4230 quod
2615 4148 2848 4213 sanctis
2868 4166 3002 4213 non
3025 4150 3322 4213 convenit
3343 4150 3502 4215 illud
3533 4151 3707 4233 quod
3731 4151 3954 4216 dicitur

2416 4254 2494 4318 de
2524 4255 2790 4335 Christo,
2822 4255 2991 4338 quod
3021 4256 3206 4319 datus
3240 4256 3320 4321 sit
3348 4257 3409 4322 ei
3435 4258 3698 4341 spiritus
3729 4276 3855 4322 non
3877 4254 3953 4320 ad

2417 4379 2821 4439 mensuram3
2849 4362 2974 4426 alio
3007 4364 3196 4428 modo
3223 4367 3428 4446 potest
3454 4364 3727 4448 intelligi
3755 4365 3955 4448 priva·

2418 4468 2505 4531 tio
2552 4486 2872 4533 mensurae
2924 4475 3214 4552 respectu
3241 4472 3558 4554 largitatis
3595 4473 3796 4555 ipsius
3831 4472 3949 4534 im-

2419 4574 2746 4657 partientis
2766 4622 2783 4653 ,
2815 4579 2880 4638 et
2923 4576 3012 4639 sic
3058 4576 3362 4659 intelligit
3387 4578 3497 4642 illa
3538 4578 3754 4643 Glossa
3793 4596 3954 4662 prae-

2418 4680 2584 4745 dicta
2605 4705 2621 4746 ε
2640 4701 2772 4746 non
2789 4686 3008 4747 autem
3025 4683 3298 4749 intendit
3315 4685 3545 4766 dicere,
3568 4687 3742 4769 quod
3754 4685 3955 4769 gratia

2418 4788 2638 4852 collata
2662 4788 3014 4874 unicuique
3038 4791 3122 4854 sit
3148 4792 3283 4856 sine
3318 4811 3641 4871 mensura,
3682 4811 3830 4858 cum
3859 4791 3954 4856 di-

2417 4899 2519 4959 cat
2552 4896 2632 4979 (a)
2663 4897 2999 4979 Apostolus
3024 4899 3047 4933 ⁸
3080 4921 3095 4961 ε
3144 4898 3496 4983 Unicuique
3517 4903 3688 4968 sicut
3715 4913 3954 4967 mensus
3992 4898 3993 4905 ’

2417 5008 2514 5067 cst
2544 5002 2711 5067 Deus
2741 5002 2816 5084 (b)
2843 5005 3193 5071 secundum
3233 5024 3599 5074 mensuram
3623 5008 3784 5089 fidei
3795 5027 3824 5089 ;
3852 5003 3950 5070 sed

2415 5109 2526 5174 hic
2556 5110 2696 5175 vult
2718 5112 2948 5195 dicere,
2978 5116 3153 5198 quod
3171 5116 3281 5180 illa
3305 5116 3515 5197 gratia
3530 5118 3851 5182 confertur
3875 5128 3951 5176 ex

2417 5306 2479 5355 de
2502 5306 2700 5357 Natura
2721 5311 2911 5359 amoris
2950 5311 3078 5372 div„
3098 5327 3144 5363 c.
3175 5323 3247 5362 vn
3277 5315 3330 5362 et
3352 5324 3408 5362 x.
3426 5312 3528 5350 -ὓ
3551 5314 3570 5364 1
3603 5313 3718 5366 eor.
3736 5347 3755 5374 ,
3777 5321 3845 5371 vr,
3876 5308 3947 5357 ¹7.

2416 5380 2514 5415 -δ
2537 5380 2664 5443 Iac„
2696 5391 2733 5441 1,
2761 5383 2810 5431 5.
2829 5407 2885 5419 -
2914 5382 2937 5418 ⁸
2965 5387 3120 5449 Aug„
3150 5384 3203 5433 in
3229 5385 3394 5448 loen„
3416 5387 3566 5437 tract.
3592 5396 3699 5448 xw,
3727 5396 3780 5434 n.
3806 5383 3874 5431 1⁰.
3892 5401 3950 5413 —

2419 5452 2439 5481 ⁸
2464 5451 2620 5511 Rom„
2646 5463 2746 5509 111.
2774 5456 2822 5501 3.
