4185 6288
1239 494 1434 564 Dls'r.
1481 498 1582 566 IV.
1631 500 1814 568 ΛΒΤ.
1862 500 1973 570 111.
2017 504 2321 585 QUAEST.
2366 510 2415 575 Ι.
3309 516 3425 581 10⁷

258 619 490 698 cessim,
519 621 647 687 hoc
673 630 772 689 est
799 629 1143 709 potentiae
1125 649 1195 695 in
1232 632 1559 758 infinitum
1586 654 1771 702 exce-

255 1053 542 1135 cooperari
562 1054 634 1118 in
667 1058 1086 1141 conceptione
1109 1060 1235 1126 illa.

748 1389 1205 1460 CONCLUSIO.

250 1580 392 1637 Beata
423 1584 587 1656 viv-90
609 1584 817 1642 habat
841 1588 1100 1644 virmoen
1136 1589 1248 1647 sibi
1286 1591 1553 1651 divinita
1590 1595 1778 1652 datam

305 1686 390 1742 per
405 1687 565 1742 quam
589 1673 1013 1734 administraret
1037 1683 1329 1752 conceptui,
1360 1689 1413 1739 et
1436 1685 1779 1754 efficientiam

308 1760 373 1815 cd
388 1764 561 1833 prolis
579 1764 1013 1837 prodioetionem.

317 1920 487 2006 Roep.
513 1925 594 1990 ad
620 1945 771 2008 arg.
802 1927 1155 1994 Dicendum
1187 1931 1357 2014 quod
1384 1933 1629 2016 absque
1655 1935 1779 1999 du-

248 2025 360 2104 bio,
385 2048 530 2095 cum
571 2033 771 2115 virgo
815 2035 1017 2123 Maria
1052 2036 1136 2101 sit
1176 2043 1382 2103 mater
1410 2040 1679 2120 Christi,
1717 2047 1782 2106 et

249 2151 381 2201 vere
416 2138 632 2221 ipsum
660 2144 1023 2224 concepisse
1050 2144 1326 2223 dicatur,
1368 2166 1517 2212 vere
1563 2166 1782 2232 coope-

253 2248 369 2308 rata
403 2247 521 2311 fuit
560 2248 835 2332 Spiritui
867 2257 1084 2317 sancto
1122 2254 1192 2316 in
1221 2253 1334 2317 mii
1364 2255 1465 2318 sui
1509 2274 1780 2339 concep·

256 2351 424 2418 tione.
451 2356 527 2421 Et
551 2357 682 2422 hoc
706 2359 1136 2423 communiter
1165 2364 1227 2424 et
1254 2362 1639 2442 generaliter
1683 2368 1782 2427 te-

39 2496 40 2511 1
93 2478 184 2535 ομ
208 2465 387 2527 1.th
424 2463 716 2528 doctores
747 2463 1142 2547 Theologiae.
1187 2466 1274 2530 De
1327 2468 1515 2532 modo
1563 2475 1781 2533 autem

262 2572 609 2652 cooperandi
627 2572 860 2637 diversi
882 2574 1162 2637 sentiunt
1179 2574 1451 2639 diversa.
1470 2576 1738 2653 Quidam
1764 2580 1780 2615 ¹

262 2677 408 2741 enim
444 2680 653 2744 dicere
699 2678 1088 2758 voluerunt,
1131 2682 1304 2762 quod
1350 2683 1539 2764 virgo
1585 2684 1784 2749 Maria

267 2782 441 2848 solum
501 2791 844 2869 cooperata
897 2786 1022 2850 fuit
1079 2788 1496 2855 ministrando
1546 2793 1781 2874 princi-

101 2890 237 2948 ῠνῡιι
270 2891 420 2970 pium
465 2894 834 2974 materiale;
883 2894 989 2958 alii
1042 2914 1195 2960 vero
1233 2899 1405 2980 quod
1451 2905 1785 2982 cooperata

276 2997 370 3062 fuit
391 3001 456 3065 in
477 3002 729 3067 nltimae
758 3004 985 3068 formae
1016 3001 1407 3082 inductione,
1443 3012 1505 3068 et
1538 3007 1602 3069 in
1641 3026 1782 3070 ma-

275 3108 421 3173 teriae
469 3110 932 3196 praeparatione
949 3160 970 3191 ‚
1018 3112 1316 3195 quamvis
1359 3131 1489 3178 non
1535 3114 1603 3179 in
1654 3118 1786 3181 tota

34 3224 37 3305 l
104 3214 238 3269 ⁰⁹³²³
274 3220 641 3298 operatione3
687 3219 797 3284 alii
837 3238 995 3284 vero
1035 3224 1250 3285 tenent
1290 3221 1574 3285 medium
1622 3223 1787 3287 inter

34 3334 43 3612 ἰ

36 3785 49 4098 ἰ

36 4121 48 4400 ἒ

271 3329 613 3414 utrumque.
643 3331 844 3396 Primi
863 3330 976 3414 qui
1004 3330 1222 3395 dicunt
1249 3332 1419 3415 quod
1448 3338 1785 3415 cooperata

272 3431 372 3496 ruit
404 3437 606 3502 solum
633 3439 704 3502 in
730 3437 1080 3502 materialis
1119 3438 1412 3522 principii
1458 3441 1780 3506 ministra-

271 3538 440 3622 tione,
469 3549 807 3609 moventur
828 3546 950 3609 hac
976 3546 1221 3609 ratione
1256 3568 1272 3608 ι
1300 3547 1474 3628 quia,
1506 3549 1669 3611 sicut
1696 3549 1785 3613 di-

274 3647 344 3711 cit
368 3648 801 3736 Philosophus²
824 3700 842 3729 ,
872 3656 1078 3716 mater
1105 3652 1174 3716 in
1206 3654 1617 3735 generatione
1644 3675 1785 3739 pro·

274 3753 338 3819 lis
365 3776 430 3822 se
465 3759 649 3824 habet
682 3760 852 3824 sicut
891 3760 1275 3844 principium
1317 3763 1674 3840 materiale,
1722 3769 1786 3828 et

277 3880 466 3930 semen
498 3868 614 3932 viri
653 3867 819 3931 sicut
854 3867 1221 3932 effectivum
1249 3872 1314 3932 et
1351 3871 1778 3951 operativum.

278 3965 426 4036 Unde
455 3978 855 4058 comparatur
877 3993 1095 4039 semen
1126 3976 1248 4038 viri
1280 3976 1360 4040 ad
1385 3994 1604 4040 semen
1637 3996 1782 4041 mu-

278 4075 454 4161 lieris,
497 4084 659 4149 sicut
701 4084 930 4149 artifex
975 4084 1054 4149 ad
1101 4084 1432 4148 materiam
1486 4107 1501 4146 ε
1549 4085 1783 4151 mulier

277 4201 406 4251 vero
439 4207 561 4254 non
592 4190 742 4255 facit
776 4190 901 4254 nisi
931 4191 1266 4255 materiam
1295 4192 1687 4272 ministrare,
1721 4199 1784 4257 et

278 4292 507 4361 ulterius
549 4298 768 4363 fovere
819 4321 834 4362 :
882 4301 949 4362 et
986 4299 1112 4362 hoc
1157 4303 1363 4363 totum
1403 4298 1551 4363 fecit
1593 4301 1783 4383 virgo

279 4396 468 4469 Maria.
498 4404 571 4471 Et
611 4407 755 4472 ideo
800 4424 953 4471 vere
993 4412 1198 4472 mater
1237 4412 1333 4472 est
1361 4405 1780 4491 appellanda,

277 4509 402 4590 quia
431 4513 584 4579 nihil
613 4516 672 4579 ei
710 4514 910 4579 defuit
929 4563 947 4594 ,
974 4515 1143 4598 quod
1176 4519 1414 4598 spectet
1452 4517 1532 4580 ad
1559 4534 1781 4581 veram

280 4622 566 4686 matrem
548 4643 616 4687 m
648 4623 1063 4705 generatione
1101 4623 1320 4706 proliS.
1352 4623 1624 4706 Spiritus
1660 4643 1782 4689 au-

1886 640 2290 723 priationem.
2342 643 2420 708 Et
2479 645 2717 712 iterum
2781 648 2936 713 dicit
3002 649 3429 716 Damascenus

1885 748 2057 831 quod
2089 748 2370 832 Spiritus
2401 758 2655 820 sanctus
2681 774 2811 821 non
2849 756 3060 822 solum
3086 757 3258 823 dedit
3281 756 3426 823 Vir-

1745 891 1773 903 -
1886 856 2023 936 gini
2055 860 2405 940 potentiam
2434 862 2843 945 receptivam,
2871 864 2979 928 sed
3006 864 3198 929 etiam
3227 882 3431 947 gene·

1885 962 2156 1027 rativam
2199 986 2215 1028 ε
2247 973 2310 1030 et
2330 967 2490 1031 sicut
2520 968 2696 1051 prius
2723 975 3049 1033 ostensum
3078 974 3194 1048 cst,
3229 988 3429 1053 prop-

1885 1073 1984 1133 ter
2050 1073 2385 1137 materiam
2450 1075 2660 1140 solum
2722 1094 2851 1140 non
2899 1080 2993 1141 est
3051 1077 3429 1160 appellanda

1886 1180 2122 1257 mater,
2151 1179 2315 1243 sicut
2344 1184 2509 1263 patet
2537 1183 3007 1248 informatione
3038 1182 3328 1247 mulieris
3352 1183 3431 1246 de

1886 1289 2059 1347 coma
2084 1284 2231 1349 viri.
2264 1286 2339 1350 Et
2364 1288 2671 1370 quoniam
2699 1290 2819 1354 ista
2846 1289 3071 1373 positio
3100 1289 3295 1353 nimis
3324 1306 3437 1371 pa-

1886 1408 2036 1455 rum
2072 1392 2258 1472 dicit,
2296 1394 2433 1459 ideo
2464 1401 2617 1460 sunt
2641 1396 2786 1473 alii,
2817 1398 2930 1480 qui
2957 1394 3431 1480 superaddunt,

1886 1503 1950 1562 et
1994 1498 2218 1562 dicunt
2262 1501 2430 1583 quod
2481 1521 2611 1567 non
2669 1504 2879 1568 solum
2933 1507 3268 1586 cooperata
3315 1501 3435 1566 suit

1888 1606 2152 1689 Spiritui
2182 1614 2399 1672 sancto
2426 1610 2846 1675 ministrando
2875 1610 3261 1693 principium
3297 1625 3434 1671 ma·

1888 1714 2130 1791 teriale‚
2175 1714 2282 1778 sed
2327 1716 2517 1780 ctiam
2561 1717 2629 1780 in
2656 1718 2903 1781 ultimae
2934 1719 3161 1781 formae
3209 1715 3441 1780 induc-

1891 1820 2083 1885 tione.
2114 1820 2275 1885 Nam
2305 1822 2374 1886 in
2402 1827 2533 1887 tota
2557 1823 2924 1906 operatione
2951 1822 3277 1907 cooperari
3306 1840 3436 1887 non

1889 1930 2126 2014 potuit,
2157 1932 2466 2015 quoniam
2496 1932 2792 1996 formatio
2820 1932 3104 2015 corporis
3129 1931 3445 1994 instanta-

1891 2057 2051 2114 nea,
2109 2044 2302 2121 prout
2353 2038 2647 2102 formatio
2707 2038 3188 2121 comprehendit
3235 2040 3435 2101 totam

1891 2148 2527 2224 transmutationem,
2583 2147 2722 2211 fleri
2768 2164 2899 2210 non
2946 2150 3182 2230 potest,
3230 2144 3356 2209 nisi
3402 2164 3442 2209 a

1891 2257 2128 2321 virtute
2156 2259 2425 2322 infinita.
2459 2258 2533 2322 In
2562 2258 2806 2323 ultimae
2838 2264 3055 2323 autem
3087 2259 3311 2322 formas
3345 2258 3445 2321 in·

1890 2365 2189 2430 ductione
2229 2367 2551 2450 cooperari
2597 2368 2832 2450 potuit,
2877 2385 2992 2449 pro
3020 2385 3096 2429 eo
3128 2366 3299 2447 quod
3334 2363 3439 2428 ul-

1891 2473 2048 2537 tima
2090 2475 2296 2538 forma
2327 2476 2392 2537 in
2435 2475 2695 2538 instanti
2736 2478 2936 2556 potest
2968 2473 3185 2536 induci
3232 2492 3272 2536 a
3313 2491 3439 2535 na-

1892 2585 2059 2655 tura,
2090 2579 2197 2644 vel
2228 2599 2267 2643 a
2296 2581 2531 2644 virtute
2565 2585 2771 2644 creata
2808 2602 2823 2643 :
2854 2584 2918 2642 et
2950 2578 3090 2643 ideo
3118 2578 3186 2640 in
3212 2579 3339 2641 hoc
3368 2579 3437 2641 in

1891 2706 2022 2769 quo
2057 2692 2390 2770 cooperata
2430 2688 2550 2750 fuit
2592 2685 2851 2769 Spiritui
2896 2687 3113 2748 sancto
3160 2684 3443 2766 potentia

1893 2793 2177 2875 Virginis
2210 2794 2613 2875 generativa,
2658 2814 2773 2875 pro
2814 2795 2991 2857 tanto
3028 2792 3261 2855 dicitur
3301 2809 3440 2853 ma-

1895 2906 2024 2975 ter,
2079 2902 2233 2983 quia
2300 2905 2557 2984 operata
2614 2900 2735 2964 ruit
2795 2898 3275 2979 conceptionem
3302 2945 3320 2974 ,
3378 2901 3442 2961 et

1895 3014 2211 3092 quantum
2256 3010 2334 3072 ad
2374 3008 2663 3085 initium,
2695 3013 2757 3070 et
2801 3009 3117 3088 quantum
3155 3003 3236 3067 ad
3281 3021 3441 3066 con-

1894 3116 2413 3182 summationem.
2446 3114 2566 3181 Sed
2597 3114 2738 3180 haec
2764 3113 2992 3197 positio
3022 3112 3213 3176 nimis
3238 3110 3388 3176 dicit
3420 3132 3435 3175 ε
3468 3157 3666 3212 improb.

1894 3227 2214 3309 primum,
2268 3226 2418 3308 quia
2480 3224 2768 3306 ejusdem
2837 3227 2933 3286 est
2982 3223 3217 3285 sactum
3266 3236 3436 3297 esse,
3469 3221 3600 3278 θυῖε·
3640 3222 3682 3262 ²·

1893 3335 2082 3414 cujus
2121 3337 2217 3397 est
2248 3333 2386 3395 fieri
2420 3354 2436 3396 z
2468 3332 2638 3414 quod
2683 3331 2734 3393 si
2784 3330 3264 3411 conceptionem
3309 3328 3443 3390 eril-

1893 3461 2036 3506 cere
2080 3461 2211 3506 non
2251 3444 2344 3506 est
2381 3441 2642 3505 virtutis
2669 3444 2932 3517 creatae,
2962 3439 3070 3500 sed
3099 3438 3437 3510 increatae,

1894 3550 2185 3612 similiter
2207 3568 2323 3612 nec
2346 3549 2559 3630 ipsum
2587 3552 2963 3629 conceptum
2986 3564 3142 3608 esse.
3168 3543 3440 3620 Rursus,

1894 3659 2202 3721 inducens
2264 3655 2560 3719 ultimam
2624 3655 2894 3717 formam
2965 3650 3244 3715 nobilius
3314 3653 3441 3726 est,

1893 3784 2089 3848 quam
2120 3781 2489 3847 praeparans
2520 3784 2534 3824 ε
2573 3780 2701 3824 non
2730 3779 2890 3841 ergo
2932 3759 3186 3822 videtur
3215 3758 3446 3820 decens

1893 3873 2061 3954 quod
2107 3870 2379 3954 Spiritus
2422 3873 2678 3934 sanctus
2720 3872 3034 3950 praeparet
3080 3884 3192 3948 per
3234 3883 3335 3942 se,
3383 3867 3447 3926 et

1893 3980 2188 4043 ultimam
2218 3979 2488 4041 sormam
2522 3976 2782 4040 inducat
2814 3994 2965 4038 cum
2995 3974 3281 4055 Virgine.
3321 3970 3445 4035 Dir-

1893 4086 2058 4149 sscile
2086 4090 2181 4149 est
2210 4083 2629 4148 nihilominus
2659 4083 3008 4162 assignare,
3045 4099 3192 4164 quae
3226 4082 3307 4145 sit
3334 4082 3445 4146 illa

1895 4195 2098 4257 forma
2125 4193 2352 4256 ultima
2371 4243 2385 4271 ‚
2415 4191 2483 4254 in
2510 4193 2611 4273 cuj
2626 4210 2697 4254 us
2723 4190 3089 4254 inductione
3132 4207 3441 4271 coopera-

1896 4306 2001 4365 tur
2030 4299 2315 4383 Virginis
2356 4300 2633 4382 potentia
2670 4298 3065 4380 generativa.
3114 4295 3226 4360 llla
3269 4298 3444 4361 enim

1895 4428 2027 4474 non
2055 4413 2421 4492 potestesse
2449 4408 2688 4486 anima,
2719 4405 3022 4489 quoniam
3053 4424 3093 4468 a
3118 4404 3252 4469 sola
3276 4422 3447 4469 crea·

1896 4518 2066 4582 tione
2092 4517 2286 4582 habet
2310 4516 2661 4597 originem;
2691 4533 2826 4578 non
2872 4512 3265 4594 organizatio
3312 4530 3446 4576 cor-

1898 4643 2120 4708 porea,
2153 4629 2226 4688 ut
2270 4625 2551 4702 videtur,
2584 4623 2736 4705 quia
2784 4621 2893 4685 illa
2938 4638 3066 4683 non
3112 4619 3446 4683 inducitur

115 4739 247 4802 lum
278 4727 386 4789 tem
407 4736 651 4796 sanctus
679 4731 850 4815 quod
892 4730 1089 4795 defuit
1113 4749 1198 4794 ex
1226 4736 1403 4813 parte
1433 4732 1595 4809 viri,
1629 4751 1781 4815 sup-

39 4885 42 4910 ,
118 4802 200 4861 ⁰⁸²·
229 4820 256 4860 ¹·
280 4830 466 4912 plevit.
505 4837 625 4904 Sed
652 4839 796 4904 haec
832 4838 1057 4921 positio
1093 4838 1287 4901 nimis
1314 4855 1548 4920 parum
1575 4838 1779 4903 dicit:

278 4940 524 5019 primum
578 4945 735 5029 quia
796 4948 1002 5010 mater
1061 4945 1129 5008 in
1176 4944 1591 5026 generatione
1652 4964 1787 5010 non

280 5048 454 5115 solum
481 5053 669 5119 hahet
693 5051 1046 5136 potentiam
1071 5053 1413 5134 passivam,
1445 5053 1556 5118 sed
1587 5058 1649 5118 et
1678 5072 1786 5118 ac-

277 5155 443 5223 tivam
471 5179 488 5225 :
517 5162 688 5228 unde
718 5159 1107 5246 quandoque
1152 5159 1359 5242 proles
1399 5158 1788 5225 assimilatur

270 5265 454 5350 magis
479 5270 688 5349 matri,
720 5285 926 5352 quam
949 5266 1135 5350 patri.
1164 5265 1344 5332 Unde
1370 5266 1542 5348 quod
1567 5267 1789 5338 dicunt

266 5370 591 5461 philosophi
609 5425 632 5457 ,
684 5373 1188 5455 intelligendum
1236 5376 1333 5436 est
1382 5390 1498 5455 per
1547 5392 1786 5457 appro-

317 5502 645 5574 mmmmm,
676 5507 877 5560 emm.
912 5500 1260 5567 thoecoq.,111‚
1282 5511 1337 5565 q.
1365 5509 1536 5567 xmu,
1563 5504 1686 5566 art„
1719 5496 1747 5544 ⁴
1766 5509 1785 5557 ς

1896 4733 2145 4809 subitO,
2179 4733 2289 4798 sed
2317 4751 2431 4815 per
2461 4731 2921 4796 successionem
2952 4747 2992 4792 a
3021 4732 3252 4792 natura
3292 4746 3309 4791 τ
3343 4729 3445 4791 in-

1897 4840 2153 4904 ducitur
2178 4840 2352 4903 enim
2379 4856 2492 4922 per
2518 4842 2800 4913 motum,
2836 4853 2966 4898 non
2998 4853 3109 4916 per
3137 4834 3443 4900 mutatio-

1898 4966 2070 5012 nem.
2116 4947 2323 5011 Motus
2356 4948 2530 5011 enim
2569 4950 2665 5009 est
2704 4942 3150 5008 transmutatio
3195 4959 3446 5006 succes-

1898 5053 2067 5132 siva,
2099 5071 2227 5117 non
2257 5053 2526 5116 mutatio
2555 5051 2980 5127 instantanea,
3010 5050 3085 5111 ut
3110 5048 3261 5111 dicit
3285 5047 3443 5113 Phi·
3599 5129 3608 5139 .

1898 5161 2204 5244 losophus
2224 5164 2268 5222 ⁸.
2297 5164 2367 5222 Et
2392 5158 2698 5241 quoniam
2728 5157 2939 5240 prima
2965 5156 3182 5240 opinio
3210 5174 3442 5239 parum
3471 5126 3664 5244 ,3ξὲ
3660 5143 3686 5174 ⁰

1897 5269 2071 5348 dicit,
2099 5273 2163 5333 et
2190 5267 2467 5332 secunda
2492 5266 2773 5330 multum
2803 5265 3082 5344 excedit,
3118 5264 3251 5328 suis
3278 5264 3444 5329 obli-

1904 5433 1966 5483 nl
1997 5432 2156 5490 Seni„
2185 5445 2237 5496 q.
2259 5442 2299 5482 ιι
2318 5466 2335 5490 ,
2366 5431 2464 5480 art.
2493 5433 2536 5481 ¹.
2558 5455 2611 5466 -
2638 5428 2661 5463 ²
2684 5426 2858 5490 Arist„
2892 5426 2955 5477 de
3000 5428 3179 5479 Gener.
3206 5422 3444 5484 animm„

1903 5519 1948 5556 c.
1984 5513 2094 5560 xlx.
2115 5528 2176 5541 —·
2195 5502 2333 5566 ’1ἀ.,
2366 5500 2584 5566 physic„
2614 5498 2704 5551 lib.
2734 5500 2798 5562 V,
2818 5503 2958 5551 cont.
2978 5501 3008 5553 ‘1
3033 5503 3086 5550 et
3109 5503 3215 5550 tex.
3243 5499 3323 5548 ⁴8.
