4185 6288
1264 445 1459 511 DIST.
1504 444 1685 512 XXX.
1730 448 1913 514 ART.
1961 448 2008 513 Ι.
2055 447 2356 526 QUAEST.
2399 448 2509 514 111.

294 568 387 635 dit
440 571 810 638 charitatem
850 575 1282 660 imperfectam
1327 580 1397 644 in
1441 565 1768 647 infinitum
1814 601 1833 647 ε

295 696 442 742 cum
470 698 627 761 ergo
657 683 920 748 mortale
966 686 1212 750 excedit
1238 689 1487 753 veniale
1522 690 1588 753 in
1615 691 1837 755 infini-

297 786 434 849 tum
456 835 477 866 ‚
509 791 680 869 quod
723 795 818 854 est
856 792 1104 857 veniale
1144 794 1545 877 imperfecto,
1577 817 1711 862 non
1746 802 1840 863 est

297 893 559 958 mortale
595 897 888 979 perfectO,
943 905 1256 983 quantum
1298 907 1391 966 est
1432 904 1510 968 de
1539 905 1839 987 ipsoge-

297 1018 447 1065 nere
477 1005 676 1068 status
707 1026 723 1070 ε
755 1024 912 1087 ergo
938 1026 1069 1072 non
1095 1010 1350 1076 videtur
1381 1015 1552 1096 quod
1593 1015 1838 1096 perfec-

297 1108 385 1171 tio
411 1109 735 1177 charitatis
759 1115 1000 1197 obliget
1020 1117 1349 1183 hominem
1379 1121 1459 1185 ad
1487 1140 1680 1204 opera
1705 1141 1844 1205 per-

298 1215 605 1284 fectionis.
661 1221 723 1284 si
765 1222 940 1287 enim
980 1224 1315 1307 obligaret,
1349 1227 1489 1309 jam
1520 1229 1843 1295 videretur

300 1325 470 1406 quod
512 1328 828 1411 perfectus
853 1331 959 1396 vir
988 1337 1153 1398 esset
1177 1336 1413 1417 pejoris
1438 1337 1839 1405 conditionis.

815 1597 1335 1666 CONCLUSIO.

307 1761 610 1819 charitatis
640 1768 848 1833 status,
890 1773 1152 1836 wantum
1180 1773 1257 1824 est
1292 1769 1357 1826 de
1386 1784 1469 1838 se,
1501 1785 1610 1825 non
1635 1770 1847 1840 obligat

373 1852 449 1908 ad
475 1868 539 1908 ea
566 1868 684 1924 ᾳιια
701 1857 1055 1926 perfectionis
1078 1863 1232 1928 sunt,
1263 1861 1376 1914 nisi
1403 1859 1664 1915 adveniat
1693 1876 1847 1916 man-

375 1942 564 1999 datum
583 1985 600 2013 ,
638 1950 851 2018 votum,
882 1950 1143 2019 officim,
1182 1949 1432 2008 scandali
1457 1952 1687 2008 evitatio
1706 1992 1725 2023 ,
1761 1952 1848 2007 vel

377 2037 709 2092 conscientiae
725 2036 1013 2107 judicium.

387 2197 571 2283 Resp.
602 2199 682 2264 ad
705 2218 846 2280 arg.
879 2199 978 2264 Ad
1004 2200 1450 2283 praedictorum
1485 2201 1846 2284 intelligen-

308 2305 462 2370 tiam
477 2310 575 2371 est
588 2308 965 2387 notandum,
993 2309 1167 2390 quod
1183 2308 1518 2392 multiplex
1538 2313 1630 2373 est
1644 2327 1852 2391 genus

308 2414 730 2498 perfectionis,
749 2420 813 2478 et
831 2413 1165 2497 multiplex
1197 2420 1291 2479 est
1315 2418 1478 2481 ratio
1496 2416 1845 2497 obligandi.

310 2520 604 2605 Quinque
630 2523 803 2586 enim
830 2521 1228 2605 perfectionis
1245 2540 1485 2604 genera
1509 2540 1853 2588 consueve-

309 2635 466 2696 runt
482 2630 816 2714 distingui.
848 2630 1063 2696 Prima
1084 2637 1180 2710 est
1211 2633 1512 2713 perfectio
1540 2633 1854 2696 sufficien-

310 2739 439 2817 tiae,
471 2758 618 2822 quae
643 2740 927 2812 consistit
954 2739 1022 2802 in
1047 2739 1496 2822 adimpletione
1525 2739 1855 2804 mandato-

311 2865 458 2911 rum
482 2869 500 2927 ;
527 2848 695 2913 etde
728 2848 851 2912 hac
878 2847 1140 2912 dicitur¹
1165 2851 1417 2915 :Estote
1443 2849 1728 2930 perlecti,
1752 2850 1853 2914 si-

312 2961 421 3021 cut
456 2959 641 3037 pater
683 2959 890 3029 vester
930 2956 1195 3021 coelestis
1225 2957 1542 3037 perfectus
1579 2962 1698 3022 est.
1736 2955 1855 3019 Se-

312 3063 522 3128 cunda
564 3067 659 3128 est
701 3064 1000 3147 perfectio
1028 3063 1376 3146 religioni5‚
1408 3081 1555 3147 quae
1577 3063 1860 3128 consistit

311 3171 381 3234 in
420 3170 824 3235 observantia
866 3171 1312 3250 consiliorum;
1361 3176 1424 3236 et
1451 3172 1528 3236 de
1549 3170 1670 3235 bac
1700 3170 1855 3236 dici-

314 3283 462 3343 tur·
495 3300 512 3341 ε
547 3279 623 3344 Si
647 3281 751 3345 vis
783 3281 1104 3361 perfectus
1143 3295 1295 3359 esse,
1342 3279 1532 3358 vade,
1574 3284 1632 3345 et
1656 3278 1858 3346 vende

314 3389 534 3453 omnia
574 3404 716 3469 quoe
757 3386 972 3466 habes,
1018 3392 1139 3451 etc.
1187 3386 1400 3451 Tertia
1440 3391 1537 3451 est
1562 3385 1859 3470 perfectio

315 3494 704 3576 praelationis
720 3541 743 3575 ,
769 3512 916 3577 quae
945 3494 1226 3561 consistit
1255 3495 1325 3558 in
1352 3494 1674 3575 regimine
1700 3492 1859 3556 sub-

316 3600 635 3681 ditorum3
681 3605 746 3666 et
798 3602 876 3667 de
931 3601 1055 3665 hac
1108 3600 1341 3666 dicitur
1384 3601 1406 3636 ⁸
1467 3619 1483 3661 ι
1539 3600 1859 3678 Perfectus

317 3713 528 3778 omnis
554 3713 702 3792 erit,
725 3713 788 3777 si
817 3712 907 3777 sit
931 3713 1101 3778 sicut
1121 3711 1425 3793 maqister
1442 3707 1603 3789 ejus.
1628 3706 1864 3783 Quarta

318 3822 416 3884 cst
457 3819 755 3903 perfectio
788 3819 1175 3903 operationis
1196 3865 1215 3897 ‚
1266 3835 1416 3900 quae
1466 3814 1753 3881 consistit
1793 3814 1865 3877 in

320 3927 678 3993 ostensione
702 3927 1177 4012 exemplorum3
1210 3931 1271 3991 et
1301 3926 1380 3992 de
1405 3925 1525 3989 hac
1551 3924 1783 3989 dicitur
1800 3921 1859 3986 ⁸:

321 4035 451 4101 Noe
481 4033 1049 4118 virjustus‚atque
1074 4035 1393 4117 perlectus
1418 4034 1494 4099 in
1517 4031 1867 4115 qeneratio-

322 4140 514 4208 m'bus
538 4145 701 4209 suis.
734 4142 969 4219 Quinta
998 4146 1093 4206 est
1117 4140 1413 4225 perfectio
1442 4138 1868 4222 tranquillita-

323 4250 425 4331 tis»,
472 4268 621 4333 quae
654 4250 936 4315 consistit
961 4250 1031 4313 in
1062 4248 1611 4315 consummatione
1630 4245 1869 4311 difficil-

322 4358 627 4422 limorum
655 4362 721 4423 et
746 4358 1137 4440 optimorum
1158 4379 1176 4436 ;
1204 4361 1268 4421 et
1295 4356 1373 4421 de
1395 4355 1516 4420 hac
1542 4354 1774 4419 dicitur
1796 4358 1818 4393 ⁸
1846 4373 1863 4418 t

323 4467 621 4547 Perfecta
657 4465 945 4532 charitas
990 4466 1167 4546 roras
1206 4464 1412 4536 mittit
1455 4462 1766 4529 timorem.
1793 4460 1873 4525 Et

326 4573 753 4657 Philosophus
773 4573 923 4637 dicit
937 4571 982 4652 ⁸,
1003 4570 1175 4655 quod
1200 4570 1474 4654 perfecta
1490 4569 1699 4635 virtus
1716 4568 1872 4651 opti·

328 4700 589 4747 morum
638 4685 736 4746 est
773 4680 1118 4764 operativa.
1160 4677 1463 4742 Similiter
1503 4676 1868 4757 intelligen-

328 4791 487 4857 dum
514 4793 631 4869 est,
664 4789 835 4872 quod
856 4787 1140 4871 quinque
1165 4785 1375 4850 modis
1399 4784 1728 4865 obligatur
1756 4782 1875 4846 ali-

332 4899 478 4984 quis
522 4897 604 4962 ad
634 4895 858 4961 aliud:
899 4894 1186 4978 primum
1226 4910 1436 4975 genus
1469 4889 1876 4972 obligationis

36 5010 166 5058 obli
150 5022 240 5067 »as
210 5009 311 5052 ²³⁰
280 5013 431 5074 ‘’est
454 5009 714 5092 propter
743 5004 1117 5068 mandatum
1142 4999 1484 5078 divinum;
1522 4995 1876 5061 secundum

61 5074 285 5130 quintu.

108 5137 251 5195 prex.
335 5121 431 5184 est
486 5117 745 5199 propter
799 5117 1022 5179 votum
1078 5109 1421 5186 emissum;
1470 5105 1732 5170 tertium
1785 5106 1879 5168 est

335 5229 594 5310 propter
637 5221 923 5288 officium
977 5220 1380 5301 susceptum3
1437 5216 1739 5297 quartum
1786 5214 1880 5275 est

333 5338 595 5421 propter
620 5330 958 5399 vitandum
986 5326 1391 5419 scandalum-3
1439 5322 1741 5406 quintum
1787 5325 1883 5386 est

399 5466 417 5501 ²
437 5460 646 5525 matth„
672 5469 725 5522 v,
747 5461 828 5511 ts.
851 5456 952 5496 -2
974 5452 1129 5519 loia„
1158 5464 1269 5517 111,
1299 5455 1381 5504 2¹.
1401 5474 1463 5489 —
1485 5448 1508 5485 ⁸
1531 5448 1666 5512 Luc„
1696 5458 1770 5512 vs,
1799 5449 1881 5499 ιο.

670 5539 853 5589 ,τοι
889 5537 981 5586 xv.

3366 453 3488 514 673

1950 587 2209 667 propter
2260 584 2659 649 conscientiae
2712 583 3049 665 judicium.
3117 584 3277 649 Cum
3330 603 3489 668 ergo

1948 693 2264 776 quaeritur
2292 698 2516 757 utrum
2554 692 2748 756 homo
2776 691 2845 755 in
2876 692 3152 774 perfecta
3189 692 3490 757 charitate

1949 800 2226 864 existens
2252 803 2542 864 teneatur
2576 799 2657 863 ad
2688 817 2880 881 opera
2927 799 3349 882 perfeetionis,
3390 799 3487 864 di-

1950 907 2226 971 cendum
2253 908 2448 990 quod,
2478 907 2533 970 si
2566 907 2862 990 perfectio
2898 905 3241 989 accipiatur
3280 907 3490 990 primo

1951 1014 2163 1093 mode,
2186 1015 2476 1079 videlicet
2502 1034 2617 1098 pro
2641 1014 3017 1097 perfectione
3032 1014 3319 1096 justitiae,
3341 1032 3495 1098 quae

1951 1122 2236 1187 consistit
2287 1121 2356 1186 in
2402 1121 2769 1204 impletione
2837 1123 3287 1187 mandatorum
3311 1171 3330 1203 ,
3403 1121 3495 1186 sic

1952 1229 2278 1311 obligatur
2329 1230 2410 1294 ad
2456 1229 2634 1293 illam
2676 1231 3128 1312 perfectionem
3147 1279 3165 1309 ‚
3231 1230 3395 1294 sicut
3432 1234 3497 1293 et

1953 1335 2061 1399 alii
2115 1357 2131 1400 ε
2191 1340 2254 1400 et
2289 1354 2366 1401 eo
2401 1337 2614 1419 magis
2649 1335 2726 1401 de
2766 1337 2933 1402 bono
2978 1340 3043 1402 et
3093 1355 3308 1421 aequo,
3364 1354 3496 1419 quo

1954 1445 2166 1525 majus
2190 1444 2471 1526 percepit
2496 1445 2763 1524 donum,
2793 1464 2908 1529 per
2932 1446 3106 1527 quod
3144 1445 3341 1529 possit
3372 1445 3495 1508 im-

1953 1548 2130 1631 plere
2156 1549 2455 1614 divinum
2485 1539 2879 1618 mandatum.
2911 1551 2977 1616 Si
3013 1555 3229 1616 autem
3266 1548 3497 1633 loqua-

1957 1675 2106 1722 mur
2135 1658 2214 1722 de
2259 1658 2405 1723 aliis
2449 1660 2794 1741 generibus
2830 1660 3250 1743 perfectionis,
3286 1660 3501 1726 dicen-

1955 1766 2113 1852 dum
2142 1766 2315 1850 quod
2340 1786 2471 1833 non
2514 1768 2841 1850 obligatur
2881 1768 3078 1832 homo
3118 1769 3397 1832 existens
3426 1767 3501 1831 in

1955 1875 2231 1956 perfecta
2275 1876 2577 1941 charitate
2627 1877 2708 1941 ad
2750 1877 2881 1956 illa,
2928 1881 3244 1959 quantum
3279 1878 3374 1940 est
3417 1892 3501 1939 ex

1956 1980 2348 2062 obligatione
2375 1983 2578 2048 div1ni
2603 1983 2888 2048 mandati
2937 2006 2953 2048 ε
2989 2002 3107 2048 nec
3131 1983 3314 2047 aliter
3335 1982 3501 2047 obli-

1956 2093 2185 2169 gatur,
2233 2090 2362 2152 nisi
2416 2090 2802 2156 interveniat
2855 2089 3111 2172 aliquod
3163 2089 3502 2155 vinculum

1958 2197 2388 2280 sequentium,
2422 2196 2717 2262 videlicet
2740 2200 2963 2261 votum
2992 2215 3105 2279 per
3129 2197 3302 2279 quod
3343 2196 3503 2262 obli-

1958 2307 2153 2385 gatur
2206 2303 2285 2368 ad
2313 2304 2759 2386 perfectionem
2820 2304 3187 2385 religionis;
3228 2303 3333 2371 vel
3362 2304 3506 2369 offi-

1958 2415 2131 2479 cium
2206 2420 2570 2498 susceptum
2594 2463 2611 2494 ‚
2663 2435 2779 2499 per
2835 2417 3008 2498 quod
3055 2416 3385 2498 obligatur
3426 2417 3508 2481 ad

1959 2524 2405 2607 perfectionem
2457 2524 2877 2608 praelationi&
2932 2524 3039 2589 vel
3112 2524 3504 2604 scandalum,

1960 2634 2207 2698 ratione
2260 2636 2447 2716 cujus
2506 2634 2827 2716 obligatur
2905 2634 2987 2697 ad
3060 2634 3509 2716 perfectionem

1962 2740 2345 2823 operationis
2376 2764 2392 2819 ;
2474 2740 2579 2806 vel
2649 2740 3048 2805 conscientias
3144 2738 3462 2805 dictamen
3486 2790 3506 2822 ,

1962 2866 2079 2930 per
2129 2848 2301 2931 quod
2352 2847 2677 2929 obligatur
2711 2848 2793 2913 ad
2833 2847 3285 2929 perfectionem
3328 2853 3513 2912 tran-

1963 2954 2317 3037 quillitatis.
2368 2953 2481 3017 His
2524 2954 2698 3018 enim
2741 2953 3311 3019 intervenientibus
3329 3002 3346 3032 ‚
3393 2974 3511 3020 su·-

1965 3061 2404 3147 perinducitur
2441 3079 2611 3126 nova
2664 3060 2969 3142 obligatio
3010 3062 3092 3126 ad
3138 3060 3512 3146 hujusmodi

1967 3188 2208 3253 genera
2233 3169 2693 3252 perfectionum
2729 3170 3201 3252 praedictarum.
3242 3170 3365 3237 Sed
3388 3178 3515 3237 sta-

1967 3282 2071 3342 tus
2097 3277 2439 3355 charitati8‚
2470 3281 2788 3359 quantum
2814 3282 2909 3355 est
2952 3278 3031 3343 de
3070 3297 3170 3356 se,
3219 3296 3509 3345 necessa-

1967 3388 2133 3451 riam
2169 3386 2628 3468 obligationem
2670 3403 2806 3450 non
2857 3385 3139 3467 inducit,
3186 3387 3352 3452 sicut
3402 3406 3506 3453 ra-

1967 3494 2173 3558 tiones
2215 3511 2362 3576 quae
2405 3493 2485 3557 ad
2522 3492 2689 3557 hanc
2716 3496 2964 3575 partem
3011 3498 3166 3558 sunt
3207 3495 3509 3575 inductae,

1970 3600 2333 3667 ostendunt.
2366 3600 2444 3664 Et
2468 3600 2609 3664 ideo
2638 3600 2898 3664 concedi
2930 3604 3216 3683 possunt.

2052 3712 2112 3775 1.
2144 3707 2243 3773 Ad
2270 3708 2427 3773 illud
2450 3725 2605 3774 vero
2637 3706 2809 3790 quod
2834 3707 3137 3789 objicitur
3163 3707 3235 3772 in
3262 3714 3515 3774 contm-

1970 3816 2145 3881 rium
2164 3815 2243 3879 de
2259 3814 2634 3879 auctoritate
2661 3813 2912 3878 Domini
2929 3815 3001 3879 in
3026 3816 3349 3893 Matthoeo,
3375 3819 3515 3897 Jam

1970 3924 2145 4006 patet
2184 3922 2510 4003 responsio
2552 3943 2567 3985 :
2609 3921 2762 4004 quia
2799 3920 2960 3986 illud
3007 3922 3391 4005 intelligitur
3435 3924 3516 3989 de

1972 4029 2358 4115 perfectione
2379 4028 2647 4109 justitiae
2675 4032 2740 4093 et
2767 4028 3187 4111 sufficientiae,
3209 4031 3290 4095 ad
3317 4048 3514 4113 quam

1974 4138 2344 4219 obligantur
2385 4154 2609 4201 omnes
2627 4184 2644 4214 ‚
2694 4140 2829 4201 tam
2871 4137 3127 4220 perfecti
3166 4156 3363 4222 quam
3388 4139 3512 4204 im-

1974 4245 2256 4329 perfecti.

2055 4357 2119 4417 2.
2158 4353 2258 4417 Ad
2300 4351 2457 4416 illud
2497 4349 2667 4434 quod
2693 4350 2990 4434 objicitur
3022 4352 3102 4418 de
3146 4354 3516 4421 auctoritate

1978 4459 2293 4541 Gregorii,
2344 4458 2519 4542 quod
2576 4458 2746 4523 sicut
2812 4464 3106 4526 crescunt
3167 4461 3335 4526 dona
3359 4509 3377 4542 ‚
3429 4463 3519 4527 sic

1977 4571 2276 4636 crescunt
2298 4567 2575 4632 rationes
2600 4566 2919 4633 donorum
2933 4617 2952 4649 ,
2981 4568 3320 4633 dicendum
3350 4569 3521 4653 quod

1978 4678 2103 4743 hoc
2125 4695 2357 4743 verum
2376 4680 2472 4741 est
2497 4679 2813 4759 quantum
2841 4676 2922 4741 ad
2947 4694 3025 4742 ea
3043 4695 3194 4761 quae
3225 4683 3379 4743 sunt
3403 4696 3522 4743 ne-

1980 4785 2305 4852 cessitatis.
2358 4783 2671 4849 Praeterea
2709 4784 2884 4867 quod
2933 4784 3166 4850 dicitur
3200 4784 3375 4869 quod
3414 4803 3519 4849 ra-

1981 4896 2187 4960 tiones
2226 4894 2542 4959 donorum
2583 4897 2875 4957 crescunt
2894 4943 2914 4975 ,
2955 4893 3078 4959 hoc
3114 4911 3249 4957 non
3288 4893 3522 4958 dicitur

1983 5002 2156 5085 quod
2222 5001 2389 5066 Deus
2448 5019 2700 5083 semper
2761 5002 2984 5083 exigat
3038 5001 3391 5066 necessario
3442 5001 3524 5066 ab

1984 5110 2246 5175 homine
2271 5111 2479 5173 totum
2503 5109 2677 5191 quod
2703 5113 2944 5191 potest3
2975 5108 3085 5175 sed
3126 5110 3280 5192 quia
3322 5107 3531 5191 exigit

1987 5218 2065 5284 de
2090 5219 2262 5282 bono
2291 5222 2354 5282 et
2380 5234 2591 5300 aequo,
2619 5216 2710 5281 ita
2730 5217 2902 5299 quod
2930 5217 3041 5283 illa
3052 5217 3380 5301 exigentia
3398 5235 3533 5282 non

1993 5368 2307 5432 -·.,'·Genee
2330 5367 2831 5431 v1,s.--.‚⁸1Joan
2852 5365 3537 5432 1V,18.-·A1·ist.,.,1²1«ye

1995 5442 2087 5494 lib.
2118 5441 2252 5506 vlu,
2280 5445 2420 5493 cont.
2452 5442 2529 5494 Π.
3223 5513 3304 5576 ⁴3
