4185 6288
1159 453 1538 524 ms'rmc'r.
1580 449 1797 521 xxm.
1839 446 2023 514 ΛΒΤ.
2068 447 2118 512 1.
2165 442 2439 525 QUAEST
2478 443 2557 508 11.

146 632 149 635 ·
272 602 637 667 intellectus
664 598 1091 685 speculativus
1126 596 1363 662 dicitur
1387 608 1521 657 esse
1544 588 1674 665 ille,
1702 585 1817 670 qui

275 710 477 776 tend-it
501 710 570 774 in
601 724 826 773 verum
862 707 983 771 sub
1014 703 1260 770 ratione
1287 700 1425 766 veri
1457 718 1475 764 z
1509 697 1667 762 fides
1691 710 1815 759 au-

275 821 408 882 tem
439 815 587 881 facit
622 815 1011 881 intellectum
1056 811 1310 876 credere
1351 804 1653 873 articulos
1686 818 1816 865 non

274 925 431 1009 quia
468 924 701 1003 bonos,
747 920 858 985 sed
896 919 1051 1004 quia
1076 935 1263 983 veros
1293 936 1309 978 ε
1341 915 1433 979 ita
1472 911 1648 978 enim
1674 907 1820 991 quis

276 1035 474 1101 credit
500 1033 974 1098 damnationem
1001 1029 1346 1106 malorum,
1376 1025 1542 1089 sicut
1572 1019 1817 1102 glorifi-

277 1144 589 1208 cationem
631 1141 986 1206 beatorum.
1031 1137 1109 1202 Et
1146 1137 1384 1201 iterum
1434 1128 1705 1197 charitas
1757 1129 1820 1189 et

226 1244 230 1247 Δ
278 1251 433 1315 fides
466 1249 957 1331 distinguuntur
990 1246 1060 1310 in
1097 1245 1344 1326 objecto
1378 1242 1697 1323 quantum
1736 1233 1816 1299 ad

276 1357 589 1423 rationem
638 1354 860 1419 motivi
889 1375 904 1416 ε
935 1355 998 1416 et
1025 1349 1331 1434 quoniam
1366 1344 1640 1411 charitas
1670 1346 1817 1407 ten-

278 1464 370 1529 dit
393 1462 463 1526 in
492 1461 695 1526 Deum
749 1460 870 1524 sub
915 1458 1163 1522 ratione
1206 1454 1380 1534 boni,
1428 1468 1686 1517 necesse
1723 1453 1820 1513 est

279 1568 451 1653 quod
477 1569 632 1634 fides
659 1567 878 1632 tendat
900 1565 971 1629 in
999 1565 1202 1629 Deum
1226 1562 1348 1626 sub
1372 1559 1619 1626 ratione
1645 1556 1812 1622 veri:

274 1676 446 1741 unde
497 1676 756 1739 assentit
802 1690 1076 1739 summae
1119 1669 1407 1748 veritati,
1462 1686 1597 1731 non
1665 1665 1818 1749 quia

273 1783 541 1863 bonitas,
572 1782 683 1847 sed
708 1780 863 1865 quia
887 1779 1142 1847 veritas.
1174 1776 1491 1855 Quoniam
1517 1792 1675 1855 ergo
1708 1773 1817 1836 in-

278 1890 562 1955 tellectus
587 1888 1016 1973 speculativus
1041 1885 1297 1968 respicit
1320 1900 1549 1947 verum
1575 1880 1696 1945 sub
1721 1898 1817 1943 ra-

276 1997 449 2061 tione
499 1996 680 2074 veri3
728 1995 880 2059 hinc
922 1997 1017 2059 est
1060 1992 1231 2076 quod
1280 1991 1582 2057 dixerunt
1623 1987 1815 2052 fldem

277 2122 412 2169 esse
461 2103 528 2167 in
554 2135 560 2141 ·
585 2101 907 2167 intellectu
957 2098 1344 2185 speculativo
1389 2097 1462 2161 in
1501 2097 1816 2179 quantum

278 2215 373 2276 est
398 2209 847 2295 speculativas.
878 2207 1007 2273 Nec
1031 2208 1285 2272 obstant
1309 2205 1412 2270 his
1437 2203 1635 2268 verba
1667 2200 1812 2285 phi-

278 2317 712 2399 losophorum,
747 2316 900 2399 quia
932 2315 1052 2398 ipsi
1076 2314 1154 2378 de
1182 2312 1452 2378 veritate
1481 2309 1630 2374 fidei
1656 2306 1818 2371 nihil

231 2461 251 2476 ·
280 2425 753 2491 intellexerunt.
782 2425 938 2488 Aliis
962 2427 1180 2488 autem
1207 2421 1392 2485 aliter
1408 2419 1659 2484 videtur
1680 2434 1815 2482 esse

280 2531 618 2623 dicendum
638 2579 659 2612 ‚
687 2520 993 2597 videlicet
1015 2529 1190 2614 quod
1231 2528 1386 2592 tides
1412 2531 1504 2592 est
1531 2526 1599 2589 in
1623 2524 1812 2588 intel·

281 2641 445 2705 lectu
471 2640 765 2725 practico.
796 2638 1155 2703 Intellectus
1177 2636 1352 2701 enim
1377 2633 1691 2718 practicus
1717 2631 1812 2694 di-

284 2749 452 2813 citur
501 2766 634 2813 esse
676 2745 1029 2811 intellectus
1075 2748 1408 2821 extensuS,
1463 2739 1816 2805 secundum

282 2855 452 2939 quod
501 2854 643 2920 vult
690 2852 1114 2936 Philosophus
1136 2853 1180 2930 ¹,
1235 2849 1408 2933 quod
1463 2846 1817 2912 intellectus

279 2962 706 3048 speculativas
753 2959 1122 3024 extensione
1166 2957 1238 3020 fit
1282 2955 1617 3039 practicus.
1652 2953 1815 3019 Con-

280 3072 475 3154 tingit
486 3072 725 3149 autem,
755 3067 1144 3131 intellectum
1170 3062 1422 3129 extendi
1451 3063 1813 3146 tripliciter:

288 3180 393 3246 vel
419 3196 536 3262 per
557 3174 1070 3260 conjunctionem
1096 3171 1199 3236 sni
1233 3189 1383 3236 cum
1419 3171 1751 3237 affectione
1779 3191 1818 3237 a

281 3305 412 3372 qua
442 3285 816 3362 inclinatur;
859 3281 963 3346 vel
992 3298 1105 3365 per
1148 3279 1665 3363 conjunctionem
1714 3279 1818 3343 sui

279 3412 427 3459 cum
475 3392 808 3457 affectione
846 3389 928 3454 ad
967 3404 1163 3471 quam
1223 3387 1518 3465 inclinat3
1569 3386 1668 3451 vel
1705 3404 1820 3468 per

279 3503 419 3584 conj
429 3500 796 3565 unctionem
823 3498 925 3563 sui
952 3514 1097 3562 cum
1123 3495 1488 3580 operatione
1510 3512 1708 3577 quam
1728 3494 1820 3558 di-

278 3609 434 3692 rigit
470 3612 535 3674 et
571 3606 845 3688 regulet.
889 3604 1199 3671 Omnibus
1229 3606 1442 3667 autem
1474 3602 1577 3666 his
1612 3600 1818 3667 modis

279 3714 592 3798 contingit
633 3714 825 3779 fldem
865 3711 1018 3795 poni
1060 3712 1132 3775 in
1165 3710 1491 3774 intellectu
1531 3713 1813 3788 extenso,

277 3822 415 3890 sive
443 3822 718 3908 practico
739 3868 756 3897 ,
795 3818 1150 3887 secundum
1183 3816 1393 3884 varios
1429 3815 1628 3900 ipsius
1669 3815 1819 3881 fidei

277 3935 499 3999 status.
532 3929 697 3996 Nam
724 3928 882 3995 fides
919 3926 1289 4011 simpliciter
1331 3923 1500 3990 dicta
1517 3972 1535 4004 ‚
1564 3925 1699 3989 sive
1737 3922 1820 3987 sit

280 4038 591 4118 informis,
623 4037 760 4103 sive
801 4037 1074 4101 formata
1088 4082 1109 4114 ‚
1139 4049 1287 4117 quae
1313 4030 1464 4095 facit
1488 4030 1819 4097 hominem

277 4148 534 4214 credere
574 4146 701 4213 Deo
742 4145 814 4209 in
856 4144 960 4209 his
999 4160 1148 4226 quae
1188 4160 1322 4207 non
1357 4136 1573 4221 'videt‚
1602 4143 1700 4205 est
1748 4141 1818 4204 in

281 4256 423 4338 ipso
461 4254 808 4333 intellectu,
861 4250 933 4317 in
982 4253 1299 4334 quantum
1340 4248 1684 4313 inclinatur
1735 4245 1818 4311 ab

280 4363 419 4446 ipsa
443 4360 808 4426 voluntate:
839 4376 975 4423 non
999 4337 1173 4446 enim
1201 4356 1501 4431 crederet,
1527 4353 1651 4418 nisi
1679 4353 1815 4419 vel·

280 4470 388 4535 let.
417 4466 603 4533 Fides
627 4470 846 4532 antem
871 4462 1170 4543 formata,
1195 4481 1327 4546 qua
1355 4463 1501 4543 quis
1526 4460 1724 4526 credit
1750 4461 1820 4524 in

281 4577 518 4655 Deum,
548 4577 643 4639 est
689 4573 760 4638 in
814 4572 955 4656 ipso
1005 4571 1326 4636 intellectu
1349 4618 1367 4648 ‚
1398 4569 1468 4633 in
1500 4569 1822 4651 quantum

281 4683 549 4750 inclinat
573 4681 894 4747 affectum.
926 4678 1025 4743 Ad
1045 4678 1171 4742 boc
1196 4677 1369 4742 enim
1393 4676 1566 4759 quod
1591 4675 1823 4764 aliquis

282 4791 498 4857 credat
531 4790 602 4854 in
635 4789 838 4854 Deum
865 4802 979 4871 per
1017 4785 1209 4851 fidem
1245 4785 1605 4862 formatam,
1634 4801 1826 4868 opor-

285 4901 378 4964 tet
421 4900 496 4962 ut
533 4896 605 4960 in
642 4896 857 4978 ipsum
905 4892 1180 4957 amando
1206 4891 1443 4972 tendat,
1471 4891 1826 4956 secundum

286 5004 460 5090 quod
502 5004 774 5069 habetur
816 5002 885 5066 in
922 5000 1156 5065 littera.
1202 4997 1386 5064 Fides
1420 5002 1638 5063 autem
1680 5017 1828 5082 per-

287 5114 487 5189 fecta,
527 5112 606 5177 de
641 5128 775 5193 qua
815 5107 963 5174 dicit
991 5105 1329 5191 Apostolus
1363 5106 1531 5187 quod
1557 5109 1653 5171 est
1675 5123 1830 5190 ope-

289 5237 443 5288 rans
463 5233 578 5303 per
603 5215 1026 5294 dilectionem,
1056 5213 1165 5279 illa
1188 5212 1447 5297 quidem
1472 5217 1570 5278 est
1594 5212 1661 5277 in
1692 5213 1831 5297 ipso

290 5327 616 5395 intellectu
638 5373 656 5403 ‚
685 5325 756 5392 in
781 5327 1094 5408 quantum
1124 5322 1440 5389 mediante
1473 5322 1705 5387 affectu
1728 5323 1831 5387 di-

362 5457 377 5490 ¹
405 5452 579 5518 Arist»,
600 5452 661 5503 de
682 5452 876 5515 duim„
906 5450 994 5504 lib.
1016 5453 1105 5517 lu,
1133 5464 1179 5504 c.
1207 5451 1267 5502 de
1285 5451 1527 5516 Nomio,
1551 5452 1689 5502 cont.
1710 5451 1788 5503 ta.

3343 438 3463 501 487

1923 581 2086 665 rigit
2110 597 2293 664 opus.
2320 579 2400 645 Et
2423 578 2514 642 sic
2533 580 2703 661 patet
2725 573 2899 658 quod
2916 571 3269 638 secundum
3286 570 3464 650 istos,

1924 686 2081 751 fides
2107 689 2203 750 est
2239 683 2309 746 in
2336 681 2659 746 intellectu
2689 678 2985 763 practico,
3017 676 3153 742 sive
3177 679 3461 752 extenso,

1922 793 2277 860 secundum
2305 791 2587 856 diversos
2618 787 2821 871 ipsius
2864 784 3013 849 fidei
3053 787 3255 848 status
3273 829 3295 862 ,
3327 781 3465 847 sive

1925 901 2280 965 intellectus
2320 896 2639 981 practicus
2682 894 2930 958 dicatur
2978 889 3231 974 proprie
3253 937 3272 970 ‚
3330 889 3466 955 sive

1923 1007 2371 1085 communiter,
2401 1005 2537 1069 sive
2563 1000 2773 1083 magis
2798 999 3075 1084 proprie,
3111 996 3463 1062 secundum

1922 1116 2098 1199 quod
2143 1113 2353 1195 magis
2389 1114 2454 1177 et
2494 1109 2706 1191 magis
2741 1108 2934 1172 habet
2958 1104 3234 1172 extendi.
3284 1103 3464 1169 Ratio

1921 1225 2141 1287 autem
2164 1238 2313 1303 quae
2337 1221 2552 1284 movet
2588 1216 2740 1280 istos
2765 1214 2889 1279 hoc
2913 1229 3172 1296 ponere,
3199 1227 3331 1275 non
3358 1227 3465 1274 so-

1921 1328 2060 1394 lum
2105 1331 2200 1391 est
2242 1325 2513 1390 verbum
2557 1320 2949 1404 Philosophi,
2978 1318 3092 1403 qui
3120 1317 3273 1382 dicit
3292 1315 3463 1400 quod

1923 1436 2194 1500 virtutes
2232 1434 2385 1495 sunt
2430 1430 2499 1493 in
2549 1424 2966 1509 intelligentia
2999 1424 3311 1509 practica3
3351 1422 3462 1486 sed

1924 1541 2121 1606 etiam
2142 1540 2280 1622 ipsa
2296 1537 2460 1602 ratio
2487 1538 2679 1614 recta,
2713 1550 2860 1616 quae
2886 1532 3039 1597 dicit
3063 1531 3237 1615 quod
3252 1529 3467 1594 virtus

1923 1666 2056 1712 non
2111 1648 2315 1729 potest
2365 1661 2499 1707 esse
2554 1641 2677 1705 nisi
2733 1639 2988 1704 habitus
3036 1636 3459 1716 voluntarius,

1922 1772 2072 1818 cum
2115 1753 2280 1817 circa
2303 1751 2508 1833 ipsam
2536 1748 2834 1813 consistat
2861 1746 3003 1810 laus
3029 1748 3092 1809 et
3119 1743 3457 1808 meritum:

1923 1867 1987 1927 et
2028 1862 2170 1927 ideo
2218 1857 2602 1941 impossibile
2639 1859 2733 1921 est
2776 1854 2948 1937 quod
2982 1854 3190 1918 virtus
3209 1851 3360 1917 fidei
3386 1851 3468 1916 sit

1921 1962 1991 2033 iti
2045 1965 2366 2031 intellectu
2383 2012 2402 2042 ‚
2458 1963 2581 2027 nisi
2639 1962 2711 2026 in
2754 1963 3073 2044 quantum
3115 1958 3467 2024 intellectus

1912 2073 2224 2158 jungitur
2252 2069 2529 2136 affectui.
2566 2067 2924 2134 Intellectus
2962 2071 3178 2134 autem
3199 2069 3465 2150 junctus
3491 2111 3648 2171 opinio
3658 2114 3702 2157 3·

1922 2181 2212 2259 affectui,
2251 2182 2314 2243 et
2352 2178 2473 2261 ipsi
2517 2177 2895 2260 permixtus,
2924 2175 3154 2241 dicitur
3188 2192 3321 2239 esse
3355 2173 3463 2237 in-

1920 2288 2207 2353 tellectus
2262 2289 2564 2351 extensus
2591 2332 2610 2362 ‚
2668 2282 2771 2348 vel
2822 2283 3176 2347 intellectus
3224 2280 3464 2364 practi-

1921 2415 2037 2460 cus
2089 2413 2108 2459 :
2162 2397 2225 2459 et
2268 2392 2411 2458 ideo
2470 2390 2770 2455 dixerunt
2821 2390 2926 2454 isti
2970 2388 3164 2453 fidem
3207 2405 3344 2453 esse
3395 2386 3464 2451 in

1920 2502 2197 2588 practico
2263 2499 2611 2565 intellectu.
2685 2497 2901 2562 Restat
2963 2495 3174 2561 adhuc
3240 2495 3465 2561 tertius

1920 2610 2150 2674 modus
2175 2607 2463 2684 dicendi,
2491 2605 2783 2672 videlicet
2810 2604 2984 2688 quod
3020 2604 3177 2669 fides
3213 2621 3335 2667 nec
3368 2606 3464 2668 est

1920 2715 2186 2782 omnino
2224 2715 2294 2778 in
2333 2713 2610 2796 potentia
2645 2711 2972 2794 cognitiva
2991 2758 3009 2791 ,
3043 2728 3163 2775 nec
3197 2709 3462 2775 omnino

1918 2823 1989 2887 in
2016 2820 2298 2906 potentia
2332 2820 2622 2885 affectiva
2641 2866 2660 2899 ‚
2691 2819 2801 2883 sed
2845 2817 3124 2900 quodam
3162 2817 3352 2882 modo
3390 2817 3462 2881 in

1919 2931 2043 2996 hac
2071 2979 2090 3010 ,
2148 2930 2428 3012 quodam
2485 2926 2677 2992 modo
2738 2927 2808 2990 in
2869 2925 3000 2990 illa.
3058 2923 3138 2991 Et
3192 2925 3316 2989 hoc
3367 2926 3464 2990 est

1919 3040 2092 3123 quod
2147 3038 2297 3102 dicit
2353 3036 2659 3117 magister
2709 3033 2902 3116 Hugo
2966 3032 3042 3098 de
3091 3032 3157 3098 S.
3212 3030 3462 3097 Victore

1920 3148 1991 3211 in
2029 3148 2198 3212 libro
2235 3144 2314 3212 de
2357 3143 2836 3210 sacramenti-3¹
2860 3162 2884 3204 .·
2922 3163 2954 3203 α
2991 3140 3125 3207 Duo
3172 3140 3459 3224 (inquit)

1920 3258 2070 3319 sunt
2091 3303 2109 3334 ,
2171 3254 2242 3317 in
2296 3253 2534 3336 quibus
2586 3251 2744 3315 fides
2796 3249 3116 3330 consistit;
3179 3249 3460 3330 cognitio

1921 3371 2255 3450 videlicet,
2307 3374 2373 3435 et
2425 3369 2695 3435 affectio.
2767 3368 2839 3432 In
2908 3368 3140 3432 aflectu
3198 3367 3460 3450 quidem

1921 3479 2273 3547 substantia
2326 3478 2473 3544 fidei
2533 3476 2894 3560 ,reperitur3
2955 3475 3026 3539 in
3098 3475 3461 3557 cognitione

1921 3606 2078 3657 vero
2108 3586 2396 3651 materia.
2430 3606 2460 3645 x·
2491 3583 2673 3648 Ratio
2713 3585 2932 3647 autem
2967 3599 3113 3665 quae
3140 3585 3354 3647 movet
3378 3582 3460 3646 ad

1922 3697 2044 3763 hoc
2070 3692 2463 3780 ponendum,
2492 3694 2587 3755 est
2613 3690 2783 3774 quod
2810 3693 2991 3754 actus
3008 3688 3351 3754 voluntatis
3367 3690 3463 3753 est

1922 3801 2271 3871 essentialis
2297 3801 2417 3886 ipsi
2447 3799 2595 3864 fidei
2627 3820 2643 3862 z
2682 3815 3025 3879 nunquam
3076 3796 3249 3862 enim
3297 3799 3463 3861 esset

1923 3911 2286 3978 virtuosum
2333 3891 2585 3986 erdere,
2623 3904 2750 3969 nisi
2794 3907 2958 3970 esset
2997 3902 3458 3969 voluntarium.

1925 4017 2102 4085 Unde
2115 4016 2312 4081 etiam
2331 4011 2917 4097 Augustinusdicit‚
2934 4010 3103 4095 quod
3114 4010 3322 4076 virtus
3330 4028 3463 4076 non

1924 4133 2020 4196 est
2046 4127 2218 4194 aliud
2236 4176 2256 4207 ,
2286 4143 2484 4209 quam
2509 4141 2691 4189 amor
2716 4122 3071 4188 ordinatus.
3102 4120 3170 4186 Si
3196 4138 3357 4204 ergo
3381 4122 3461 4187 fl·

1924 4237 2035 4302 des
2061 4240 2157 4301 est
2184 4234 2411 4314 virtus,
2439 4231 2694 4315 respicit
2718 4234 2932 4295 actum
2958 4229 3307 4294 voluntatis
3322 4276 3344 4311 ,
3363 4270 3366 4278 -
3388 4232 3465 4294 ut

1924 4344 2047 4410 sibi
2077 4341 2475 4409 essentialem
2507 4361 2522 4405 ε
2554 4355 2713 4422 ergo
2751 4342 2815 4404 et
2856 4339 3025 4403 circa
3066 4337 3261 4402 illam·
3274 4337 3466 4402 habet

1927 4454 2340 4523 essentialiter
2384 4452 2746 4518 consistere.
2795 4450 3040 4516 Rursus
3064 4499 3083 4530 ,
3139 4445 3462 4533 quia'ip'si

1926 4563 2078 4630 fidei
2117 4561 2401 4644 cognitio
2436 4558 2785 4625 essentialis
2825 4560 2941 4638 est,
2973 4561 3037 4622 et
3059 4556 3461 4638 illuminatio,

1928 4689 2043 4756 per
2078 4689 2279 4755 quam
2319 4667 2674 4734 intellectus
2712 4665 3015 4747 dirigitur
3047 4664 3115 4727 in
3140 4679 3465 4729 summam

1931 4778 2265 4846 veritatem
2284 4824 2305 4855 ‚
2338 4781 2402 4841 et
2438 4775 2497 4840 ei
2533 4772 2910 4858 subjicitur;
2947 4771 3091 4837 ideo
3128 4765 3266 4855 ipsa
3312 4769 3469 4836 fides

1932 4884 2341 4953 essentialiter
2371 4881 2627 4965 respicit
2651 4883 2870 4945 actum
2894 4878 3159 4944 rationis
3193 4900 3208 4945 ε
3241 4882 3305 4943 et
3327 4897 3471 4963 pro-

1931 4998 2148 5079 pterea
2171 4990 2397 5056 dicunt
2430 4989 2544 5068 illi,
2573 4988 2689 5071 qui
2719 4991 2874 5052 sunt
2898 4988 3095 5071 huJus
3120 4985 3467 5070 positionis,

1937 5101 2131 5167 fldem
2158 5116 2294 5164 esse
2320 5115 2452 5162 non
2471 5099 2726 5162 tantum
2751 5096 2823 5160 in
2848 5095 3114 5175 ratione,
3142 5093 3252 5160 sed
3276 5092 3470 5159 etiam

1938 5211 2011 5276 in
2051 5208 2383 5276 voluntate
2399 5254 2417 5287 ,
2448 5224 2601 5271 cum
2634 5208 2984 5288 utrumque
3022 5206 3235 5269 actum
3269 5200 3469 5286 respi-

1939 5317 2063 5384 ciat
2106 5314 2541 5382 essentialiter.
2596 5312 2759 5392 Quia
2803 5329 2959 5378 vero
2998 5312 3179 5377 actus
3216 5308 3476 5376 rationis

2003 5447 2025 5483 ¹
2056 5448 2208 5512 aug„
2235 5444 2296 5495 da
2315 5443 2561 5508 sacram,
2593 5441 2683 5492 ub.
2715 5441 2756 5505 ι,
2777 5450 2831 5506 ρ.
2856 5450 2910 5503 x,
2938 5439 2983 5491 e.
3019 5449 3095 5492 ιιι.
