4185 6288
695 353 821 418 1058

694 487 854 554 dum
888 492 1187 554 naturam
1222 490 1578 556 humanam
1609 511 1626 555 ε
1657 491 1830 575 quod
1868 491 2242 576 simpliciter

694 601 791 662 est
816 596 1046 662 falsum
1070 614 1187 679 pro
1207 598 1494 680 tempore
1519 598 1650 663 illo.

776 701 963 787 Resp.
991 702 1341 769 Dicendum
1365 704 1540 788 quod
1562 706 1683 771 hoc
1708 723 1970 783 nomen,
2014 706 2237 786 Totus,

694 810 1035 894 aliquando
1079 814 1337 875 tenetur
1373 815 1449 876 ut
1486 812 1773 894 signum,
1802 813 2145 896 aliquando
2168 818 2244 879 ut

630 922 636 930 “
692 918 1101 1000 adjectivum.
1141 916 1511 985 Secundum
1559 922 1731 1004 quod
1770 926 2023 986 tenetur
2053 927 2126 987 ut
2151 923 2243 985 si-

693 1044 924 1108 gnum,
945 1025 1035 1088 sic
1053 1025 1376 1091 distribuit
1396 1027 1463 1091 in
1489 1044 1713 1093 omnes
1734 1033 1965 1110 ρει-ιω,
1990 1033 2064 1093 ιιι
2090 1047 2239 1093 cum

692 1131 924 1199 dicitur
955 1157 971 1198 ε
1014 1156 1043 1194 α
1073 1131 1271 1199 Totus
1303 1133 1527 1200 Petrus
1552 1138 1647 1201 oet
1687 1137 1890 1201 albus.
1921 1158 1953 1197 n
1989 1136 2241 1202 Secun-

694 1241 851 1308 dum
885 1244 1055 1326 quod
1101 1245 1410 1328 accipitur
1444 1253 1520 1312 ut
1556 1266 1795 1313 nomen
1822 1249 2238 1332 adjectivum,

692 1350 783 1413 sic
807 1353 1015 1415 totum
1040 1369 1172 1416 uno
1195 1352 1386 1417 modo
1413 1354 1648 1420 dicitur
1691 1356 1861 1421 idem
1890 1359 2061 1439 quod
2088 1376 2240 1441 per·

691 1456 967 1537 fectum3
998 1459 1122 1524 alio
1157 1460 1348 1526 modo
1390 1462 1561 1527 idem
1596 1465 1770 1546 quod
1813 1464 2058 1529 habens
2099 1484 2242 1550 par·

690 1567 822 1628 tem
866 1569 930 1629 et
974 1571 1243 1649 partem.
1292 1568 1449 1633 Cum
1505 1588 1667 1654 ergo
1707 1571 1858 1636 dicit
1912 1572 2238 1655 Magister,

693 1671 866 1753 quod
906 1671 1191 1739 Christus
1217 1679 1355 1741 erat
1378 1680 1553 1743 totus
1579 1678 1649 1742 in
1675 1678 1858 1759 eoelo,
1897 1679 1987 1744 ibi
2008 1679 2241 1745 dicitur

691 1780 1027 1862 perfectus,
1057 1781 1211 1865 quia
1234 1802 1507 1867 persona
1527 1785 1756 1851 Christi
1784 1789 2242 1872 perfectissima

690 1889 885 1955 simul
915 1895 1053 1957 erat
1082 1893 1149 1956 in
1178 1894 1359 1973 coelo,
1390 1899 1454 1960 et
1478 1897 1548 1961 in
1572 1901 1765 1976 terra,
1787 1900 1936 1963 etin
1962 1900 2236 1966 inferno.

689 1997 788 2063 Ad
825 1998 985 2063 illud
1027 2002 1206 2084 quod
1243 2003 1572 2086 objicitur,
1616 2005 1788 2087 quod
1831 2024 2106 2090 persona
2132 2007 2241 2073 illa

688 2110 827 2171 erat
854 2109 1223 2191 composita,
1255 2110 1598 2176 dicendum
1623 2113 1793 2196 quod
1838 2131 1958 2178 nec
1985 2114 2239 2197 proprie

689 2217 826 2278 erat
851 2216 1225 2298 composita,
1258 2235 1379 2282 nec
1403 2217 1526 2284 hoc
1551 2237 1812 2300 nomen,
1850 2221 2061 2299 Totus,
2083 2221 2241 2285 acci-

690 2320 870 2403 pitur
889 2320 982 2385 ibi
1000 2321 1345 2403 collective,
1365 2325 1470 2391 vel
1490 2326 1895 2393 distributive
1899 2329 2089 2411 ,quia
2106 2345 2239 2392 non

689 2428 910 2509 signat
934 2428 1368 2496 collectionem
1398 2435 1512 2498 aut
1535 2433 1956 2511 divisionem,
1982 2436 2094 2500 sed
2121 2451 2240 2519 pos·

691 2534 818 2599 tius
840 2537 1314 2703 perfectionem.
1347 2538 1435 2605 Et
1450 2558 1569 2687 per
1606 2532 1731 2606 hbe
1768 2547 1939 2625 patet
1974 2560 2242 2626 respon·

690 2642 788 2707 sio
813 2642 896 2708 ad
916 2661 1233 2727 sequens..
1386 2672 1392 2677 ·

1328 2820 1467 2867 DUB.
1498 2821 1593 2868 111.

877 2944 1033 2995 Totus
1057 2947 1153 3005 cst,
1168 2942 1479 3011 ubicumque
1506 2949 1586 2998 est
1594 2982 1613 3011 ,
1640 2947 1731 2999 sed
1747 2960 1853 2999 non
1866 2950 2050 3002 totum.

784 3072 1049 3138 Videtur
1111 3072 1221 3137 illa
1273 3073 1405 3139 duo
1462 3093 1597 3140 esse
1646 3076 2186 3161 incompossibilia
2219 3101 2236 3146 t

688 3181 841 3264 quia
867 3187 1042 3250 totus
1082 3186 1146 3246 et
1184 3188 1387 3249 totum
1425 3182 1595 3248 idem
1635 3185 2045 3266 significant:
2078 3204 2239 3269 ergo

687 3288 742 3352 si
769 3292 940 3354 totus
975 3289 1204 3355 eratin
1241 3290 1399 3356 coelo
1436 3295 1500 3355 et
1534 3292 1602 3356 in
1638 3292 1916 3372 interno,
1946 3311 2237 3358 necessa-

687 3394 787 3460 rio
828 3396 1122 3478 sequitur
1166 3397 1339 3480 quod
1370 3401 1602 3463 totum.
1645 3398 1805 3463 Item
1842 3399 2240 3483 ubicumque

686 3521 813 3585 ego
855 3522 999 3568 sum
1024 3552 1043 3584 ,
1073 3522 1331 3569 necesse
1359 3509 1453 3570 est
1482 3524 1585 3570 me
1617 3522 1754 3570 esse
1782 3510 1992 3572 totum
2022 3529 2037 3573 t
2075 3526 2238 3591 ergo

686 3608 827 3693 pari
866 3609 1113 3675 ratione
1153 3610 1410 3676 videtur
1440 3612 1519 3676 de
1566 3610 1847 3690 Christo;
1902 3615 2056 3696 quia
2090 3616 2242 3678 ubi-

687 3734 971 3800 cumque
1008 3721 1105 3783 est
1139 3717 1381 3802 aliquid
1402 3766 1421 3798 ,
1448 3735 1705 3783 necesse
1746 3723 1841 3782 est
1875 3737 2011 3785 esse
2046 3738 2240 3787 omne

689 3823 872 3904 illud,
906 3825 1075 3908 quod
1098 3826 1472 3890 naturaliter
1497 3832 1594 3891 est
1617 3827 1687 3890 in
1713 3844 1812 3892 eo.

793 3930 979 4015 Resp.
1040 3931 1390 3998 Dicendum
1445 3933 1615 4018 quod
1636 3982 1657 4014 ‚
1713 3935 1878 4000 sicut
1937 3936 2242 4020 Magister

686 4037 1062 4122 subiungit,
1095 4045 1264 4107 tolus
1306 4042 1583 4107 refertur
1618 4043 1699 4109 ad
1727 4061 2100 4126 personam,
2128 4045 2240 4110 sed

691 4151 892 4216 totum
915 4147 998 4213 ad
1023 4151 1345 4214 naturam.
1376 4148 1455 4214 Et
1479 4150 1641 4215 ratio
1664 4151 1864 4234 hujus
1890 4155 1988 4216 est
2011 4152 2240 4219 discre-

688 4255 780 4320 tio
805 4273 1002 4321 sexus
1025 4256 1366 4337 importata
1395 4274 1511 4340 per
1540 4276 1751 4338 genus
1777 4259 2234 4341 masculinnm,

690 4366 754 4427 et
786 4362 1073 4428 confusio
1120 4381 1234 4446 per
1272 4369 1579 4429 neutrum
1612 4386 1627 4427 ε
1657 4370 1720 4431 ει
1750 4366 2062 4450 quoniam
2092 4384 2237 4449 per-

690 4488 851 4536 sona
871 4470 1101 4536 Christi
1120 4471 1479 4537 secundum
1502 4490 1569 4537 se
1594 4476 1818 4551 totam,
1841 4473 2241 4559 ubicumque

690 4583 868 4658 erat,
900 4580 1032 4643 tota
1066 4582 1236 4658 erat,
1264 4597 1413 4644 cum
1441 4579 1521 4643 sit
1546 4579 1737 4644 unica
1761 4584 1825 4645 et
1849 4581 2240 4665 simplicissi-

691 4701 820 4763 ma,
842 4689 1075 4750 natura
1091 4702 1270 4764 vere,
1299 4703 1446 4750 cum
1471 4703 1600 4749 non
1629 4687 1843 4751 solum
1859 4688 2038 4753 sitin
2060 4688 2240 4753 Chri-

691 4795 788 4858 sto
812 4792 1085 4876 simplex
1102 4838 1121 4870 ,
1153 4796 1372 4875 utpote
1414 4792 1632 4858 divina
1648 4842 1669 4874 ,
1698 4794 1810 4859 sed
1837 4795 2032 4860 etiam
2063 4815 2243 4861 com·

690 4899 918 4984 posita,
961 4903 1181 4983 utpote
1226 4899 1512 4965 humana
1532 4949 1550 4981 ,
1579 4918 1700 4967 nec
1724 4901 1844 4966 ista
1881 4903 2078 4985 possit
2103 4922 2242 4970 esse

689 5006 931 5090 ubique
953 5055 973 5087 ,
1005 5007 1149 5072 ideo
1192 5007 1479 5072 concedit
1518 5006 1823 5089 Magister
1859 5010 2034 5092 quod
2066 5015 2241 5076 totus

689 5117 827 5178 erat
853 5114 1128 5199 ubique,
1160 5114 1270 5179 sed
1305 5131 1440 5180 non
1471 5118 1681 5180 totum
1712 5137 1729 5180 z
1761 5117 1914 5199 quia
1939 5122 2109 5186 totus
2135 5137 2237 5185 re·

688 5219 894 5285 fertur
933 5221 1014 5286 ad
1044 5219 1468 5301 divinitatem,
1500 5226 1702 5290 totum
1722 5227 1941 5288 autem
1961 5224 2044 5292 ad
2071 5225 2240 5294 divi-

691 5326 955 5400 nitatem
982 5331 1047 5394 et
1068 5328 1554 5396 humanitatem.
1585 5329 1680 5397 Ad
1703 5329 1861 5397 illud
1878 5348 2040 5416 ergo
2066 5335 2239 5419 quod

1817 354 2442 425 SENTENTIARUM
2478 358 2629 424 Lm.
2669 358 2779 424 111.

2350 494 2574 579 oincit
2593 543 2613 576 ,
2643 496 2817 580 quod
2857 501 3032 564 totus
3071 500 3138 562 et
3171 501 3376 565 totum
3422 496 3593 563 idem
3647 496 3911 580 signifi-

2352 605 2529 682 cant,
2577 602 2915 669 dicendum
2948 604 3122 688 quod
3169 622 3398 669 verum
3433 608 3552 682 est,
3582 609 3913 687 quantum

2352 711 2448 774 est
2472 710 2550 774 de
2578 710 2987 794 impositione
3017 709 3250 794 prima,
3277 711 3389 776 sed
3403 712 3654 776 ratione
3679 712 3916 778 discre-

2350 816 2544 882 tionis
2586 817 2943 901 importatae
2994 838 3111 902 per
3149 819 3409 900 generis
3447 820 3913 901 consignifica-

2350 924 2595 989 tionem
2645 925 2716 990 in
2762 926 3011 990 ratione
3059 943 3219 990 usus
3240 974 3258 1005 ,
3306 944 3517 991 unum
3566 928 3916 993 consuevit

2349 1030 2570 1095 referri
2596 1031 2675 1095 ad
2703 1049 3062 1114 personam,
3094 1037 3159 1097 et
3179 1031 3456 1098 alterum
3472 1033 3552 1098 ad
3570 1038 3908 1101 naturam.

2350 1137 2452 1203 Ad
2489 1136 2650 1203 illud
2681 1138 2855 1222 quod
2894 1139 3233 1227 objicitur,
3273 1141 3447 1223 quod
3503 1141 3914 1226 ubicumque

2349 1260 2477 1326 ego
2501 1261 2671 1325 sum,
2702 1262 2956 1310 necesse
2980 1251 3076 1309 est
3102 1265 3209 1310 me
3234 1265 3371 1311 esse
3399 1250 3646 1329 totum,
3693 1250 3916 1315 dieen-

2349 1350 2509 1417 dum
2537 1352 2709 1435 quod
2750 1370 2884 1417 non
2918 1358 3016 1418 est
3050 1353 3292 1434 simile,
3322 1355 3478 1438 quia
3501 1356 3570 1419 in
3601 1375 3717 1422 me
3767 1376 3913 1442 per-

2348 1475 2508 1525 sona
2529 1477 2662 1525 non
2697 1477 2766 1525 se
2791 1460 3076 1525 extendit
3103 1460 3273 1525 ultra
3299 1464 3636 1541 naturam3
3673 1464 3773 1529 sic
3799 1485 3913 1530 au·

2348 1570 2481 1633 tem
2507 1585 2641 1632 non
2666 1568 2853 1632 estin
2877 1568 3121 1632 Christo
3140 1617 3159 1649 ,
3191 1569 3361 1635 sicut
3385 1569 3453 1634 in
3480 1571 3911 1654 praeoedenti-

2355 1673 2480 1740 bus
2507 1672 2747 1741 dictum
2776 1674 2917 1740 fuit.
3055 1744 3058 1748 ,

2991 1835 3130 1883 mm.
3175 1837 3265 1882 lv.

2349 1951 2514 2003 Nemo
2536 1951 2770 2005 ascendit
2796 1952 2850 2004 in
2880 1951 3067 2003 coelum
3084 1990 3101 2017 ,
3124 1952 3226 2005 nisi
3247 1954 3338 2023 qui
3358 1955 3423 2006 de
3448 1956 3589 2008 coelo
3618 1958 3908 2012 descendit.

2428 2099 2694 2169 Videtur
2747 2104 2871 2169 hoc
2915 2121 3052 2168 esse
3095 2104 3331 2170 falsum
3356 2152 3377 2185 ,
3414 2105 3572 2189 quia
3622 2109 3682 2172 si
3738 2108 3910 2175 sol-

2348 2209 2637 2276 Christus
2662 2210 2982 2276 descendit
3015 2211 3094 2276 de
3123 2212 3305 2291 coelo,
3335 2231 3495 2295 ergo
3521 2215 3705 2279 solus
3739 2217 3908 2281 Chri·

2346 2321 2486 2385 stus
2497 2316 2898 2393 deseenditin
2912 2317 3170 2398 coelum,
3191 2323 3257 2382 et
3271 2319 3490 2384 nullus
3501 2319 3675 2391 alius
3695 2341 3715 2386 ε
3735 2323 3905 2406 quod

2348 2430 2446 2492 est
2481 2425 2856 2491 haereticum
2886 2425 3115 2490 dicere.
3154 2425 3315 2491 Item
3342 2427 3468 2491 hoc
3497 2428 3768 2496 videtur
3790 2431 3926 2503 fals>

2348 2551 2493 2598 sum
2543 2531 2669 2596 alia
2713 2532 2960 2596 ratione
2982 2580 3004 2611 ,
3032 2550 3183 2595 cum
3229 2532 3464 2599 dicitur
3501 2535 3903 2603 descendisse

2350 2642 2429 2707 de
2478 2641 2659 2706 coelo.
2703 2641 2836 2705 Aut
2877 2641 3055 2704 enim
3098 2641 3224 2707 hoc
3261 2641 3494 2709 dicitur
3540 2647 3903 2711 secundum

2347 2755 2648 2815 naturam
2662 2749 2975 2828 divinam,
2987 2753 3110 2814 faut
3125 2749 3480 2815 secundum
3498 2752 3863 2819 humanam
3881 2774 3899 2819 t

2348 2857 2706 2923 secundum
2743 2857 3032 2921 divinam
3069 2875 3226 2936 non,
3255 2858 3410 2941 quia
3434 2862 3800 2928 secundum
3826 2863 3899 2927 il-

2346 2966 2481 3031 lam
2516 2982 2648 3030 non
2691 2965 2900 3028 mutat
2937 2962 3194 3043 locum3
3245 2965 3606 3030 secundum
3659 2969 3899 3035 huma-

2348 3091 2503 3139 nam
2529 3091 2661 3137 non
2681 3120 2699 3152 ,
2733 3070 2886 3155 quia
2917 3072 3275 3136 secundum
3320 3072 3497 3137 illam
3526 3093 3665 3141 non
3691 3078 3819 3143 fuit
3842 3079 3903 3146 in

2348 3182 2535 3247 coelo.

2429 3287 2616 3370 Resp.
2643 3285 2994 3351 Dicendum
3020 3285 3192 3368 quod
3209 3287 3547 3354 ascendere
3563 3308 3705 3356 nno
3720 3291 3902 3357 modo

2347 3396 2519 3461 idem
2547 3393 2842 3476 estquod
2870 3393 3130 3474 propria
3156 3393 3391 3459 virtute
3420 3395 3730 3463 scandere
3774 3400 3904 3465 sine

2347 3500 2736 3567 adminiculo
2784 3500 3043 3565 virtutis
3091 3499 3317 3565 alienas
3359 3518 3377 3563 ι
3420 3507 3484 3566 ει
3539 3502 3670 3568 hoc
3718 3505 3903 3572 modo

2347 3608 2468 3673 soli
2496 3606 2743 3674 Christo
2779 3606 3101 3671 convenit.
3145 3606 3289 3671 Alio
3329 3608 3523 3672 modo
3565 3612 3903 3677 ascendere

2347 3715 2519 3780 idem
2574 3719 2668 3779 est
2715 3711 2890 3795 quod
2932 3730 3195 3777 sursum
3245 3713 3547 3779 scandere
3592 3735 3611 3779 z
3662 3721 3732 3782 et
3785 3719 3898 3782 hoc

2347 3824 2541 3889 modo
2585 3819 2886 3887 convenit
2944 3819 3085 3883 aliis
3131 3820 3388 3884 sanctis.
3443 3821 3519 3886 In
3571 3825 3898 3906 praemissa

2348 3933 2569 3997 autem
2623 3928 2992 3993 auctoritate
3052 3926 3360 4010 accipitur
3415 3928 3632 4011 primo
3685 3931 3893 3995 modo.

2348 4039 2463 4105 Vel
2489 4037 2714 4102 aliter:
2745 4034 2857 4100 Est
2898 4034 3236 4098 ascendere
3283 4035 3350 4097 in
3402 4035 3640 4099 coelum
3677 4056 3894 4122 empy-

2349 4163 2536 4211 reum
2555 4191 2573 4222 ,
2615 4147 2679 4208 et
2705 4146 2800 4206 est
2825 4141 3162 4206 ascendere
3193 4141 3260 4203 in
3286 4140 3520 4205 coelum
3545 4140 3890 4208 Trinitatis.

2349 4244 2510 4319 Cum
2539 4270 2697 4333 ergo
2726 4249 2956 4314 dicitur
2985 4271 3000 4314 :
3031 4249 3223 4315 Nemo
3260 4248 3575 4328 ascendit,
3605 4256 3755 4331 etc„
3780 4251 3892 4315 hoc

2348 4379 2479 4426 non
2507 4360 2741 4425 dicitur
2759 4360 3079 4440 quantum
3101 4355 3184 4419 ad
3211 4375 3548 4420 ascensum
3571 4357 3644 4420 in
3672 4375 3892 4442 empy-

2348 4487 2534 4535 reum
2553 4516 2572 4546 ,
2617 4465 2725 4530 sed
2754 4466 3067 4548 quantum
3100 4463 3181 4528 ad
3203 4481 3543 4529 ascensum
3568 4464 3643 4528 in
3667 4466 3888 4531 coelum

2347 4573 2716 4641 Trinitatis:
2748 4576 2812 4636 et
2839 4570 2955 4634 iste
2982 4587 3282 4634 ascensus
3307 4588 3441 4635 non
3477 4575 3573 4635 est
3597 4586 3889 4636 ascensus

2347 4683 2430 4749 ad
2453 4683 2692 4756 locum,
2718 4677 2826 4743 sed
2856 4677 3069 4759 potius
3094 4676 3175 4741 ad
3191 4676 3570 4757 dignitatem
3597 4683 3887 4760 etaequa-

2348 4793 2591 4860 litat'em
2620 4790 2847 4856 Patris.
2876 4787 3007 4853 Nec
3026 4791 3120 4852 est
3152 4786 3508 4852 secundum
3532 4787 3889 4871 acquisitio·

2348 4922 2501 4968 nem
2528 4918 2715 4966 novae
2742 4894 3072 4979 dignitatis
3100 4894 3170 4957 in
3199 4893 3468 4973 Christo,
3504 4895 3614 4960 sed
3641 4897 3886 4979 propter

2348 5006 2923 5076 manifestationem
2951 5005 3116 5085 ejus,
3146 5000 3322 5084 quod
3342 4999 3572 5066 habuit
3596 5004 3680 5067 ab
3707 5006 3881 5067 aeter·

2348 5135 2458 5183 no.
2503 5114 2681 5180 Unde
2719 5112 2885 5177 sicut
2918 5109 3152 5174 dicitur
3175 5108 3565 5175 descendisse
3596 5128 3731 5175 non
3755 5122 3882 5191 pm-

2347 5228 2490 5311 pter
2521 5222 2647 5290 hoc
2691 5219 2866 5304 quod
2905 5217 2979 5283 in
3020 5233 3099 5283 eo
3137 5215 3334 5283 fuerit
3357 5216 3657 5284 divinitas
3684 5216 3880 5282 mino-

2348 5338 2519 5414 rata,
2560 5329 2673 5395 sed
2716 5330 2974 5412 propter
3013 5324 3140 5436 hoc
3163 5325 3340 5410 quod
3360 5323 3433 5392 in
3455 5326 3877 5412 assumptione
