4185 6288
1616 478 1989 545 olsrmc'r.
2036 475 2110 541 x,
3368 488 3480 550 ῃ,

298 620 481 699 ciant,
524 638 607 684 ne
650 619 847 685 minis
895 618 1274 701 elongemus
1325 635 1444 682 nos
1489 617 1572 681 ab
1619 617 1831 682 inten-
1939 614 2092 678 satis
2113 616 2334 696 <potest
2385 617 2556 680 sumi
2583 617 2747 684 ratio
2785 617 3164 685 discutiendi
3192 637 3270 687 ea
3290 667 3309 699 ,
3336 636 3486 704 quae

296 724 459 789 tione
486 723 774 806 Magistri
815 722 930 788 :in
973 723 1276 788 omnibus
1314 719 1491 786 enim
1519 719 1837 803 praedictis
1939 721 2244 787 dicuntur
2267 720 2334 786 in
2356 721 2584 790 littera.

1458 1026 2142 1149 ns'rmc'rlo
2247 1056 2336 1148 x

297 1337 374 1384 ΒΕ
422 1334 962 1383 commotum
999 1333 1342 1383 mmmmm
1387 1335 1464 1380 m·
1501 1333 1965 1381 moran-:ruma
2008 1334 2465 1381 mmmmm!
2521 1336 2858 1402 Pssnsonffl,
2897 1337 3092 1383 mour
3133 1338 3370 1385 solum
3426 1339 3492 1384 IN

680 1451 1119 1516 Nonm'rssssn,
1147 1451 1421 1498 aculem·
1448 1450 1524 1496 DE
1574 1450 1906 1499 Pssnsonm
1950 1449 2314 1498 conorrlonz
2351 1453 2429 1498 m·
2469 1453 2694 1501 mnam
2735 1453 3098 1501 ADOPTIONE.

387 1653 563 1725 Solet
590 1655 791 1724 etiam
820 1678 860 1722 a
884 1651 1281 1746 quibusdam
1311 1652 1562 1744 inquiri
1596 1660 1823 1721 utrum
1850 1650 2172 1738 Christus,
2203 1652 2564 1723 secundum
2610 1654 2788 1746 quod
2818 1654 3041 1743 homo,
3073 1656 3157 1724 sit
3184 1678 3483 1748 persona,
3519 1688 3582 1727 ,ιιι
3597 1683 3736 1727 cum

3671 1758 3736 1788 κ·

294 1772 404 1841 vel
430 1774 627 1841 etiam
652 1772 740 1840 sit
765 1770 1042 1863 aliquid.
1074 1770 1175 1838 Ex
1204 1777 1486 1860 utraque
1522 1776 1705 1859 parte
1742 1768 1946 1858 hujus
1981 1769 2365 1861 quaestionis
2396 1780 2783 1859 argumenta
2819 1780 3247 1842 concurrunt.
3298 1751 3585 1855 Quodis:
3571 1778 3703 1852 „aum

296 1888 470 1956 enim
495 1909 775 1980 persona
800 1886 907 1971 sit,
939 1885 1042 1955 his
1069 1884 1435 1954 edisserunt
1483 1884 1871 1953 rationibus,
1917 1884 2015 1969 Si,
2061 1886 2423 1955 secundum
2467 1887 2641 1978 quod
2685 1887 2908 1976 hom0,
2950 1889 3206 1981 aliquid
3234 1898 3352 1975 est,
3382 1890 3488 1959 vel
3519 1887 3584 1977 (ιζ,
3549 1873 3634 1916 ¹¹⁰⁶
3585 1872 3738 1985 {T

294 2026 598 2096 persona,
627 2003 737 2072 vel
763 2001 1150 2087 substantia,
1182 2001 1288 2070 vel
1316 2000 1495 2069 aliud
1526 2009 1670 2068 est.
1702 2000 1813 2067 sed
1841 2000 2025 2068 aliud
2055 2024 2240 2069 non:
2284 2025 2441 2091 ergo
2488 2027 2789 2094 persona,
2853 2005 2959 2072 vel
2992 2004 3407 2074 substantia·
3439 2014 3494 2079 si
3523 2009 3737 2105 Ρεῗθῗζ]

296 2119 665 2188 substantia
690 2126 809 2207 est,
842 2118 945 2186 vel
975 2117 1337 2202 rationalis,
1369 2116 1476 2185 vel
1524 2115 1973 2186 irrationalis.
2015 2116 2126 2184 sed
2175 2141 2308 2187 non
2346 2127 2440 2186 est
2483 2119 2879 2188 irrationalis
2907 2121 3306 2190 substantia:
3339 2144 3495 2210 ergo
3542 2137 3615 2180 ‘³¹³¹
3573 2124 3662 2166 Μ

295 2235 659 2304 rationalis,
696 2234 769 2303 Si
794 2257 976 2319 vero,
1007 2232 1370 2302 secundum
1398 2230 1577 2323 quod
1607 2231 1829 2317 homo,
1859 2240 1955 2300 est
2000 2232 2339 2302 rationalis
2374 2234 2767 2321 substantia,
2806 2259 2967 2325 ergo
3006 2260 3307 2328 persona,
3338 2238 3498 2329 quia

295 2350 432 2421 haee
458 2363 556 2420 est
581 2350 881 2419 definitio
909 2372 1199 2442 personas
1234 2374 1250 2416 ι
1302 2348 1686 2417 Substantia
1722 2347 2062 2417 rationalis
2102 2349 2461 2419 individuae
2502 2360 2786 2421 naturae.
2821 2352 2894 2420 Si
2924 2375 3105 2440 ergo,
3136 2354 3497 2423 secundum

298 2469 475 2557 quod
506 2469 732 2552 homo,
765 2477 860 2535 est
900 2467 1178 2559 aliquid,
1236 2474 1300 2534 et
1351 2464 1712 2534 secundum
1764 2465 1943 2557 quod
1986 2464 2209 2551 hom0,
2269 2489 2547 2558 persona
2597 2476 2714 2537 est.
2754 2468 2882 2537 Sed
2926 2492 2962 2537 e
3001 2493 3313 2540 converso
3347 2496 3363 2539 ε
3396 2470 3494 2557 Si,

299 2585 666 2653 secundum
692 2584 871 2675 quod
924 2581 1145 2668 homo,
1201 2603 1475 2674 persona
1505 2588 1625 2666 est,
1656 2581 1763 2649 vel
1792 2581 1983 2649 tertia
2012 2581 2083 2649 in
2111 2582 2455 2668 Trinitate,
2489 2584 2595 2651 vel
2621 2584 2752 2652 alia
2784 2608 2800 2652 ε
2831 2585 2943 2653 sed
2970 2586 3104 2653 alia
3130 2609 3263 2654 non
3294 2610 3310 2654 t
3342 2610 3499 2676 ergo

308 2701 497 2770 tertia
525 2702 599 2769 in
624 2701 947 2769 Trinitate
972 2720 1271 2791 persona.
1304 2698 1394 2765 At
1427 2697 1481 2765 si
1527 2696 1889 2766 secundum
1921 2697 2101 2789 quod
2150 2698 2349 2766 homo
2391 2721 2667 2789 persona
2702 2708 2798 2768 est
2824 2702 3013 2770 tertia
3044 2701 3115 2769 in
3145 2703 3493 2790 Trinitate,

302 2839 458 2906 ergo
486 2817 684 2885 Deus.
732 2817 1011 2907 Propter
1064 2814 1201 2883 haee
1256 2813 1786 2883 inconvenientia
1838 2820 1903 2881 et
1946 2813 2103 2898 alia,
2157 2812 2429 2905 quidam
2483 2813 2711 2883 dicunt
2763 2815 3097 2886 Christum
3135 2819 3498 2888 seeundum
3555 2830 3562 2838 ’

303 2931 641 3001 hominem
672 2955 808 3001 non
835 2954 971 3000 esse
998 2952 1369 3023 personam,
1401 2952 1520 2998 nec
1548 2929 1799 3021 aliquid
1833 2955 1850 3013 ;
1898 2927 2026 2997 nisi
2054 2928 2222 2997 forte
2249 2928 2606 2998 secundum
2636 2933 2718 2999 sit
2748 2934 3196 3025 expressivum
3224 2936 3499 3004 unitatis

301 3071 616 3142 personae.
666 3046 1044 3117 Secundum
1107 3046 1283 3114 enim
1334 3045 1530 3114 habet
1593 3044 2021 3137 multiplicem
2085 3046 2406 3115 rationem
2434 3072 2482 3130 ,ε
2544 3048 2902 3141 aliquando
2956 3051 3133 3119 enim
3190 3052 3499 3146 exprimit

306 3167 748 3236 conditionem
777 3165 883 3236 vel
910 3164 1370 3257 proprietatem
1390 3162 1631 3232 divinae
1660 3171 1916 3231 naturae
1943 3163 2048 3231 vel
2076 3163 2412 3249 humanae,
2445 3165 2804 3257 aliquando
2833 3168 3152 3238 unitatem
3176 3193 3495 3262 personas,

308 3282 667 3374 aliquando
709 3289 893 3350 notat
933 3280 1269 3369 habitum,
1327 3277 1684 3372 aliquando
1726 3302 2013 3348 causam.
2065 3279 2272 3370 Cujus
2305 3280 2740 3350 distinctionis
2779 3285 3101 3355 rationem
3146 3286 3497 3376 diligenter

304 3398 509 3467 lector
534 3397 1039 3482 animadvertat,
1072 3405 1269 3488 atque
1323 3397 1393 3463 in
1446 3395 1597 3464 sinu
1628 3395 1962 3464 memoriae
1990 3395 2323 3482 recondat,
2381 3420 2466 3466 ne
2518 3397 2661 3488 ejus
2690 3399 3183 3473 confundantur
3229 3426 3487 3492 sensu5‚

301 3537 452 3583 cum
482 3514 565 3583 de
598 3514 856 3612 Christo
881 3535 1097 3582 sermo
1126 3511 1502 3581 occurrerit.

388 3630 569 3698 Illud
597 3639 816 3699 tamen
849 3651 984 3697 non
1010 3628 1309 3721 sequitur
1353 3627 1531 3719 quod
1576 3628 1647 3696 in
1686 3627 2255 3717 argumentatione
2300 3628 2627 3720 superiori
2671 3630 3017 3701 inductum
3047 3641 3168 3718 est,
3217 3635 3395 3726 quod
3435 3635 3492 3704 si
3591 3651 3678 3696 Etsi

302 3746 628 3832 Christus,
657 3746 1017 3815 seeundum
1046 3745 1224 3838 quod
1253 3743 1475 3831 homo,
1519 3752 1614 3812 est
1649 3744 2014 3813 substantia
2060 3744 2422 3830 rationalia,
2462 3766 2620 3834 ergo
2663 3767 2988 3837 persona:
3023 3770 3176 3816 nam
3206 3758 3272 3817 et
3297 3751 3491 3820 modo
3536 3715 3746 3821 esiam„

3585 3842 3686 3884 dum

303 3864 525 3932 anima
550 3863 792 3932 Christi
821 3871 916 3932 est
944 3861 1311 3931 substantia
1335 3860 1699 3946 rationalis,
1740 3883 1875 3930 non
1904 3869 2124 3931 tamen
2158 3883 2457 3952 persona,
2500 3861 2661 3952 quia
2702 3885 2836 3931 non
2864 3871 2961 3932 est
2975 3887 3099 3958 per
3124 3887 3193 3934 se
3218 3888 3486 3950 sonans,
3464 3915 3615 3958 ,ως
3590 3907 3643 3946 00
3673 3907 3748 3948 ιω,

306 3979 442 4049 ιιιιο
489 3979 604 4048 alii
643 3979 743 4048 rei
779 3978 1150 4072 conjuncta.
1215 3978 1341 4048 Illa
1385 3986 1605 4048 tamen
1647 3999 1938 4071 personae
1997 3977 2344 4070 descriptio
2408 3999 2543 4046 non
2597 3986 2695 4046 est
2732 3978 2885 4049 data
2942 4003 3061 4073 pro
3105 3981 3242 4050 illis
3285 3979 3592 4071 tribusffl⁰
3599 3968 3741 4087 ὁζξξ·

308 4095 630 4188 personis
3557 4094 3711 4164 stantia

3545 4159 3611 4197 rat
3614 4168 3727 4198 nnnnn

397 4210 529 4279 Sed
576 4210 793 4280 adhue
834 4211 1025 4279 aliter
1062 4211 1372 4280 nituntur
1414 4211 1691 4303 probare
1740 4209 2072 4279 Christum
2119 4209 2484 4278 seeundum
2532 4210 2865 4279 hominem
2911 4234 3048 4281 esse
3098 4235 3492 4304 personam.
3526 4217 3627 4323 τὰ
3658 4232 3749 4385 11ἑέ

311 4328 469 4420 quia
493 4325 817 4416 Christus,
847 4327 1208 4396 secundum
1231 4325 1412 4418 quod
1432 4325 1629 4395 homo
1640 4324 2164 4418 praedestinatus
2192 4338 2287 4395 est
2313 4337 2389 4394 ut
2405 4325 2495 4395 sit
2514 4349 2556 4393 a
2583 4327 2710 4395 Dei
2735 4327 2991 4399 Filius¹
3022 4329 3181 4398 :sed
3208 4330 3378 4398 illud
3405 4338 3500 4398 est
3531 4357 3700 4460 mqns
3630 4408 3713 4447 im
3786 4434 3797 4446 .

319 4443 523 4536 quod,
557 4451 632 4512 ut
657 4443 764 4533 sit,
798 4443 1296 4535 praedestinatus
1324 4449 1464 4511 est:
1505 4463 1661 4532 ergo
1689 4441 1746 4509 si
1771 4442 2272 4534 praedestinatus
2300 4449 2421 4528 est,
2469 4443 2834 4574 seeundum
2861 4444 3035 4536 quod
3066 4444 3290 4620 homo,
3323 4453 3395 4515 ut
3420 4445 3504 4512 sit
3560 4483 3618 4524 qu
3593 4471 3676 4511 uon

3578 4545 3732 4575 eeeee

3545 4607 3733 4702 esur-,dum

328 4676 395 4745 id
420 4675 628 4769 quod,
658 4683 734 4744 ut
758 4676 867 4763 sit,
900 4674 1392 4766 praedestinatus
1417 4682 1562 4744 est:
1591 4681 1687 4743 est
1712 4673 1889 4743 enim
1934 4673 2431 4766 praedestinatus
2476 4682 2552 4743 ut
2576 4675 2660 4743 sit
2685 4675 2898 4743 Filius
2924 4676 3065 4761 Dei,
3097 4685 3162 4744 et
3186 4677 3325 4768 ipse
3353 4699 3504 4747 vere

317 4801 415 4861 est
437 4792 657 4862 Filius
681 4792 825 4861 Dei.
874 4792 1004 4861 Sed
1045 4793 1407 4861 secundum
1448 4791 1784 4861 hominem
1827 4791 2329 4883 praedestinatus
2363 4798 2483 4877 est,
2537 4798 2612 4859 ut
2652 4792 2738 4858 sit
2780 4791 2988 4860 Filius
3029 4791 3176 4877 Dei,
3206 4793 3366 4885 quia
3391 4799 3575 4886 per-‘¹¹

319 4909 597 4999 gratiam
622 4908 822 4978 habet
848 4909 971 4978 hoc
988 4910 1349 4979 secundum
1379 4907 1765 4976 hominem·
1812 4929 1932 4976 nee
1968 4915 2190 4975 tamen
2226 4905 2587 4975 secundum
2626 4905 2963 4975 hominem
2999 4915 3095 4975 est
3118 4907 3331 4977 Filius
3356 4908 3501 4994 Dei,
3546 4924 3623 4967 ΡΟ
3598 4911 3679 4953 0¹²
3683 4912 3742 4955 ¹¹0

321 5025 447 5094 nisi
473 5027 641 5096 forte
666 5023 1029 5094 secundum
1057 5025 1331 5096 unitatis
1358 5045 1649 5117 personae
1677 5023 1762 5091 sit
1784 5024 2261 5116 expressivum,
2291 5032 2368 5090 ut
2392 5022 2479 5090 sit
2503 5045 2778 5090 sensus:
2810 5024 2979 5115 Ipse,
3008 5023 3128 5115 qui
3155 5034 3252 5092 est
3279 5026 3499 5109 homo,
3547 4987 3645 5083 <2¹2⁰
3636 4975 3743 5081 ὐἷι·

331 5150 419 5210 est
443 5142 561 5213 Dei
585 5142 850 5211 Filius·
885 5150 961 5210 ut
985 5151 1204 5212 autem
1231 5142 1396 5234 ipse,
1427 5162 1543 5208 ens
1569 5139 1793 5227 homo,
1824 5139 1909 5209 sit
1944 5139 2066 5208 Dei
2090 5139 2328 5224 Filius,
2354 5161 2471 5230 per
2497 5139 2780 5227 gratiam
2811 5139 3058 5208 habet.
3092 5140 3204 5208 sed
3227 5141 3284 5208 si
3310 5165 3507 5211 eausa
3537 5100 3740 5205 ωἰιιρπ
3691 5174 3762 5204 20.

326 5266 598 5348 notetur,
626 5259 876 5329 falsum
900 5267 1018 5329 est.
1048 5258 1200 5330 Non
1226 5255 1405 5327 enim
1429 5277 1565 5347 quo
1592 5255 1791 5326 homo
1808 5263 1930 5343 est,
1961 5278 2038 5325 eo
2059 5255 2182 5324 Dei
2208 5254 2420 5323 Filius
2447 5262 2569 5322 est.
3533 5301 3593 5343 q„
3553 5224 3664 5330 Ἥ
3668 5236 3755 5330 Ἐξ.

390 5377 405 5412 ¹
427 5376 578 5444 nm,
597 5390 638 5446 1,
667 5381 717 5430 t.
1073 5389 1079 5398 ·
3536 5363 3627 5398 ¹¹⁰·

389 5469 450 5532 (⁰)
482 5470 629 5537 Vulo.
655 5467 1057 5539 predestinatus
1077 5472 1158 5520 est
1185 5464 1343 5518 Filius
1369 5462 1483 5514 Dei.
