4185 6288
1434 499 1631 566 DlST.
1678 498 1781 563 lv.
1827 497 2016 564 ΛΒΤ.
2062 499 2171 565 111.

253 658 386 705 nem
431 638 903 723 disponebatur
920 686 937 713 ‚
986 637 1140 719 quia
1182 636 1457 717 gratiam
1493 633 1725 700 hahuit
1762 652 1802 696 a

256 746 593 832 primordio
633 763 774 810 suae
815 744 1189 819 nativitatis,
1234 748 1297 808 et
1343 742 1621 824 gratiam
1648 758 1801 824 per-

259 856 390 918 dere
426 872 569 917 non
614 852 853 934 potuit.
899 837 1192 917 Secundo
1234 870 1389 917 vero
1433 850 1625 915 modo
1671 867 1802 914 non

259 962 365 1027 fuit
410 959 734 1025 naturalis
753 1007 772 1036 ‚
827 958 938 1023 sed
994 959 1206 1041 potius
1253 957 1668 1023 ordinabatur
1724 956 1804 1020 ad

263 1070 688 1153 operationem
729 1086 929 1151 snpra
973 1072 1272 1132 naturam
1302 1090 1316 1131 ι
1361 1084 1494 1131 non
1534 1066 1810 1130 habebat

265 1178 440 1240 etiam
472 1183 698 1240 ortum
725 1193 766 1237 a
790 1173 1122 1256 principiis
1149 1176 1398 1237 naturae
1414 1220 1431 1247 ‚
1461 1171 1569 1235 sed
1598 1172 1808 1253 potius

267 1303 300 1347 a
322 1283 537 1347 divina
581 1281 936 1346 voluntate.
979 1278 1057 1344 Et
1085 1284 1417 1363 propterea
1453 1277 1806 1343 secundum

268 1391 448 1454 istum
464 1389 740 1454 modum
762 1387 1112 1470 accipiendi
1135 1386 1410 1451 verbum
1439 1386 1548 1465 (α),
1579 1384 1810 1448 dicitur

271 1498 427 1580 quod
452 1499 666 1580 gratia
683 1495 969 1578 quodam
993 1493 1185 1557 modo
1201 1493 1325 1557 fuit
1352 1492 1597 1557 Christo
1619 1494 1811 1554 natu-

274 1605 444 1683 ralis,
493 1604 777 1687 quodam
824 1601 1015 1665 modo
1059 1617 1238 1664 non.·
1266 1599 1343 1664 Et
1384 1600 1505 1663 ista
1548 1603 1814 1682 possunt

278 1711 458 1793 accipi
484 1729 571 1774 ex
601 1710 734 1786 his,
767 1726 916 1791 quae
952 1707 1259 1772 dicuntur
1285 1708 1352 1770 in
1378 1710 1584 1770 textu.
1616 1705 1815 1769 Simi-

277 1816 439 1895 liter,
497 1817 551 1880 si
603 1815 814 1898 gratia
864 1813 1126 1879 unionis
1165 1813 1415 1878 dicatur
1466 1813 1604 1895 ipsa
1656 1811 1815 1876 unio

282 1925 471 2005 gratis
513 1925 710 1999 facta,
757 1923 1038 2004 quodam
1077 1922 1268 1986 modo
1309 1920 1429 1985 fuit
1468 1918 1813 1997 naturalis,

287 2032 549 2113 quodam
584 2031 777 2095 modo
803 2049 973 2095 non:
1007 2028 1338 2107 naturalis,
1364 2029 1655 2111 inquam,
1687 2025 1811 2090 ruit

291 2144 532 2221 propter
556 2136 1189 2220 inseparabilitatem,
1228 2136 1384 2217 (1818
1420 2140 1650 2198 natura
1685 2132 1818 2196 hu-

293 2264 467 2310 mana
489 2246 576 2309 sic
602 2246 724 2309 fuit
750 2243 931 2309 unita
956 2243 1194 2308 divinae
1225 2262 1264 2306 a
1301 2260 1419 2305 sua
1445 2241 1651 2324 prima
1691 2241 1819 2302 for-

294 2352 585 2431 matione,
616 2351 785 2434 quod
816 2351 899 2413 ab
940 2350 1080 2434 ipsa
1105 2350 1385 2433 separari
1413 2366 1542 2412 non
1571 2347 1819 2430 potuit:

298 2459 552 2540 quodam
595 2459 787 2523 modo
817 2476 950 2521 non
981 2458 1104 2521 suit
1140 2456 1483 2533 naturalis,
1524 2455 1633 2519 sed
1669 2471 1825 2535 gra-

300 2569 464 2646 tuita,
500 2568 568 2631 in
600 2568 724 2632 hoc
757 2567 995 2631 scilicet
1038 2565 1214 2648 quod
1241 2565 1546 2630 terminos
1569 2569 1823 2627 natura-².

305 2676 556 2755 excedit,
586 2681 649 2740 et
684 2692 769 2740 ex
800 2693 980 2738 mera
1007 2673 1114 2737 Dei
1146 2674 1471 2738 voluntate
1500 2671 1822 2755 processit.

311 2780 605 2863 Similiter,
638 2783 691 2845 si
734 2782 920 2846 tertio
950 2780 1143 2845 modo
1179 2780 1426 2844 dicatur
1455 2779 1666 2860 gratia
1692 2780 1830 2862 ipsa

314 2888 496 2953 virtus
544 2890 744 2970 gratis
788 2888 1027 2952 faciens
1078 2886 1426 2965 unionem,
1484 2885 1649 2948 sicut
1696 2885 1829 2966 ipse

317 2996 559 3077 Spiritus
582 3002 869 3075 sanctus,
899 2996 991 3059 sic
1034 2994 1316 3077 quodam
1356 2991 1545 3057 modo
1587 2992 1709 3055 fuit
1738 2991 1830 3054 illi

318 3102 532 3169 homini
556 3104 886 3182 naturalis,
916 3102 1198 3186 quodam
1219 3100 1409 3167 modo
1435 3118 1566 3164 non
1599 3122 1615 3164 z
1649 3104 1833 3164 natu-

319 3211 454 3275 ralis
476 3214 584 3277 fuit
621 3231 734 3296 per
771 3210 1420 3276 communicationem
1453 3208 1829 3272 idiomatum

324 3319 533 3385 ratione
569 3337 859 3403 personae
888 3316 1112 3397 Verbi,
1143 3318 1249 3382 cui
1276 3316 1551 3399 Spiritus
1577 3319 1835 3379 sanctus

327 3428 715 3492 connaturalis
756 3433 874 3491 est.
931 3424 1074 3490 Non
1126 3426 1303 3489 enim
1353 3423 1585 3489 hahuit
1633 3422 1833 3486 Filius

330 3529 595 3614 Spiritum
621 3539 913 3598 sanctum
957 3551 1073 3616 per
1101 3532 1504 3597 influentiam
1527 3578 1546 3607 ‚
1577 3531 1684 3595 sed
1715 3547 1837 3612 po-

330 3636 437 3701 tius
457 3641 593 3722 quia
617 3641 812 3705 habet
833 3641 902 3703 in
923 3658 991 3703 se
1014 3659 1053 3703 a
1080 3637 1261 3704 Patre
1281 3639 1418 3702 vim
1435 3638 1834 3720 spirativam.

333 3742 396 3807 Et
422 3755 735 3830 propterea
767 3747 1003 3811 dicitur
1049 3748 1118 3810 in
1155 3748 1426 3826 loanne,
1459 3744 1630 3829 quod
1657 3750 1677 3787 ¹
1708 3760 1841 3811 non

333 3861 409 3916 est
433 3856 483 3919 ei
507 3856 692 3924 datus
737 3857 983 3938 spritus
998 3854 1088 3921 ad
1105 3870 1491 3921 mensuram.
1521 3852 1641 3917 Per
1671 3869 1843 3916 com-

335 3962 683 4041 parationem
728 3966 949 4027 antem
987 3963 1067 4026 ad
1105 3967 1402 4026 naturam
1451 3963 1845 4042 assumptam

335 4068 508 4145 gratia
529 4070 633 4134 1118
653 4087 791 4135 non
815 4074 953 4133 erat
973 4069 1068 4132 illi
1095 4068 1348 4133 homini
1380 4066 1838 4152 connaturaliS‚

335 4175 458 4255 quia
474 4175 739 4259 Spiritus
753 4180 1011 4240 sanctus
1031 4194 1164 4239 non
1181 4174 1413 4240 eratin
1436 4191 1514 4238 00
1538 4191 1652 4256 per
1675 4171 1847 4255 prin-

334 4281 470 4363 cipia
491 4289 732 4348 naturae
763 4287 994 4348 creatae
1015 4331 1032 4361 ‚
1061 4283 1168 4348 sed
1213 4300 1329 4366 per
1357 4282 1631 4363 gratiam
1661 4278 1846 4343 inha-

335 4389 625 4458 bitantem.
665 4393 746 4459 Et
781 4394 873 4457 sic
905 4397 1076 4476 patet
1102 4393 1272 4476 quod
1305 4391 1485 4456 omni
1529 4390 1720 4454 modo
1746 4390 1848 4453 in-

338 4497 651 4581 telligendi,
681 4501 897 4583 gratia
935 4501 1044 4564 1118
1075 4499 1354 4583 quodam
1383 4497 1573 4563 modo
1610 4496 1735 4561 ruit
1759 4495 1851 4559 illi

338 4602 551 4671 homini
577 4606 1032 4686 connaturalis,
1057 4606 1337 4690 quodam
1364 4605 1557 4669 modo
1586 4622 1739 4668 non.

403 4709 471 4774 Et
518 4714 867 4779 secundum
923 4714 1047 4777 hoc
1111 4716 1382 4778 currunt
1428 4712 1711 4777 rationes
1772 4710 1853 4775 ad

341 4820 640 4903 utramque
676 4827 964 4905 partem,
1004 4838 1151 4902 quae
1187 4819 1540 4885 secundnm
1572 4819 1856 4884 diversas

343 4922 457 4987 vias
497 4946 713 4994 verum
759 4928 1174 4994 concludunt.
1233 4927 1475 4992 Verum
1529 4929 1625 4990 est
1678 4925 1853 4990 enim

346 5032 485 5121 quod
531 5037 734 5117 gratia
779 5035 891 5099 illa
913 5083 931 5112 ‚
984 5035 1147 5100 sicut
1200 5034 1357 5100 dicit
1411 5033 1855 5116 Augustinus,

347 5137 580 5213 Quodam
595 5143 776 5211 modo
795 5143 1131 5209 naturalis
1158 5143 1281 5206 ruit
1299 5141 1388 5205 iili
1406 5141 1655 5206 homini
1681 5163 1696 5204 :
1724 5156 1859 5204 non

348 5245 523 5312 tamen
545 5252 920 5339 simpliciter
939 5300 956 5329 ‚
987 5252 1152 5317 sicut
1175 5252 1453 5318 rationes
1486 5249 1856 5317 ostendunt.

398 5370 450 5439 (Β)
476 5375 577 5431 Coet.
604 5383 729 5434 edit.
761 5391 973 5430 verum.

3340 502 3458 565 ¹05

1908 632 2020 699 illa
2049 639 2263 699 tamen
2284 635 2444 699 ratio
2470 652 2600 718 qua
2624 634 2982 699 ostenditur
3000 684 3019 715 ,
3046 635 3221 719 quod
3247 634 3457 717 gratia

1908 742 2018 806 illa
2039 746 2134 807 est
2162 742 2490 818 naturalis,
2516 743 2669 825 quia
2694 742 2949 806 ordinat
2979 742 3057 806 ad
3090 746 3308 807 actum
3338 761 3462 806 na-

1908 849 2209 926 turalem,
2243 868 2371 914 non
2389 851 2579 923 valet.
2602 849 2755 933 quia
2774 848 3128 932 assumptio
3149 853 3245 913 est
3268 850 3458 914 falsa:

1911 957 2220 1040 quoniam
2247 959 2365 1022 etsi
2404 977 2516 1041 per
2560 959 2836 1040 gratiam
2887 958 3062 1023 illam
3092 958 3464 1041 disponatur

1913 1070 1987 1129 ut
2007 1065 2089 1130 sit
2107 1066 2279 1131 illius
2306 1067 2639 1146 naturalis,
2674 1085 2802 1129 non
2827 1070 3039 1130 tamen
3062 1070 3318 1149 propter
3341 1066 3465 1130 hoc

1914 1172 2247 1237 ordinatur
2283 1173 2363 1237 ad
2401 1174 2837 1255 operationem
2897 1172 3301 1238 naturalem:
3341 1172 3467 1237 hoc

1916 1278 2090 1342 enim
2126 1297 2255 1342 non
2283 1279 2515 1344 dicitur
2541 1285 2800 1363 propter
2828 1280 2951 1344 hoc
2976 1326 2993 1354 ‚
3024 1279 3199 1362 qnod
3229 1280 3315 1343 1111
3343 1297 3468 1343 na-

1917 1389 2080 1448 turae
2107 1390 2453 1467 assumptae
2496 1386 2836 1450 conveniat
2879 1405 2919 1449 a
2964 1385 3149 1450 Patre
3179 1404 3292 1469 per
3316 1403 3470 1467 gra-

1920 1490 2075 1554 tiam
2103 1491 2278 1555 illam
2320 1493 2704 1557 aeternaliter
2751 1498 2815 1557 et
2850 1493 3227 1557 naturaliter
3268 1510 3466 1575 gene-

1921 1597 2086 1675 rari;
2143 1598 2253 1663 sed
2302 1598 2422 1663 hoc
2469 1602 2566 1663 est
2614 1601 2766 1683 quia
2812 1618 2926 1682 per
2970 1600 3246 1681 gratiam
3293 1600 3472 1664 illam

1922 1703 2279 1786 disponitur
2305 1706 2384 1769 ad
2409 1707 2739 1785 unionem,
2759 1725 2907 1791 (1881
2930 1707 3076 1770 facit
3096 1707 3472 1771 idiomatum

1923 1811 2590 1891 communicationem,
2620 1819 2684 1875 et
2709 1814 2867 1878 unio
2901 1813 3012 1877 illa
3052 1831 3250 1895 snpra
3276 1818 3472 1877 natu-

1925 1936 2067 1981 ram
2094 1924 2211 1983 est.
2249 1919 2329 1984 Et
2353 1920 2496 1984 ideo
2523 1939 2652 1985 non
2694 1924 2790 1985 est
2828 1921 3091 2000 mirum,
3141 1920 3193 1983 si
3242 1920 3471 2002 gratia,

1927 2044 2073 2109 quae
2102 2027 2181 2091 ad
2222 2028 2392 2091 illam
2425 2029 2732 2093 unionem
2763 2028 2965 2093 reddit
2992 2032 3291 2093 naturam
3318 2047 3478 2093 con·-

1927 2153 2200 2216 gruam‚
2249 2141 2344 2199 aet
2394 2155 2589 2220 supra
2632 2142 2948 2201 naturam.
2994 2134 3300 2201 Similiter
3353 2136 3481 2200 alia

1927 2244 2120 2322 ratio,
2157 2262 2306 2327 quas
2335 2243 2484 2307 dicit
2512 2244 2682 2326 quod
2718 2245 2931 2325 gratia
2961 2244 3067 2308 illa
3094 2264 3133 2308 8
3162 2243 3477 2326 principio

1927 2350 2271 2414 intrinseco
2317 2354 2442 2428 est,
2494 2369 2621 2414 non
2678 2352 2887 2431 cogit:
2934 2351 3246 2433 quoniam
3298 2350 3481 2413 aliter

1929 2458 2240 2540 accipitur
2265 2458 2682 2522 intrinsecum
2719 2458 2789 2521 in
2822 2457 3167 2540 proposito,
3199 2460 3265 2521 et
3300 2456 3484 2521 aliter

1931 2582 2082 2628 cum
2123 2563 2356 2630 dicitur
2397 2565 2566 2647 quod
2613 2564 3041 2641 naturaleest
3087 2564 3259 2646 quod
3305 2569 3398 2628 est
3446 2582 3486 2628 a

1933 2673 2253 2757 principio
2268 2672 2628 2736 intrinseco.
2651 2670 2815 2736 Nam
2834 2671 3274 2747 intrinsecum,
3293 2674 3489 2753 prout

1935 2781 2105 2844 cadit
2161 2781 2229 2844 18
2281 2779 2780 2843 notificationem
2837 2778 3238 2863 proprietatis
3290 2782 3489 2842 natu-

1937 2888 2118 2963 ralis,
2155 2888 2388 2952 dicitur
2414 2905 2549 2951 esse
2577 2886 2766 2963 illud,
2796 2886 2966 2969 quod
2999 2890 3095 2949 est
3138 2886 3216 2949 de
3247 2886 3489 2949 consti-

1938 2995 2185 3058 tutione
2241 2999 2489 3058 naturae
2533 3013 2551 3057 t
2614 3011 2744 3057 non
2797 2992 2888 3056 sic
2944 2994 3162 3056 autem
3219 3009 3492 3075 persona

1939 3100 2131 3168 Verbi
2163 3105 2257 3166 est
2288 3101 2380 3165 illi
2416 3101 2779 3166 intrinseca.
2815 3098 2975 3164 Aliae
3014 3115 3171 3165 vero
3209 3099 3357 3164 duae
3387 3117 3524 3163 ra·-

1941 3211 2146 3274 tiones
2180 3212 2333 3273 sunt
2365 3208 2781 3273 concedendae
2802 3256 2819 3285 ‚
2858 3206 3013 3289 (1818
3054 3223 3185 3269 808
3219 3205 3495 3288 probant

1943 3317 2118 3400 quod
2160 3317 2370 3399 gratia
2400 3315 2507 3380 1118
2539 3314 2912 3399 simpliciter
2937 3312 3131 3377 suerit
3159 3310 3491 3390 naturalis,

1945 3427 2055 3491 sed
2095 3426 2266 3510 quod
2303 3426 2582 3509 quodam
2624 3425 2815 3490 modo
2843 3422 3356 3488 conformitatem
3385 3420 3498 3483 ha-

1947 3532 2086 3596 buit
2142 3532 2222 3596 ad
2289 3533 2740 3615 proprietatem
2792 3529 3175 3594 naturalem.
3246 3526 3325 3591 Et
3377 3527 3499 3589 hoc

1948 3639 2208 3721 quidem
2254 3639 2589 3703 veritatem
2630 3637 2858 3712 habet,
2902 3636 3065 3699 sicut
3102 3636 3241 3716 jam
3284 3636 3491 3696 osten·

1950 3764 2096 3811 sum
2126 3750 2240 3810 est.

2396 4040 2878 4114 ARTICULUS
2926 4041 3042 4110 111.

2039 4275 2511 4357 consequenter
2579 4267 2893 4353 quaeritur
2956 4266 3035 4331 de
3096 4262 3509 4347 conceptione

1960 4382 2189 4448 Christi
2217 4381 2284 4444 in
2325 4376 2795 4461 comparatione
2822 4372 2905 4438 ad
2935 4370 3271 4453 Virginem
3296 4373 3511 4433 conci-

1960 4491 2238 4575 pientem
2258 4507 2275 4568 ;
2293 4492 2357 4551 et
2375 4487 2543 4551 circa
2562 4484 2686 4549 hoc
2702 4484 3088 4566 quaeruntur
3110 4477 3231 4541 tria
3253 4498 3268 4540 :
3299 4476 3512 4559 primo

1963 4597 2276 4680 quaeritur
2303 4599 2528 4659 utrum
2567 4592 2635 4655 in
2679 4590 2785 4653 illa
2827 4585 3237 4668 conceptione
3275 4583 3515 4666 aliquid

1963 4706 2164 4788 Virgo
2192 4704 2395 4769 Maria
2428 4702 2621 4768 suerit
2645 4697 2912 4782 Spiritui
2940 4696 3156 4759 sancto
3186 4695 3258 4755 in
3297 4690 3516 4773 aliquo

1965 4818 2331 4896 cooperata;
2355 4828 2501 4874 secu
2510 4809 2634 4874 ndo
2656 4805 2972 4890 quaeritur
2991 4805 3211 4865 utrum
3232 4798 3517 4881 operatio

1966 4921 2097 4999 illa,
2129 4919 2229 4984 vel
2254 4915 2614 5000 cooperatio
2631 4961 2648 4990 ,
2677 4911 2873 4977 fuerit
2898 4907 3235 4986 naturalis,
3263 4906 3366 4971 vel
3397 4905 3519 4971 mi-

1967 5027 2292 5105 raculosa;
2330 5024 2516 5089 tertio
2537 5019 2855 5106 quaeritur
2879 5021 3100 5083 utrum
3125 5033 3207 5080 ex
3233 5014 3343 5078 illa
3371 5031 3522 5078 coo·

1970 5135 2294 5220 peratione
2320 5131 2401 5194 sit
2427 5130 2615 5211 virgo
2642 5126 2841 5192 Maria
2864 5126 2968 5190 Dei
2996 5123 3280 5207 genitrix
3309 5120 3524 5205 appel-

1970 5243 2183 5307 landa.
2215 5239 2394 5304 Circa
2419 5227 2704 5322 p'rimum
2721 5234 2813 5300 sic
2841 5233 3179 5321 quaeritur.

2040 5372 2056 5414 ⁸
2083 5369 2246 5429 loon„
2278 5376 2359 5438 11¹,
2387 5366 2466 5415 34.
