4185 6288
825 439 946 501 6¹2

822 587 943 654 pro
983 588 1060 636 eo
1099 569 1270 653 quod
1315 568 1576 651 majoris
1605 566 2009 651 perfectionis
2050 568 2149 629 est
2189 580 2373 628 amor

824 696 1014 761 quam
1041 678 1269 754 timor,
1299 681 1364 740 et
1389 675 1601 757 magis
1640 674 2027 740 rectificatur
2060 671 2277 735 anima
2305 670 2374 733 in

821 789 990 849 recte
1029 782 1304 849 amando
1326 832 1344 859 ,
1392 802 1590 866 quam
1619 783 1692 846 in
1724 785 1894 846 recte
1941 778 2230 844 timendo
2257 797 2275 858 ;
2307 782 2371 841 et

821 892 965 970 hoc,
997 893 1152 976 quia
1176 910 1357 956 amor
1386 896 1482 955 est
1515 890 1903 974 priucipium
1940 887 2236 952 omnium
2275 885 2373 948 af-

821 999 1168 1065 fectionum
1189 1050 1208 1079 ,
1260 1000 1425 1064 sicut
1472 999 1713 1063 dictum
1771 1001 1864 1060 est
1915 994 2238 1078 superius.
2298 992 2376 1056 Et

822 1108 965 1173 ideo
1009 1127 1092 1173 ex
1143 1109 1265 1173 hoc
1311 1125 1441 1171 non
1485 1106 1807 1189 sequitur,
1852 1105 2026 1188 quod
2076 1103 2374 1186 quamvis

822 1214 980 1279 fidos
1008 1219 1275 1296 generet
1302 1215 1600 1278 timorem
1631 1213 1996 1292 informem,
2031 1210 2208 1293 quod
2234 1228 2373 1293 pos-

825 1321 905 1385 sit
930 1339 1238 1403 generare
1266 1320 1589 1386 charitatis
1619 1337 1930 1384 amorem.

903 1433 966 1493 4.
1014 1428 1112 1493 Ad
1153 1429 1309 1493 illud
1338 1428 1509 1511 quod
1536 1427 1835 1509 objicitur
1852 1475 1870 1506 ,
1902 1424 2071 1508 quod
2099 1423 2373 1488 charitas

825 1540 920 1601 est
945 1536 1154 1601 virtus
1184 1535 1487 1617 gratuita,
1517 1538 1581 1598 et
1610 1552 1746 1598 esse
1773 1533 2131 1615 gratuitum
2157 1549 2373 1595 coarc-

822 1647 914 1709 tat
952 1643 1075 1708 hoc
1119 1643 1292 1725 quod
1336 1646 1431 1706 est
1474 1660 1609 1706 esse
1649 1642 1976 1719 virtutem,
2029 1637 2371 1704 dicendum

822 1726 994 1832 quod
1022 1748 1321 1831 quamvis
1357 1746 1534 1811 sitin
1561 1746 1777 1809 minus
1801 1763 1939 1810 esse
1974 1744 2333 1826 gratuitum
2351 1791 2369 1821 ,

822 1874 1021 1940 quam
1062 1874 1198 1920 esse
1243 1855 1576 1931 virtutem,
1623 1853 1785 1918 nihil
1826 1858 2039 1916 tamen
2080 1851 2373 1934 prohibet

822 1962 1103 2045 aliquam
1151 1961 1578 2026 differentiam
1632 1961 1720 2024 ita
1764 1960 2090 2023 adhaerere
2149 1959 2373 2039 generi

823 2073 1114 2152 respectu
1137 2068 1402 2152 speciei,
1441 2067 1614 2151 quod
1658 2066 1882 2133 eadem
1908 2063 2157 2129 sublata
2183 2066 2370 2128 aufe-

822 2179 1003 2240 ratur
1025 2193 1141 2258 per
1166 2193 1562 2257 consequens
1589 2173 1763 2256 quod
1791 2173 1872 2238 ad
1896 2173 2237 2236 essentiam
2265 2190 2374 2254 ge·

822 2282 997 2347 neris
1044 2286 1302 2364 spectat.
1350 2281 1528 2346 Sicut
1575 2285 1782 2363 patet,
1831 2280 2003 2362 quod
2044 2280 2241 2345 homo
2279 2284 2374 2343 est

822 2388 1063 2453 animal
1101 2388 1409 2453 rationale
1437 2388 1705 2451 mortale
1728 2436 1746 2463 ‚
1777 2391 1841 2451 et
1866 2388 1917 2450 si
1946 2386 2197 2451 desinat
2235 2404 2371 2450 esse

821 2496 1184 2573 rationalia,
1241 2494 1471 2560 desinit
1524 2513 1659 2559 esse
1708 2494 1969 2558 animal.
2025 2494 2144 2557 Per
2195 2495 2372 2558 hunc

822 2604 1089 2669 modum
1119 2606 1321 2685 potest
1345 2602 1615 2683 intelligi
1645 2602 1805 2666 etin
1834 2602 2165 2681 charitate,
2198 2601 2370 2684 quod

820 2710 910 2775 ita
935 2710 1218 2775 adhaeret
1243 2710 1366 2774 hoc
1405 2708 1577 2791 quod
1606 2712 1702 2773 est
1730 2712 2090 2790 gratuitum
2119 2708 2367 2785 virtuti,

821 2817 1012 2899 quod,
1035 2835 1184 2881 cum
1215 2816 1442 2881 desinit
1468 2834 1604 2880 esse
1632 2817 1935 2897 gratuita,
1972 2816 2200 2880 desinit
2236 2834 2369 2880 esse

821 2923 1051 2986 virtus.
1079 2922 1259 2986 Ratio
1290 2925 1510 2985 autem
1534 2940 1733 3004 quare
1758 2922 1969 3004 magis
1992 2923 2276 2986 adhaeret
2301 2923 2370 2986 in

820 3030 1123 3094 charitate
1141 3049 1339 3113 quam
1353 3030 1422 3092 in
1440 3029 1564 3094 alia
1582 3029 1843 3108 virtute,
1863 3033 2026 3094 tacta
2038 3033 2135 3093 est
2150 3047 2364 3112 supra.

902 3143 961 3202 5.
992 3137 1091 3202 Ad
1123 3136 1281 3201 illud
1320 3137 1494 3220 quod
1531 3136 1864 3219 objicitur,
1895 3137 2068 3219 quod
2108 3136 2369 3202 homine

819 3247 1083 3310 cadente
1111 3246 1176 3309 iu
1207 3248 1535 3327 peccatum
1567 3245 1655 3308 ita
1681 3244 1869 3309 debet
1894 3245 2196 3327 potentia}
2224 3262 2371 3308 con-

820 3352 1173 3435 cupiscibili
1224 3351 1617 3433 adjutorium
1653 3369 2018 3430 remanere,
2062 3351 2228 3416 sicut
2285 3353 2364 3435 (α)

820 3458 960 3522 aliis
987 3459 1235 3523 viribus
1263 3459 1531 3537 animae,
1561 3458 1900 3522 dicendum
1944 3459 2116 3541 quod
2156 3478 2370 3523 rema-

819 3583 973 3629 nere
1012 3566 1134 3628 sibi
1175 3565 1362 3630 debet
1400 3566 1791 3648 adjutorium
1835 3565 2092 3647 aliquod
2139 3585 2366 3630 secun-

819 3671 976 3735 dum
1012 3690 1274 3736 cursum
1315 3691 1746 3736 communem.
1778 3670 1959 3735 Multi
2001 3672 2176 3736 enim
2218 3691 2363 3753 pec·

820 3782 998 3859 cant,
1030 3780 1143 3862 qui
1181 3779 1420 3842 habent
1473 3778 1872 3843 affectionem
1915 3777 2263 3842 dilectionis
2305 3784 2369 3843 et

819 3885 1066 3967 pietatis
1106 3904 1262 3968 erga
1305 3885 1509 3950 Deum
1552 3891 1616 3949 et
1659 3886 1953 3950 homines
1979 3887 2226 3950 bonos:
2260 3905 2366 3951 ve-

818 3996 1185 4055 rumtamen
1211 3991 1367 4055 illud
1394 3992 1564 4074 quod
1603 3997 1891 4057 remanet
1917 3993 2036 4072 eis,
2067 4011 2197 4057 non
2229 4012 2364 4057 sor-

820 4101 978 4164 titur
1014 4118 1250 4164 nomen
1290 4100 1546 4164 virtutis
1581 4101 1979 4183 theologicae,
2010 4102 2364 4166 secundum

818 4207 978 4272 illud
1006 4208 1181 4292 quod
1209 4212 1497 4272 remanet
1532 4209 1601 4271 in
1628 4209 1769 4272 aliis
1796 4209 2062 4273 viribus,
2096 4209 2173 4273 Et
2201 4210 2364 4274 ratio

821 4314 1022 4396 hujus
1047 4320 1169 4394 est,
1199 4315 1357 4397 quia
1383 4316 1520 4398 ipsa
1558 4315 1804 4379 facilius
1833 4315 2265 4398 corrumpitur
2302 4319 2368 4379 et

820 4422 1252 4501 deordinatur‚
1284 4442 1480 4505 quam
1518 4403 1661 4487 aliae
1689 4423 1879 4487 vires.
1911 4421 2089 4488 Unde
2128 4440 2366 4506 quam·

820 4530 935 4595 diu
959 4535 1290 4613 peccatum
1315 4532 1496 4595 estin
1523 4531 1759 4610 anima,
1778 4531 1985 4594 virtus
2010 4532 2364 4595 rectificans

822 4639 963 4719 ejus
987 4634 1354 4702 affectiones
1375 4656 1507 4701 non
1533 4640 1894 4720 potestesse
1918 4638 1987 4700 in
2006 4656 2104 4701 ea.
2133 4637 2365 4714 Quam-

820 4745 920 4809 vis
954 4744 1131 4808 enim
1169 4750 1479 4826 peccator,
1510 4762 1777 4808 manens
1816 4748 2126 4826 peccator,
2169 4745 2366 4828 possit

821 4871 956 4916 esse
997 4857 1209 4917 rectus
1245 4853 1312 4915 in
1349 4852 1682 4931 credendo,
1729 4870 1857 4916 non
1901 4856 2118 4917 tamen
2165 4857 2366 4935 potest

821 4978 957 5026 esse
985 4966 1194 5026 rectus
1220 4961 1287 5024 in
1315 4960 1658 5042 diligendo.

801 5162 806 5165 ’
887 5151 905 5186 ¹
936 5150 1018 5213 Cf.
1056 5150 1201 5201 Alex.
1236 5149 1461 5215 Mensis,
1485 5149 1650 5211 conti,
1682 5164 1734 5214 p.
1774 5149 2008 5212 lll,·coll.
2049 5162 2146 5213 Lx,
2172 5152 2268 5200 art.
2301 5155 2364 5216 t;

825 5222 880 5270 S.
928 5222 1182 5286 Thomas,
1244 5222 1386 5284 11-11‚
1438 5236 1490 5286 q.
1540 5233 1709 5284 xxm,
1746 5225 1842 5273 art.
1888 5224 1950 5285 83
2003 5226 2056 5273 et
2100 5223 2164 5273 ΙΙΙ
2205 5222 2365 5285 Seni„

825 5291 942 5343 dist.
972 5303 1155 5357 xxvu,
1187 5308 1238 5358 q.
1265 5306 1306 5345 ιι
1327 5328 1344 5354 ,
1369 5298 1466 5343 art.
1497 5295 1552 5367 ⁴5
1582 5296 1634 5343 et
1656 5293 1717 5342 de
1748 5293 1926 5356 Ver-it„
1953 5307 2006 5358 q.
2034 5304 2152 5355 xiv,
2179 5298 2274 5344 art.
2310 5295 2362 5357 43

888 5401 960 5464 (α)
987 5401 1125 5451 Edit.
1150 5403 1265 5454 Vm.
1284 5405 1550 5469 superfluit
1573 5404 1646 5454 in.

1925 423 2549 496 SENTENTIARUM
2589 424 2738 490 LIB.
2784 424 2894 492 111.

2946 615 3432 686 ARTICULUS
3476 617 3563 685 11.

2562 781 3030 865 consequenter
3065 782 3378 864 quaeritur
3418 783 3499 847 de
3542 783 3684 865 ipsa
3728 782 4028 848 charitate

2481 892 2796 971 quantum
2822 888 2902 952 ad
2932 893 3148 954 actum
3176 893 3240 952 et
3268 888 3573 967 modum;
3601 892 3667 953 et
3702 889 3873 953 (ἀι-ω
3919 890 4031 954 hoc

2480 999 2865 1077 quaeruntur
2890 1014 3003 1059 sex
3035 1018 3050 1059 :
3083 995 3292 1078 primo
3317 997 3639 1077 quaeritur
3666 1000 3903 1061 utrum
3930 1016 4029 1061 ac-

2481 1103 2587 1164 tus
2611 1101 2935 1166 charitatis
2961 1119 3074 1185 per
3103 1101 3285 1184 prius
3310 1089 3394 1165 sit
3417 1104 3811 1181 meritorius,
3840 1124 4032 1187 quam

2479 1212 2658 1272 actus
2710 1208 2987 1273 aliarum
3032 1209 3385 1286 virtutum;
3440 1211 3718 1275 secundo
3734 1259 3755 1289 ,
3812 1216 4029 1275 utrum

2480 1316 2776 1397 possibile
2801 1317 2882 1380 sit
2909 1320 3157 1382 motum
3189 1316 3516 1381 charitatis
3540 1336 3679 1382 esse
3705 1337 4032 1382 mercena·

2479 1423 2693 1504 rium;
2749 1425 2937 1490 tertio
2980 1425 3298 1507 quaeritur
3340 1429 3562 1489 utrum
3619 1425 3799 1491 idem
3846 1427 4035 1509 possit

2479 1548 2616 1594 esse
2655 1537 2870 1597 motus
2917 1533 3272 1598 dilectionis
3312 1534 3383 1596 in
3420 1533 3657 1613 Deum,
3706 1541 3775 1598 et
3820 1536 4034 1617 proxi-

2479 1657 2701 1718 mum;
2735 1643 3004 1723 quarto,
3052 1641 3201 1725 quis
3240 1659 3467 1706 eorum
3513 1641 3838 1724 praecedat
3881 1642 4032 1706 aste-

2479 1764 2669 1825 rum;
2717 1748 2976 1831 quinto,
3029 1753 3253 1812 utrum
3313 1752 3528 1815 motus
3579 1747 3919 1814 charitatis
3971 1751 4031 1813 in

2479 1852 2682 1919 Deum
2749 1856 2981 1920 habeat
3036 1857 3345 1935 modum;
3405 1861 3587 1921 sexto
3645 1861 3712 1921 et
3768 1856 4029 1932 ultimo,

2480 1965 2704 2025 utrum
2729 1966 3066 2028 teneamur
3101 1964 3182 2028 ad
3226 1963 3408 2028 illum
3456 1963 3730 2029 modum
3768 1963 4030 2047 implen-

2479 2066 2659 2132 dum.

3028 2192 3384 2271 QUAESTIO
3430 2194 3481 2259 1.

2478 2333 2574 2389 An
2597 2337 2772 2390 motus
2790 2333 3083 2389 eharitatis
3102 2349 3205 2405 per
3225 2336 3385 2405 prius
3400 2336 3477 2390 sit
3502 2336 3856 2403 meritorius,
3882 2353 4023 2408 qm

2867 2427 3020 2480 actm
3047 2424 3287 2480 aliarum
3313 2427 3581 2481 virtum
3598 2423 3641 2479 ¹.

2560 2582 2788 2646 Utrum
2825 2588 3040 2647 motus
3070 2583 3395 2647 charitatis
3436 2602 3553 2667 per
3581 2586 3775 2667 prius
3800 2588 3881 2650 sit
3906 2606 4025 2651 me·
4045 2616 4154 2661 r..

2478 2690 2737 2754 ritorius
2761 2740 2780 2770 ,
2809 2708 3008 2773 quam
3037 2696 3218 2755 actus
3255 2691 3531 2755 aliarum
3580 2693 3911 2759 virtutum
3933 2718 3949 2773 ;
3973 2699 4023 2758 et

2478 2800 2648 2881 quod
2676 2798 2767 2862 sic
2792 2848 2809 2873 ,
2840 2797 3095 2862 videtur
3125 2798 3336 2880 primo
3363 2817 3477 2882 per
3506 2799 3673 2866 illud
3695 2805 3877 2885 quod
3900 2804 4025 2869 dicit

2478 2905 2855 2989 Apostolus²
2884 2927 2901 2968 ι
2930 2904 3265 2971 Plenitudo
3297 2906 3455 2988 leyis
3483 2912 3581 2972 cst
3602 2907 3902 2977 dilectio.
3922 2909 4022 2974 Sed

2477 3013 2700 3078 nullus
2740 3012 2926 3097 plene
2975 3012 3276 3096 adimplet
3317 3033 3396 3077 ea
3434 3031 3585 3096 quae
3637 3024 3803 3081 sunt
3849 3019 4019 3099 legis,

2477 3119 2602 3184 nisi
2626 3119 2737 3202 qui
2764 3119 3083 3185 meritorie
3108 3138 3252 3185 eam
3274 3120 3592 3186 observat.
3629 3121 3702 3187 Si
3729 3142 3892 3206 ergo
3916 3123 4021 3207 ple-

2478 3229 2702 3293 nitudo
2746 3228 2911 3311 legis
2943 3247 3058 3311 per
3094 3228 3472 3311 Apostolum
3507 3231 3897 3295 attribuitur
3922 3231 4021 3313 ipa'

2477 3335 2788 3416 charitati,
2802 3336 3056 3400 videtur
3078 3335 3251 3417 quod
3271 3336 3550 3400 efficacia
3579 3339 3880 3403 merendi
3902 3339 4020 3421 pri·

2478 3462 2583 3507 mo
2604 3448 2666 3508 et
2681 3444 3116 3526 principaliter
3129 3443 3299 3507 circa
3311 3448 3530 3508 actum
3545 3448 3694 3527 ejus
3708 3448 4017 3511 consistat.

2556 3551 2714 3616 Item
2743 3569 2935 3633 super
2974 3550 3129 3615 illud
3156 3553 3180 3589 ⁸
3215 3572 3230 3614 :
3263 3551 3538 3618 Fructus
3579 3561 3804 3619 autem
3833 3554 4024 3634 spin'·

2477 3662 2579 3724 tus
2604 3659 2910 3737 charitaS,
2943 3663 3091 3737 etc„
3122 3656 3342 3721 Glossa
3369 3679 3440 3721 1«
3468 3657 3746 3724 Attende
3768 3658 3941 3742 quod
3962 3659 4025 3720 in

2474 3766 2920 3830 enunciatione
2947 3766 3278 3830 fructuum
3308 3768 3505 3848 caput
3529 3765 3851 3831 virtutum
3879 3783 4025 3848 prae-

2475 3873 2669 3936 mittit
2731 3873 3105 3938 charitatem
3171 3895 3187 3938 :
3238 3891 3387 3956 quae
3452 3873 3632 3937 enim
3683 3873 3816 3938 alia
3872 3875 4025 3937 inter

2474 3984 2720 4047 fructus
2772 3985 3034 4068 spiritus
3083 3985 3437 4067 primatum
3484 3988 3704 4048 tenere
3772 3985 4022 4063 meruit,

2474 4090 2598 4155 nisi
2624 4090 2896 4154 charitas
2910 4139 2927 4170 ,
2964 4090 3102 4154 sine
3143 4107 3273 4172 qua
3309 4095 3558 4154 caeterae
3590 4091 3865 4156 virtutae
3901 4108 4020 4153 non

2473 4200 2856 4281 reputantur
2896 4215 3035 4261 esse
3080 4196 3373 4275 virtutes,
3414 4199 3479 4260 et
3518 4215 3605 4260 ex
3637 4216 3774 4279 qua
3815 4198 4021 4262 omnia

2473 4306 2642 4369 bona
2664 4308 3019 4369 nascuntur
3036 4305 3068 4367 Ἰ
3095 4325 3127 4363 ¹>
3164 4300 3233 4366 Si
3266 4322 3424 4385 ergo
3450 4322 3533 4368 ex
3560 4304 3874 4369 charitate
3900 4323 4019 4369 om·

2472 4412 2583 4477 nia
2609 4412 2779 4477 bona
2808 4415 3186 4489 nascuntur,
3220 4415 3284 4475 et
3314 4411 3438 4474 hoc
3462 4428 3596 4474 non
3619 4414 3829 4492 potest
3842 4411 4013 4474 intel·

2473 4519 2593 4600 ligi
2619 4519 2742 4583 nisi
2768 4519 2844 4583 de
2871 4518 3058 4582 bonis
3078 4516 3441 4596 meritoriis»,
3468 4521 3650 4580 actus
3668 4518 3790 4600 qui
3815 4518 4013 4599 primo

2473 4627 2756 4715 nascitur
2780 4644 2864 4690 ex
2889 4626 3192 4690 charitate
3209 4673 3229 4706 ,
3272 4625 3483 4707 primo
3509 4628 3684 4688 tenet
3711 4624 4015 4688 rationem

2474 4734 2783 4798 meritorii
2830 4753 2848 4797 ε
2904 4752 3062 4815 ergo
3111 4751 3225 4816 per
3278 4733 3459 4815 prius
3515 4738 3611 4797 oet
3658 4734 4015 4797 meritorius

2473 4844 2653 4904 actus
2678 4840 3023 4918 charitatiS,
3039 4857 3237 4923 quam
3256 4845 3434 4904 actus
3447 4841 3726 4923 alicujus
3742 4841 4012 4905 virtutis.

2557 4947 2714 5012 Item
2764 4946 3149 5030 Gregorius'·
3200 4969 3216 5012 z
3273 4970 3306 5007 ιι
3349 4945 3493 5011 Non
3540 4948 3737 5012 habet
3782 4947 4015 5032 aliquid

2475 5054 2759 5121 veritatis
2786 5073 3007 5119 ramus
3030 5053 3185 5119 boni
3213 5054 3425 5137 operis
3439 5103 3460 5135 ,
3490 5055 3619 5119 nisi
3657 5061 3920 5120 maneat
3959 5056 4016 5117 in

2476 5251 2772 5315 Richardus‚
2796 5252 2863 5302 111
2888 5252 3047 5315 Sena,
3064 5249 3181 5301 dist.
3209 5261 3359 5301 nvn
3375 5287 3388 5312 ,
3415 5254 3514 5302 art.
3530 5255 3590 5316 93
3611 5254 3799 5318 steph.
3821 5252 4007 5313 nrum,

2478 5331 2541 5379 ΙΙΙ
2561 5330 2720 5390 Sena,
2734 5327 2850 5377 dist.
2874 5337 3037 5388 nvn,
3057 5340 3107 5389 q.
3135 5337 3184 5376 v.
3204 5351 3270 5365 -
3284 5327 3306 5361 ¹
3326 5327 3489 5391 Rom„
3509 5339 3634 5391 xm,
3656 5332 3739 5378 to.
3760 5355 3821 5368 —
3844 5331 3869 5365 ⁸
3888 5328 4005 5389 Gal..

2476 5413 2527 5463 ν,
2554 5404 2631 5451 22.
2650 5425 2715 5436 —
2739 5399 2761 5433 ⁸
2784 5400 2960 5461 Gmg..
2977 5399 3031 5446 in
3059 5398 3275 5461 Evany„
3301 5396 3446 5449 hom.
3477 5411 3650 5450 xxvu.
