4185 6288
1587 476 1964 545 msTch.
2008 477 2112 542 VI.

3288 478 3408 541 {43

220 611 504 703 dignatus
531 623 659 683 est.
693 641 731 679 n
770 616 940 684 Item
967 617 1039 685 in
1060 617 1286 685 eodem
1323 640 1337 681 ε
1380 640 1414 681 α
1451 614 1586 683 Nos
1626 614 1961 684 Christum
2008 611 2371 682 Dominum
2418 635 2653 681 verum
2693 613 3034 682 hominem
3058 611 3415 701 suscepisse

218 729 538 813 credimuS,
578 737 646 799 et
673 730 751 798 in
788 732 931 823 ipso
962 731 1317 800 visibiliter
1346 731 1747 799 invisibilem
1777 730 2164 801 hominibus
2209 728 2612 822 apparuisse,
2644 730 2713 796 in
2747 729 2888 821 ipso
2918 728 3090 796 inter
3117 727 3417 807 homines

217 855 648 914 conversatum
674 848 909 934 fuisse,
939 850 1009 917 in
1038 848 1178 940 ipso
1205 849 1288 916 ab
1318 847 1701 916 hominibus
1726 847 2019 915 humana
2052 846 2419 938 pertulisse,
2441 845 2666 937 inipso
2695 844 2997 912 homines
3024 843 3342 915 docuisse.
3372 869 3407 907 »

216 958 481 1030 Hilarius
499 986 786 1055 quoque
811 965 881 1033 in
912 964 1165 1034 decimo
1193 966 1362 1033 libro
1391 963 1473 1032 de
1507 964 1832 1032 Trinitate
1872 963 2004 1032 ait¹
2041 987 2056 1028 ε
2101 990 2135 1027 (ι
2190 961 2538 1042 Quomodo
2590 961 2708 1029 Dei
2748 960 2962 1028 Filius
2992 967 3186 1027 natus
3214 968 3311 1027 est
3335 981 3415 1027 ex

221 1075 422 1164 Maria,
452 1078 586 1148 nisi
628 1081 820 1172 quod
847 1081 1146 1150 Verbum
1187 1103 1338 1150 caro
1385 1081 1630 1149 factum
1664 1087 1784 1165 est,
1827 1080 2071 1147 scilicet
2112 1078 2288 1171 quod
2331 1078 2542 1146 Filius
2582 1077 2721 1162 Dei,
2753 1099 2906 1144 cum
2954 1074 3270 1144 informa
3297 1073 3418 1141 Dei

223 1204 382 1280 esset,
401 1195 692 1265 formam
726 1197 904 1266 servi
931 1198 1230 1293 accepit?
1265 1197 1484 1266 Unum
1516 1206 1733 1265 tamen
1772 1196 2235 1287 eumdemque,
2265 1217 2399 1264 non
2429 1194 2547 1260 Dei
2574 1192 2958 1278 defectione,
2988 1191 3099 1258 sed
3132 1189 3418 1258 hominis

221 1312 643 1404 assumptione
673 1312 1070 1404 profitemur
1105 1338 1121 1380 ε
1154 1322 1218 1381 et
1246 1314 1317 1382 in
1346 1314 1560 1383 forma
1603 1313 1726 1380 Dei
1765 1322 2032 1404 propter
2088 1319 2394 1379 naturam
2442 1309 2765 1394 divinam,
2797 1315 2857 1376 et
2895 1308 2966 1374 in
3005 1306 3218 1375 forma
3245 1305 3418 1373 servi

223 1429 734 1521 exconceptione
759 1428 1052 1520 Spiritus
1096 1431 1302 1498 sancti
1350 1427 1716 1497 secundum
1766 1428 2053 1496 hominis
2091 1427 2396 1495 habitum
2442 1435 2778 1516 repertum
2819 1422 3040 1491 fuisse.
3093 1421 3242 1489 Non
3288 1421 3417 1490 fuit

223 1544 458 1614 habitus
505 1546 628 1615 ille
680 1554 948 1615 tantum
1006 1546 1318 1631 hominis,
1368 1546 1482 1613 sed
1535 1553 1610 1613 ut
1659 1543 1998 1628 bominis;
2067 1564 2282 1634 neque
2337 1563 2488 1609 caro
2533 1540 2651 1608 illa
2696 1560 2848 1607 caro
2886 1537 3155 1629 peccati,
3190 1537 3301 1604 sed
3345 1538 3416 1605 in

225 1661 644 1731 similitudine
671 1663 894 1730 carnis
912 1664 1179 1754 peccati.
1219 1691 1253 1729 »
1290 1662 1586 1730 Audistis
1613 1668 1744 1729 tres
1770 1660 2132 1729 secundum
2177 1659 2474 1727 diversos
2513 1656 2753 1748 positas
2797 1655 3177 1738 sententias,
3209 1661 3272 1721 et
3299 1674 3417 1743 pro

228 1777 482 1867 singulis
507 1777 798 1847 inducta
822 1779 1220 1851 testimonia.

610 2057 1032 2125 EXPOSITIO
1070 2055 1400 2123 TEXTUS.

445 2232 517 2281 Ex
544 2229 832 2295 praemissis
855 2233 1028 2280 autem
1051 2230 1269 2294 emergit
1290 2228 1523 2293 quaestio.

96 2404 220 2452 aaa.
301 2385 499 2472 Supra
552 2388 1009 2453 determinavit
1072 2386 1374 2467 Magister
1434 2386 1510 2450 de
1576 2385 1764 2449 modo

242 2494 383 2560 illius
406 2496 960 2562 excellentissimae
1003 2495 1264 2559 unionis
1301 2494 1654 2558 secundum
1685 2493 1767 2555 ss-

243 2602 326 2667 dei
361 2607 812 2681 assertionem;
866 2604 936 2667 in
986 2603 1107 2666 hac
1155 2604 1336 2683 parte
1388 2600 1766 2664 determinat

245 2711 565 2775 secundum
609 2709 862 2773 variam
903 2708 1234 2771 doctorum
1263 2706 1658 2789 opinionem.
1691 2704 1767 2768 Et

247 2818 520 2895 quoniam
568 2816 927 2880 secundum
972 2815 1344 2879 varietatem
1389 2814 1767 2895 opinionum

251 2919 501 2985 variatur
547 2919 910 2993 intellectus
945 2918 1343 2982 locutionum
1386 2917 1552 2981 circa
1595 2915 1768 2979 illius

250 3024 474 3088 unionis
524 3025 955 3108 mysterium3
1009 3023 1151 3089 ideo
1204 3042 1351 3106 pars
1404 3022 1526 3086 ista
1577 3022 1770 3087 habet

251 3127 384 3195 duas
404 3140 643 3218 partes,
679 3133 750 3197 in
776 3152 1057 3217 quarum
1080 3132 1290 3217 prima
1316 3132 1484 3197 circa
1513 3132 1770 3197 unionis

253 3242 598 3320 mysterium
626 3241 846 3325 plures
869 3241 1144 3324 explicat
1169 3239 1529 3322 opiniones;
1563 3240 1632 3303 in
1661 3258 1767 3303 se·

256 3349 434 3412 cunda
455 3368 612 3414 vero
647 3348 925 3414 ostendit
951 3347 1224 3430 qualiter
1249 3346 1607 3411 secundum
1634 3345 1771 3410 illas

253 3453 548 3534 opiniones
577 3455 992 3523 determinari
1021 3454 1299 3519 habeant
1323 3453 1657 3534 ambiguae
1682 3452 1773 3516 lo-

253 3564 504 3629 cutiones
524 3615 540 3644 ,
589 3565 758 3628 intra
778 3565 844 3628 ἐ
895 3560 1258 3628 Seczmdum
1295 3562 1577 3643 primam
1624 3576 1769 3627 vero

259 3666 471 3736 dicitur
511 3673 676 3738 Deus
725 3673 940 3751 sactus
959 3717 981 3749 ,
1021 3673 1140 3732 etc.
1176 3667 1394 3732 Prima
1428 3685 1577 3749 pars
1616 3666 1774 3730 divi-

261 3773 404 3841 ditur
424 3779 493 3842 in
525 3779 687 3844 duas
715 3782 924 3861 partes
947 3824 965 3853 ,
992 3776 1063 3840 in
1088 3793 1371 3860 quarum
1398 3774 1612 3857 prima
1641 3774 1772 3839 Ma·

264 3881 430 3960 gistel-
487 3886 784 3970 proponit
844 3885 1186 3965 ambiguas
1256 3883 1648 3960 locutiones;
1706 3881 1775 3946 in

265 3993 507 4057 secunda
529 4013 686 4060 vero
726 3992 891 4056 circa
936 3991 1201 4054 modum
1243 3989 1483 4053 diviuae
1513 3989 1776 4053 unionis

267 4098 499 4178 explicat
544 4102 827 4165 diversas
866 4099 1229 4180 opiniones,
1280 4096 1406 4159 ibi:
1455 4097 1536 4161 In
1580 4096 1777 4177 hujus

264 4207 699 4285 profunditatis
741 4208 1162 4283 reseratione,
1203 4209 1322 4268 etc.
1371 4201 1586 4266 Prima
1631 4221 1779 4285 pars

270 4321 516 4379 remanet
553 4315 829 4380 indivisa
854 4336 871 4390 ;
904 4313 1012 4376 sed
1039 4311 1321 4375 secunda
1348 4309 1779 4374 subdividitur

272 4414 325 4478 in
354 4424 465 4484 tres
504 4427 714 4506 partes
745 4419 1101 4485 secundum
1139 4424 1265 4480 tres
1302 4415 1672 4499 opiniones:
1712 4416 1780 4479 in

270 4527 445 4603 prima
467 4531 645 4611 ponit
671 4528 950 4611 primam
979 4527 1345 4609 opinionem
1367 4543 1382 4602 ;
1406 4522 1475 4586 in
1504 4523 1781 4587 secunda

273 4637 576 4700 secundam
596 4687 615 4716 ‚
674 4635 762 4699 ibi
809 4656 825 4698 ε
885 4634 1059 4698 Sunt
1110 4639 1320 4698 autem
1374 4636 1433 4696 et
1486 4629 1611 4696 alii
1668 4633 1782 4712 qui

274 4736 426 4820 istiS,
449 4747 563 4807 etc.
608 4742 681 4806 Iu
726 4741 913 4804 tertia
938 4757 1092 4802 vero
1119 4739 1374 4801 tertiam
1398 4785 1415 4813 ‚
1445 4738 1530 4800 ibi
1559 4760 1572 4800 ε
1610 4735 1782 4802 Sunt

275 4852 452 4913 autem
477 4850 681 4916 etalii
706 4848 825 4930 qm·
850 4847 1368 4912 incarnacionem
1403 4843 1630 4923 Verbi,
1661 4850 1778 4907 etc.

272 4948 459 5021 Prima
486 4958 793 5022 dividitur
833 4955 903 5018 in
944 4956 1136 5018 duas:
1182 4955 1248 5016 in
1291 4953 1502 5035 prima
1544 4952 1786 5036 opinio-

269 5077 395 5127 nem
428 5071 673 5144 narrat3
714 5065 782 5128 in
824 5061 1105 5126 secunda
1134 5062 1502 5137 confirmat,
1534 5060 1662 5123 ibi:
1697 5062 1786 5126 Et

267 5183 333 5232 ne
355 5170 427 5238 de
453 5189 564 5241 suo
589 5188 786 5240 sensu
811 5174 1063 5236 tantum
1091 5168 1268 5250 loqui
1290 5173 1627 5249 putentur,
1662 5173 1780 5231 etc.

267 5273 540 5346 Similiter
595 5279 882 5346 secunda
932 5276 1093 5340 duas
1150 5280 1362 5357 partes
1417 5274 1608 5339 habet
1642 5297 1656 5338 :
1717 5276 1787 5339 in

267 5385 454 5463 prima
491 5388 671 5471 ponit
708 5385 903 5451 aliam
946 5381 1348 5464 opinionem;
1399 5381 1470 5444 in
1508 5381 1787 5446 secunda

326 5511 524 5577 milam,
546 5514 609 5566 de
626 5514 788 5576 Tria„
811 5511 904 5563 lib.
924 5510 993 5571 Χ,
1017 5523 1073 5559 n.
1101 5509 1183 5572 22,
1213 5511 1293 5559 25.
1313 5532 1373 5546 —
1394 5503 1565 5558 ²llum.
1592 5517 1707 5558 vin.

1874 2057 2231 2130 confirmat,
2259 2055 2348 2118 ibi
2379 2073 2396 2117 2
2439 2055 2525 2120 De
2549 2055 2663 2121 hoc
2695 2056 3121 2139 Augustinus,
3161 2059 3236 2124 in
3259 2058 3419 2124 libro

1877 2161 2168 2228 Sentent.
2220 2160 2538 2243 Prosperi.
2580 2160 2886 2226 Similiter
2931 2167 2996 2227 et
3038 2164 3221 2227 tertia
3276 2183 3423 2247 pars

1875 2269 2065 2333 habet
2096 2270 2291 2334 duas:
2324 2270 2392 2332 in
2421 2270 2628 2351 prima
2657 2271 2837 2352 ponit
2869 2270 3261 2335 intellectum
3292 2277 3426 2336 ter-

1875 2377 1982 2441 tiae
2008 2377 2408 2459 quaestionis;
2446 2377 2514 2439 in
2543 2377 2822 2441 secunda
2859 2380 3199 2443 confirmat
3232 2378 3425 2444 Sanc·

1877 2488 2088 2547 torum
2138 2484 2548 2563 testimoniis,
2594 2484 2727 2548 ibi:
2788 2486 2879 2551 Ne
2934 2493 3149 2554 autem
3198 2495 3259 2554 et
3307 2489 3426 2553 isti

1878 2590 1957 2656 de
1983 2608 2132 2670 suo,
2162 2596 2282 2655 etc.

1959 2696 2323 2762 Notandum
2378 2701 2473 2762 est
2521 2701 2739 2761 autem
2785 2698 2907 2763 hoc
2949 2699 3019 2762 in
3068 2699 3420 2783 principi0‚

1877 2805 2048 2887 quod
2075 2805 2414 2887 explicatio
2440 2805 2667 2888 primae
2695 2805 3011 2888 opinionis
3049 2806 3118 2869 in
3146 2810 3424 2890 quatuor

1879 2914 2165 2977 consistit
2209 2913 2494 2978 articulis
2515 2963 2531 2994 ,
2589 2915 2942 2979 secundum
2986 2916 3157 2997 quod
3207 2916 3423 2997 colligi

1880 3023 2084 3103 potest
2102 3040 2184 3084 ex
2210 3020 2423 3086 verbis
2451 3020 2653 3104 ipsius
2672 3021 2980 3102 Magistri.
3009 3021 3228 3087 Primo
3246 3023 3423 3087 enim
3454 3044 3584 3099 ομῑη.
3627 3047 3666 3087 ι.

1880 3127 2225 3212 ponebant,
2262 3128 2435 3212 quod
2461 3129 2530 3193 in
2558 3129 2698 3213 ipsa
2724 3129 3155 3195 incarnatione
3185 3131 3427 3196 consti·-

1881 3239 2061 3299 tutus
2101 3235 2224 3300 suit
2267 3253 2438 3301 unus
2472 3235 2670 3301 homo
2711 3255 2794 3301 ex
2840 3237 3059 3300 anima
3099 3241 3164 3302 et
3203 3257 3427 3320 carne,

1883 3342 1971 3405 ita
2001 3346 2215 3406 tamen
2245 3342 2419 3424 quod
2446 3342 2607 3406 nihil
2636 3342 3141 3406 constituebatur
3166 3346 3429 3409 tertium

1883 3467 1965 3513 ex
1999 3448 2266 3513 homine
2299 3453 2365 3513 et
2408 3448 2570 3528 Deo;
2620 3449 2899 3513 secundo
2937 3467 3092 3514 vero
3139 3450 3432 3516 dicebant

1883 3555 2214 3621 hominem
2242 3555 2428 3620 illum
2456 3561 2859 3639 assumptum
2888 3575 2927 3620 a
2962 3555 3204 3635 Verbo;
3243 3558 3431 3624 tertio

1885 3682 2063 3740 ver0,
2098 3664 2252 3745 quia
2285 3663 2451 3727 Deus
2476 3663 2695 3742 homo,
2726 3668 2790 3728 et
2815 3683 2851 3728 e
2881 3682 3225 3744 converso,
3256 3666 3428 3731 dice-

1885 3768 2040 3833 bant
2061 3773 2491 3833 assumentem
2521 3769 2853 3850 praedicari
2876 3769 2955 3833 de
2982 3776 3332 3855 assumpto.
3355 3771 3432 3835 Et

1886 3896 1968 3942 ex
1995 3878 2117 3942 hoc
2155 3879 2661 3960 consequebatur
2697 3883 2927 3961 quarta
2962 3879 3187 3962 positio
3207 3929 3225 3960 ,
3258 3884 3429 3964 quod

1888 3985 2175 4051 Christus
2210 3991 2304 4050 est
2346 3986 2509 4051 duo:
2552 4005 2701 4051 cum
2737 3988 2908 4051 enim
2945 3988 3110 4052 alius
3135 3991 3216 4053 sit
3243 4007 3429 4053 assu-

1888 4112 2095 4171 mens,
2127 4098 2192 4157 et
2216 4095 2385 4158 alius
2418 4094 2500 4157 sit
2525 4098 2914 4176 assumptae,
2947 4100 3012 4160 et
3041 4095 3325 4161 Christus
3352 4097 3431 4159 sit
3534 4139 3539 4144 -

1888 4202 2055 4266 Deus
2082 4218 2436 4276 assumem,
2468 4206 2530 4266 et
2557 4202 2750 4265 homo
2771 4207 3161 4284 assumptus,
3193 4222 3432 4286 suppo-

1887 4309 2024 4372 sitis
2087 4308 2434 4391 praemissis
2496 4308 2850 4372 necessario
2894 4307 3133 4372 habent
3193 4327 3431 4392 ponere

1889 4414 2060 4497 quod
2099 4414 2386 4479 Christus
2417 4415 2498 4477 sit
2523 4414 2674 4478 duo.
2709 4413 2789 4476 Et
2817 4413 2939 4477 hoc
2967 4420 3062 4478 est
3102 4415 3429 4494 ultimum,

1889 4543 1928 4587 a
1983 4541 2115 4605 quo
2170 4526 2656 4588 consummatur
2700 4526 2763 4584 et
2804 4521 3254 4585 denominatur
3314 4523 3434 4586 ista

1890 4632 2142 4714 positio.
2171 4631 2474 4695 Similiter
2503 4628 2837 4712 explicatio
2866 4630 3162 4693 secundae
3190 4630 3435 4713 opinio·
3461 4674 3594 4733 opin-
3646 4707 3655 4718 ,

1890 4738 1990 4800 nis
2010 4738 2294 4802 consistit
2312 4739 2382 4801 in
2404 4743 2681 4819 quatuor
2698 4736 3002 4799 articulis.
3024 4736 3240 4802 Primo
3259 4739 3432 4803 enim

1896 4845 2216 4923 dicebant,
2248 4844 2420 4927 quod
2446 4844 2515 4906 in
2550 4844 2984 4907 incarnatione
3023 4862 3155 4908 non
3184 4850 3434 4911 tantum

1895 4957 1991 5016 est
2025 4970 2108 5015 ex
2147 4952 2459 5014 anima-et
2489 4966 2751 5030 corpore
2782 4950 3120 5013 constituta
3152 4972 3285 5018 una
3322 4974 3442 5020 na-

1896 5064 2076 5137 tura,
2125 5059 2231 5123 sed
2277 5058 2470 5122 etiam
2513 5056 2812 5120 divinitas
2851 5061 2914 5119 et
2948 5058 3313 5125 humanitas
3361 5064 3442 5127 ad

1898 5185 2101 5231 unam
2143 5167 2606 5231 concurrerunt
2660 5164 3173 5230 constituendam
3222 5187 3445 5250 perso..

1898 5292 2083 5351 nam;
2125 5273 2213 5337 ita
2249 5272 2422 5355 quod
2455 5287 2729 5353 persona
2756 5268 2946 5335 Verbi
2973 5277 3123 5338 ante
3149 5274 3446 5344 iucarna-

1897 5381 2140 5446 tionem
2177 5378 2371 5445 Verbi
2394 5381 2532 5443 erat
2570 5376 2865 5460 simplex,
2902 5378 2972 5443 in
3011 5379 3445 5453 incarnatione

1905 5507 2056 5554 vero
2073 5489 2236 5552 facta
2260 5492 2355 5552 est
2371 5486 2740 5568 composita.
2764 5483 3055 5554 Secundo
3075 5508 3231 5555 vero
3252 5492 3445 5558 simul
