4185 6288
1578 462 1959 532 ms‘rmc'r.
2004 464 2169 531 vm.

640 679 1054 750 EXPOSITIO
1094 683 1422 751 TEXTUS.

564 853 694 903 Post
722 854 970 918 predicta
994 854 1181 920 inquiri
1205 855 1383 916 debet,
1413 858 1511 907 etc.

68 1028 218 1072 &lide-
343 998 550 1082 Supra
567 1003 707 1084 egit
724 1003 1026 1085 Magister
1050 1005 1129 1069 de
1159 1006 1594 1069 incarnatione
1622 1003 1812 1071 Verbi

272 1111 576 1190 quantum
603 1110 685 1172 ad
714 1110 1024 1175 unionem
1053 1116 1464 1192 naturarum,
1503 1116 1567 1176 et
1599 1130 1812 1195 quan-

272 1212 399 1273 tum
425 1209 504 1274 ad
533 1212 799 1275 unionis
828 1212 1128 1293 modum;
1159 1214 1227 1277 in
1256 1215 1378 1278 hae
1407 1219 1585 1297 parte
1614 1216 1815 1280 inten-

268 1317 354 1382 dit
404 1336 601 1400 agere
653 1326 972 1402 quantum
1027 1321 1108 1386 ad
1162 1322 1815 1386 communicationem

270 1426 645 1492 idiomatum
700 1431 769 1493 et
833 1430 1320 1513 proprietatum.
1377 1428 1455 1494 Et
1510 1429 1818 1495 dividitur

270 1534 401 1598 haec
428 1554 581 1617 pars
617 1535 690 1599 in
722 1535 881 1600 duas
926 1542 1160 1620 partes,
1208 1539 1276 1601 in
1301 1555 1578 1620 quarum
1608 1538 1818 1621 prima

268 1643 400 1724 agit
440 1643 520 1707 de
562 1644 1140 1709 communicatione
1189 1644 1571 1709 idiomatum
1612 1645 1820 1728 respi-

268 1750 575 1814 cientium
604 1755 928 1830 naturam3
952 1751 1021 1815 in
1046 1752 1324 1817 secunda
1351 1751 1428 1816 de
1455 1750 1821 1816 communi-

269 1856 517 1921 catione
562 1857 1023 1939 proprietatum
1064 1862 1127 1923 et
1175 1858 1557 1923 idiomatum
1619 1859 1819 1940 respi-

271 1965 575 2029 cientium
604 1984 968 2047 personam,
999 1966 1165 2031 infra
1209 1973 1228 2009 ¹
1273 1988 1289 2030 :
1340 1964 1518 2033 Solet
1561 1966 1755 2032 etiam
1787 1986 1825 2028 a

272 2070 663 2153 quibusdam
689 2072 965 2154 inquiri.
999 2071 1152 2138 Pars
1190 2073 1401 2156 prima
1424 2071 1731 2136 dividitur
1755 2071 1825 2135 in

272 2178 435 2242 duas
488 2185 734 2262 parteS,
805 2181 871 2243 in
940 2198 1219 2264 quarum
1291 2180 1502 2263 prima
1555 2179 1826 2263 inquirit

274 2288 499 2349 utrum
553 2287 792 2351 divinae
850 2293 1101 2353 naturae
1147 2293 1465 2371 competat
1518 2288 1692 2353 nasci
1748 2287 1826 2351 de

275 2392 560 2475 Virgine,
584 2395 755 2477 quod
770 2397 1028 2489 quidem
1042 2401 1136 2462 est
1150 2396 1502 2479 proprietas
1515 2397 1820 2461 humanae
1898 2416 1905 2419 ·

277 2504 565 2580 naturae3
606 2503 885 2567 secundo
920 2522 1077 2567 vero
1118 2502 1386 2586 inquirit
1420 2507 1641 2567 utrum
1682 2521 1829 2568 caro

283 2606 511 2672 Christi
565 2607 789 2673 debeat
845 2610 1095 2675 adorari
1158 2610 1526 2675 adoratione
1584 2610 1787 2675 latriae
1806 2656 1825 2687 ,

279 2714 449 2796 quod
475 2713 739 2796 quidem
766 2720 862 2779 est
882 2717 1237 2799 proprietas
1269 2717 1504 2781 divinae
1543 2721 1817 2794 naturae,

282 2821 449 2885 infra
483 2825 506 2860 ¹
544 2839 561 2885 ε
608 2821 926 2889 Proeterea
965 2825 1356 2907 investium-i
1397 2831 1658 2906 oportet,
1704 2829 1825 2889 etc.

284 2926 497 2991 Prima
534 2947 719 3010 pars,
764 2947 911 3013 quae
962 2931 1243 2994 continet
1282 2936 1663 3014 praesentem
1703 2931 1830 2995 dis-

282 3035 693 3113 tinctionem,
755 3036 1060 3100 dividitur
1113 3037 1182 3099 in
1235 3043 1447 3120 partes
1502 3038 1663 3101 duas
1685 3086 1703 3115 ,
1761 3038 1833 3102 in

283 3160 563 3224 quarum
592 3142 802 3226 prima
828 3150 1154 3227 comparat
1178 3144 1575 3209 nativitatem
1603 3143 1833 3210 Christi

285 3248 363 3313 de
396 3247 667 3330 Virgine
694 3250 770 3314 ad
796 3250 1083 3315 divinam
1100 3256 1430 3331 naturam3
1461 3253 1533 3316 in
1555 3254 1836 3318 secunda

286 3374 440 3420 vero
482 3357 881 3421 nativitatem
932 3358 1345 3441 temporalem
1399 3358 1479 3423 ad
1527 3362 1835 3423 aeternam

285 3468 639 3548 comparat,
690 3464 782 3529 ibi
828 3484 845 3530 :
912 3466 1125 3538 Ouoeri
1170 3467 1364 3532 etiam
1395 3465 1585 3544 solet,
1616 3472 1836 3530 utrum

290 3572 582 3638 christus
607 3571 832 3640 debeat
872 3572 1010 3638 dici
1039 3571 1136 3639 bis
1158 3574 1438 3656 amicus,
1470 3578 1590 3638 etc.
1616 3571 1837 3637 Prima

286 3699 432 3763 pars
476 3679 786 3744 dividitur
833 3680 900 3743 iu
948 3683 1157 3762 partes
1193 3680 1387 3757 duaS,
1440 3680 1511 3742 in
1556 3697 1837 3760 quarum

284 3788 501 3871 prima
527 3788 797 3872 inquirit
822 3788 1278 3870 quaestionem,
1326 3791 1389 3850 et
1425 3786 1830 3866 determinat3

285 3894 353 3958 in
380 3895 661 3960 secunda
696 3912 852 3960 vero
887 3893 1143 3958 adducit
1178 3893 1584 3958 auctoritates
1611 3897 1831 3958 contra

286 4002 878 4068 determinationem
905 4019 1114 4079 suam,
1145 4002 1236 4066 ibi
1269 4024 1284 4066 ε
1324 3999 1598 4067 Videtur
1619 4009 1835 4068 tamen

283 4127 463 4192 posse
490 4110 777 4193 probari.
808 4109 1100 4174 Secunda
1126 4114 1345 4172 autem
1372 4127 1518 4191 pars
1545 4109 1837 4174 similiter

286 4218 444 4283 duas
472 4218 670 4282 hahet
715 4239 731 4281 ε
774 4216 846 4279 in
886 4216 1093 4300 prima
1134 4220 1353 4280 movet
1377 4216 1830 4299 quaestionem3

282 4326 355 4389 in
380 4325 660 4390 secunda
687 4324 1086 4403 determinat,
1132 4324 1224 4387 ibi
1278 4346 1294 4389 ε
1341 4323 1451 4388 Aa
1496 4323 1671 4407 quod
1697 4324 1837 4390 dici

280 4436 507 4516 potest,
563 4436 685 4496 etc.
741 4430 1222 4496 Subdivisionoe
1287 4437 1505 4497 autem
1552 4433 1833 4515 partium

286 4540 639 4604 manifestae
665 4538 913 4603 suntin
933 4538 1166 4603 littera.

946 4752 1086 4798 DUB.
1131 4751 1177 4797 1.

273 4877 415 4962 ⁶Quae
441 4899 581 4950 enim
605 4911 693 4949 res
713 4909 823 4948 non
849 4898 929 4948 est
945 4895 1011 4946 de
1028 4898 1172 4960 patre
1194 4893 1367 4959 genita
1383 4931 1401 4959 ,
1428 4906 1537 4944 non
1564 4893 1749 4946 dicitur
1770 4878 1850 4946 de’

896 4969 1229 5018 man-enata.

375 5122 600 5189 Contra
624 5145 640 5189 ε
676 5122 967 5187 humana
993 5122 1225 5184 natura
1252 5135 1384 5184 non
1409 5121 1506 5182 est
1534 5135 1618 5182 ex
1658 5121 1837 5201 patre

290 5231 559 5315 genita:
587 5248 749 5312 ergo
793 5246 928 5294 non
975 5231 1072 5292 est
1107 5225 1186 5291 de
1229 5229 1435 5291 matre
1474 5228 1647 5290 nata.
1680 5225 1837 5290 Item

293 5338 578 5407 Christus
599 5338 960 5405 secundum
984 5335 1338 5401 humanam
1365 5336 1668 5400 naturam
1687 5349 1838 5402 con-

364 5463 987 5522 ὀἰιιι-ὐὴιιι.

3343 473 3462 537 18³

1912 606 2129 680 ceptus
2157 606 2250 666 est
2273 600 2353 666 de
2376 602 2635 683 Spiritu
2652 605 2895 680 sancto,
2916 605 3116 668 natus
3136 617 3221 668 ex
3247 603 3465 669 Maria
3553 666 3556 669 .

1923 708 2217 791 Virgine,
2246 709 2335 773 ita
2362 708 2532 791 quod
2581 707 2855 793 Spiritus
2900 713 3157 774 sanctus
3193 729 3326 775 non
3372 713 3469 776 est

1915 816 2058 898 ejus
2082 820 2281 898 pater,
2312 816 2456 880 licet
2483 814 2679 896 Virgo
2708 815 2792 880 sit
2841 817 2984 898 eJus
3023 819 3223 880 mater
3259 838 3274 882 ι
3307 834 3468 898 ergo

1916 940 2051 987 non
2076 923 2329 989 videtur
2357 923 2723 1006 praeeedens
2743 940 2957 987 sermo
2987 923 3322 987 veritatem
3348 923 3470 987 ha-

1917 1030 2091 1095 bere.

2000 1135 2187 1219 Resp.
2237 1135 2587 1203 Dicendum
2635 1137 2808 1220 quod
2844 1136 3148 1218 Magister
3181 1136 3472 1219 loquitur

1921 1244 1999 1309 de
2042 1243 2152 1308 illa
2192 1242 2524 1308 nativitate
2541 1292 2561 1324 ,
2617 1262 2748 1327 qua
2804 1261 2907 1309 res
2965 1243 3181 1326 aliqua
3238 1243 3473 1310 dicitur

1922 1353 2097 1417 nasci
2119 1399 2138 1429 ,
2170 1352 2259 1416 ita
2292 1352 2464 1433 quod
2493 1351 2790 1417 vendicat
2833 1352 2954 1415 sibi
2992 1351 3468 1434 proprietatem,

1923 1457 2062 1522 sive
2084 1456 2670 1522 denominationem
2697 1457 3022 1522 filiationis
3053 1479 3069 1521 ε
3099 1457 3224 1522 hoc
3251 1462 3471 1523 autem

1925 1583 2058 1629 non
2097 1564 2290 1630 habet
2327 1564 2615 1630 humana
2644 1568 2879 1630 natura
2923 1564 2997 1628 in
3039 1562 3289 1629 Christo
3336 1582 3356 1628 e
3409 1567 3475 1630 et

1925 1673 2069 1737 ideo
2112 1691 2243 1736 non
2290 1676 2387 1737 est
2438 1676 2612 1737 reeta
2667 1672 2971 1736 instantia
3011 1673 3238 1738 contra
3284 1669 3469 1750 illud.

1928 1778 2103 1861 quod
2127 1777 2279 1844 dicit
2300 1777 2604 1860 Magister
2627 1779 2697 1844 in
2721 1778 2953 1844 littera.

2565 2015 2706 2065 DUB·
2748 2016 2819 2065 11.

2365 2165 2504 2217 Duas
2529 2177 2656 2230 ergo
2687 2162 2875 2215 Christi
2892 2201 2911 2229 ,
2939 2167 3043 2216 etc.

2015 2313 2236 2381 lnnuit
2266 2314 2589 2398 Magister,
2619 2313 2789 2397 quod
2834 2331 3034 2379 unam
3078 2315 3480 2380 nativitatem

1934 2443 2014 2491 ex
2041 2423 2226 2490 Patre
2251 2442 2658 2502 veneramur,
2679 2441 2829 2506 quae
2848 2428 2943 2487 est
2966 2443 3163 2506 supra
3187 2441 3476 2504 causam,

1936 2532 2272 2610 rationem,
2301 2536 2559 2613 tempus
2583 2534 2647 2593 et
2672 2533 3002 2610 naturam3
3049 2528 3161 2596 sed
3200 2532 3421 2595 contra
3456 2551 3474 2596 t

1937 2639 2268 2704 Generatio
2306 2636 2448 2702 Filii
2493 2637 2603 2701 Dei
2647 2656 2731 2702 ex
2776 2637 2961 2701 Patre
3023 2642 3119 2701 est
3165 2634 3482 2701 naturalis

1937 2747 2266 2829 generatio
2298 2763 2315 2808 ε
2363 2745 2473 2809 sed
2521 2744 2852 2826 generatio
2895 2741 3206 2808 naturalis
3249 2746 3343 2807 est
3380 2759 3480 2809 se-

1940 2855 2223 2919 cundum
2243 2859 2566 2933 naturam,
2588 2871 2719 2917 non
2740 2870 2936 2934 supra
2960 2855 3260 2915 naturam
3287 2870 3304 2915 :
3325 2867 3484 2931 ergo

1937 2961 2169 3025 falsum
2193 2960 2365 3038 dicit,
2396 2960 2567 3043 quod
2593 2960 2675 3024 sit
2713 2978 2911 3043 supra
2935 2962 3259 3023 naturam.
3293 2957 3487 3023 Juxta

1941 3068 2061 3133 hoc
2085 3067 2404 3152 quaeritur
2439 3085 2632 3151 penes
2663 3066 2819 3151 quid
2858 3065 3352 3148 distinguuntur
3379 3064 3488 3129 illa

1942 3180 2240 3258 quatuor,
2266 3193 2414 3258 quae
2435 3176 2504 3238 in
2529 3174 2900 3239 auctoritate
2914 3176 3244 3257 ponuntur
3267 3194 3284 3237 :
3304 3172 3484 3235 vide-

1943 3290 2051 3349 tur
2070 3285 2245 3349 enim
2267 3283 2439 3366 quod
2468 3300 2600 3348 non
2628 3281 2856 3346 sitnisi
2888 3281 3238 3346 verborum
3278 3278 3483 3345 incul-

1944 3392 2129 3458 catio.

2026 3500 2211 3583 Resp.
2237 3498 2583 3564 Dicendum
2600 3497 2771 3581 quod
2783 3499 3017 3560 natura
3029 3513 3158 3559 non
3179 3494 3489 3576 accipitur

1945 3609 2036 3673 ita
2061 3607 2508 3684 communiter,
2539 3605 2647 3669 sed
2675 3622 2791 3686 pro
2808 3608 3039 3667 natura
3057 3606 3289 3667 creata.
3310 3600 3488 3668 Unde

1944 3733 2076 3780 non
2104 3714 2245 3779 vult
2265 3714 2473 3778 dicere
2514 3711 2688 3795 quod
2733 3709 3062 3792 generatio
3097 3707 3242 3772 Filii
3265 3708 3347 3772 sit
3375 3726 3485 3772 su-

1946 3841 2062 3907 pra
2083 3827 2381 3887 naturam
2407 3822 2737 3897 aeternam,
2776 3833 2924 3899 quae
2966 3819 3061 3879 est
3101 3820 3334 3880 natura
3369 3833 3489 3879 na-

1946 3935 2199 4008 turanS,
2249 3927 2358 3992 sed
2396 3944 2591 4008 super
2640 3927 2941 3988 naturam
2981 3925 3260 3986 creatam
3279 3969 3297 4000 ,
3340 3937 3490 4005 quae

1945 4035 2279 4104 consuevit
2302 4033 2422 4099 dici
2443 4036 2673 4097 natura
2693 4035 3012 4095 naturata.
3044 4028 3122 4094 Et
3141 4032 3291 4094 nota
3315 4028 3488 4112 quod

1945 4149 2066 4212 ista
2089 4149 2369 4228 quatuor
2395 4140 2887 4222 distinguuntur
2909 4138 3025 4218 sic,
3054 4142 3129 4203 ut
3175 4154 3367 4201 causa
3387 4155 3491 4201 re-

1946 4255 2188 4318 feratur
2209 4251 2289 4316 ad
2312 4253 2610 4314 naturam
2635 4246 3017 4328 angelicam,
3042 4245 3207 4309 ratio
3245 4243 3326 4309 ad
3368 4261 3489 4308 na-

1948 4366 2162 4426 turam
2241 4360 2596 4424 humanam
2620 4404 2638 4435 ,
2708 4359 2963 4436 tempus
3033 4351 3116 4416 ad
3183 4351 3492 4418 virtutem

1947 4468 2265 4533 coelestem
2283 4515 2302 4544 ,
2341 4469 2407 4529 et
2435 4468 2668 4528 natura
2714 4462 2796 4526 ad
2835 4461 3140 4526 virtutem
3178 4457 3493 4523 inferioris

1947 4575 2260 4639 creaturae
2272 4622 2290 4652 ,
2319 4575 2394 4637 ut
2419 4572 2501 4636 sit
2526 4587 2751 4636 sensus
2796 4591 2812 4633 :
2864 4565 3199 4632 Generatio
3248 4565 3358 4629 illa
3396 4567 3493 4629 oet

1947 4698 2145 4763 supra
2183 4696 2474 4758 causam,
2526 4678 2592 4744 id
2628 4681 2723 4741 est
2757 4675 3062 4742 virtutem
3094 4670 3487 4753 angelicam;

1947 4796 2012 4855 et
2037 4789 2351 4854 rationem
2368 4834 2387 4866 ,
2415 4786 2481 4851 id
2509 4788 2605 4850 oet
2636 4784 2946 4849 virtutem
2996 4780 3383 4858 humanam;
3428 4784 3493 4844 et

1946 4903 2202 4979 tempus
2219 4943 2238 4975 ,
2277 4893 2343 4958 id
2382 4895 2501 4972 est,
2542 4890 2980 4975 operationem
3031 4888 3378 4965 coelestem3
3428 4892 3494 4953 et

1946 5007 2249 5069 naturam
2265 5050 2284 5081 ,
2322 5000 2387 5065 id
2430 5003 2524 5064 est
2537 5047 2556 5079 ,
2587 4998 2894 5062 virtutem
2932 4995 3298 5059 interiorem
3340 5012 3360 5060 ε
3390 4996 3492 5061 vel

1947 5111 2154 5189 aliter,
2182 5113 2258 5174 ut
2281 5124 2475 5173 causa
2499 5106 2811 5170 referatur
2839 5104 2919 5169 ad
2943 5103 3251 5167 virtutem
3287 5121 3489 5184 agen-

1947 5225 2102 5297 tem,
2132 5221 2195 5282 et
2219 5215 2383 5281 ratio
2409 5215 2488 5279 ad
2515 5213 2862 5299 potentiam
2903 5215 3355 5294 agnoscentem
3369 5257 3389 5289 ,
3429 5215 3494 5275 et

1946 5331 2203 5409 tempus
2222 5325 2304 5389 ad
2324 5337 2692 5387 mensuram
2713 5320 3117 5402 limitantem,
3162 5322 3397 5385 natura
3409 5316 3492 5382 ad

1949 5434 2124 5501 modi
2150 5431 2457 5519 operandi
2481 5429 3034 5500 consuetudinem.
