4185 6288
1213 449 1593 517 DISTINCT.
1631 446 1813 513 XXX.
1857 447 2041 513 ART.
2087 446 2138 512 Ι.
2184 443 2484 524 QUAEST.
2528 443 2633 509 Vl.

335 581 513 661 parte
554 584 878 666 responsio
928 586 1010 651 ad
1057 588 1325 669 objecta.
1381 584 1543 650 Nam
1595 584 1873 648 rationes

333 702 481 768 quae
505 691 882 773 ostendunt,
914 693 1085 776 quod
1120 710 1343 757 omnes
1382 696 1718 756 teneantur
1743 689 1869 752 ini-

334 794 532 861 micos
553 798 820 882 diligere
845 804 1105 883 effectu,
1143 803 1595 884 intelliguntur
1617 802 1687 864 in
1717 818 1870 864 casu

328 906 745 989 necessitatis;
775 912 1180 977 auctoritates
1218 929 1373 977 vero
1401 928 1548 993 quae
1582 908 1651 971 in
1680 925 1870 990 oppo-

327 1008 522 1075 situm
561 1014 969 1081 adducuntur
986 1065 1008 1097 ‚
1036 1017 1487 1098 intelliguntur
1508 1015 1585 1079 de
1614 1013 1865 1078 exhibi-

324 1116 498 1182 tione
539 1123 748 1205 operis
791 1124 1003 1206 magis
1031 1124 1316 1206 generali
1335 1173 1353 1205 ‚
1383 1123 1677 1190 videlicet
1715 1139 1863 1185 cum

323 1242 391 1288 se
417 1226 604 1292 offert
628 1233 1066 1314 opportunitas
1097 1231 1539 1313 congruitatis.

400 1332 462 1397 Ιι.
492 1334 592 1399 Ad
618 1336 778 1402 illud
821 1358 977 1405 vero
1015 1340 1190 1423 quod
1231 1338 1561 1421 objicitur,
1594 1335 1768 1420 quod
1808 1336 1863 1401 si

321 1439 844 1530 benefaciendum
889 1451 984 1515 est
1028 1446 1252 1512 amicis
1267 1495 1286 1527 ,
1333 1444 1862 1510 malefaciendum

319 1549 413 1610 est
442 1547 716 1615 inimicis
730 1600 749 1631 ‚
792 1552 1132 1619 dIcendum
1160 1553 1331 1636 quod
1371 1570 1504 1617 non
1543 1551 1857 1634 sequitur,

317 1659 577 1738 propter
600 1658 724 1723 hoc
738 1708 758 1740 ‚
791 1661 963 1743 quod
990 1659 1212 1725 amicis
1237 1678 1371 1724 non
1409 1659 1621 1725 solum
1661 1659 1856 1724 bene-

317 1762 675 1830 faciendum
728 1771 823 1831 est
866 1772 1126 1852 propter
1169 1768 1331 1833 illud
1379 1769 1450 1833 in
1494 1785 1625 1852 quo
1663 1786 1860 1850 repu-

315 1874 522 1951 gnant
547 1872 864 1954 inimicis;
891 1894 1124 1941 verum
1165 1877 1356 1940 etiam
1401 1880 1663 1959 propter
1699 1875 1858 1940 illud

314 1975 384 2040 in
412 1996 541 2060 quo
584 1982 1007 2063 conveniunt,
1046 1983 1340 2049 videlicet
1382 1987 1537 2068 quia
1578 1986 1729 2047 sunt
1776 1982 1857 2047 ad

313 2083 669 2168 imaginem
693 2088 828 2154 Dei.
871 2089 1048 2156 Unde
1066 2139 1084 2171 ,
1113 2090 1278 2156 sicut
1305 2091 1465 2156 illud
1492 2110 1855 2174 argumen-

311 2195 451 2257 tum
479 2211 612 2259 non
651 2196 821 2261 valet
849 2218 866 2263 ε
909 2219 940 2258 α
968 2197 1207 2262 Album
1247 2201 1343 2263 est
1367 2198 1615 2263 visibile
1633 2246 1652 2276 ,
1695 2217 1856 2280 ergo

309 2298 577 2382 nigrum
604 2307 698 2367 est
724 2303 1075 2384 invisibile,
1106 2326 1138 2364 n
1174 2305 1328 2389 quia
1367 2305 1588 2371 album
1627 2309 1722 2371 est
1749 2308 1855 2374 vi·-

307 2407 488 2473 sihile
523 2427 639 2492 per
663 2410 820 2476 illud
849 2412 920 2475 in
953 2431 1083 2495 quo
1109 2415 1546 2479 communicat
1571 2433 1720 2480 cum
1748 2416 1849 2479 ni-

307 2532 467 2598 gro;
497 2517 588 2582 sic
615 2536 733 2583 nec
761 2521 925 2585 ratio
953 2507 1305 2605 praemissa.

386 2627 446 2686 5.
478 2624 576 2688 Ad
622 2624 779 2691 illud
824 2629 998 2709 quod
1040 2629 1372 2712 objicitur,
1413 2632 1586 2713 quod
1620 2650 1853 2698 secun-

293 2730 463 2807 ,dum
489 2732 783 2798 ordinem
806 2737 1058 2800 naturae
1093 2735 1428 2801 inimicitia
1455 2739 1700 2804 inducit
1727 2759 1849 2823 pu-

307 2857 536 2920 gnam,
564 2839 904 2907 dicendum
931 2843 1105 2926 quod
1132 2844 1291 2910 illud
1318 2863 1549 2910 verum
1578 2851 1705 2927 est,
1738 2849 1850 2913 ubi

303 2946 636 3015 inimicitia
675 2949 966 3015 ordinata
1008 2954 1105 3014 est
1149 2952 1506 3018 secundum
1558 2954 1849 3021 ordinem

304 3059 587 3136 naturae,
629 3055 797 3120 sicut
847 3056 1126 3122 calidum
1168 3057 1533 3123 inimicatur
1573 3061 1843 3143 frigidO,

304 3168 368 3228 et
404 3164 569 3228 sicco
617 3164 964 3229 humidum
1008 3186 1024 3228 ε
1070 3164 1180 3229 sed
1224 3166 1337 3230 ubi
1376 3169 1472 3231 est
1512 3168 1850 3236 inimicitia

304 3276 536 3355 praeter
560 3276 814 3338 naturae
856 3272 1147 3337 ordinem
1166 3323 1184 3354 ‚
1220 3273 1310 3338 ibi
1341 3293 1474 3340 non
1501 3280 1597 3341 est
1621 3297 1847 3361 pugna

303 3379 656 3444 secundum
694 3384 1024 3458 naturam,
1063 3380 1173 3444 sed
1213 3383 1424 3465 magis
1465 3389 1686 3451 contra
1729 3407 1847 3452 na-

302 3490 557 3552 turam:
589 3488 797 3553 taliter
821 3493 1037 3554 autem
1061 3494 1158 3554 est
1177 3490 1248 3554 in
1267 3490 1660 3574 hominibusi,
1689 3498 1845 3579 quia

306 3612 454 3659 cum
481 3595 676 3659 homo
715 3595 796 3659 sit
836 3597 1077 3661 animal
1123 3603 1533 3665 mansuetum
1569 3606 1802 3669 natura
1822 3654 1840 3687 ‚

305 3702 657 3767 secundum
680 3705 1038 3770 naturalem
1062 3706 1357 3772 ordinem
1374 3727 1525 3774 cum
1545 3713 1846 3779 omnibus

301 3807 488 3873 debet
508 3809 746 3875 habere
772 3829 995 3893 pacem
1022 3816 1086 3877 et
1111 3816 1535 3882 concordiam.
1570 3818 1748 3884 Unde
1773 3821 1845 3886 in

302 3913 561 3979 inimico
587 3934 706 3980 suo
723 3917 1068 3988 nondebet
1091 3919 1289 3985 homo
1313 3921 1494 3988 odire
1515 3930 1840 4008 naturam,

303 4021 413 4086 sed
458 4023 669 4088 solum
720 4024 975 4108 culpam
995 4073 1012 4104 ‚
1063 4026 1219 4109 quia
1259 4047 1394 4093 non
1441 4036 1845 4117 persequitur

302 4130 515 4213 ipsum
542 4135 774 4197 natura
800 4153 998 4216 quam
1030 4136 1181 4201 fecit
1210 4137 1416 4218 Beue,
1458 4141 1568 4206 sed
1601 4144 1845 4209 malitia

302 4252 499 4320 quam
525 4238 670 4303 fecit
694 4239 924 4320 hom0,
956 4230 1033 4306 ut
1058 4242 1209 4307 dIcit
1232 4243 1660 4327 Augustinus.
1698 4250 1842 4317 Cae·

301 4348 439 4409 tera
462 4348 680 4409 autem
694 4393 716 4426 ,
760 4364 910 4431 quae
950 4352 1366 4431 opponuntur
1387 4401 1407 4433 ‚
1452 4356 1603 4420 satis
1628 4359 1843 4424 mani-

302 4450 612 4518 festantur
635 4471 750 4536 per
778 4470 854 4519 ea
867 4502 885 4534 ‚
916 4474 1066 4538 quae
1091 4457 1258 4522 dicta
1283 4463 1457 4528 sunt.

819 4730 1176 4811 QUAESTIO
1216 4733 1322 4800 Vl.

307 4933 403 4992 An
426 4932 652 5007 deliaca-e
676 4937 913 4993 amicum
938 4938 1015 4992 sit
1037 4934 1261 5008 maJ’cn‘s
1282 4938 1650 5010 perfectionis,
1682 4954 1846 5012 quam

776 5025 1005 5097 diligere
1030 5028 1315 5084 inimicum
1343 5027 1381 5083 ¹.

33 5239 273 5289 Fundam.
384 5203 547 5284 Quid
573 5204 660 5269 sit
683 5205 946 5288 majoris
971 5207 1370 5289 perfectionis
1394 5210 1458 5273 et
1485 5208 1697 5274 meriti
1712 5255 1731 5289 ‚
1760 5228 1848 5274 an

366 5379 384 5413 ¹
403 5379 484 5442 Cf.
514 5378 658 5430 Alex.
683 5377 911 5441 Mensis,
940 5378 1106 5441 Cont„
1131 5393 1185 5443 p.
1206 5379 1296 5443 ΙΙΙ,
1318 5379 1433 5430 coll.
1461 5391 1624 5444 mxu,
1648 5383 1747 5432 art.
1784 5386 1812 5433 6
1828 5399 1845 5447 ;

302 5449 562 5517 sichard„
607 5449 676 5502 ΙΙΙ
698 5448 862 5504 δεταί..
895 5448 1012 5501 dist.
1036 5460 1144 5502 xxx
1166 5485 1182 5517 ,
1211 5464 1264 5523 q.
1288 5463 1386 5516 1113
1429 5451 1608 5517 Steph.
1632 5452 1845 5519 Butler„

3408 456 3526 519 679

1981 583 2253 664 diligere
2289 581 2590 657 amicum,
2621 598 2708 643 an
2751 578 3016 662 diligere
3045 583 3433 666 ⁴inimicum;
3464 594 3529 654 et

1979 681 2151 764 quod
2195 680 2465 760 diligere
2500 678 2833 742 inimicum
2853 727 2870 758 ,
2900 680 3192 745 videtur²
3215 704 3233 747 ε
3258 684 3341 751 Si
3367 686 3525 753 dili-

1976 791 2139 872 aitis
2169 788 2336 867 illm,
2366 789 2614 870 quivos
2638 786 2942 868 diliqunt,
2965 805 3157 869 quam
3185 795 3527 861 mercedem

1975 894 2339 963 habebitis?
2383 892 2599 957 Glossa
2623 892 2715 956 ibi
2748 911 2764 955 ε
2792 916 2821 952 <‹
2852 892 3106 958 Nullam
3147 897 3214 960 in
3253 900 3432 965 coelo.
3483 924 3514 962 ι)

1975 1004 2102 1070 Sed
2141 1005 2385 1067 constat
2420 1001 2594 1084 quod
2634 1000 2712 1065 de
2743 1002 3074 1068 dilectione
3112 1005 3524 1074 inimicorum

1975 1114 2182 1193 major
2223 1127 2467 1174 merces
2518 1109 2796 1173 habetur
2847 1131 2862 1172 :
2908 1128 3066 1192 ergo
3100 1114 3363 1195 majoris
3387 1135 3526 1198 per-

1971 1217 2258 1281 fectionis
2285 1219 2381 1282 est
2403 1220 2466 1280 et
2488 1215 2698 1279 meriti
2715 1215 2983 1298 diligere
3007 1218 3297 1285 inimicos
3325 1239 3522 1303 quam

1971 1324 2232 1388 amicos

2051 1430 2208 1494 Item
2236 1430 2501 1512 diligere
2540 1429 2834 1494 inimicos
2865 1433 2958 1494 est
2993 1432 3071 1497 de
3104 1435 3524 1516 superadditis

1968 1557 2008 1603 a
2024 1537 2294 1603 Domino
2308 1538 2377 1602 in
2399 1537 2754 1619 Evangelio
2778 1537 2921 1601 :sed
2938 1537 3244 1603 Dominus
3270 1559 3401 1605 non
3417 1560 3524 1607 su-

1966 1646 2320 1731 peraddidit
2342 1646 2469 1710 nisi
2504 1664 2614 1725 ea,
2645 1663 2793 1728 quae
2826 1645 3087 1728 majoris
3123 1649 3523 1730 perfectionis

1966 1758 2149 1820 erant
2183 1777 2198 1818 :
2231 1753 2484 1819 videtur
2509 1771 2668 1834 ergo
2694 1752 2865 1835 quod
2889 1754 3150 1835 majoris
3180 1757 3518 1838 perfectio-

1965 1861 2065 1925 nis
2089 1861 2172 1925 sit
2194 1860 2457 1943 diligere
2483 1860 2796 1939 inimic-208,
2837 1879 3034 1943 quam
3056 1862 3313 1927 amicos,

2045 1969 2206 2034 Item
2232 1970 2346 2034 uhi
2384 1972 2479 2034 est
2506 1970 2712 2051 major
2755 1987 3011 2052 pugna,
3048 1970 3137 2033 ibi
3165 1974 3260 2035 est
3286 1971 3519 2053 glorio-

1963 2077 2091 2141 sior
2115 2077 2378 2143 victoria
2408 2100 2422 2140 :
2456 2079 2519 2140 et
2550 2077 2663 2144 ubi
2685 2080 2780 2142 est
2801 2079 3007 2158 major
3033 2077 3368 2144 difficultas
3383 2128 3400 2158 ‚
3428 2080 3519 2145 ibi

1962 2188 2058 2250 est
2087 2187 2213 2268 maj
2222 2203 2295 2250 or
2317 2185 2478 2249 ratio
2499 2173 2765 2250 virtutis⁴
2783 2187 2847 2249 et
2873 2185 3103 2265 meriti,
3127 2204 3245 2269 pro
3267 2204 3344 2251 eo
3367 2189 3521 2271 quia

1961 2312 2075 2357 ars·
2089 2296 2152 2358 et
2177 2294 2382 2358 virtus
2409 2296 2504 2356 est
2529 2292 2695 2356 circa
2712 2292 2992 2357 difficilia
3013 2312 3030 2357 ε
3052 2294 3161 2358 sed
3189 2297 3397 2377 major
3424 2300 3519 2361 est

1959 2419 2184 2484 pugna
2233 2404 2297 2464 et
2339 2399 2673 2464 difficultas
2707 2400 2776 2464 in
2814 2400 3139 2482 diligendo
3185 2403 3509 2485 inimicos„

1958 2525 2159 2589 quam
2188 2506 2257 2569 in
2297 2506 2620 2587 diligendo
2649 2506 2886 2571 amicos
2918 2530 2933 2570 ε
2964 2525 3122 2588 ergo
3151 2512 3358 2591 major
3377 2528 3515 2593 per-

1957 2615 2146 2679 fectio
2189 2614 2420 2678 residet
2454 2619 2518 2677 et
2560 2614 2862 2678 meritum
2909 2615 3076 2679 circa
3114 2616 3514 2683 dilectionem

1956 2722 2368 2787 inimicorum
2389 2770 2406 2800 ,
2451 2739 2648 2804 quam
2690 2721 2857 2786 circa
2903 2722 3306 2788 dilectionem
3351 2727 3513 2791 ami-

1955 2848 2202 2896 corum.

2037 2937 2198 3001 Item
2226 2940 2465 3021 quanto
2484 2936 2679 3000 homo
2701 2935 2914 3016 magis
2932 2954 3128 3019 supra
3143 2938 3276 3004 see]
3284 2944 3509 3006 evatur

1955 3046 2023 3109 in
2067 3045 2286 3128 aliquo
2331 3048 2514 3108 motu
2542 3043 2824 3124 virtutiS,
2852 3046 3027 3107 tanto
3054 3049 3267 3110 motus
3300 3046 3407 3113 ille
3444 3054 3508 3114 et

1956 3155 2123 3219 actio
2157 3158 2253 3218 est
2291 3152 2624 3237 perfectior
2665 3160 2727 3216 et
2775 3152 3179 3218 excellentior
3225 3176 3243 3220 2
3287 3157 3396 3221 sed
3437 3159 3508 3221 in

1954 3262 2289 3327 dilectione
2328 3260 2743 3324 inimicorum
2783 3259 2929 3343 plus
2978 3260 3265 3326 elevatur
3308 3262 3505 3329 homo

1953 3391 2151 3455 supra
2175 3390 2265 3451 se,
2292 3374 2355 3435 et
2379 3388 2573 3453 supra
2595 3387 2671 3433 ea
2689 3387 2837 3451 quae
2853 3371 3006 3433 sunt
3016 3374 3288 3450 naturae,
3307 3389 3505 3454 quam

1952 3481 2024 3545 in
2058 3479 2395 3544 dilectione
2431 3477 2786 3541 amicorum
2816 3495 2833 3539 ε
2862 3494 3020 3557 ergo
3063 3481 3277 3541 motus
3311 3478 3506 3544 dilec-

1951 3589 2147 3654 tionis
2187 3588 2350 3651 circa
2376 3585 2665 3649 inimicos
2690 3585 2784 3647 est
2808 3583 3018 3665 magis
3047 3583 3414 3649 meritorius
3440 3589 3505 3651 et

1952 3695 2268 3779 perfectus
2301 3741 2318 3771 ‚
2388 3709 2586 3775 quam
2653 3694 2867 3755 motus
2930 3690 3282 3755 dilectionis
3346 3710 3504 3775 erga

1952 3821 2215 3977 aaliz}
2237 3912 2479 3994 quanto
2504 3910 2718 3972 motus
2761 3904 3109 3970 dilectionis
3136 3910 3232 3971 est
3260 3908 3500 3990 perfec-

1951 4022 2097 4102 tior,
2117 4024 2294 4085 tanto
2310 4018 2632 4084 liberalior
2649 4023 2743 4080 est
2768 4020 2830 4079 et
2847 4015 3098 4098 purior3
3119 4033 3302 4081 amor
3323 4018 3499 4082 enim

1952 4133 2300 4219 spiritualis
2338 4150 2541 4216 purus
2580 4133 2764 4195 estet
2796 4128 3074 4192 liberalis
3104 4150 3121 4196 τ
3150 4129 3259 4193 sed
3288 4133 3501 4195 motus

1952 4242 2302 4307 dilectionis
2329 4258 2490 4322 erga
2510 4238 2847 4302 inimicum
2883 4236 3107 4319 purior
3133 4239 3226 4300 est
3252 4238 3316 4302 et
3339 4237 3502 4303 libe-

1951 4349 2168 4428 ralior,
2194 4365 2391 4431 quam
2422 4365 2581 4429 erga
2605 4344 2931 4410 amicum:
2964 4341 3187 4426 purior
3211 4342 3497 4426 quidem,

1954 4458 2109 4541 quia
2145 4456 2309 4523 nihil
2346 4454 2537 4519 habet
2581 4452 2940 4518 admixtum
2967 4450 3047 4516 de
3095 4450 3494 4530 carnalitate3

1951 4561 2273 4627 liberalior
2288 4610 2307 4642 ‚
2335 4560 2491 4644 quia
2522 4559 2741 4624 minus
2769 4558 2962 4622 habet
2985 4558 3064 4623 de
3091 4556 3500 4637 obligationis

1954 4671 2319 4737 necessitate
2364 4687 2381 4733 ε
2427 4686 2586 4750 ergo
2633 4666 2889 4733 videtur
2940 4664 3113 4748 quod
3163 4665 3370 4730 multo
3418 4666 3501 4731 sit

1954 4779 2309 4865 perfectior,
2339 4780 2403 4844 et
2427 4776 2553 4842 Deo
2565 4774 2900 4859 acceptior,
2924 4775 2990 4838 et
3014 4772 3095 4840 ad
3119 4772 3499 4839 merendum

1953 4888 2289 4954 efficacior.

2033 4995 2158 5061 Sed
2187 4996 2452 5059 contra:
2492 4994 2551 5056 1.
2580 4989 2840 5056 Dilectio
2879 4986 3293 5052 inimicorum
3317 4985 3501 5070 poni-
3532 5015 3599 5060 Aa
3614 5026 3719 5073 φρ,

1955 5106 2064 5169 tur
2089 5103 2170 5167 ab
2194 5100 2530 5169 Ambrosio
2565 5100 2635 5164 in
2667 5098 2898 5164 ultimo
2924 5097 3137 5180 gradu
3168 5117 3188 5163 ι
3219 5113 3377 5178 ergo
3400 5096 3501 5161 di-

1954 5211 2142 5277 lectio
2184 5210 2294 5275 illa
2342 5208 2624 5274 maxime
2675 5206 2911 5271 recedit
2948 5223 2988 5269 a
3028 5204 3238 5288 primo
3290 5204 3502 5286 gradu

1959 5379 2026 5428 ΙΙΙ
2055 5376 2217 5435 Seni„
2249 5372 2365 5425 dist.
2389 5384 2513 5430 xxx,
2547 5385 2598 5436 q.
2640 5383 2724 5434 νίς
2761 5369 3012 5424 Guilielm.
3037 5368 3220 5440 Voril.,
3245 5369 3313 5420 111
3337 5371 3499 5438 Seni„

1961 5448 2075 5503 dist.
2105 5459 2231 5519 xxx,
2256 5459 2310 5515 q.
2340 5456 2448 5496 1.—
2476 5444 2499 5479 ²
2521 5442 2732 5508 Matth„
2753 5455 2805 5507 v,
2837 5445 2916 5495 ⁴6.
