4185 6288
1208 476 1399 543 DIST.
1442 476 1712 545 XXVIII.
1756 475 1937 543 AR'l'.
1984 480 2034 543 Ι.
2076 479 2376 558 QUAEST.
2421 484 2469 548 1.

878 678 1015 724 DUB.
1053 677 1144 724 IV.

647 806 972 860 Manifestum
994 812 1072 859 est
1097 823 1219 875 ergo
1241 846 1257 870 ,
1287 813 1383 863 010.

329 936 557 1000 Contra
588 959 602 1001 ε
643 938 871 1020 Angeli
918 944 1231 1022 quantum
1280 941 1358 1004 ad
1401 940 1782 1024 dignitatem

250 1049 520 1124 naturae,
553 1049 618 1109 et
643 1049 956 1128 quantum
984 1047 1066 1112 ad
1092 1047 1506 1111 eminentiam
1537 1048 1787 1128 gratiae,

248 1155 313 1215 et
357 1154 672 1233 quantum
723 1151 803 1216 ad
844 1153 1279 1217 excellentiam
1332 1153 1555 1235 gloriae
1596 1171 1792 1236 supra

249 1277 365 1323 nos
406 1263 556 1324 sunt
588 1283 603 1323 ε
636 1278 793 1342 ergo
839 1260 1094 1326 videtur
1132 1261 1302 1343 quod
1350 1278 1478 1324 non
1524 1260 1793 1325 debeant

248 1367 524 1450 proximi
578 1367 798 1446 nostri,
843 1368 951 1432 sed
999 1368 1242 1432 domini
1284 1368 1587 1450 reputari.
1634 1368 1790 1432 Item

249 1474 533 1539 Christus
557 1474 865 1541 Dominus
893 1480 1104 1541 noster
1130 1481 1247 1553 est,
1278 1476 1571 1559 1111111111ι
1599 1477 1790 1557 paulo

247 1588 464 1652 minus
523 1585 601 1652 ab
663 1586 910 1668 anqelis
977 1588 1332 1653 minoratus
1361 1634 1381 1667 ‚
1439 1587 1791 1651 secundum

247 1694 418 1776 quod
454 1693 686 1757 dicitur
712 1693 780 1756 in
809 1691 1059 1757 Psalmo
1091 1716 1106 1757 ε
1138 1712 1297 1775 ergo
1338 1692 1591 1757 videtur
1620 1694 1790 1777 quod

245 1799 370 1882 ipsi
404 1799 619 1881 angeli
650 1802 776 1862 sint
803 1799 966 1863 sicut
993 1800 1237 1864 domini
1268 1800 1508 1879 nostri,
1541 1817 1675 1864 non
1712 1799 1792 1863 si·

246 1912 357 1973 cut
382 1908 658 1992 proximi
685 1907 1046 1992 reputandi.

331 2014 513 2097 Roep.
548 2016 894 2081 Dicendum
919 2015 1090 2097 quod
1118 2014 1416 2096 quamvis
1441 2013 1654 2095 angeli
1681 2031 1793 2078 su-

246 2141 364 2204 pra
406 2140 524 2186 nos
565 2122 712 2198 sint,
742 2123 878 2186 sive
923 2126 1242 2204 quantum
1290 2121 1369 2184 ad
1415 2120 1792 2201 dignitatem

245 2233 520 2307 naturae,
553 2230 687 2293 sive
714 2233 1030 2311 quantum
1058 2228 1137 2292 ad
1165 2226 1617 2292 sublimitatem
1649 2243 1795 2308 gra·

249 2337 391 2414 tiae;
447 2342 662 2400 tamen
699 2342 1015 2419 quantum
1058 2336 1136 2399 ad
1188 2339 1400 2399 actum
1447 2334 1796 2399 dilectionis

248 2463 382 2508 non
411 2450 560 2508 sunt
605 2462 800 2526 supra
839 2462 957 2507 nos
986 2442 1318 2525 diligendi,
1348 2460 1465 2524 pro
1510 2459 1584 2505 eo
1623 2442 1796 2523 quod

248 2552 526 2616 charitas
578 2557 794 2616 nostra
836 2551 1267 2634 principaliter
1317 2548 1572 2631 respicit
1617 2566 1797 2611 sum-

247 2677 433 2723 mum
463 2660 740 2739 bonum,
772 2659 839 2722 in
878 2659 1053 2741 quod
1103 2656 1569 2732 facit.tendere‚
1613 2659 1678 2719 et
1716 2656 1796 2721 ad

247 2769 422 2851 quod
451 2768 750 2847 inclinat;
783 2774 846 2832 et
872 2768 993 2832 1100
1021 2768 1209 2831 modo
1251 2765 1508 2848 respicit
1543 2764 1793 2848 subjec-

251 2882 417 2956 tum,
446 2877 526 2941 ad
557 2877 728 2958 quod
755 2877 1074 2940 informat.
1109 2873 1397 2939 Secundo
1438 2872 1628 2936 modo
1653 2889 1796 2936 res-

249 2988 405 3071 picit
430 2988 685 3070 aliquod
728 2988 1085 3068 subjectum
1121 2984 1449 3050 consimile
1487 2983 1661 3065 quod
1708 2983 1797 3046 11-

249 3100 411 3178 gat:
444 3095 614 3160 unde
642 3097 1233 3179 quantumcumque
1272 3096 1564 3158 creatura
1608 3090 1689 3155 sit
1729 3091 1796 3155 in

248 3204 460 3285 seipsa
513 3202 857 3279 excellens,
905 3207 1129 3275 ‚tamen
1181 3200 1534 3265 secundum
1574 3198 1785 3281 legem

250 3310 576 3372 charitatis
594 3312 784 3390 juxta
812 3327 929 3372 nos
954 3313 1081 3387 est,
1111 3311 1177 3372 et
1201 3307 1340 3371 ideo
1376 3306 1497 3370 sub
1532 3304 1794 3370 nomine

183 3452 186 3453 ν
250 3417 533 3500 proximi
558 3417 742 3483 debet
768 3415 1096 3480 contineri.
1130 3414 1229 3479 Ad
1249 3413 1406 3477 illud
1433 3431 1591 3494 ergo
1621 3412 1792 3493 quod

251 3523 556 3606 objicitur
575 3572 593 3602 ‚
623 3522 796 3605 quod
834 3541 1031 3604 supra
1058 3541 1174 3586 nos
1212 3526 1362 3585 sunt
1388 3521 1509 3585 sub
1551 3519 1797 3584 ratione

253 3636 507 3695 naturae
533 3635 596 3695 et
621 3630 870 3712 gloriae,
891 3631 1032 3711 jam
1061 3633 1231 3712 patet
1257 3627 1586 3710 responsio
1609 3648 1625 3691 z
1646 3626 1798 3709 quia

249 3739 551 3821 quamvis
579 3739 706 3801 sint
730 3755 924 3820 supra
955 3754 1070 3800 nos
1109 3736 1462 3800 secundum
1508 3734 1796 3797 ordinem

256 3846 573 3925 universi,
605 3862 735 3909 non
773 3849 989 3908 tamen
1019 3848 1170 3907 sunt
1196 3859 1392 3924 supra
1419 3859 1539 3905 nos
1564 3859 1797 3904 secun-

250 3954 407 4018 dum
422 3954 708 4018 ordinem
726 3970 841 4016 seu
869 3952 949 4035 (α)
968 3950 1211 4015 ratione
1229 3948 1571 4014 charitatis.
1589 3947 1800 4013 Potest

249 4060 447 4124 etiam
475 4059 658 4123 aliter
688 4058 832 4137 dici,
874 4059 1044 4141 quod
1090 4056 1387 4141 quamvis
1429 4055 1554 4119 sint
1600 4072 1794 4137 supra

248 4184 369 4230 nos
425 4166 670 4231 ratione
711 4165 1132 4248 simplicitatis
1148 4211 1167 4241 ‚
1219 4160 1677 4245 spiritualitatis
1731 4164 1793 4224 et

245 4271 884 4354 incorruptibilitatiS,
916 4276 1064 4335 sunt
1093 4276 1309 4334 tamen
1330 4270 1519 4350 juxta
1543 4284 1662 4331 nos
1689 4286 1796 4331 ra-

247 4381 424 4446 tione
453 4380 775 4461 imaginis,
807 4378 1161 4443 secundum
1191 4394 1386 4459 quam
1427 4393 1545 4438 nos
1585 4380 1647 4438 et
1676 4375 1795 4457 ipsi

248 4488 564 4552 habemus
608 4486 971 4550 immediate
1015 4486 1082 4548 in
1129 4484 1330 4548 Deum
1374 4482 1654 4547 ordinari
1688 4504 1703 4546 ε
1735 4486 1800 4546 01

247 4595 496 4660 ratione
525 4593 637 4675 huj
647 4612 723 4657 us
751 4596 1019 4675 possunt
1045 4591 1246 4655 nostri
1274 4590 1554 4672 proximi
1577 4590 1797 4672 appel-

247 4703 395 4767 lari.
443 4701 522 4765 Et
566 4718 681 4783 per
726 4699 849 4767 hoc
898 4702 1070 4781 patet
1124 4698 1451 4780 responsio
1510 4697 1589 4761 ad
1636 4697 1798 4761 illud

248 4809 424 4892 quod
451 4807 750 4889 objicitur
774 4805 853 4870 de
882 4805 1150 4884 Christo,
1185 4804 1354 4887 quod
1379 4804 1535 4869 illud
1568 4804 1798 4869 dicitur

247 4916 498 4981 ratione
525 4912 951 4997 passibilitatis
983 4912 1055 4995 (b)
1087 4914 1450 4994 assumptae.

888 5104 1026 5151 DUB.
1068 5103 1135 5150 V.

409 5219 665 5273 Christum
689 5231 815 5270 vero
834 5253 852 5283 ,
875 5216 930 5267 in
951 5218 1199 5282 quantum
1223 5215 1381 5269 homo
1410 5220 1514 5281 est,
1543 5219 1642 5269 etc.

338 5353 568 5419 Contra
603 5369 621 5416 :
671 5349 956 5417 Christus
993 5352 1088 5413 est
1130 5352 1321 5432 caput
1364 5351 1655 5414 nostrum
1693 5366 1800 5413 se-

324 5482 343 5518 ¹
373 5479 509 5532 Psal.
540 5490 654 5540 vm,
679 5481 734 5540 63
762 5474 931 5539 Helm,
962 5485 1020 5536 n,
1052 5474 1223 5524 9.—⁸
1249 5474 1363 5524 dist.
1393 5485 1449 5533 x,
1477 5477 1569 5523 art.
1599 5478 1645 5534 ¹,
1676 5487 1726 5538 q.
1762 5486 1800 5523 1.

3319 490 3436 552 629

1897 617 2180 681 cundum
2209 620 2716 684 conformitatem
2751 625 3001 687 1101111·εο
3037 626 3387 705 assumptae
3417 643 3433 684 :

1897 724 2005 787 sed
2033 729 2223 807 caput
2250 726 2458 809 magis
2485 730 2580 792 est
2614 728 3013 809 diligendum
3040 747 3238 811 quam
3270 728 3442 794 aliud

1900 832 2266 896 membrum
2320 852 2338 896 t
2394 852 2552 912 ergo
2604 835 2747 917 plus
2813 835 3118 900 debemus
3176 837 3443 918 diligere

1901 939 2224 1006 Christum
2287 941 2638 1005 secundum
2707 941 2878 1024 quod
2928 942 3125 1008 homo
3145 992 3166 1024 ,
3246 963 3444 1026 quam

1901 1064 2042 1111 nos,

1979 1154 2133 1220 ltem
2158 1157 2410 1218 tantum
2438 1155 2745 1220 debemus
2770 1156 3034 1238 diligere
3062 1155 3446 1241 Redempto-
3488 1221 3491 1226 .

1900 1278 2061 1338 rem,
2112 1264 2427 1342 quantum
2472 1264 2534 1324 et
2577 1260 2939 1326 Creatorem
2987 1284 3002 1327 ε
3040 1263 3152 1328 sed
3195 1263 3448 1331 Creator

1900 1371 1996 1432 est
2020 1367 2385 1448 diligendus
2413 1368 2556 1450 plus
2600 1387 2797 1449 quam
2825 1388 2945 1433 nos
2973 1388 2989 1432 τ
3020 1386 3176 1452 ergo
3222 1375 3285 1436 et
3326 1373 3450 1437 Re-

1900 1475 2192 1556 demptor
2233 1495 2247 1535 :
2289 1475 2397 1539 sed
2437 1474 2744 1555 Christus,
2780 1477 2848 1539 in
2889 1483 3202 1558 quantum
3229 1479 3446 1561 homo,

1900 1586 1998 1650 est
2043 1583 2425 1664 Redemptor
2471 1605 2486 1646 ε
2531 1601 2689 1664 crgo
2732 1583 3075 1662 Christum,
3123 1585 3194 1648 in
3243 1605 3448 1669 quan-

1904 1694 2047 1755 tum
2072 1694 2169 1754 est
2196 1691 2391 1755 1101110
2407 1739 2424 1770 ,
2456 1691 2760 1755 dehemus
2784 1690 3056 1773 diligere
3081 1692 3225 1775 plus
3253 1713 3454 1777 quam

1903 1814 2044 1860 nos,

1987 1902 2173 1985 Raep.
2256 1903 2603 1968 Dicendum
2672 1905 2843 1987 quod
2909 1924 3062 1970 cum
3130 1905 3360 1971 dicitur
3434 1930 3449 1970 ε

1910 2033 1942 2071 α
1971 2009 2255 2075 Christus
2292 2012 2362 2075 in
2402 2015 2718 2094 quantum
2742 2011 2936 2076 homo
2968 2013 3330 2095 diligendus
3357 2017 3452 2079 est

1904 2117 2051 2198 plus
2099 2136 2297 2200 quam
2353 2136 2470 2182 nos
2489 2165 2509 2196 ,
2564 2141 2595 2177 ι)
2654 2118 2794 2182 haec
2845 2119 3283 2186 determinatio
3304 2170 3322 2201 ,
3379 2124 3455 2188 in

1903 2232 2244 2308 quantum,
2276 2228 2480 2307 potest
2507 2225 2851 2307 importare
2888 2227 3201 2291 unitatem
3239 2247 3455 2310 perso-

1903 2352 2030 2410 nae,
2089 2333 2192 2397 vel
2239 2333 2663 2396 conditionem
2724 2338 2975 2398 naturae
2995 2382 3012 2411 ‚
3062 2337 3255 2417 juxta
3299 2336 3456 2402 illud

1904 2439 2077 2523 quod
2124 2440 2363 2503 dictum
2409 2439 2529 2502 fuit
2583 2448 2821 2522 supra¹
2871 2463 2884 2504 ε
2946 2445 3009 2505 01
3050 2442 3105 2505 si
3150 2443 3455 2525 importat

1903 2547 2215 2609 unitatem
2244 2561 2537 2627 personae
2565 2594 2584 2623 ,
2615 2546 2704 2609 sic
2732 2546 3103 2628 diligendus
3143 2554 3236 2612 est
3262 2567 3455 2633 supra

1901 2671 2041 2731 nos,
2071 2652 2224 2734 quia
2251 2653 2341 2717 sic
2381 2671 2578 2735 supra
2622 2671 2741 2717 nos
2780 2658 2874 2717 est
2912 2659 3128 2719 noster
3169 2655 3451 2737 Creator,

1905 2760 2286 2842 Redemptor
2338 2764 2401 2823 et
2452 2759 2765 2824 Salvator.
2832 2760 2901 2825 Si
2953 2780 3107 2828 vero
3155 2764 3457 2846 importet

1871 2957 1874 2960 Ἴ
1903 2867 2336 2931 conditionem
2363 2870 2614 2930 naturae
2643 2872 3008 2950 assumptae,
3051 2869 3141 2934 sic
3173 2869 3455 2951 diligen-

1905 2973 2026 3037 dus
2055 2978 2150 3036 est
2170 2975 2361 3055 juxta
2408 2991 2523 3037 nos
2544 3021 2564 3052 ,
2606 2977 2669 3037 et
2697 2974 2785 3037 sic
2813 2979 2905 3038 est
2924 2975 3271 3057 proximus
3301 2993 3453 3042 nos-

1905 3086 2021 3147 ter.
2057 3080 2235 3146 Unde
2275 3081 2326 3143 si
2371 3079 2845 3144 consideremus
2884 3080 3205 3148 Christum
3241 3084 3455 3151 solum

1904 3188 2149 3252 ratione
2196 3188 2611 3252 humanitatis
2628 3236 2645 3264 ‚
2692 3188 2815 3254 1100
2860 3195 2953 3254 est
2997 3209 3160 3273 pure
3214 3193 3455 3259 ratione

1905 3300 2154 3360 naturae
2187 3297 2436 3372 creatae,
2472 3312 2605 3357 non
2639 3294 2905 3360 debetur
2933 3295 2989 3359 ei
3022 3298 3455 3380 principalitas

1904 3402 2273 3477 dilectionis,
2321 3401 2485 3464 sicut
2531 3418 2646 3464 nec
2689 3402 2971 3466 adoratio
3021 3403 3221 3468 latriae
3275 3427 3289 3469 ε
3334 3423 3455 3473 1100

1905 3509 2026 3574 hoc
2064 3509 2252 3573 modo
2281 3506 2514 3572 dicitur
2542 3505 2906 3591 redemptor
2932 3515 3147 3573 noster
3164 3558 3181 3589 ‚
3212 3511 3317 3576 vel
3346 3530 3450 3577 ca·

1905 3624 2060 3702 put,
2108 3617 2261 3700 quia
2302 3620 2436 3680 tam
2487 3617 2941 3698 redemptoris,
2992 3636 3189 3700 quam
3235 3621 3455 3703 capitis

1905 3743 2145 3790 nomen
2172 3723 2425 3807 respicit
2450 3742 2789 3806 personam
2818 3725 3174 3790 secundum
3205 3731 3453 3793 utram-

1905 3854 2034 3919 que
2062 3838 2381 3899 naturam.
2412 3830 2487 3896 Et
2514 3851 2628 3915 per
2652 3832 2776 3896 hoc
2808 3836 2980 3915 patet
3019 3837 3346 3917 responsio
3372 3835 3453 3902 ad

1905 3942 2176 4024 objecta.

2382 4080 2874 4150 ARTICULUS
2924 4082 2975 4149 Ι.

1983 4274 2082 4339 Ad
2109 4271 2596 4354 intelligentiam
2625 4272 2824 4354 hujus
2853 4273 3050 4356 partis
3084 4274 3307 4340 incidit
3346 4277 3452 4343 hic

1904 4382 2144 4466 quaetio
2169 4382 2334 4445 circa
2359 4398 2508 4444 sex:
2533 4381 2744 4461 primo
2774 4382 3090 4464 quaeritur
3121 4386 3340 4447 utrum
3367 4400 3450 4449 ex

1904 4490 2212 4553 charitate
2238 4486 2578 4569 diligendae
2607 4487 2736 4551 sint
2770 4491 3083 4553 creaturae
3112 4489 3450 4555 irrationa-

1905 4598 2025 4675 les;
2066 4597 2347 4658 secundo
2393 4594 2710 4677 quaeritur
2751 4598 2974 4658 utrum
3020 4613 3102 4658 ex
3148 4595 3450 4662 charitate

1905 4701 2213 4785 diligendi
2263 4700 2390 4764 sint
2439 4702 2803 4778 daemones3
2852 4701 3038 4765 tertio
3090 4703 3406 4784 quaeritur
3424 4751 3443 4782 ,

1906 4816 2129 4877 utrum
2160 4828 2242 4873 ex
2268 4808 2570 4872 charitate
2612 4807 2920 4889 diligendi
2964 4808 3094 4872 sint
3128 4808 3279 4872 mali
3323 4810 3446 4876 ho·

1907 4919 2151 4998 mines3
2184 4918 2411 4999 quarto
2437 4915 2750 4998 quaeritur
2773 4918 2997 4981 utrum
3024 4933 3106 4980 ex
3144 4915 3449 4983 charitate

1907 5026 2033 5089 sint
2057 5022 2385 5105 diligenda
2405 5038 2672 5103 corpora
2689 5024 2936 5100 nostra;
2964 5022 3211 5104 quinte,
3227 5027 3448 5091 utrum

1907 5150 1989 5196 ex
2029 5131 2332 5196 charitate
2376 5127 2697 5219 diligenda
2744 5128 2871 5192 sint
2915 5130 3080 5194 dona
3123 5130 3441 5212 gratuita;

1906 5242 2084 5303 sexto
2121 5241 2185 5302 et
2227 5235 2452 5299 ultimo
2495 5235 2811 5317 quaeritur
2852 5235 2930 5300 de
2978 5237 3445 5319 diligendorum

1905 5362 2179 5411 numero
2205 5348 2269 5408 et
2291 5341 2688 5407 sufficientia.

1970 5474 2037 5537 (a)
2070 5471 2153 5523 Αι.
2182 5470 2293 5520 suh.
2319 5496 2370 5505 -
2403 5467 2471 5533 (ὁ)
2494 5466 2925 5530 impossibilitatis.
