4185 6288
467 2947 535 2991 Ad
551 2958 654 3002 opp.

671 412 793 474 670

747 543 846 610 Ad
889 542 1165 608 rationes
1202 555 1357 602 vero
1384 553 1535 619 quae
1573 534 1657 600 ad
1690 534 2052 617 oppositum
2094 532 2211 596 ad-

669 651 1021 728 ducuntur,
1051 645 1404 710 manifestae
1434 646 1584 707 sunt
1609 640 1902 706 similitor
1941 656 2215 722 respon-

670 760 880 823 siones
923 779 938 820 :
986 753 1338 839 procedunt
1377 751 1549 816 enim
1599 749 1677 813 de
1727 747 1864 831 ipsa
1908 746 2217 810 charitate

671 884 787 949 per
825 862 1363 945 comparationem
1403 857 1484 921 ad
1527 856 1843 921 defectum
1885 854 2219 936 pronitatis

671 980 734 1040 et
774 971 1200 1049 difficultatis,
1233 969 1396 1032 sicut
1439 970 1610 1049 patet
1645 966 1724 1030 de
1761 964 1986 1047 primis
2014 963 2220 1027 tribus

670 1081 1064 1157 rationibus;
1095 1078 1200 1142 vel
1229 1093 1343 1158 per
1385 1072 1926 1156 comparationem
1966 1072 2047 1135 ad
2084 1077 2216 1134 ter-

671 1189 963 1266 minum,
992 1191 1057 1250 et
1088 1181 1706 1249 consummationem
1749 1177 2070 1256 victoriae,
2114 1176 2219 1241 cui

670 1294 1009 1379 respondet
1050 1290 1346 1375 perfectio
1403 1289 1611 1353 meriti
1642 1337 1661 1366 ‚
1722 1293 1784 1350 et
1838 1284 2220 1366 magnitudo

671 1401 922 1486 praemii
945 1448 963 1478 ‚
994 1403 1311 1482 quantum
1354 1396 1434 1460 ad
1466 1393 1905 1459 excellentiam
1935 1389 2219 1456 victoriae

671 1513 736 1574 et
762 1525 1014 1573 coronae
1037 1527 1053 1569 ε
1076 1510 1139 1570 et
1165 1505 1287 1568 boc
1310 1503 1501 1567 modo
1530 1519 1901 1566 concessum
1924 1499 2219 1581 estquod

672 1635 807 1681 non
835 1619 1039 1697 potest
1066 1631 1203 1678 esse
1243 1613 1417 1695 quod
1446 1609 1694 1674 modica
1721 1608 1995 1672 charitas
2026 1605 2216 1670 resis-

673 1727 765 1786 tat
801 1720 1130 1785 tentationi
1158 1736 1441 1801 magnae,
1472 1717 1625 1800 quia
1661 1733 1790 1779 non
1829 1713 2067 1796 patitur
2099 1712 2219 1775 hoc

674 1828 830 1893 ordo
877 1828 1113 1893 divinae
1151 1827 1447 1909 justitiae,
1475 1824 1642 1888 sicut
1681 1820 2056 1906 praedictum
2100 1822 2217 1883 est.

675 1934 752 1998 Et
778 1935 1133 2002 secundum
1176 1934 1345 1997 hanc
1373 1933 1544 1995 viam
1576 1929 1925 2013 procedunt
1953 1931 2083 1990 tres
2111 1943 2220 1989 ra-

675 2043 878 2106 tiones
904 2040 1148 2104 ultimae
1165 2087 1186 2118 ‚
1225 2058 1343 2103 nec
1369 2039 1616 2120 oportet
1644 2035 1919 2118 amplius
1948 2033 2056 2097 hic
2091 2050 2225 2096 mo-

675 2149 805 2212 rari
820 2196 840 2228 ‚
866 2148 1018 2230 quia
1052 2147 1330 2211 rationes
1366 2145 1496 2209 illae
1537 2163 1649 2227 per
1692 2161 1759 2207 se
1817 2140 1968 2205 satis
2010 2139 2225 2204 mani-

677 2254 853 2319 festae
875 2260 1029 2319 sunt
1058 2252 1483 2337 pertractanti.

1179 2455 1582 2550 QUAESTIO
1636 2470 1723 2534 11.

681 2649 776 2705 An
804 2647 954 2703 homo
981 2649 1040 2702 in
1069 2646 1559 2718 quantulacumque
1602 2643 1869 2699 charitate
1905 2645 2227 2701 constitutus

886 2741 1132 2793 teneatur
1156 2739 1376 2790 mortem
1401 2734 1582 2790 subire
1603 2748 1705 2805 pro
1734 2732 1942 2789 Christo
1965 2731 2006 2787 ¹.

765 2901 992 2967 Utrum
1034 2902 1229 2965 homo
1273 2900 1342 2963 in
1378 2897 1964 2981 quantulacumque
2009 2896 2225 2959 chari-

684 3011 808 3070 tate
849 3004 1227 3070 constitutus
1271 3004 1562 3066 teneatur
1600 3005 1872 3064 mortem
1900 3018 2015 3082 pro
2043 2997 2227 3063 Chri-

682 3120 778 3180 sto
829 3114 1087 3192 subire;
1130 3116 1196 3177 et
1239 3111 1410 3194 quod
1439 3111 1550 3190 sic,
1594 3109 1934 3177 videtur¹:
1978 3110 2102 3184 Qui
2128 3126 2226 3177 me

684 3224 1007 3289 erubuerit
1035 3226 1095 3287 et
1123 3236 1290 3287 meos
1317 3234 1655 3295 sermones,
1685 3218 1852 3282 hunc
1882 3217 2095 3283 Filius
2120 3216 2228 3284 ho-

681 3332 882 3396 minis
927 3328 1262 3405 erubescet,
1312 3343 1458 3391 cum
1494 3327 1739 3391 venerit
1773 3327 1848 3391 in
1892 3325 2227 3407 maiestate

683 3453 807 3503 sua
831 3460 856 3502 .·
883 3437 991 3501 sed
1019 3435 1303 3500 Christus
1343 3432 1668 3498 neminem
1697 3433 2043 3513 erubescet,
2075 3451 2226 3497 cum

682 3544 937 3611 venerit
980 3543 1051 3607 in
1089 3544 1415 3624 majestate
1442 3589 1459 3619 ,
1490 3540 1617 3617 nisi
1645 3558 1762 3623 pro
1789 3541 2040 3605 mortali
2076 3560 2227 3623 pec-

683 3657 824 3718 cato
856 3672 872 3717 :
899 3650 954 3715 si
980 3650 1185 3732 igitur
1232 3648 1539 3713 sententia
1592 3647 1712 3710 ista
1756 3648 2072 3730 generalis
2100 3653 2216 3728 est,

682 3759 938 3823 videtur
963 3756 1136 3840 quod
1161 3773 1386 3820 omnes
1428 3754 1778 3819 mortaliter
1806 3760 2086 3838 peccent,
2117 3756 2231 3838 qui

686 3872 755 3934 in
799 3868 1080 3952 periculo
1118 3866 1340 3930 mortis
1367 3866 1754 3930 erubescunt
1778 3866 1990 3949 ipsum
2014 3866 2232 3931 Domi-

689 3994 851 4041 num
889 3973 1176 4040 confiteri
1211 3993 1228 4037 :
1272 3990 1430 4054 ergo
1470 3989 1696 4037 omnes
1728 3976 2028 4038 tenentur
2056 3992 2233 4040 mor-

689 4088 820 4148 tem
846 4099 963 4166 pro
991 4081 1236 4147 Christo
1262 4080 1498 4145 subire.

796 4194 858 4255 2.
908 4188 1066 4252 Item
1088 4189 1110 4224 ⁸
1143 4209 1157 4251 ε
1196 4188 1508 4261 Quoniam
1552 4187 1658 4254 ille
1701 4190 1992 4256 animam
2047 4207 2235 4257 suam

688 4315 806 4383 pro
847 4298 1031 4366 nobis
1073 4300 1315 4381 posuit,
1376 4303 1437 4363 et
1479 4312 1595 4364 nos
1642 4296 1931 4365 debemus
1980 4301 2239 4367 animas

687 4423 806 4490 pro
857 4404 1168 4486 tratribus
1196 4419 1450 4488 ponere.
1499 4404 1565 4469 Si
1613 4423 1773 4486 ergo
1810 4405 2100 4471 Chi-Istus
2122 4425 2238 4490 pro

693 4514 994 4580 omnibus
1034 4512 1318 4578 animam
1347 4512 1588 4595 posuit,
1618 4512 1874 4577 videtur
1898 4514 2068 4597 quod
2096 4532 2238 4579 om-

695 4641 810 4688 nes
849 4626 1147 4686 tenentur
1185 4624 1249 4685 et
1293 4619 1527 4685 debent
1562 4623 1835 4685 mortem
1869 4639 1985 4703 pro
2010 4622 2149 4704 ipso
2178 4627 2241 4687 et

697 4727 1008 4794 membris.
1041 4729 1185 4810 eJus
1212 4726 1463 4806 subire,
1493 4742 1643 4791 cum
1680 4744 1748 4791 se
1790 4726 2090 4792 obtulerit
2123 4747 2243 4813 op-

696 4824 1053 4920 portunitas
1079 4834 1202 4900 loci
1227 4838 1291 4898 et
1312 4835 1640 4917 temporis.

779 4947 841 5008 3.
887 4941 1046 5008 Item
1112 4940 1379 5024 quilibet
1442 4943 1696 5006 tenetur
1761 4941 1906 5024 plus
1972 4942 2243 5026 diligere

700 5051 928 5131 Deum,
956 5065 1153 5133 quam
1181 5065 1373 5114 omne
1401 5051 1710 5130 creatum,
1739 5051 2246 5132 quantumcum-

770 5232 890 5293 ¹Cs.
920 5230 1060 5281 Alex.
1094 5229 1286 5293 Alone„
1314 5232 1478 5293 Ceut„
1504 5245 1556 5294 p.
1592 5232 1675 5294 ΙΙΙ,
1711 5232 1826 5281 coll.
1859 5244 2022 5296 Lxxu,
2052 5239 2148 5286 art.
2179 5240 2244 5301 25

704 5302 880 5365 Stepb.
906 5301 1113 5364 Butler„
1143 5303 1209 5351 III
1230 5303 1388 5365 Seni„
1410 5302 1528 5353 dist..
1561 5314 1687 5366 xxx,
1711 5317 1761 5366 q.
1785 5315 1851 5366 υς
1886 5305 2035 5356 Guill.
2059 5307 2245 5372 Voril„

704 5372 767 5423 Iu
795 5372 959 5439 sent„
985 5371 1103 5423 dist.
1127 5382 1257 5433 xxx,
1285 5386 1338 5438 q.
1364 5384 1401 5425 1.
1422 5398 1485 5410 -—
1505 5373 1677 5436 ἰωὴ,
1702 5385 1777 5439 11,
1803 5377 1884 5427 26.
1904 5403 1967 5415 —
1985 5377 2043 5427 ιΙ
2075 5379 2245 5443 loom,

1789 392 2415 463 SENTENTIARUM
2453 393 2602 458 Lm.
2646 392 2754 457 ΙΙΙ.

2322 548 2452 613 que
2491 529 2573 593 sit
2617 527 3022 611 imperfectus
3066 547 3083 589 :
3137 522 3870 606 ergoqnilibettenetur

2322 653 2442 719 pro
2469 636 2716 700 honore
2746 634 2850 702 Dei
2879 637 2941 697 et
2973 631 3177 713 gloria
3214 629 3684 714 parvipendere
3707 649 3778 694 se
3812 634 3872 694 et

2324 761 2486 807 sua:
2522 759 2670 806 cum
2711 742 2915 821 igitur
2962 739 3403 823 opportunitas
3460 736 3772 819 temporis
3808 754 3872 800 se

2326 849 2512 915 offert
2537 898 2555 928 ,
2602 847 2854 913 videtur
2883 849 3057 930 quod
3082 846 3349 930 quilibet
3374 849 3672 909 teneatur
3701 861 3867 907 mor·

2324 963 2456 1024 tem
2488 976 2604 1042 pro
2632 957 2878 1023 Christo
2903 957 3143 1022 subire.

2406 1069 2468 1131 4.
2521 1064 2679 1131 Item
2736 1062 3313 1147 incomparabiliter
3360 1061 3508 1145 plus
3549 1059 3872 1142 diligenda

2327 1178 2482 1238 sunt
2524 1174 2693 1239 bona
2736 1177 2979 1238 aeterna
2993 1221 3013 1252 ,
3042 1189 3237 1254 quam
3270 1169 3653 1252 temporalia
3669 1217 3688 1246 ,
3717 1169 3873 1234 simt

2328 1285 2906 1369 incomparabiliter
2945 1289 3096 1349 sunt
3139 1283 3405 1347 meliora
3448 1301 3468 1344 ε
3516 1281 3630 1346 sed
3671 1298 3873 1346 unus-

2327 1399 2604 1482 quisque
2642 1398 2915 1461 libenter
2949 1396 3057 1460 dat
3099 1395 3258 1460 illud
3286 1394 3459 1476 quod
3484 1392 3708 1457 minus
3734 1391 3870 1456 dili·

2329 1506 2448 1587 git,
2477 1523 2595 1588 pro
2621 1522 2698 1569 eo
2726 1504 2897 1586 quod
2923 1503 3135 1584 magis
3164 1501 3373 1583 diligit
3401 1522 3419 1566 ε
3449 1501 3505 1565 si
3546 1519 3711 1582 ergo
3737 1518 3869 1564 om-

2328 1630 2443 1677 nes
2469 1616 2771 1676 tenentur
2786 1611 2866 1675 ad
2889 1609 3292 1691 diligendum
3310 1609 3457 1690 plus
3475 1609 3683 1674 vitam
3703 1613 3876 1673 aeter·

2329 1739 2482 1786 nam
2504 1771 2522 1798 ,
2552 1738 2749 1805 quam
2778 1719 3228 1803 temporalem,
3259 1717 3517 1782 videtur
3541 1717 3719 1800 quod
3739 1735 3872 1782 om·

2329 1845 2443 1892 nes
2468 1830 2809 1892 teneantur
2831 1826 2994 1891 velle
3024 1827 3295 1891 libenter
3335 1825 3532 1889 morti
3563 1843 3877 1907 exponere

2332 1939 2711 2017 praesentem
2753 1935 2955 1998 vitam
2974 1983 2997 2013 ,
3032 1938 3109 1997 ut
3148 1934 3477 1997 lucrentur
3519 1937 3826 1995 aeternam
3854 1953 3869 1992 z

2331 2040 2440 2105 sed
2461 2041 2635 2123 quod
2661 2041 2859 2105 homo
2882 2045 3136 2105 tenetur
3168 2039 3246 2121 (a)
3281 2039 3471 2117 velle,
3507 2056 3629 2121 pro
3653 2038 3792 2102 loeo
3817 2042 3875 2101 et

2329 2152 2615 2231 tempore
2662 2152 2914 2213 tenetur
2960 2149 3164 2211 facere
3196 2167 3211 2209 :
3243 2162 3401 2226 ergo
3421 2193 3443 2225 ,
3496 2145 3875 2228 opportuni-

2331 2259 2459 2321 tate
2485 2274 2552 2320 se
2579 2255 2906 2333 offerente,
2936 2254 3194 2320 videtur
3220 2251 3395 2334 quod
3415 2270 3646 2317 omnes
3668 2257 3875 2316 tenen·

2332 2368 2440 2427 tur
2461 2366 2735 2428 mortem
2764 2379 2881 2445 pro
2903 2360 3149 2426 Christo
3175 2359 3412 2425 subire.

2413 2468 2539 2535 Sed
2580 2466 3227 2548 contra⁸1Maiorem
3271 2466 3662 2533 charitatem
3703 2481 3877 2532 nemo
3901 2476 4060 2519 m

2332 2577 2540 2656 habet,
2570 2583 2647 2645 ut
2672 2579 2960 2643 animam
2986 2592 3175 2642 suam
3196 2581 3398 2658 ponat
3425 2577 3579 2657 quis
3589 2591 3710 2657 pro
3726 2576 3877 2642 avai-

2333 2688 2428 2752 cis
2473 2688 2616 2752 suis
2640 2703 2854 2766 :ergo
2894 2687 3168 2749 mortem
3209 2701 3328 2766 pro
3367 2682 3621 2749 Christo
3673 2683 3879 2747 subire

2335 2793 2593 2858 videtur
2636 2791 3038 2875 perfectionis
3072 2791 3376 2855 maximae
3407 2809 3424 2853 ε
3455 2790 3570 2855 sed
3594 2789 3881 2855 homines

2334 2900 2688 2982 imperfecti
2730 2917 2866 2964 non
2900 2900 3203 2962 tenentur
3229 2897 3310 2961 ad
3341 2915 3538 2979 opera
3557 2897 3880 2979 perfectio-

2333 3007 2436 3076 nis
2467 3027 2483 3070 ε
2520 3022 2679 3087 ergo
2724 3023 2860 3070 non
2896 3022 3120 3071 omnes
3142 3008 3442 3071 tenentur
3466 3008 3744 3069 mortem
3770 3021 3879 3086 pro

2335 3113 2583 3179 Christo
2610 3111 2853 3179 subire.
3044 3103 3052 3111 '

2415 3221 2575 3285 Item
2606 3238 2802 3303 super
2854 3219 3013 3284 illud
3045 3222 3067 3255 ⁸
3109 3240 3124 3283 ε
3156 3219 3529 3285 Humanum
3564 3219 3714 3286 dico
3737 3234 3875 3301 pro·

2331 3335 2479 3411 pter
2505 3329 2961 3408 infirmitatem
2989 3328 3212 3394 carnis
3237 3336 3474 3395 nostroe
3497 3328 3603 3410 (b).·
3630 3327 3869 3393 Glossa:

2345 3460 2376 3498 α
2402 3436 2828 3501 Inveniuntur
2853 3433 3089 3516 aliqui,
3122 3435 3238 3514 qui
3278 3441 3670 3518 praeponunt
3700 3438 3881 3518 Justi-

2334 3546 2445 3609 tiae
2472 3544 2876 3609 dilectionem
2900 3543 3341 3626 voluptatibus
3360 3546 3592 3622 carniS,
3616 3563 3735 3628 pro
3750 3548 3879 3627 jus·

2337 3653 2472 3717 titia
2510 3656 2728 3717 tamen
2757 3668 2977 3734 poenas
3014 3656 3420 3734 mortemque
3447 3653 3813 3720 formidant.
3841 3675 3869 3712 υ

2338 3759 2462 3825 Sed
2510 3762 2758 3825 constat
2809 3758 2982 3841 quod
3042 3760 3397 3824 secundum
3446 3761 3878 3826 auctoritatem

2338 3867 2647 3950 Apostoli,
2673 3871 2749 3931 ut
2765 3867 2917 3932 dicit
2934 3867 3172 3947 Glossa,
3204 3868 3361 3932 tales
3382 3872 3534 3933 sunt
3559 3872 3737 3936 servi
3749 3869 3881 3951 ,ius-

2341 3976 2513 4042 titioe
2539 3996 2564 4040 .·
2600 3992 2759 4057 ergo
2802 3992 2952 4039 cum
2999 3974 3157 4039 tales
3205 3981 3483 4040 mortem
3534 3977 3877 4060 refugiant,

2341 4082 2595 4147 videtur
2619 4081 2791 4165 quod
2818 4087 3157 4147 teneantur
3195 4086 3468 4148 mortem
3499 4102 3619 4167 pro
3645 4084 3880 4150 Christo

2343 4189 2507 4256 velle
2522 4189 2761 4254 subire.

2426 4297 2586 4362 Item
2654 4298 3065 4381 Augustinus
3118 4299 3303 4379 dicit,
3359 4304 3424 4364 et
3491 4300 3768 4367 habetur
3817 4303 3879 4365 in

2344 4405 2474 4469 fine
2525 4405 2938 4487 praecedentis
2979 4405 3399 4470 distinctionis
3438 4407 3462 4443 ⁸
3494 4422 3511 4468 :
3552 4430 3586 4469 α
3613 4407 3883 4474 Perfecta

2346 4511 2621 4576 charitas
2647 4512 2788 4576 haec
2814 4515 2929 4591 est,
2962 4515 3037 4576 ut
3062 4514 3209 4594 quis
3234 4518 3497 4596 paratus
3522 4516 3605 4580 sit
3627 4535 3744 4600 pro
3764 4519 3881 4601 fra-

2348 4618 2553 4682 tribus
2593 4619 2791 4698 mori3
2827 4640 2858 4678 ι
2895 4623 2959 4682 et
2982 4616 3107 4682 hoc
3137 4626 3399 4701 apparet
3421 4639 3536 4703 per
3563 4623 3688 4689 hoc
3723 4625 3881 4709 quod

2348 4723 2592 4807 praelati
2628 4729 2935 4790 tenentur
2960 4725 3041 4788 ad
3067 4726 3381 4806 majorem
3414 4730 3880 4811 perfectionem,

2349 4849 2548 4914 quam
2586 4832 2823 4896 subditi
2854 4855 2872 4896 z
2902 4833 2966 4896 et
3002 4848 3260 4895 summa
3297 4835 3628 4918 perfectio,
3671 4854 3819 4920 quae
3850 4857 3886 4903 a

2350 4939 2613 5023 praelato
2639 4940 2950 5023 exigitur,
2981 4934 3079 5004 est
3115 4944 3191 5003 ut
3229 4948 3423 5027 ponat
3461 4947 3748 5012 animam
3778 4965 3887 5032 pro

2350 5046 2620 5112 subditis
2639 5095 2657 5128 ,
2710 5049 3067 5116 secundum
3115 5053 3271 5120 illud
3299 5061 3322 5098 '¹
3354 5075 3371 5117 ε
3415 5057 3634 5123 Bonus
3678 5060 3889 5137 pastor

2356 5235 2433 5308 ιρι,
2463 5227 2540 5305 ¹⁶:
2572 5224 2855 5288 —⁸1m.,
2884 5237 2973 5289 xv,
3006 5230 3082 5278 13.
3108 5255 3167 5266 —
3191 5229 3214 5265 ⁸
3239 5231 3393 5295 Rom„
3418 5243 3491 5297 vr,
3518 5236 3595 5289 ¹9.
3628 5260 3679 5269 —
3703 5233 3888 5311 ‘Ang.,

2354 5310 2408 5345 m
2435 5296 2603 5358 Epist.
2630 5295 2657 5345 1
2674 5297 2837 5361 loon„
2865 5301 3012 5349 tract.
3042 5302 3192 5351 v.—⁷
3213 5303 3377 5363 loon„
3398 5317 3456 5362 x,
3482 5307 3531 5354 2.
3812 5310 3823 5317 '

2415 5380 2484 5443 (a)
2504 5378 2646 5430 aare.
2682 5379 2793 5431 ναι.
2826 5384 3079 5435 teneatur.
3096 5411 3163 5424 -
3180 5384 3250 5452 (b)
3273 5386 3422 5452 ναις.
3452 5391 3647 5441 vestm.
