4185 6288
444 1681 652 1726 runa-m.

453 4403 523 4448 Ad
555 4420 660 4466 opp.

682 480 763 541 ΔΕ

680 610 1027 694 sumpserit
1044 628 1269 674 veram
1296 628 1586 689 carnem;
1613 609 1890 674 secundo
1912 604 2230 689 quaeritur

682 722 908 782 utrum
936 717 1220 782 Christus
1240 717 1542 782 habuerit
1563 735 1788 783 veram
1815 715 2102 780 animam
2130 730 2230 775 ra-

681 824 1020 902 tionalem3
1068 825 1253 889 tertio
1296 826 1611 908 quaeritur
1650 829 1876 888 utrum
1920 822 2227 898 Christus,

680 932 1062 996 assumendo
1096 950 1353 997 carnem
1390 932 1771 1009 humanam,
1806 930 2082 1013 speciem
2118 946 2230 992 ac-

680 1039 938 1121 ceperit,
967 1057 1081 1103 seu
1105 1039 1405 1104 habuerit
1431 1057 1866 1104 communem.

1240 1342 1595 1421 QUAESTIO
1638 1343 1685 1407 l.

824 1515 917 1571 An
943 1515 1184 1573 Christus
1211 1519 1557 1590 assumpserit
1582 1532 1767 1573 veram
1796 1498 2011 1574 carnem
2041 1520 2082 1574 ¹.

763 1673 990 1739 Utrum
1038 1674 1322 1739 Christus
1366 1678 1782 1759 assumpserit
1824 1695 2046 1742 veram
2094 1698 2232 1742 car-

680 1801 865 1860 nem;
900 1785 962 1847 et
992 1782 1165 1866 quod
1199 1783 1311 1862 sic,
1345 1784 1600 1849 videtur
1627 1802 1740 1866 per
1771 1784 1930 1849 illud
1959 1786 2183 1852 Lucae²
2214 1806 2231 1851 ε

680 1887 944 1970 palpate
982 1896 1043 1955 et
1081 1888 1320 1970 videte,
1358 1894 1518 1974 quia
1560 1893 1841 1972 spiritus
1880 1908 2140 1959 carnem
2177 1899 2238 1961 et

681 2010 828 2061 ossa
853 2013 984 2063 non
1012 1997 1217 2064 habet.
1253 1998 1317 2062 Si
1348 2017 1507 2080 ergo
1537 1999 1825 2064 Christus
1854 2005 1996 2082 post
2019 2019 2237 2064 resur-

681 2103 1029 2168 rectionem
1058 2123 1278 2169 veram
1308 2123 1570 2170 carnem
1596 2107 1848 2183 habuit,
1879 2109 2237 2193 necessario

682 2211 972 2294 sequitur
999 2213 1174 2294 quod
1198 2220 1368 2276 ante.

767 2316 927 2382 Item
981 2318 1453 2384 Damascenus⁸
1497 2342 1513 2385 ε
1567 2343 1599 2383 α
1647 2320 1829 2398 Quod
1873 2324 2011 2385 erat
2060 2321 2238 2386 inas-

686 2426 1082 2510 sumptibile,
1135 2431 1272 2491 erat
1314 2428 1669 2494 incurabile
1709 2452 1725 2494 z
1766 2452 1799 2490 n
1851 2447 2010 2511 ergo
2064 2428 2238 2512 quod

682 2531 805 2596 fuit
831 2533 1136 2612 curabile,
1167 2539 1302 2598 erat
1331 2536 1799 2619 assumptibile;
1831 2541 1897 2601 et
1921 2537 2094 2619 quod
2117 2536 2240 2600 fuit

683 2644 1005 2718 curatum,
1042 2642 1164 2705 fuit
1193 2648 1594 2725 assumptum
1621 2665 1637 2707 ε
1671 2644 1779 2708 sed
1814 2661 1949 2707 non
1985 2646 2237 2706 tantum

681 2747 920 2827 anima,
950 2749 1059 2813 sed
1093 2749 1288 2813 etiam
1321 2768 1470 2814 caro
1498 2755 1873 2833 receperunt
1908 2769 2020 2833 per
2052 2750 2238 2816 Chri-

681 2859 856 2921 stum
886 2855 1287 2922 curationem
1317 2875 1335 2921 :
1380 2876 1562 2939 ergo,
1591 2863 1712 2923 etc.

764 2961 921 3026 Item
965 2982 1099 3027 non
1140 2964 1422 3028 nascitur
1457 2965 1653 3029 homo
1690 2984 1773 3029 ex
1805 2965 2070 3031 homine
2110 2966 2238 3031 nisi

682 3087 765 3133 ex
806 3088 996 3134 carne
1027 3092 1043 3134 ι
1075 3070 1186 3135 sed
1227 3070 1512 3135 Christus
1551 3076 1744 3136 natus
1790 3077 1854 3136 et
1890 3077 2238 3157 conceptus

682 3178 805 3242 suit
847 3196 930 3242 ex
975 3178 1173 3244 Maria
1211 3177 1477 3261 Virgine
1510 3202 1526 3245 :
1572 3199 1730 3262 ergo
1772 3199 1995 3247 veram
2037 3201 2121 3248 ex
2161 3201 2239 3248 ea

685 3285 880 3349 traxit
910 3304 1193 3350 carnem.

764 3390 922 3456 Item
951 3412 1098 3459 caro
1124 3413 1278 3459 vera
1301 3399 1396 3460 est
1419 3397 1773 3460 necessario
1796 3397 1876 3461 de
1903 3416 2058 3463 vera
2086 3417 2234 3463 con-

683 3498 1013 3565 stitutione
1040 3500 1319 3566 hominis
1348 3522 1365 3567 ε
1404 3520 1563 3584 ergo
1602 3504 1655 3566 si
1698 3502 1983 3569 Christus
2023 3508 2238 3572 caruit

687 3625 839 3672 vera
879 3628 1099 3690 carne,
1143 3610 1346 3674 caruit
1386 3629 1541 3675 vera
1581 3612 1982 3678 humanitate
2013 3637 2027 3678 ε
2076 3620 2140 3680 et
2179 3615 2236 3678 si

686 3734 840 3779 vera
890 3717 1289 3782 humanitate
1341 3720 1573 3795 caruit,
1625 3721 1833 3784 caruit
1882 3741 2037 3786 vero
2085 3742 2238 3787 san-

684 3823 921 3904 guine,
973 3829 1037 3889 et
1076 3842 1231 3889 vero
1279 3827 1483 3909 pretio
1531 3827 2030 3911 redemptionis:
2076 3850 2237 3913 ergo

686 3936 817 3998 tota
843 3939 1058 3999 nostra
1091 3935 1250 4000 fides
1282 3940 1378 4001 est
1403 3937 1616 4002 inanIs
1649 3960 1664 4004 z
1698 3940 1870 4021 quod
1895 3940 1951 4004 si
1974 3940 2098 4006 hoc
2132 3943 2236 4007 di-

686 4061 829 4108 cere
866 4049 960 4108 est
992 4045 1310 4109 haereticae
1346 4047 1699 4128 pravitatiS,
1737 4049 2110 4113 haereticum
2144 4057 2239 4116 est

687 4156 750 4213 et
785 4169 955 4216 verae
988 4151 1135 4216 fidei
1173 4153 1611 4218 adversarium
1648 4171 1880 4235 ponere
1916 4155 2237 4223 Christum

686 4277 820 4324 non
845 4260 1148 4326 habuisse
1174 4280 1395 4326 veram
1424 4281 1684 4327 carnem
1710 4264 2086 4329 humanam.

768 4366 891 4432 Sed
938 4375 1197 4434 contra*
1229 4387 1247 4432 ε
1289 4369 1449 4436 Caro
1488 4373 1886 4454 concupiscit
1925 4372 2238 4440 adversus

689 4478 991 4559 spiritum
1009 4499 1033 4540 .·
1056 4479 1163 4544 sed
1195 4480 1264 4543 in
1284 4478 1534 4544 Christo
1563 4481 1836 4546 nonfuit
1857 4482 2072 4564 aliqua
2090 4500 2238 4546 con-

688 4587 1095 4669 cupiscentia,
1130 4587 1232 4653 vel
1265 4587 1649 4653 inordinatio
1686 4612 1702 4654 2
1746 4608 1904 4671 ergo
1931 4608 2051 4653 nec
2082 4608 2236 4654 vera

687 4713 857 4759 caro.
1258 4687 1262 4691 ’

765 4806 827 4866 2.
871 4802 1113 4869 Item⁸:
1155 4805 1278 4879 Qui
1321 4804 1399 4871 de
1438 4812 1616 4871 terra
1649 4810 1774 4882 est,
1814 4804 1894 4871 de
1928 4812 2101 4872 terra
2144 4805 2237 4872 lo-

683 4912 906 4992 quitur
916 4928 945 4994 ;
966 4913 1082 4994 qui
1106 4919 1321 4979 autem
1352 4912 1432 4979 de
1459 4911 1611 4979 coelo
1637 4914 1843 4992 venit,
1874 4928 2067 4995 super
2100 4930 2238 4982 om-

684 5034 798 5083 nes
823 5024 938 5086 est.
970 5020 1044 5084 In
1069 5020 1192 5084 hoc
1218 5009 1437 5086 autem
1473 5020 1843 5101 assignatur
1877 5021 2236 5086 differentia

684 5125 910 5190 Christi
948 5127 1029 5191 ad
1068 5127 1228 5192 alios
1269 5128 1584 5192 homines.
1624 5126 1749 5193 Sed
1790 5127 1901 5191 alii
1939 5129 2238 5194 homines

750 5253 764 5286 ¹
800 5251 951 5314 Cf.S.
981 5253 1189 5314 'l'hom„
1206 5269 1259 5317 p.
1294 5255 1447 5317 ttt‚q.
1478 5266 1539 5316 v,
1568 5254 1733 5314 art.l;
1762 5258 1813 5304 et
1845 5255 1905 5304 til
1927 5255 2087 5317 Sena,
2109 5256 2229 5307 dist.

686 5335 745 5388 11,
762 5338 813 5388 q.
837 5337 882 5388 1,
901 5329 997 5376 art.
1017 5327 1077 5389 33
1102 5330 1155 5375 et
1172 5327 1229 5377 tv
1254 5329 1428 5376 contra
1448 5325 1618 5390 Geni„
1638 5341 1692 5391 q.
1731 5338 1857 5377 xx1x
1874 5362 1891 5388 ,
1910 5339 2233 5392 xxx‚xn1v;

687 5399 740 5445 et
766 5395 828 5444 de
848 5397 1067 5448 Patent..
1109 5411 1164 5463 q.
1194 5408 1268 5458 vl,
1307 5401 1404 5446 art.
1429 5399 1485 5457 7;
1532 5398 1700 5462 AEgid.
1743 5399 1915 5462 Rom„
1961 5400 2023 5449 ill
2070 5400 2234 5464 Seni„

685 5465 805 5517 dist.
828 5479 888 5533 ιι,
911 5482 961 5532 p.
997 5469 1061 5535 n,
1084 5482 1136 5534 q.
1160 5467 1522 5533 1v3Richa1-d„
1549 5470 1610 5519 ΙΙΙ
1640 5470 1800 5531 Sem„
1820 5470 1937 5521 dist.
1965 5482 2031 5533 ιι,
2060 5475 2159 5521 art.
2186 5474 2236 5536 2,

1808 467 2435 538 SENTENTIARUM
2476 467 2626 533 LIB.
2667 467 2776 534 111.

2340 602 2420 667 de
2451 606 2621 669 terra
2657 606 2832 681 sunt,
2869 603 3026 687 quia
3065 621 3298 685 corpus
3331 621 3557 668 eorum
3596 604 3676 670 de
3716 607 3886 669 terra

2338 714 2434 774 est
2465 732 2482 775 z
2516 728 2674 792 ergo
2715 728 2947 794 corpus
2982 708 3211 774 Christi
3249 728 3381 775 non
3421 710 3543 775 suit
3578 710 3659 776 de
3689 714 3881 788 terra,

2339 834 2459 882 nec
2499 816 2579 881 de
2624 816 2766 881 aliis
2808 817 3162 894 elementis,
3206 816 3370 881 sicut
3411 817 3537 882 alia
3571 835 3879 900 corpora:

2339 942 2498 1005 ergo
2520 924 2775 989 videtur
2790 925 2964 1007 quod
2985 943 3117 989 non
3139 925 3367 990 habuit
3387 942 3610 990 veram
3628 942 3883 990 carnem

2339 1029 2717 1095 humanam.

2420 1143 2482 1204 3.
2534 1139 2692 1204 Item
2737 1140 2891 1205 unio
2927 1140 3367 1225 praesupponit
3402 1140 3472 1205 in
3515 1139 3744 1205 unibili
3780 1157 3886 1204 ra-

2339 1247 2580 1312 tionem
2618 1248 2962 1330 imaginis;
3005 1248 3178 1313 unde
3217 1251 3511 1313 creatura
3549 1247 3885 1312 irrationa-

2341 1353 2486 1419 bilis
2513 1374 2645 1420 non
2670 1341 2863 1420 habet
2889 1356 2960 1419 in
2986 1375 3055 1420 se
3081 1356 3555 1438 congruitatem
3581 1354 3664 1420 ad
3691 1353 3887 1420 unio-

2341 1479 2494 1526 nem
2534 1462 2722 1527 istam
2761 1463 3158 1546 personalem
3190 1485 3207 1527 z
3257 1464 3366 1529 sed
3405 1462 3700 1527 humana
3744 1478 3887 1526 caro

2343 1584 2475 1629 non
2503 1564 2696 1631 habet
2719 1566 2790 1630 in
2818 1586 2886 1631 se
2920 1560 3274 1649 imaginem
3302 1565 3438 1647 Dei,
3471 1566 3628 1649 quia
3652 1565 3761 1629 illa
3795 1569 3889 1630 est

2344 1672 2412 1735 in
2441 1674 2758 1757 superiori
2784 1675 3075 1758 portione
3104 1674 3369 1738 rationis
3398 1696 3416 1737 ι
3446 1691 3606 1755 ergo
3631 1691 3764 1738 non
3789 1672 3890 1738 vi-

2344 1779 2529 1845 detur
2549 1782 2723 1863 quod
2749 1800 2789 1845 a
2825 1781 3027 1849 Verbo
3057 1781 3164 1845 Dei
3190 1782 3420 1846 habeat
3440 1781 3706 1846 assumi.

2422 1891 2486 1954 4.
2534 1887 2694 1952 Item
2744 1888 3152 1954 excellentior
3198 1892 3295 1953 est
3346 1889 3557 1970 gratia
3608 1887 3889 1967 unionis,

2344 2014 2542 2078 quam
2586 1995 2956 2061 fruitionis:
2999 1997 3111 2060 sed
3152 1996 3368 2061 fruitio
3415 2014 3551 2062 non
3597 1996 3893 2062 convenit

2347 2103 2574 2169 Christi
2615 2103 2793 2168 carni
2824 2121 2844 2169 z
2883 2122 3042 2185 ergo
3084 2106 3289 2169 multo
3326 2104 3547 2170 minus
3589 2123 3710 2168 nec
3742 2104 3895 2169 unio

2346 2213 2426 2277 ad
2461 2213 2758 2278 deitatem
2799 2235 2815 2279 :
2858 2231 3018 2297 ergo
3063 2232 3179 2277 nec
3224 2212 3510 2277 Christus
3558 2211 3898 2295 assumpsit

2346 2339 2569 2386 veram
2596 2339 2878 2386 carnem.

2426 2432 2487 2493 5.
2517 2429 2678 2494 Item
2703 2429 2861 2494 unio
2885 2428 3035 2495 facit
3064 2427 3714 2494 communicationem
3737 2427 3896 2493 idio-

2346 2541 2597 2602 matum
2638 2558 2655 2602 :
2694 2537 2804 2600 sed
2837 2554 2986 2601 caro
3020 2535 3251 2600 Christi
3284 2554 3419 2601 non
3458 2535 3685 2620 recipit
3722 2553 3894 2600 com-

2349 2643 2846 2708 municationem
2876 2643 3257 2708 idiomatum
3292 2647 3616 2726 quantum
3642 2642 3724 2713 ad
3750 2661 3896 2725 pro-

2346 2751 2644 2835 prietates
2678 2749 2951 2828 divinaS,
2982 2768 3131 2816 caro
3163 2751 3342 2816 enim
3374 2768 3509 2815 non
3549 2754 3647 2827 est
3680 2750 3886 2815 Deus:

2345 2875 2505 2938 ergo
2527 2856 2780 2923 videtur
2798 2857 2970 2941 quod
2987 2874 3119 2921 non
3136 2862 3232 2923 est
3247 2858 3433 2923 unita
3448 2856 3554 2924 vel
3574 2861 3896 2939 assumpta

2345 2984 2386 3030 a
2410 2963 2619 3030 Verbo
2641 2964 2776 3031 Dei.

2888 3211 3343 3279 CONCLUSIO.

2351 3383 2586 3441 Verbum
2607 3384 2894 3456 ammpsit
2911 3396 3094 3439 veram
3123 3396 3335 3438 carnem
3355 3422 3376 3447 ,
3396 3396 3684 3454 υεηιηιᾳυε
3710 3395 3892 3454 corpus

2415 3472 2479 3528 de
2513 3472 2688 3529 eodem
2715 3488 2898 3542 gernere
2915 3472 3059 3545 quod
3081 3487 3175 3528 nos
3194 3471 3446 3528 habemus
3459 3514 3479 3544 ‚
3510 3488 3579 3529 ex
3595 3475 3744 3529 utero
3775 3470 3892 3526 bea-

2417 3566 2486 3617 τω
2525 3563 2792 3632 Virginis.

2427 3719 2612 3803 Resp.
2664 3720 2744 3784 ad
2793 3738 3051 3802 argum.
3112 3719 3462 3786 Dicendum
3506 3720 3680 3803 quod
3729 3718 3888 3783 circa

2347 3829 2467 3892 hoc
2495 3828 2617 3892 fuit
2645 3828 2878 3911 triplex
2907 3830 3136 3894 modus
3163 3829 3410 3893 dicendi
3443 3848 3461 3892 ε
3495 3832 3559 3892 et
3585 3828 3712 3892 duo
3741 3830 3887 3890 sunt

2346 3937 2657 4018 haeretici,
2697 3938 2920 4004 tertius
2951 3942 3047 4002 est
3078 3937 3447 4002 catholicus.
3481 3935 3751 4014 Quidam
3784 3934 3879 3999 di·
3908 3935 4081 4037 Qjffig·

2348 4064 2489 4111 cere
2517 4046 2746 4111 volunt
2769 4046 2941 4129 quod
2969 4046 3197 4110 Christi
3229 4063 3376 4109 caro
3415 4063 3550 4110 non
3588 4046 3710 4110 suit
3742 4061 3882 4108 caro
3941 4060 4064 4101 nim

2347 4175 2521 4236 vera,
2560 4156 2667 4221 sed
2707 4174 2855 4220 caro
2890 4156 3285 4238 phantastica
3316 4177 3332 4219 :
3369 4159 3436 4220 et
3463 4154 3587 4218 hoc
3623 4152 3880 4237 quidam
3940 4133 4038 4165 ‘'¹¹¹'‘

2348 4263 2661 4341 dicebant,
2695 4263 2850 4345 quia
2871 4263 3169 4327 indecens
3202 4263 3294 4326 eis
3325 4262 3664 4327 videbatur
3688 4259 3883 4325 Deum

2347 4375 2526 4438 uniri
2570 4381 2820 4439 natnrae
2865 4392 3209 4457 corporeae.
3256 4372 3376 4438 Sed
3427 4373 3528 4449 hi,
3574 4372 3730 4437 dum
3772 4387 3882 4433 vo·
3912 4385 4079 4445 ιωρωι.

2308 4523 2311 4526 ι
2347 4481 2612 4546 luerunt
2645 4482 2848 4546 vitare
2885 4500 3200 4565 apparens
3227 4479 3706 4556 inconveniens,
3734 4475 3886 4541 inci·-

2348 4587 2580 4652 derunt
2607 4588 2676 4653 in
2704 4607 2938 4653 verum
2972 4587 3468 4665 inconveniens3
3501 4591 3565 4650 et
3590 4586 3746 4650 dum
3770 4600 3889 4648 vo-

2348 4694 2492 4759 lunt
2540 4694 2669 4760 Deo
2723 4695 2986 4759 reddere
3040 4694 3299 4759 laudem
3355 4698 3761 4776 apparenter,
3822 4690 3889 4753 in

2348 4802 2808 4885 blasphemiam
2858 4802 3221 4865 inciderunt
3267 4802 3600 4867 veraciter.
3654 4799 3888 4865 Ponere

2348 4911 2523 4975 enim
2566 4910 2738 4992 quod
2791 4910 3078 4976 Christus
3121 4928 3379 4973 carnem
3423 4909 3651 4974 habuit
3692 4908 3890 4990 phan-

2348 5019 2635 5083 tasticam
2654 5065 2672 5094 ,
2719 5021 2814 5081 est
2862 5017 3136 5099 perfecto
3182 5019 3528 5083 attribuere
3572 5015 3890 5101 imperfec-

2348 5127 2614 5203 tionem,
2637 5129 2702 5191 et
2727 5125 2979 5190 veritati
3011 5124 3468 5209 deceptionem.
3493 5125 3560 5190 Si
3587 5125 3759 5191 enim
3785 5138 3887 5188 ve-

2350 5340 2399 5389 q.
2432 5338 2483 5389 13
2516 5323 2696 5389 Steph.
2735 5323 2945 5388 Brulef„
2970 5324 3036 5374 ΙΙΙ
3067 5323 3224 5383 Sem„
3251 5323 3369 5374 dist.
3390 5336 3447 5381 11.
3478 5339 3531 5389 q.
3558 5323 3880 5382 tv.-¹Luc.‚

2349 5409 2495 5461 xxiv,
2524 5399 2604 5448 39.
2625 5396 2723 5434 —⁸
2742 5397 3005 5459 Damaso„
3026 5395 3088 5445 de
3109 5394 3319 5444 Orthod.
3345 5394 3480 5456 Fid„
3510 5395 3597 5446 lib.
3627 5395 3715 5459 ΙΙΙ,
3736 5407 3780 5444 c.
3807 5404 3876 5443 ιι.

2349 5500 2413 5511 -
2431 5471 2454 5506 ⁸
2485 5469 2683 5532 Galat„
2708 5480 2759 5535 v,
2794 5470 2871 5520 Π.
2896 5494 2950 5505 -
2977 5468 3183 5532 ιΙοιιπ.,
3208 5479 3288 5531 111,
3314 5469 3394 5518 31.
