4185 6288
1166 486 1545 557 nlsTmc'r.
1582 488 1687 558 vl.
1771 486 1952 556 ΛΒΤ.
1997 487 2046 553 1.
2087 484 2385 565 QUAEST.
2425 486 2530 553 111.
3323 498 3442 562 133

272 625 766 694 «CumChristus
795 627 1116 710 perfectus
1159 624 1242 689 sit
1278 623 1472 706 Dens,
1521 630 1586 691 et
1632 642 1778 710 per-

264 737 427 801 fectus
463 733 687 814 bomo,
737 752 875 816 qua
908 733 1259 798 temeritate
1302 732 1540 799 audent
1583 733 1781 817 aliqui

264 844 453 925 dicere,
481 842 659 926 quod
687 841 979 905 Christus
1007 859 1134 906 non
1161 843 1255 905 est
1289 839 1526 923 aliquid
1559 860 1782 907 secun-

264 952 388 1016 dum
411 949 583 1034 qnod
610 949 813 1014 homo
830 950 863 1012 Ἰ
889 969 921 1006 1·
958 947 1128 1029 Ergo
1154 947 1507 1013 secundum
1537 953 1780 1015 senten·

262 1060 386 1123 tiam
429 1056 784 1123 Alexandri
817 1075 1002 1140 papae
1040 1057 1235 1121 homo
1275 1057 1661 1140 praedicatur
1701 1057 1781 1122 de

263 1164 470 1231 Christo
497 1184 615 1249 per
644 1165 918 1230 modum
944 1163 1339 1229 substantiae.

324 1273 466 1339 Item
486 1273 850 1338 substantia
878 1271 1041 1336 nulli
1066 1276 1158 1336 est
1180 1271 1472 1337 accidens
1486 1319 1504 1348 ‚
1540 1277 1613 1337 ut
1640 1272 1782 1338 vult

261 1375 654 1459 Philosophus
670 1377 688 1410 ¹
713 1375 862 1439 :sed
889 1374 1174 1439 humana
1192 1372 1423 1440 natura
1445 1376 1514 1440 in
1535 1375 1780 1440 Christo

260 1488 336 1548 est
369 1483 722 1550 substantia
764 1504 780 1547 z
837 1501 996 1565 ergo
1040 1501 1169 1547 non
1216 1483 1445 1548 accidit
1491 1501 1779 1567 personae

257 1585 433 1653 Verbi.

321 1693 501 1773 Item,
549 1693 605 1756 si
648 1692 944 1757 humana
987 1695 1219 1758 natura
1245 1692 1468 1783 accidit
1494 1692 1776 1773 Christo,

258 1806 351 1866 snt
366 1801 583 1867 accidit
613 1799 864 1864 Christo
894 1798 1040 1879 Dec,
1070 1805 1182 1865 aut
1210 1799 1457 1865 Christo
1484 1800 1772 1866 homini:

259 1908 473 1975 Christo
500 1908 756 1974 homini
785 1925 917 1972 non
938 1956 959 1986 ,
1004 1908 1156 1990 quia
1197 1906 1358 1972 nulli
1396 1907 1645 1972 homini
1686 1908 1780 1971 est

259 2015 610 2081 accidentale
622 2034 759 2080 esse
778 2014 1108 2079 hominem
1125 2034 1142 2093 3
1160 2013 1409 2079 Christo
1422 2013 1778 2078 secundum

262 2134 404 2215 quod
458 2133 628 2198 Deus
685 2132 977 2196 similiter
1032 2131 1311 2196 accidere
1371 2148 1503 2195 non
1551 2133 1776 2213 potest,

262 2246 385 2326 quia
405 2246 663 2311 nullum
712 2243 1004 2308 accidens
1046 2246 1250 2328 potoet
1299 2242 1546 2307 Christo
1571 2242 1776 2306 inesse

267 2352 486 2417 ratione
530 2351 766 2418 divinae
804 2354 1053 2416 naturae
1101 2372 1115 2414 :
1167 2368 1325 2432 ergo
1368 2349 1549 2414 nullo
1588 2350 1780 2414 modo

267 2458 497 2524 videtur
521 2459 692 2541 quod
744 2458 944 2542 possit
987 2457 1317 2540 praedicari
1372 2474 1487 2541 per
1513 2457 1779 2523 modum

267 2566 597 2632 accidentis.

330 2671 480 2737 Item
528 2671 694 2737 nihil
733 2673 828 2735 est
869 2670 1222 2737 univocum
1267 2667 1670 2748 substantiae,
1716 2672 1781 2732 et

264 2780 540 2845 accidenti
567 2801 584 2844 ε
615 2797 776 2861 ergo
802 2777 857 2842 si
885 2777 963 2842 de
1004 2776 1249 2842 Christo
1293 2776 1524 2841 dicitur
1559 2794 1781 2840 secun-

264 2884 393 2950 dum
423 2886 733 2965 accidens,
763 2885 933 2950 etde
969 2884 1109 2948 aliis
1147 2883 1522 2948 hominibus
1548 2901 1775 2947 secun-

263 2991 393 3057 dum
419 2994 868 3073 substantiam,
886 3010 1045 3075 ergo
1056 3011 1191 3057 non
1217 2978 1452 3057 dicitur
1480 2992 1776 3067 univoce,

263 3092 351 3158 aed
376 3094 727 3177 aequivoce.
761 3092 887 3159 Sed
916 3092 965 3157 si
1015 3092 1137 3158 hoc
1186 3110 1418 3158 verum
1468 3096 1598 3171 est,
1649 3109 1781 3157 non

264 3201 496 3267 videtur
515 3201 688 3284 qnod
709 3202 793 3266 sit
819 3202 898 3267 de
924 3204 1142 3265 nostro
1169 3218 1431 3282 genere,
1464 3218 1584 3264 nec
1610 3185 1795 3264 mors⁸

267 3305 385 3385 ejus
406 3310 637 3372 nostrae
654 3305 1079 3388 redemptioni
1105 3304 1434 3387 proficere.

331 3410 478 3477 Item
513 3411 868 3478 substantia
920 3411 1196 3476 nobilior
1245 3413 1340 3475 est
1382 3408 1704 3474 accidente
1761 3430 1777 3474 t

264 3533 398 3599 ergo
433 3520 488 3583 si
534 3520 732 3586 homo
774 3520 854 3583 de
898 3518 1040 3583 aliis
1084 3518 1314 3583 dicitur
1351 3536 1467 3602 per
1517 3518 1783 3582 modum

265 3627 626 3707 substantiae,
659 3631 724 3690 et
750 3627 829 3692 de
857 3626 1101 3691 Christo
1129 3644 1244 3709 per
1286 3626 1550 3690 modum
1593 3623 1782 3689 habi-

265 3737 382 3813 tus,
425 3753 581 3817 ergo
631 3752 768 3800 esse
833 3734 1164 3799 hominem
1223 3733 1441 3798 minus
1485 3732 1785 3798 nobiliter

269 3843 533 3907 convenit
576 3841 846 3921 Christo,
893 3858 1089 3924 quam
1118 3841 1257 3906 aliis
1299 3863 1314 3903 :
1366 3841 1538 3923 quod
1567 3841 1622 3905 si
1661 3840 1785 3904 hoc

270 3951 347 4010 est
369 3948 631 4033 impium
658 3948 868 4013 dicere
888 3996 905 4028 ‚
949 3950 1145 4013 restat
1196 3964 1355 4030 ergo
1396 3947 1565 4012 idem
1615 3947 1786 4029 quod

270 4054 422 4133 prius
439 4104 459 4135 ,
497 4055 671 4140 quod
717 4054 914 4120 homo
950 4072 1083 4119 non
1125 4055 1374 4120 dicatur
1416 4055 1496 4118 de
1537 4053 1787 4119 Christo

269 4174 366 4240 per
387 4164 644 4229 modum
672 4162 966 4241 habitus,
999 4162 1109 4226 sed
1139 4180 1254 4245 per
1289 4160 1556 4227 modum
1597 4161 1784 4226 subs·-

271 4269 478 4335 tantiae.

336 4375 499 4461 Item,
531 4379 705 4464 quod
730 4376 1121 4462 praedicatur
1148 4394 1265 4461 per
1292 4376 1558 4442 modum
1595 4374 1783 4440 habi·

270 4483 359 4546 tus
374 4489 431 4549 et
450 4486 810 4565 accidentis,
830 4501 960 4549 non
974 4484 1358 4567 praedicatur
1380 4503 1496 4568 per
1517 4485 1785 4550 modum

270 4589 648 4672 substantiae3
706 4592 878 4657 unde
928 4591 1228 4675 quamvis
1285 4592 1482 4657 homo
1538 4592 1786 4657 dicatur

269 4698 526 4781 vestitus,
580 4717 921 4783 nunquam
946 4703 1164 4764 tamen
1192 4700 1425 4765 dicitur
1447 4699 1788 4765 vestimen·

268 4803 432 4869 tum:
461 4825 617 4891 ergo
647 4807 704 4872 si
731 4806 934 4872 Filius
960 4807 1073 4872 Dei
1101 4808 1423 4873 diceretur
1461 4808 1787 4871 hnmana-

269 4910 360 4973 tus
381 4930 481 4995 per
506 4914 771 4980 modum
800 4913 1081 4994 habitus,
1110 4933 1446 4999 nunquam
1467 4915 1783 4979 diceretur

268 5011 439 5084 homo
465 5042 481 5086 ε
511 5022 683 5105 quod
708 5022 764 5087 si
791 5021 917 5088 hoc
940 5020 1175 5088 falsum
1220 5025 1316 5087 est
1333 5070 1352 5101 ,
1392 5026 1588 5088 restat
1614 5021 1786 5088 idem

268 5125 424 5203 quod
455 5129 648 5212 prius.

270 5417 509 5544 hbtaeffi’
536 5426 699 5495 Phys„
728 5428 824 5481 tib.
852 5425 912 5488 1,
956 5429 1097 5476 cont.
1142 5428 1231 5490 275
1259 5428 1440 5477 marr.
1472 5425 1782 5491 ueeapnys..

2429 750 2877 820 CONCLUSIO.

1893 936 2158 1006 chriam,
2172 937 2457 995 secumdum
2485 939 2628 1010 quod
2649 939 2820 1011 homo,
2851 944 2930 996 ost
2953 940 3284 1011 substantia,
3318 946 3444 1003 licet

1963 1033 2150 1089 modus
2177 1033 2519 1105 proedicandi
2545 1035 2776 1091 hominis
2802 1036 2875 1090 sit
2913 1034 3142 1106 quodam
3167 1037 3320 1094 modo
3347 1054 3438 1096 ac-

1965 1122 2284 1188 cidentalis,
2326 1130 2377 1180 ct
2401 1140 2503 1197 per
2531 1125 2745 1181 modum
2773 1125 3011 1182 habitus.

1972 1279 2158 1364 Resp.
2188 1281 2269 1346 ad
2298 1300 2441 1365 arg.
2495 1282 2840 1349 Dicendum
2894 1285 3091 1367 quod,
3142 1304 3291 1350 cum
3339 1286 3442 1352 di·

1888 1388 2055 1453 citur
2082 1388 2254 1471 quod
2284 1389 2478 1454 homo
2506 1390 2740 1455 dicitur
2769 1391 2845 1456 de
2874 1390 3121 1456 Christo
3156 1411 3268 1475 per
3297 1413 3436 1460 mo-

1887 1491 2048 1555 dum
2075 1490 2332 1556 habitus
2357 1495 2422 1556 et
2471 1494 2829 1574 accidentis,
2874 1494 3211 1578 dupliciter
3237 1501 3441 1579 potest

1889 1598 2160 1680 intelligi
2216 1621 2234 1664 t
2286 1604 2399 1664 aut
2443 1601 2531 1664 ita
2576 1601 2748 1684 quod
2793 1601 3156 1684 praedicatio
3206 1603 3316 1668 illa
3357 1605 3439 1669 sit

1889 1724 2053 1789 pure
2079 1706 2503 1788 accidentalis,
2527 1709 2615 1771 ita
2628 1708 2801 1791 quod
2830 1727 2958 1772 non
2987 1710 3435 1792 substantialis3

1889 1818 2002 1877 aut
2045 1814 2134 1878 ita
2171 1814 2343 1898 quod
2380 1814 2595 1898 aliquo
2638 1815 2828 1879 modo
2855 1815 3088 1880 habeat
3124 1818 3439 1885 rationem

1887 1920 2357 2004 praedicationis
2382 1921 2807 2002 accidentalis,
2854 1928 2918 1987 et
2944 1927 3159 1988 tamen
3206 1944 3436 1990 secun-
3575 2006 3582 2013 ο

1887 2027 2047 2092 dum
2085 2028 2426 2093 veritatem
2472 2029 2555 2093 sit
2594 2030 3052 2095 substantialis.
3102 2030 3171 2094 Si
3207 2031 3440 2100 ultimo

1888 2137 2081 2200 modo
2119 2136 2536 2219 intelligatur,
2568 2137 2902 2202 veritatem
2943 2136 3171 2218 habet,
3203 2157 3322 2223 pro
3362 2160 3439 2206 eo

1887 2242 2059 2326 quod
2105 2244 2473 2308 humanitas
2519 2245 2587 2308 in
2634 2244 2882 2309 Christo
2931 2246 3211 2328 quodam
3248 2248 3439 2313 modo

1887 2349 2342 2433 proprietatem
2372 2351 2565 2416 babet
2593 2351 2954 2429 accidentis,
3006 2352 3075 2417 in
3120 2352 3242 2417 hoc
3270 2353 3441 2419 vide-

1888 2456 2035 2520 licet
2067 2458 2237 2539 quod
2269 2458 2814 2523 substantificatur
2840 2458 2911 2522 in
2929 2461 3255 2542 supposito
3280 2461 3437 2525 alte-

1890 2564 2028 2629 rius
2054 2569 2333 2641 naturae‚
2363 2566 2451 2629 ita
2476 2566 2648 2649 quod
2674 2583 2808 2628 non
2835 2566 2942 2629 dat
2980 2566 3067 2628 illi
3113 2567 3441 2651 supposito

1887 2671 2174 2754 primum
2239 2691 2396 2750 esse,
2450 2672 2558 2735 sed
2612 2671 2870 2735 advenit
2908 2674 3047 2754 jam
3101 2674 3437 2757 completo.

1887 2776 2066 2842 Unde
2117 2777 2278 2842 sicut
2325 2777 2548 2841 albedo
2604 2795 2737 2841 non
2777 2778 3321 2845 substantificatur
3373 2782 3442 2846 in

1887 2885 2032 2948 albo
2060 2884 2231 2967 quod
2257 2885 2341 2947 sit
2371 2885 2438 2947 in
2463 2902 2700 2966 genere
2722 2885 3065 2966 qualitatis,
3093 2887 3203 2951 sed
3232 2889 3442 2970 magis

1887 2993 1957 3058 in
1987 2993 2364 3073 substantia,
2393 2992 2628 3057 necilli
2657 2994 2764 3057 dat
2790 3012 2943 3073 osse,
2974 2996 3080 3059 sed
3106 2997 3245 3079 jam
3271 3015 3441 3062 com·

1888 3101 2058 3184 pleto
2095 3101 2387 3180 advenit3
2420 3101 2510 3165 sic
2547 3119 2663 3185 per
2705 3102 3052 3184 quamdam
3092 3104 3442 3172 conformi·

1888 3213 2083 3274 tatem
2104 3214 2196 3274 ast
2216 3211 2490 3293 reperire
2510 3211 2677 3274 circa
2694 3211 2924 3275 Christi
2944 3210 3433 3293 humanitatem,

1888 3336 2038 3401 quae
2115 3318 2658 3383 substantificatur
2734 3318 2803 3382 in
2878 3320 3100 3384 divina
3168 3340 3440 3404 persona

1888 3424 2163 3489 habente
2190 3426 2540 3507 perfectum
2557 3445 2691 3490 esse
2712 3444 2795 3490 ex
2814 3426 2939 3490 alia
2967 3432 3218 3507 natura,
3242 3448 3443 3512 quam

1889 3550 1975 3596 ex
2001 3532 2140 3614 ipsa
2168 3531 2590 3613 humanitate,
2619 3533 2914 3599 videlicet
2950 3553 3034 3599 ex
3079 3535 3322 3601 divina.
3364 3538 3446 3603 Et

1890 3644 2224 3722 propterea
2281 3641 2480 3705 nostri
2527 3642 2813 3705 doctores
2866 3642 3205 3721 dixerunt,
3267 3641 3462 3728 quod‘

1890 3746 2180 3813 humana
2204 3751 2440 3812 natura
2465 3747 2533 3810 in
2548 3747 2792 3812 Christo
2817 3749 3031 3829 vergit
3057 3750 3127 3813 in
3153 3752 3443 3817 accidens

1891 3854 2245 3918 secundum
2277 3853 2620 3936 quamdam
2654 3854 3182 3921 conformitatem.
3221 3856 3296 3921 Et
3320 3858 3444 3924 hoc

1891 3960 1944 4024 si
1972 3960 2369 4043 intelligatur
2395 3978 2581 4039 sane,
2630 3966 2724 4025 est
2762 3961 3004 4026 dictum
3034 3962 3351 4029 subtiliter
3382 3972 3444 4029 et

1892 4069 2223 4134 catholice.
2256 4069 2531 4133 Maxime
2574 4074 2793 4134 autem
2819 4069 2988 4135 inter
3012 4088 3274 4135 omnem
3304 4090 3443 4136 mo-

1891 4179 2048 4244 dum
2084 4179 2426 4243 accidentis
2470 4180 2736 4243 modum
2780 4179 3039 4243 habitus
3082 4179 3296 4261 habet,
3327 4198 3444 4262 pro

1893 4304 1969 4350 eo
1995 4287 2168 4369 quod
2198 4285 2457 4350 habitus
2482 4286 2775 4351 nominat
2800 4287 3221 4369 adjacentiam
3249 4288 3446 4350 unius

1893 4393 2265 4458 substantiae
2313 4400 2603 4476 respectu
2650 4393 2908 4458 alterius
2930 4441 2947 4472 ‚
2997 4411 3146 4475 quae
3187 4393 3446 4475 quidem

1892 4506 2099 4583 potest
2135 4519 2271 4565 esse
2316 4503 2654 4584 utriusque
2714 4506 2964 4567 servata
3031 4502 3438 4584 proprietate.

1895 4609 1973 4674 Et
1990 4610 2135 4675 ideo
2158 4609 2523 4693 Apostolus,
2549 4609 3083 4692 prudentissimus
3104 4609 3253 4673 fidei
3273 4627 3447 4692 prae-

1892 4716 2155 4794 dicator,
2201 4719 2266 4780 et
2310 4716 2759 4798 AugustinuS‚
2808 4714 3263 4778 subtilissimus
3298 4715 3445 4780 fidei

1894 4824 2217 4898 defensor,
2256 4823 2586 4889 insinuant
2634 4823 2848 4906 aliquo
2896 4822 3087 4885 modo
3124 4821 3447 4889 Christum

1895 4932 2018 4997 dici
2045 4930 2377 4995 hominem
2407 4931 2761 4995 secundum
2788 4929 3082 4993 habitum
3114 4950 3130 4992 ε
3161 4947 3294 4993 non
3323 4948 3448 4995 ex·

1898 5042 2222 5106 cludentes
2273 5058 2388 5123 per
2434 5040 2557 5104 hoc
2600 5039 2759 5123 quin
2812 5039 3007 5101 homo
3071 5038 3318 5104 dicatur
3368 5039 3448 5105 de

1895 5149 2143 5214 Christo
2171 5146 2526 5211 secundum
2577 5145 3024 5211 substantiam.
3072 5146 3215 5210 Alio
3252 5147 3448 5213 modo

1895 5259 1990 5319 est
2018 5254 2396 5334 intelligere,
2426 5253 2599 5336 quod
2628 5253 2913 5318 Christus
2957 5254 3203 5318 dicatur
3247 5254 3444 5319 homo

1893 5362 2251 5428 secundum
2298 5362 2587 5427 accidens
2605 5411 2623 5442 ,
2677 5362 2766 5425 ita
2817 5362 2990 5444 quod
3058 5363 3290 5429 modus
3339 5361 3447 5429 ille

1895 5478 2282 5562 praedicandi
2328 5477 2413 5546 sit
2453 5478 2724 5545 omnino
2758 5477 3181 5558 accidentalis,
3208 5482 3273 5544 et
3311 5494 3444 5544 non
