4185 6288
1225 492 1420 560 ms'r.
1461 490 1592 558 XV.
1636 489 1818 557 ΛΒΤ.
1867 487 1945 555 11.
1991 487 2291 567 QUAEST.
2342 486 2445 553 111.

283 630 559 695 irascetur
582 629 792 710 malis,
812 634 885 694 ut
911 630 1164 713 saepein
1182 629 1509 713 Scriptura
1523 626 1790 692 dicitur:

281 758 418 823 ergo
460 740 665 806 multo
715 740 943 806 fortius
982 740 1282 806 aflectum
1310 740 1426 806 irae
1457 737 1684 805 habuit
1727 736 1796 801 in

277 853 427 913 statu
444 848 726 914 viatoris.

86 956 153 997 Ν
171 971 254 1014 01⁸1»-
344 955 457 1020 Sed
483 960 743 1020 contra:
782 961 841 1020 1.
872 956 1082 1039 Super
1120 955 1277 1021 illud
1327 955 1479 1023 106¹
1504 977 1530 1022 .·
1565 953 1796 1024 Virum

276 1064 521 1131 stultum
563 1063 878 1144 interficit
927 1063 1316 1139 t'ractmclia,⁸
1345 1062 1691 1146 Gregorius
1711 1064 1733 1098 ¹
1772 1083 1790 1128 ε

287 1193 315 1232 ι
338 1171 430 1236 Ira
467 1190 581 1256 per
626 1173 860 1236 vitium
913 1172 1178 1237 oculum
1230 1171 1463 1236 mentis
1492 1173 1790 1248 excaecat,

278 1278 704 1361 iraperzelum
730 1279 967 1344 turbat.
1003 1301 1035 1339 ι
1066 1278 1190 1344 Sed
1219 1278 1444 1343 oculus
1478 1277 1710 1342 mentis
1727 1277 1794 1341 iu

280 1378 498 1446 Christo
538 1400 656 1446 nec
698 1381 1006 1447 excaecari
1050 1381 1294 1465 potuit',
1353 1399 1470 1445 nec
1522 1380 1788 1461 turbari,

282 1505 409 1552 cum
433 1488 499 1554 in
535 1489 675 1573 ipso
724 1493 889 1554 esset
930 1488 1001 1556 in
1025 1489 1329 1553 continuo
1355 1507 1477 1552 usu
1506 1491 1793 1551 contem-

283 1595 590 1677 plationis:
625 1614 787 1679 ergo
825 1614 957 1661 non
984 1596 1242 1661 videtur
1267 1595 1435 1678 quod
1464 1594 1532 1659 in
1566 1612 1643 1660 eo
1671 1593 1789 1659 ali·

290 1720 400 1785 qua
417 1704 650 1770 affectio
695 1704 811 1768 irae
833 1702 1045 1769 fuerit.

351 1814 407 1875 Ξ.
446 1810 618 1893 Item,
667 1810 1096 1877 Damascenus
1145 1809 1463 1874 dilflniens
1514 1809 1677 1875 iram
1704 1808 1793 1874 di-

292 1916 359 1980 cit
380 1918 419 1996 ⁸,
446 1919 604 2002 quod
634 1919 733 1982 ira
754 1922 849 1982 est
874 1917 1108 1982 vindex
1134 1917 1305 1982 laesae
1345 1914 1788 1999 concupiscen-

293 2023 411 2104 tiae3
437 2027 768 2105 etiterum,
796 2026 967 2109 quod
1014 2025 1111 2090 ira
1148 2029 1242 2089 est
1276 2022 1658 2089 desiderium
1685 2042 1787 2090 re·

297 2131 600 2211 punitionis
657 2153 675 2198 ε
716 2132 825 2197 sed
872 2133 941 2196 in
983 2131 1229 2196 Christo
1273 2148 1393 2196 nec
1435 2129 1559 2194 fuit
1611 2129 1791 2197 laesio

300 2240 802 2323 concupiscentiae,
840 2258 961 2305 nec
1001 2257 1185 2305 amor
1240 2238 1541 2305 vindictae
1583 2230 1791 2321 :ergo

298 2359 392 2407 nec
409 2345 470 2410 in
503 2365 574 2413 eo
596 2348 716 2414 tuit
733 2348 940 2432 passio
962 2347 1100 2414 irae.

361 2455 411 2515 3.
438 2452 601 2534 Item,
654 2455 943 2519 Christus
990 2455 1111 2520 suit
1150 2454 1238 2519 ita
1271 2453 1544 2537 perfecte
1587 2452 1786 2532 mitis,

298 2555 427 2621 sicut
448 2564 503 2623 et
526 2560 788 2626 humilis
820 2582 836 2626 z
866 2562 1069 2626 sedin
1099 2561 1346 2626 Christo
1374 2560 1498 2626 fuit
1522 2561 1610 2625 ita
1638 2578 1790 2642 per-

297 2662 759 2747 fectahumilitas,
776 2669 950 2751 quod
959 2668 1138 2733 nulla
1145 2669 1265 2733 fuit
1283 2669 1612 2751 superbia:
1631 2685 1790 2749 ergo

296 2763 362 2827 ita
389 2772 640 2849 perfecta
663 2771 1224 2838 ruitmansuetudo
1238 2819 1256 2851 ,
1277 2772 1447 2854 quod
1468 2771 1644 2836 nulla
1669 2773 1785 2836 ira.

354 2878 405 2937 4.
433 2876 599 2962 Item,
629 2880 726 2944 ira
752 2880 1100 2945 secundum
1127 2884 1427 2944 naturam
1453 2883 1548 2944 est
1576 2898 1792 2945 accen-

293 2979 367 3044 sio
387 2986 702 3067 sanguinis
728 2987 897 3051 circa
922 3005 1052 3066 cor,
1082 2986 1432 3052 secundum
1449 2987 1621 3069 quod
1648 2987 1792 3052 vult

292 3083 672 3178 Philosophus
706 3099 752 3173 ⁶,
796 3099 860 3160 et
914 3092 1340 3159 Damascenus
1365 3095 1408 3177 ⁸,
1455 3112 1535 3159 ex
1565 3112 1792 3177 evapo-

288 3198 495 3265 ratione
527 3203 687 3267 fellis
715 3221 733 3267 ε
766 3220 923 3285 ergo
963 3202 1019 3265 si
1071 3202 1194 3265 hoc
1236 3201 1386 3266 dicit
1432 3202 1789 3284 passionem

284 3303 504 3389 findam,
556 3330 704 3393 quae
740 3309 931 3375 habet
978 3328 1195 3374 secum
1239 3309 1785 3394 inquietationem,

284 3415 869 3496 otperturbationem
892 3420 1321 3501 conjunctam,
1343 3417 1596 3483 videtur
1617 3419 1787 3501 quod

281 3518 400 3585 talis
420 3526 619 3606 passio
646 3525 717 3589 in
750 3524 994 3591 christo
1019 3542 1153 3590 non
1182 3525 1262 3589 sit
1286 3524 1598 3607 ponenda.

789 3752 1242 3821 CONCLUSIO.

270 3914 485 3974 Chn'stm
524 3920 741 3975 tantum
776 3914 970 3973 habiat
998 3914 1248 3986 affectum
1280 3919 1381 3973 iroe
1406 3915 1747 3974 detestantem
1765 3957 1785 3985 ,

292 4020 311 4035 ⁸
326 4008 375 4061 et
395 4022 508 4063 cum
526 4009 876 4063 commotione
893 4008 1073 4079 partis
1099 4007 1364 4062 manalis
1388 4006 1668 4063 secuudum
1694 4022 1790 4063 ra-

323 4097 482 4152 tionis
498 4096 805 4167 judic-wne,
833 4110 945 4152 non
968 4098 1148 4152 autem
1173 4099 1238 4152 ut
1263 4095 1400 4151 dicit
1420 4096 1789 4167 perturbatio-

322 4200 435 4242 nem
460 4187 605 4244 οαιὶι·
630 4185 911 4243 mentalis.

325 4372 507 4459 Resp.
549 4374 633 4439 ad
668 4374 828 4456 Arg.
880 4371 1232 4439 Dicendum
1272 4373 1445 4454 quod
1498 4373 1604 4440 ira
1656 4392 1788 4439 uno

253 4483 433 4549 modo
459 4483 615 4549 dicit
667 4499 829 4566 pure
855 4480 1256 4546 affectionem
1285 4499 1303 4560 ;
1338 4484 1399 4544 et
1441 4480 1533 4544 sic
1557 4480 1788 4546 dicitur

250 4588 340 4654 ira
377 4588 644 4655 affectus
681 4586 1111 4653 detestationis
1144 4586 1415 4668 alicujus
1460 4586 1636 4667 mali,
1684 4586 1789 4653 vel

250 4696 605 4779 apparentis
651 4692 831 4759 mali.
885 4694 1029 4759 Alio
1055 4693 1244 4758 modo
1282 4694 1388 4759 ira
1428 4693 1578 4757 dicit
1603 4694 1789 4759 affec·

248 4806 381 4867 tum
408 4820 561 4869 cum
608 4819 801 4885 poena
827 4815 847 4863 t
876 4804 939 4866 et
966 4799 1059 4864 sic
1106 4800 1203 4864 ira
1226 4798 1422 4865 habet
1447 4802 1787 4883 perturba-

243 4912 481 4993 tionem
509 4917 573 4979 et
599 4911 1127 4995 inquietationem
1151 4928 1492 4977 annexam.
1513 4911 1645 4977 Hoc
1670 4932 1787 4978 au-

249 5024 373 5088 tem
398 5025 611 5106 potest
636 5036 775 5085 esse
822 5019 895 5083 in
942 5018 1174 5101 triplici
1214 5018 1593 5099 differentia,
1636 5021 1790 5104 quia

249 5134 356 5195 aut
398 5128 796 5214 perturbatio
834 5126 944 5191 illa
990 5126 1204 5192 solum
1230 5128 1437 5210 tangit
1474 5129 1790 5211 potentias

249 5235 572 5305 inferiores
588 5285 612 5317 ,
659 5238 726 5300 et
771 5234 953 5301 nullo
1021 5232 1216 5299 modo
1265 5237 1476 5319 tangit
1528 5237 1789 5303 oculum

310 5402 326 5434 ¹
346 5401 474 5465 Job„
502 5408 557 5464 v,
590 5402 706 5449 2.-
727 5396 750 5430 ’
766 5396 939 5460 Greg„
957 5393 1334 5459 Moral.‚lib.v,
1356 5411 1400 5446 c.
1415 5398 1678 5452 xxx1v.-⁸
1695 5403 1788 5454 Da-

250 5472 494 5535 maeste
517 5468 652 5523 Fide
667 5466 883 5530 orthod„
900 5466 990 5519 lib.
1014 5467 1079 5527 ΙΙ,
1105 5477 1152 5516 c.
1180 5476 1291 5518 ΧΠ.
1316 5492 1378 5506 —·
1394 5467 1600 5531 ‘Al-ist„
1624 5471 1785 5530 Rhee„

3337 493 3456 554 343

1902 623 2177 701 mentis3
2212 625 2325 688 aut
2374 620 2584 703 tangit
2613 620 2875 685 oculum
2915 621 3148 685 mentis
3185 623 3266 687 ad
3290 627 3455 688 tem-

1902 749 2027 814 pus
2053 728 2393 809 turband0‚
2415 727 2523 794 sed
2564 746 2695 793 non
2721 724 3119 806 excedendo;
3156 733 3270 793 aut
3294 748 3454 795 ocu-

1902 837 2042 903 lum
2096 838 2331 904 mentis
2371 836 2630 919 attingit
2668 836 2882 918 ipsum
2937 836 3372 918 perturbando
3398 842 3463 903 et

1902 945 2358 1011 obnubilando.
2411 943 2491 1009 Et
2534 942 2885 1008 secundum
2930 941 3052 1007 hoc
3108 948 3322 1008 motus
3344 944 3460 1011 irae

1903 1052 1970 1117 in
1998 1050 2396 1136 quadruplici
2426 1050 2781 1115 differentia
2837 1049 3180 1132 reperitur,
3229 1068 3460 1116 secun-

1901 1158 2056 1225 dum
2085 1159 2260 1242 quod
2313 1159 2637 1240 colligitur
2685 1175 2769 1221 ex
2791 1156 2973 1221 dictis
3029 1155 3451 1224 Sanctorum-z

1903 1287 2036 1333 uno
2064 1266 2254 1332 modo
2274 1285 2435 1350 pure
2474 1265 2622 1330 dicit
2647 1264 2950 1329 affectum
3003 1263 3454 1348 detestationi3‚

1901 1379 1965 1438 et
1980 1374 2104 1438 hoc
2135 1373 2323 1438 modo
2350 1374 2656 1456 potuisset
2682 1390 2817 1436 esse
2847 1371 2914 1434 in
2942 1371 3146 1435 Adam
3175 1372 3244 1436 in
3287 1377 3457 1439 statu

1903 1478 2326 1558 innocentiae3
2358 1480 2482 1544 alio
2510 1478 2699 1542 modo
2730 1477 2883 1542 dicit
2913 1482 3163 1542 motum
3187 1478 3452 1545 detesta-

1899 1587 2090 1654 tionis
2147 1604 2298 1651 cum
2358 1584 2816 1670 inquietatione
2865 1588 2928 1649 et
2972 1585 3450 1668 perturbatione

1900 1694 2098 1778 partis
2132 1694 2441 1759 sensualis
2494 1692 2636 1757 sine
2692 1692 2908 1775 aliqua
2974 1692 3454 1775 perturbatione

1900 1802 2171 1880 mentis;
2195 1806 2258 1866 et
2296 1800 2420 1865 hoc
2464 1800 2657 1865 modo
2676 1799 2799 1864 fuit
2825 1798 2891 1862 in
2928 1799 3175 1863 Christo
3202 1799 3452 1866 affectio

1899 1909 2016 1975 irae
2047 1933 2062 1974 :
2125 1910 2292 1975 sicut
2325 1913 2501 1974 enim
2548 1908 2699 1972 dicit
2732 1907 3160 1989 Evangelium
3185 1956 3202 1983 ‚
3257 1908 3453 1973 infre-

1900 2017 2134 2083 mendo
2175 2016 2581 2082 conturbavit
2637 2015 2943 2098 seipsum.
3004 2014 3213 2079 Tertio
3262 2016 3453 2081 modo

1898 2121 2051 2189 dicit
2078 2123 2381 2188 affectum
2400 2121 2830 2187 detestationis
2856 2139 3008 2185 cum
3023 2121 3452 2186 commotione

1900 2231 1965 2294 et
1989 2229 2467 2312 perturbatione
2495 2245 2629 2292 nou
2656 2227 2869 2292 solum
2897 2227 3095 2310 partis
3115 2227 3444 2308 sensualis,

1897 2335 2006 2401 sed
2036 2336 2227 2400 etiam
2251 2335 2514 2399 rationis
2548 2332 2629 2397 ad
2665 2336 2917 2416 tempus
2965 2352 2983 2398 ε
3014 2336 3077 2398 et
3105 2333 3229 2398 hoc
3258 2333 3451 2398 modo

1898 2446 2216 2529 reperitur
2259 2445 2356 2509 ira
2401 2445 2468 2508 in
2499 2443 2655 2510 viris
2673 2444 2889 2525 justis,
2936 2443 3048 2526 qui
3081 2444 3446 2509 irascuntur

1894 2552 1993 2615 ira
2019 2569 2133 2635 per
2179 2552 2412 2627 zelum,
2452 2551 2531 2616 de
2571 2551 2804 2634 quibus
2829 2550 2983 2615 dicit
3004 2549 3356 2631 Gregorius
3391 2550 3442 2630 ⁰,

1896 2659 2068 2742 quod
2099 2657 2248 2724 inde
2296 2647 2480 2722 mens
2509 2657 2878 2741 perturbata
2920 2656 3198 2740 proficit,
3229 2663 3302 2721 ut
3328 2658 3449 2723 cla-

1896 2768 2099 2832 rescat
2114 2787 2132 2844 ;
2165 2765 2328 2830 sicut
2357 2765 2581 2830 oculus
2598 2783 2712 2848 per
2725 2764 3061 2847 collyrium
3077 2764 3446 2831 immissum

1896 2873 1976 2938 ad
2004 2877 2257 2955 tempus
2285 2872 2617 2951 turbatur,
2647 2875 2732 2935 ut
2758 2858 3167 2972 postme'dum
3214 2872 3446 2939 clarior

1896 2981 2231 3046 efficiatur.
2289 2979 2526 3058 Quarto
2573 2978 2765 3044 modo
2806 2981 2913 3045 ira
2954 2978 3105 3044 dicit
3143 2981 3442 3046 affectum

1896 3087 2328 3154 detestationis
2350 3106 2500 3153 cum
2526 3086 2949 3154 commotione
2994 3087 3441 3170 sensualitatiS,

1896 3198 1960 3260 et
1989 3195 2181 3260 etiam
2212 3196 2465 3275 mentis,
2493 3196 2580 3259 ita
2597 3203 2602 3209 ·
2620 3195 2792 3278 quod
2819 3196 3162 3262 commotio
3193 3196 3301 3261 illa
3326 3198 3446 3262 ha-

1896 3305 2002 3371 bet
2027 3325 2247 3371 secum
2276 3306 2818 3390 perturbationem
2848 3308 3081 3370 mentis
3098 3326 3441 3389 annexam,

1896 3413 1999 3478 vel
2028 3413 2107 3478 ad
2138 3413 2316 3478 illam
2357 3417 2453 3477 est
2474 3412 2763 3478 ordinata
2793 3432 2809 3477 ε
2842 3416 2905 3477 et
2939 3414 3028 3477 sic
3063 3418 3158 3478 est
3197 3415 3296 3478 ira
3331 3433 3445 3497 per

1897 3518 2156 3600 vitium,
2190 3525 2254 3584 et
2280 3520 2598 3603 reperitur
2625 3519 2693 3583 in
2719 3517 3177 3601 peccatoribus,
3215 3524 3277 3584 et
3295 3539 3446 3603 pro-

1896 3624 2156 3691 hibetur
2179 3625 2521 3692 aDomino.
2543 3626 2621 3691 Et
2646 3644 2760 3709 per
2784 3626 2953 3690 hanc
2977 3625 3445 3692 distinctionem

1895 3735 2068 3816 patet
2088 3734 2418 3817 responsio
2460 3732 2540 3797 ad
2578 3733 3020 3816 quaestionem,
3051 3736 3115 3797 et
3140 3734 3219 3798 ad
3247 3735 3445 3800 ratio-

1894 3858 2009 3904 nes
2030 3840 2108 3904 ad
2139 3845 2480 3924 utramque
2493 3844 2761 3922 partem.
2795 3838 3084 3917 Quodam
3111 3840 3283 3904 enim
3303 3858 3443 3907 mo-

1893 3947 1976 4012 do
2001 3947 2125 4013 fuit
2180 3948 2245 4013 in
2293 3947 2539 4014 Christo
2589 3948 2798 4029 passio
2843 3947 2984 4028 irae,
3030 3947 3166 4011 sive
3195 3948 3445 4013 affectio

1894 4054 2034 4135 irae,
2055 4055 2350 4122 videlicet
2373 4058 2566 4139 prout
2581 4054 2735 4118 dicit
2755 4053 3057 4118 affectum
3083 4054 3439 4120 detestatio-

1896 4163 2020 4244 niS,
2045 4167 2111 4228 et
2163 4162 2660 4229 commotionem
2689 4161 2889 4245 partis
2931 4161 3262 4239 sensualis,
3292 4179 3441 4245 quae

1894 4273 2116 4335 tamen
2147 4272 2435 4354 subjecta
2459 4273 2556 4335 est
2580 4268 2834 4334 rationi.
2866 4268 2946 4334 Et
2977 4269 3070 4333 sic
3092 4268 3446 4351 procedunt

1895 4377 2172 4443 rationes
2206 4380 2288 4444 ad
2341 4381 2619 4463 primam
2672 4383 2918 4463 partem
2950 4379 3252 4454 inductae,
3298 4398 3445 4463 pro·

1895 4484 2118 4550 bantes
2171 4486 2574 4552 affectionem
2621 4486 2737 4551 irae
2790 4486 2858 4550 in
2904 4485 3146 4551 Christo
3201 4485 3392 4549 fuisse
3420 4534 3439 4564 ,

1895 4598 1969 4658 ut
2015 4593 2347 4676 aspicienti
2397 4598 2571 4678 patet
2624 4613 2643 4660 :
2702 4598 2766 4659 et
2817 4594 2959 4659 ideo
3004 4597 3155 4658 sunt
3216 4610 3439 4657 conce-

1893 4701 2140 4767 dendae.

1977 4815 2006 4872 1
2041 4811 2108 4873 et
2129 4814 2191 4874 2.
2227 4807 2518 4886 Quodam
2543 4808 2740 4874 etiam
2777 4808 2969 4872 modo
2997 4826 3130 4873 non
3173 4806 3319 4885 fuit,
3349 4807 3443 4873 vi-

1895 4916 2118 4983 delicet
2186 4919 2377 4998 prout
2443 4916 2599 4980 dicit
2663 4915 3209 4998 perturbationem
3273 4915 3442 4980 oculi

1896 5022 2212 5100 mentalis,
2243 5025 2306 5085 et
2332 5024 2525 5102 prout
2568 5020 2720 5084 dicit
2753 5021 3053 5085 affectum
3078 5022 3438 5105 repunitio·

1896 5131 2019 5210 nia,
2047 5130 2116 5193 in
2146 5133 2462 5214 quantum
2504 5128 2610 5192 ille
2636 5126 2916 5209 {affectus
2957 5134 3054 5192 est
3077 5148 3160 5194 ex
3184 5130 3444 5195 libidine

1896 5240 2225 5318 vindictae,
2251 5254 2388 5303 non
2432 5255 2515 5302 ex
2536 5237 2669 5302 zelo
2686 5237 2957 5319 justitiae
2988 5258 3006 5303 z
3036 5239 3126 5303 sic
3153 5239 3325 5303 enim
3351 5243 3447 5305 est

1895 5405 1982 5456 lib.
2006 5405 2068 5467 ll,
2089 5416 2136 5454 c.
2160 5414 2220 5465 1¹3
2235 5400 2423 5464 Ethic„
2436 5400 2508 5452 lib
2526 5400 2638 5463 vn,
2661 5414 2708 5453 c.
2729 5410 2866 5451 v1.—
2880 5400 2903 5435 ⁸
2921 5402 3176 5464 Damaso„
3189 5402 3304 5452 loco
3323 5414 3446 5451 mox

1897 5478 2046 5530 cit.-
2066 5475 2088 5510 ⁰
2105 5478 2280 5540 Greg„
2297 5473 2503 5539 noma,
2534 5472 2621 5524 lib.
2641 5472 2708 5536 V,
2733 5485 2777 5526 c.
2806 5484 3012 5537 xxxm3
3041 5474 3127 5525 lib.
3161 5475 3200 5535 l,
3224 5489 3271 5523 c.
3299 5483 3447 5554 xxn’
