4185 6288
747 431 870 493 480

749 562 1067 648 pertinere
1106 562 1188 629 ad
1234 562 1535 628 eumdem
1555 610 1571 640 ,
1605 563 1916 645 quoniam
1966 582 2101 627 non
2151 563 2303 627 sunt

751 671 842 736 sic
877 671 1138 751 diversi,
1181 670 1345 753 quin
1384 670 1661 733 habeant
1696 670 1775 734 ad
1811 670 2086 735 invicem
2128 670 2300 734 ordi·

752 796 927 843 nem.
967 777 1127 843 Nam
1174 776 1430 842 credere
1474 776 1674 842 Deum
1717 778 1972 861 respicit
2011 777 2303 842 divinam

751 885 1083 949 veritatem
1114 888 1188 949 ut
1213 886 1575 967 objectum3
1607 886 1862 950 credere
1892 884 2039 961 Deo,
2068 889 2145 948 ut
2173 902 2305 949 mo-

750 992 960 1057 tivum
981 1013 999 1072 ;
1024 992 1278 1056 credere
1301 992 1369 1056 in
1396 992 1623 1070 Deum,
1649 997 1722 1057 ut
1749 994 1944 1057 finem
1972 992 2298 1056 ultimum.

754 1096 834 1162 Et
875 1099 1014 1163 istae
1060 1102 1191 1163 tres
1238 1099 1742 1182 comparationes
1789 1100 1954 1164 circa
2002 1099 2305 1164 eumdem

754 1205 1050 1271 habitum
1090 1207 1358 1290 reperiri
1403 1207 1663 1272 habent.
1695 1206 1772 1271 Et
1797 1207 2109 1290 quoniam
2149 1205 2307 1270 fides

753 1332 888 1379 non
933 1314 1205 1398 perfecte
1255 1315 1456 1379 tendit
1496 1315 1569 1378 in
1628 1315 1832 1379 Deum
1880 1319 2188 1398 tanquam
2235 1313 2307 1377 in

754 1423 951 1488 finem
979 1423 1315 1504 ultimum,
1345 1422 1471 1487 nisi
1499 1427 1691 1506 prout
1716 1427 1812 1487 est
1842 1425 2070 1506 ,iuncta
2097 1421 2307 1486 chari-

755 1531 908 1610 tati;
939 1530 1082 1595 ideo
1110 1536 1290 1597 actus
1318 1530 1613 1596 credendi
1645 1531 1715 1595 in
1759 1531 1959 1594 Deum
1996 1530 2310 1595 diffluitur

758 1656 873 1722 per
898 1643 1110 1703 actum
1141 1638 1432 1719 amandi,
1459 1656 1592 1702 non
1616 1642 1922 1721 tanquam
1952 1658 2066 1721 per
2092 1643 2308 1703 actum

759 1745 1092 1829 proprium
1119 1794 1138 1825 ,
1191 1746 1302 1809 sed
1364 1750 1672 1828 tanquam
1732 1765 1847 1829 per
1904 1751 2117 1811 actum
2187 1766 2311 1811 an-

759 1870 1025 1916 nexum.
1054 1850 1132 1915 Et
1159 1852 1429 1930 iterum,
1460 1851 1613 1934 quia
1652 1852 2052 1936 quadruplex
2099 1871 2311 1934 genus

761 1961 941 2022 actus
999 1977 1329 2024 annexum
1383 1962 1479 2022 est
1542 1958 1664 2041 ipsi
1712 1958 1858 2023 fidei
1884 2007 1903 2038 ,
1955 1960 2310 2023 secundum

761 2067 933 2149 quod
954 2067 1260 2148 jungitur
1301 2065 1592 2130 charitati
1630 2067 1986 2131 secundum
2021 2067 2313 2149 quadru-

762 2173 992 2256 plicem
1020 2174 1562 2258 comparationem
1581 2223 1598 2253 ,
1628 2173 1770 2238 ideo
1809 2178 2089 2257 quatuor
2133 2176 2313 2257 ponit

764 2281 832 2343 in
868 2283 1009 2363 ejus
1035 2282 1462 2345 notificatione
1495 2281 1597 2363 (α).
1642 2280 1825 2345 Fides
1868 2283 2075 2362 enim,
2119 2286 2314 2364 prout

757 2389 988 2470 juncta
1030 2392 1125 2453 est
1165 2389 1485 2468 charitati,
1537 2389 1788 2453 ordinat
1830 2390 1914 2454 ad
1961 2389 2311 2453 amandum

763 2495 988 2575 Deum,
1019 2496 1098 2561 ad
1125 2496 1484 2560 faciendum
1512 2496 1791 2574 honum,
1821 2497 1902 2561 ad
1926 2496 2313 2578 fugiendum

763 2603 1029 2683 malum,
1064 2603 1145 2668 ad
1174 2602 1570 2683 diligendum
1599 2603 1971 2685 proximum
2000 2621 2017 2668 ι
2046 2605 2317 2686 etjuxta

760 2710 904 2774 haec
928 2715 1226 2793 quatuor,
1255 2712 1533 2792 quatuor
1557 2710 1738 2792 ponit
1767 2713 1947 2775 actus
1973 2710 2042 2774 in
2064 2711 2178 2775 illa
2203 2728 2316 2775 no-

760 2818 1131 2893 tificatione,
1153 2817 1475 2881 videlicet:
1499 2818 1812 2881 credendo
1833 2837 2073 2898 amare,
2104 2838 2315 2902 quan-

762 2929 903 2988 tum
930 2924 1011 2988 ad
1038 2924 1371 3001 effectum3
1404 2925 1717 2989 credendo
1747 2924 1864 3004 ire,
1888 2931 2203 3007 quantum
2233 2927 2314 2992 ad

761 3031 1004 3097 bonum
1028 3049 1219 3114 opus;
1253 3031 1586 3112 credendo,
1620 3032 1678 3095 ei
1716 3033 2066 3113 adhaerere,
2103 3053 2313 3117 quan-

762 3146 902 3205 tum
924 3139 1003 3204 ad
1025 3139 1422 3204 tolerantiam
1448 3138 1626 3219 mali;
1661 3141 1997 3221 credendo,
2024 3140 2315 3225 incorpo-

763 3249 893 3314 rari
920 3249 1247 3329 membris,
1277 3253 1595 3332 quantum
1622 3249 1703 3313 ad
1731 3249 2133 3316 dilectionem
2161 3269 2314 3334 pro-

764 3358 950 3423 ximi.
997 3356 1075 3421 Et
1121 3356 1212 3421 sic
1261 3360 1433 3440 patet
1494 3356 1823 3440 responsio
1880 3357 1959 3422 ad
2013 3359 2121 3424 illa
2165 3377 2315 3443 quae

765 3466 1240 3549 quaerebantur.

1399 3617 1538 3664 DUB.
1583 3620 1675 3668 1v.

876 3738 1054 3790 Fidem
1080 3736 1244 3804 ipsam
1271 3738 1409 3790 videt
1434 3739 1649 3806 quisque
1676 3739 1730 3789 in
1761 3739 1916 3790 corde
1944 3754 2039 3792 suo
2068 3753 2195 3792 ease.

846 3891 1077 3955 Contra
1108 3913 1122 3954 ε
1151 3888 1217 3953 Si
1245 3888 1419 3952 enim
1445 3888 1717 3954 virtutes
1744 3890 1825 3954 ad
1849 3889 2130 3955 invicem
2156 3908 2316 3955 con-

766 4017 955 4062 nexae
982 4000 1168 4077 sunt,
1198 4001 1263 4060 et
1288 3996 1403 4060 scit
1443 4015 1511 4061 se
1553 3996 1783 4079 aliquis
1820 3997 2055 4063 habere
2094 3999 2311 4076 fidem,

766 4100 1020 4166 videtur
1048 4117 1163 4182 per
1188 4117 1580 4181 consequens
1605 4101 1780 4184 quod
1806 4100 1961 4164 sciat
1989 4120 2056 4165 se
2081 4101 2317 4166 habere

767 4208 1165 4287 charitatem,
1209 4208 1398 4289 quus
1439 4207 1833 4272 contrarium
1871 4207 1941 4272 in
1988 4208 2198 4292 primo
2232 4208 2317 4273 li-

766 4316 886 4380 bro
914 4314 932 4348 ¹
959 4320 1285 4381 ostensum
1325 4314 1467 4379 suit.
1500 4313 1695 4394 Item,
1726 4315 1779 4378 si
1822 4315 1980 4379 fides
2016 4315 2312 4397 videtur,

767 4428 832 4488 et
856 4423 1204 4488 certissime
1231 4422 1643 4503 cognoscitur
1668 4441 1744 4487 eo
1762 4471 1782 4502 ,
1810 4424 1983 4505 quod
2011 4424 2318 4488 essentia-

766 4533 912 4596 liter
955 4531 1038 4594 sit
1077 4531 1148 4594 in
1190 4531 1443 4608 anima,
1490 4548 1640 4594 cum
1685 4530 1957 4594 charitas
2002 4536 2066 4595 et
2107 4532 2317 4612 gratia

766 4640 896 4704 sint
922 4640 991 4703 in
1015 4639 1232 4703 anima
1252 4637 1685 4718 essentialiter,
1708 4649 1799 4702 est
1823 4639 2096 4721 quaestio
2117 4659 2315 4722 quare

769 4766 902 4813 non
930 4753 1395 4830 cognoscantur
1415 4747 1488 4830 (b)
1519 4747 1864 4813 certissime
1883 4749 1962 4812 ab
1992 4749 2096 4812 his
2121 4767 2158 4812 a
2175 4750 2317 4832 qui-

768 4860 891 4924 bus
915 4858 1254 4922 hahentur.
1285 4855 1481 4921 Juxta
1507 4856 1631 4921 hoc
1656 4858 1849 4921 etiam
1877 4860 2190 4940 quaeritur
2236 4860 2315 4926 de

767 4965 973 5031 modis
1010 4965 1297 5041 visionis,
1341 4981 1503 5047 quos
1543 4964 1827 5046 assignat
1863 4963 2313 5047 Augustinus'

764 5072 835 5136 in
860 5071 1069 5136 littera
1097 5090 1116 5135 ι
1145 5070 1403 5135 videtur
1427 5069 1603 5135 enim
1645 5070 1752 5134 illa
1777 5070 2007 5137 divisio
2035 5091 2174 5139 esse
2203 5093 2314 5139 su-

827 5272 846 5307 ¹
874 5271 1002 5322 Dist.
1031 5281 1160 5321 xvu.
1183 5296 1241 5307 -
1264 5270 1286 5303 ¹
1313 5271 1468 5334 Aug„
1491 5268 1554 5318 de
1584 5269 1743 5331 Tria„
1761 5268 1850 5319 lib.
1881 5270 2011 5333 ΧΙΙΙ,
2038 5285 2084 5323 c.
2119 5284 2155 5335 1,
2181 5285 2236 5321 n.
2263 5275 2314 5322 3.

764 5368 823 5383 -
850 5345 871 5377 ⁸
898 5345 914 5391 Ι
945 5342 1083 5402 Cor„
1112 5353 1209 5402 xu,
1241 5342 1314 5391 io.
1341 5367 1406 5378 -
1427 5340 1449 5375 ⁸
1475 5343 1621 5404 Aug„
1646 5339 1707 5389 de
1736 5340 1942 5404 Trinit„
1976 5343 2064 5392 lib.
2091 5345 2154 5405 X,
2184 5358 2230 5393 c.
2261 5355 2313 5407 V,

767 5429 819 5466 n.
841 5417 889 5466 Ἰ.
910 5438 974 5450 -
995 5410 1159 5477 utici,
1185 5412 1276 5460 lib.
1306 5411 1439 5474 vill,
1463 5423 1510 5461 c.
1535 5422 1614 5474 vi,
1634 5423 1690 5460 n.
1716 5412 1776 5472 93
1800 5409 1863 5460 de
1884 5411 2056 5465 Genea.
2086 5414 2158 5464 ad
2187 5415 2315 5480 lite„

1909 423 2538 493 SENTENTIARUM
2578 426 2728 493 ΜΒ.
2769 427 2879 494 111.

2415 561 2685 643 perflue,
2716 581 2889 643 cum,
2916 580 3110 647 super
3131 563 3423 631 Genesim
3448 564 3538 631 ad
3565 564 3886 642 litteram,
3906 563 3977 628 in

2413 668 2576 733 libro
2616 669 2750 750 XII,
2800 676 2862 735 et
2911 671 2983 736 in
3026 671 3277 753 Glossa,
3317 690 3451 737 non
3492 671 3977 754 distinguantur

2413 776 2537 839 nisi
2568 778 2690 842 tria
2718 798 2960 860 genera
2990 780 3315 844 visionum
3339 786 3386 845 ⁸.

2495 881 2682 967 Resp.
2713 885 3061 952 Dicendum
3093 886 3285 969 quod,
3316 887 3677 951 secundum
3704 884 3979 949 verbum

2416 992 2790 1071 Augustini,
2830 1016 2862 1053 α
2901 992 3083 1057 Fides
3120 992 3537 1057 essentialiter
3582 991 3869 1055 existens
3914 991 3979 1054 in

2417 1095 2638 1160 anima
2664 1098 3076 1179 cognoscitur
3100 1117 3215 1181 per
3242 1117 3429 1162 suam
3454 1097 3822 1162 essentiam.
3845 1121 3875 1159 ι
3906 1097 3980 1163 Et

2414 1203 2539 1268 hoc
2566 1206 2993 1270 communiter
3024 1224 3250 1270 omnes
3277 1209 3518 1270 tenent.
3551 1204 3639 1268 De
3677 1203 3979 1267 charitate
4002 1209 4155 1265 osw-

2415 1315 2632 1375 autem
2660 1313 2923 1395 quidam
2963 1314 3217 1394 dicunt,
3246 1313 3423 1396 quod
3461 1312 3722 1378 videtur
3763 1327 3981 1375 efflen-

2419 1418 2673 1500 tialiter,
2707 1424 2771 1484 et
2809 1419 2926 1483 scit
2967 1418 3165 1484 homo
3204 1438 3272 1485 se
3317 1420 3553 1484 habere
3597 1418 3977 1484 charitatem

2417 1543 2614 1607 quam
2643 1527 2869 1609 habet,
2917 1528 3027 1592 sed
3053 1527 3259 1591 nescit
3282 1532 3506 1592 utrum
3536 1527 3606 1591 in
3632 1545 3712 1591 ea
3755 1544 3978 1608 perse-

2417 1639 2640 1713 veret;
2671 1635 2892 1700 dicunt
2922 1636 3098 1700 enim
3124 1636 3248 1701 hoc
3275 1653 3413 1699 esse
3444 1634 3839 1717 generaliter
3866 1651 3979 1697 ve-

2419 1761 2594 1823 rum,
2626 1744 2798 1826 quod
2828 1744 2905 1810 de
2932 1745 3235 1808 omnihus
3262 1761 3410 1826 quae
3439 1745 3593 1806 sunt
3630 1740 3978 1806 essentiali-

2420 1853 2518 1914 ter
2536 1851 2604 1914 in
2632 1851 2871 1931 anima,
2893 1852 3087 1916 habet
3112 1850 3333 1915 anima
3357 1853 3596 1914 certam
3621 1847 3976 1927 scientiam,

2420 1958 2575 2041 quia
2604 1959 2929 2040 cognoscit
2954 1978 3031 2023 ea
3057 1978 3172 2043 per
3192 1975 3419 2023 eorum
3446 1956 3817 2036 essentiam,
3846 1954 3979 2018 sive

2421 2066 2503 2129 sit
2530 2065 2785 2130 habitus
2810 2067 3035 2149 gratiae
3051 2116 3068 2147 ,
3099 2067 3235 2132 sive
3262 2064 3620 2143 charitatis,
3653 2062 3794 2126 sive
3819 2061 3975 2125 alte-

2420 2172 2558 2236 rius
2594 2172 2869 2237 virtutis.
2904 2173 3026 2239 Sed
3070 2175 3211 2239 haec
3253 2171 3581 2255 responsio
3630 2168 3977 2235 contraria-

2421 2283 2529 2343 tur
2588 2280 2709 2362 ipsi
2767 2282 3118 2364 cognitioni
3196 2280 3706 2366 experimentali.
3780 2278 3977 2343 Multa
3998 2282 4149 2336 lumb-

2421 2389 2594 2452 enim
2612 2395 2763 2453 sunt
2787 2390 2855 2454 in
2881 2391 3086 2468 nohiS,
3109 2409 3257 2474 quae
3280 2410 3398 2455 nos
3418 2391 3640 2469 latent,
3668 2392 3733 2453 et
3751 2388 3973 2452 multae

2420 2498 2655 2563 animae
2684 2503 2836 2564 sunt
2871 2499 3183 2565 deformes
3203 2549 3220 2580 ,
3251 2517 3396 2583 quae
3428 2517 3579 2562 suas
3605 2496 3976 2561 deformita-

2420 2609 2515 2669 tes
2543 2604 2721 2670 nullo
2750 2608 2939 2671 modo
2969 2611 3324 2685 noverunt,
3372 2610 3435 2670 et
3461 2605 3668 2669 multa
3707 2607 3859 2667 sunt
3909 2604 3975 2666 in

2423 2713 2628 2793 nohis,
2653 2732 2801 2796 quae
2828 2732 2959 2777 non
2986 2716 3225 2797 patent.
3256 2713 3335 2779 Et
3361 2718 3701 2796 propterea
3726 2730 3859 2776 non
3886 2714 3977 2775 est

2421 2820 2792 2900 dicendum,
2821 2820 2997 2903 quod
3026 2821 3278 2897 omnia,
3308 2838 3458 2903 quae
3487 2823 3640 2884 sunt
3670 2819 3739 2882 in
3767 2818 3975 2882 anima

2422 2928 2858 3006 essentialiter,
2887 2932 3225 2993 teneantur
3251 2927 3499 2994 visione
3523 2931 3588 2991 et
3614 2925 3975 3007 cognitione

2422 3038 2615 3098 certa.
2649 3033 2725 3099 Et
2750 3035 2828 3098 de
2856 3032 3162 3097 charitate
3190 3038 3250 3098 et
3279 3033 3487 3114 gratia
3515 3033 3670 3096 satis
3703 3037 3801 3098 est
3842 3032 3974 3115 pla·

2422 3160 2584 3206 num
2606 3189 2624 3219 ‚
2655 3141 2807 3225 quia
2839 3141 3062 3224 pauci,
3095 3141 3197 3207 vel
3239 3139 3403 3205 nulli
3440 3143 3595 3205 sunt
3633 3139 3750 3223 qui
3780 3139 3976 3204 sciant

2423 3248 2949 3314 certitudinaliter
2975 3267 3043 3313 se
3074 3266 3207 3312 esse
3231 3248 3301 3310 in
3324 3247 3535 3329 gratia
3567 3267 3584 3310 ε
3612 3252 3676 3311 et
3701 3246 3825 3311 hoc
3850 3264 3975 3309 me·

2421 3355 2547 3422 lius
2585 3358 2814 3437 scitur,
2864 3357 2917 3419 si
2960 3355 3324 3437 inquiratur
3367 3374 3407 3419 a
3435 3355 3597 3419 viris
3641 3355 3874 3420 sanctis
3910 3357 3969 3416 et

2422 3465 2627 3530 bonis.
2658 3464 2801 3530 ldeo
2828 3464 3011 3528 aliter
3035 3453 3255 3528 dicunt
3282 3463 3410 3542 alii,
3439 3462 3616 3545 quod
3643 3463 3968 3545 dupliciter
3987 3490 4142 3546 opaea

2423 3572 2621 3636 scitur
2663 3571 2932 3653 aliquid,
2974 3570 3265 3635 videlicet
3304 3569 3569 3634 scientia
3604 3568 3879 3648 notitiae,
3909 3574 3968 3633 et

2424 3680 2685 3743 scientia
2714 3678 3141 3757 discretionis,
3173 3677 3532 3742 secundum
3558 3678 3731 3760 quod
3773 3675 3971 3741 tradi-

2422 3791 2533 3852 tur
2568 3787 2648 3851 ah
2696 3785 3066 3868 Augustino
3106 3785 3175 3847 in
3220 3785 3387 3850 libro
3433 3786 3520 3851 De
3576 3784 3968 3864 stimate,

2422 3888 2596 3971 quod
2621 3913 2652 3951 α
2676 3889 2848 3953 aliud
2879 3893 2974 3952 est
2998 3904 3138 3953 rem
3160 3905 3444 3968 noscere,
3472 3888 3648 3953 aliud
3670 3889 3969 3970 cogitare,

2423 4001 2488 4062 et
2536 3998 2917 4064 discernere.
2960 4021 2991 4059 n
3041 3999 3271 4064 Dicunt
3311 4018 3472 4082 ergo
3519 3999 3695 4084 quod
3737 4000 3970 4075 omnia,

2423 4124 2574 4188 quae
2601 4106 3016 4171 essentialiter
3058 4111 3211 4171 sunt
3244 4107 3314 4170 in
3352 4107 3598 4187 anima,
3633 4107 3972 4171 certissime

2423 4214 2716 4278 sciuntur
2743 4213 3008 4277 scientia
3030 4213 3297 4277 notitiae.
3328 4210 3467 4290 Qua
3492 4213 3758 4297 quidem
3778 4213 3971 4278 scien·

2423 4320 2513 4384 tia
2542 4320 2693 4384 dicit
2718 4319 3200 4401 Augustinus⁸,
3233 4321 3403 4403 quod
3442 4320 3662 4385 anima
3700 4338 3831 4385 non
3864 4338 3975 4403 po-

2422 4431 2545 4491 test
2585 4427 2859 4510 seipsam
2902 4427 3208 4509 ignorare
3257 4447 3273 4490 ς
3325 4431 3389 4493 et
3428 4427 3523 4492 sic
3569 4428 3973 4510 cognoscitur

2421 4537 2555 4599 tam
2583 4535 2741 4598 fides
2762 4584 2780 4613 ,
2814 4554 3012 4618 quam
3040 4535 3317 4600 charitas
3338 4584 3357 4615 ,
3386 4553 3583 4618 quam
3611 4535 3807 4601 etiam
3830 4535 3969 4599 alia.

2425 4640 2549 4707 Sed
2575 4641 2631 4706 si
2657 4637 2735 4707 de
2763 4642 3024 4707 scientia
3055 4642 3446 4708 discretionis
3470 4643 3849 4725 loquamur,
3889 4642 3971 4706 sic

2422 4773 2555 4819 non
2592 4754 2787 4818 habet
2821 4755 3182 4835 veritatem,
3215 4772 3334 4837 pro
3373 4772 3451 4820 eo
3487 4755 3663 4838 quod
3706 4773 3785 4820 ea
3828 4771 3969 4838 quae

2422 4862 2837 4926 essentialiter
2861 4865 3014 4927 sunt
3052 4861 3121 4925 in
3148 4862 3387 4941 anima,
3418 4862 3535 4926 etsi
3579 4863 3840 4927 scientia
3865 4879 3968 4927 no-

2422 4971 2579 5035 titiae
2606 4974 3099 5052 cognoscantur,
3128 4974 3348 5035 tamen
3374 4970 3454 5034 ab
3479 4969 3621 5034 aliis
3646 4988 3779 5035 non
3804 4988 3967 5036 sem·

2422 5095 2539 5161 per
2567 5077 3052 5155 discernuntur,
3084 5077 3249 5142 sicut
3273 5077 3426 5141 dicit
3449 5078 3858 5160 Augustinus
3891 5076 3964 5141 de

2422 5182 2562 5267 ipsa
2607 5185 2846 5265 anima,
2889 5184 3062 5268 quod
3111 5184 3227 5248 etsi
3273 5201 3406 5248 non
3451 5184 3653 5266 possit
3698 5185 3963 5267 seipsam

2421 5345 2512 5396 lib.
2540 5347 2653 5410 vn,
2678 5363 2724 5397 c.
2759 5360 2870 5411 xxi,
2895 5362 2951 5398 n.
2980 5350 3059 5398 28.
3082 5373 3145 5384 —-
3169 5346 3234 5410 (a)
3276 5346 3398 5398 Coet.
3423 5345 3549 5399 edit.
3577 5347 3962 5400 notificationes.

2426 5442 2489 5459 --
2510 5417 2580 5486 (ὁ)
2610 5419 2735 5470 Coee.
2762 5420 2884 5473 edit.
2915 5421 3272 5485 cognoscatur.
