4185 6288
1259 456 1457 524 msT.
1499 453 1577 522 V.
1621 451 1806 523 ART.
1849 452 1931 519 11.
1974 449 2274 531 QUAEST.
2319 448 2390 516 V.
3307 443 3423 506 {37

328 602 469 669 Item
509 597 887 666 humanitas
929 600 1023 661 est
1065 595 1271 659 torma
1307 591 1627 658 bominis:
1660 588 1772 654 sed

269 711 381 777 haec
403 708 770 792 simpliciter
795 703 1194 770 conceditur:
1241 725 1270 762 e
1298 698 1498 765 Filius
1533 696 1635 762 Dei
1665 714 1771 760 as-

268 815 502 899 sumpsit
527 816 805 879 formam
839 809 1117 875 hominis
1135 858 1152 887 ‚
1193 831 1223 867 n
1260 807 1425 871 sicut
1452 804 1685 868 dicitur
1706 803 1725 838 ¹
1754 823 1769 865 ε

273 923 625 990 Humiliavit
650 922 1074 1002 semetipsum,
1101 918 1375 997 formam
1400 913 1575 979 servi
1603 910 1775 976 acci-

266 1034 419 1113 piens
445 1048 655 1111 :ergo
687 1034 753 1092 et
785 1029 943 1091 ista:
998 1050 1027 1084 α
1067 1023 1265 1088 Filius
1297 1021 1403 1086 Dei
1433 1015 1778 1100 assumpsit

270 1137 726 1203 humanitatem.
757 1155 788 1193 n

332 1244 472 1308 Item
508 1244 650 1308 haec
689 1244 787 1306 est
824 1237 1196 1321 simpliciter
1231 1252 1387 1301 vera
1430 1251 1448 1296 z
1504 1255 1534 1291 α
1584 1230 1779 1295 Filius

269 1351 357 1417 Dei
382 1352 566 1416 habet
592 1348 1101 1414 humanitatem:
1145 1367 1175 1403 n
1212 1347 1276 1408 et
1313 1359 1456 1406 eam
1501 1357 1631 1404 non
1659 1339 1776 1403 ha-

269 1460 385 1523 buit
406 1461 763 1535 abaeterno,
793 1454 902 1519 sed
929 1451 1360 1535 temporaliter
1383 1465 1580 1529 :ergo
1608 1446 1781 1511 vide·

272 1565 360 1627 tm·
380 1562 540 1645 quod
570 1578 714 1625 eam
737 1557 1103 1639 assumpsit.

144 1678 238 1737 ίψμ
336 1667 443 1733 Sed
485 1672 706 1733 contra
751 1689 765 1729 :
826 1670 885 1728 1.
945 1662 1327 1727 Humanitas
1376 1656 1785 1739 consequitur

275 1778 546 1842 unionem
577 1774 813 1840 animae
838 1790 986 1837 cum
1009 1787 1312 1853 corpore:
1343 1766 1452 1832 sed
1478 1766 1697 1829 anima
1719 1767 1787 1829 et

274 1900 468 1965 eorpus
496 1900 633 1946 non
676 1881 942 1945 fuerunt
965 1877 1146 1961 prius
1184 1876 1402 1954 unita,
1443 1890 1640 1957 quam
1681 1888 1784 1935 as-

275 1993 495 2072 sumpta
531 2011 547 2050 z
606 2005 767 2071 ergo
785 2035 807 2066 ,
863 1986 919 2050 si
974 1986 1378 2067 assumptum
1430 1979 1785 2045 secundum

277 2096 531 2160 ordinem
562 2094 921 2160 naturalem
960 2090 1261 2175 praecedit
1301 2090 1506 2171 ipsam
1534 2103 1786 2150 assum-

279 2203 550 2284 ptionem,
573 2202 830 2267 videtur
846 2199 1016 2282 quod
1036 2199 1175 2263 haec
1199 2198 1283 2261 sit
1307 2196 1464 2260 salsa
1492 2216 1508 2259 z
1539 2217 1570 2254 ι
1589 2192 1789 2257 Filius

281 2307 366 2374 Dei
388 2310 718 2393 assumpsit
741 2306 1228 2371 humanitatem.
1257 2325 1290 2364 ι

344 2423 398 2481 2.
448 2418 600 2482 Item
647 2414 857 2497 magis
895 2413 1215 2496 significat
1258 2411 1328 2474 in
1371 2408 1791 2473 abstractione

282 2522 382 2587 hoc
401 2541 660 2602 nomen,
697 2521 1111 2598 humanitas,
1141 2535 1337 2601 quam
1368 2516 1491 2581 hoc
1529 2532 1790 2592 nomen,

286 2629 437 2698 homo
465 2655 488 2697 .·
529 2632 634 2696 sed
677 2629 844 2693 Deus
879 2646 1013 2692 non
1050 2624 1391 2707 assumpsit
1437 2622 1793 2687 humanam

286 2744 550 2804 naturam
573 2741 643 2803 in
668 2736 1038 2815 universali,
1068 2735 1178 2799 sed
1203 2735 1226 2769 ²
1253 2733 1322 2796 in
1356 2735 1607 2796 atomo:
1637 2747 1795 2811 ergo

288 2843 402 2911 haee
425 2852 512 2911 est
552 2845 765 2928 magis
789 2842 1138 2927 impropria
1172 2863 1186 2905 :
1225 2863 1257 2900 α
1283 2839 1640 2921 Assumpsit
1665 2837 1796 2901 hu-

291 2955 645 3033 manitatem,
666 2976 698 3013 »
723 2970 922 3036 quam
945 2952 1125 3016 haec:
1166 2973 1196 3009 a
1214 2948 1576 3029 Assumpsit
1592 2944 1799 3009 homi·

290 3077 448 3125 nem:
475 3084 507 3120 n
539 3079 695 3143 ergo
720 3063 816 3124 est
841 3058 1016 3123 falsa.

356 3174 408 3232 3.
443 3167 591 3233 Item
613 3217 631 3247 ,
678 3166 734 3231 si
781 3167 1125 3248 assumpsit
1169 3160 1638 3227 humanitatem
1660 3208 1679 3238 ,
1738 3163 1802 3222 et

293 3293 591 3359 nunquam
626 3274 919 3358 deposuit
953 3272 1123 3355 quod
1148 3268 1517 3350 assumpsit,
1547 3284 1801 3348 semper

294 3382 492 3449 hahuit
510 3383 973 3448 humanitatem
998 3403 1012 3444 :
1035 3379 1143 3444 sed
1166 3377 1342 3461 quod
1361 3377 1552 3441 habet
1573 3375 1802 3440 huma·

295 3491 522 3556 nitatem
549 3510 829 3575 semper,
865 3506 1118 3571 semper
1162 3491 1256 3550 est
1282 3485 1518 3549 homo:
1549 3501 1706 3564 ergo
1734 3482 1801 3545 in

298 3598 480 3665 triduo
505 3600 617 3665 fuit
643 3600 864 3665 homo.
893 3597 1088 3662 Juxta
1121 3596 1242 3659 hoc
1277 3592 1619 3677 quaeritur,
1648 3590 1802 3673 quid

299 3709 528 3773 nomine
543 3705 956 3773 humanitatis
973 3701 1378 3784 intelligitur,
1402 3717 1552 3764 cum
1572 3698 1805 3762 dicitur

303 3809 396 3877 Dei
416 3813 632 3881 Filium
659 3811 1074 3896 assumpsisse
1100 3808 1592 3874 humanitatem.

813 4055 1269 4126 CONCLUSIO.

311 4230 657 4292 eoncedendum
666 4237 745 4292 est
760 4229 906 4304 quod
913 4231 1089 4286 Filius
1105 4229 1207 4285 Dei
1232 4228 1522 4299 assumpsit
1549 4224 1806 4280 humani·

371 4327 514 4381 tatem
525 4367 546 4396 ,
571 4342 689 4382 cum
710 4338 926 4381 carnem
952 4326 1003 4378 et
1029 4323 1303 4386 animam,
1349 4320 1681 4387 formamque
1707 4314 1808 4370 hu-

372 4427 561 4472 manam
580 4413 948 4486 empserit.

384 4572 542 4661 nep.
600 4579 682 4645 ad
741 4594 885 4657 arg.
947 4571 1296 4638 Dicendum
1350 4567 1523 4652 quod
1576 4584 1814 4631 nomen

316 4678 688 4750 humanitatis
715 4681 1050 4748 consuevit
1069 4677 1399 4761 tripliciter
1427 4675 1649 4758 accipi.
1676 4672 1815 4737 Uno

318 4789 477 4855 modo
531 4812 639 4877 per
692 4788 1162 4855 humanitatem
1221 4788 1490 4867 possunt
1542 4781 1816 4863 intelligi

319 4894 585 4984 principia
601 4883 1056 4966 constituentia
1082 4892 1446 4969 hominem;
1477 4890 1602 4954 alio
1629 4891 1817 4954 modo

321 5019 420 5083 per
437 5004 883 5073 humanitatem
905 5004 1108 5085 potest
1131 5000 1404 5081 intelligi
1432 4999 1638 5062 forma
1665 5014 1814 5061 con-

323 5125 553 5193 sequens
608 5119 823 5181 totum
882 5107 1301 5191 compositum
1327 5128 1343 5184 ;
1395 5105 1582 5170 tertio
1631 5104 1820 5168 modo

322 5220 541 5286 nomine
561 5218 977 5288 humanitatis
1002 5217 1206 5299 potest
1230 5212 1502 5294 intelligi
1527 5210 1819 5294 proprie·-

385 5376 598 5448 *Philiffi
625 5398 684 5447 11,
737 5386 800 5442 8,
827 5383 874 5430 ’1.
910 5406 974 5418 -
1010 5379 1312 5438 ⁸Daoeasc.,
1337 5373 1399 5423 de
1438 5373 1566 5424 Fide
1604 5371 1822 5436 orthod„

327 5445 404 5505 lib.
424 5450 497 5520 lll,
521 5470 562 5506 c.
589 5469 726 5508 ιι.--
752 5455 778 5490 ⁸
808 5451 936 5512 Dist-
959 5461 1018 5503 11.
1035 5449 1127 5488 -ὓ
1150 5451 1404 5509 Damaso„
1431 5444 1518 5496 lib.
1541 5446 1649 5512 cit.,
1676 5459 1720 5495 c.
1747 5456 1819 5497 vx.

1879 592 1978 652 tas
1996 603 2393 669 consequens
2409 585 2624 668 ipsum
2642 580 2997 659 hominem,
3020 578 3090 643 in
3107 579 3425 660 quantum

1883 698 1977 758 est
1999 694 2200 760 homo
2227 716 2242 757 :
2274 697 2337 756 et
2362 692 2479 756 iste
2510 688 2739 773 triplex
2771 686 3127 751 intellectus
3154 683 3429 749 habetur

1883 821 1962 867 ex
1989 801 2207 868 verbis
2233 799 2520 880 Magistri
2546 799 2591 877 ⁸,
2621 797 2736 861 ubi
2765 796 3102 860 confirmat
3126 792 3430 873 Magister

1886 917 1949 977 et
1987 910 2261 977 ostendit
2294 909 2696 983 auctoritate,
2726 925 2794 970 se
2829 904 3088 969 nomine
3130 901 3431 968 humani-

1885 1019 2033 1083 tatis
2064 1035 2296 1100 corpus
2323 1019 2386 1079 et
2406 1014 2685 1078 animam
2714 1012 3092 1092 intelligere.
3121 1008 3434 1074 Omnibus

1887 1131 2102 1192 autem
2152 1125 2255 1189 his
2291 1124 2497 1188 modis
2540 1120 3015 1186 concedendum
3062 1122 3155 1183 est
3194 1117 3433 1182 Filium

1888 1233 1998 1298 Dei
2024 1231 2439 1314 assumpsisse
2475 1228 2961 1294 humanitatem.
2998 1226 3066 1290 Si
3100 1225 3274 1290 enim
3315 1242 3435 1288 no·

1889 1341 2063 1405 mine
2108 1339 2528 1403 humanitatis
2578 1337 3022 1418 intelligantur
3073 1334 3213 1418 ipsa
3256 1332 3435 1415 prin-

1890 1449 2055 1532 cipia
2073 1446 2522 1511 constituentia
2538 1444 2866 1509 hominem
2878 1492 2893 1520 ‚
2907 1442 3200 1506 videlicet
3216 1440 3437 1504 anima

1891 1560 1954 1619 et
1981 1573 2151 1629 caro,
2179 1553 2420 1636 absque
2450 1552 2645 1617 dubio
2667 1568 2897 1615 verum
2925 1549 3217 1632 estquod
3242 1546 3440 1611 Filius

1893 1662 2001 1727 Dei
2029 1660 2373 1744 assumpsit
2398 1659 2893 1735 humanitatem,
2933 1658 2998 1721 id
3031 1660 3126 1721 est
3155 1655 3438 1719 animam

1892 1776 1954 1837 et
1981 1786 2262 1834 carnem.
2297 1767 2453 1831 Item
2473 1816 2492 1846 ,
2523 1766 2576 1829 si
2608 1765 2867 1829 nomine
2894 1762 3311 1828 humanitatis
3340 1763 3438 1824 in-

1894 1877 2209 1960 telligitur
2255 1876 2459 1940 forma
2505 1873 2733 1950 totius,
2783 1871 2993 1937 adhuc
3037 1871 3229 1935 habet
3267 1867 3440 1933 veri·

1895 1989 2087 2049 tatem
2110 2005 2125 2048 2
2153 2007 2182 2044 e
2199 1982 2398 2047 Filius
2417 1980 2526 2046 Dei
2543 1979 2886 2061 assumpsit
2897 1978 3384 2051 humanitatem,
3404 1996 3435 2033 υ

1895 2092 1960 2157 id
1987 2095 2081 2155 est
2116 2091 2388 2155 formam
2434 2088 2821 2162 humanam,
2851 2087 3041 2167 juxta
3083 2081 3241 2147 illud
3270 2079 3443 2164 quod

1895 2199 2173 2264 dicitur:
2228 2196 2623 2263 Humiliavit
2672 2194 3113 2275 semetipsum,
3174 2191 3445 2269 sormam

1897 2308 2072 2372 servi
2098 2306 2444 2387 accipiens.
2474 2303 2821 2380 Postremo,
2853 2300 2908 2364 si
2931 2298 3193 2363 nomine
3222 2296 3446 2359 hnma-

1899 2411 2115 2475 nitatis
2171 2411 2311 2493 ipsa
2364 2410 2716 2493 proprietas
2768 2422 3161 2488 consequens
3211 2401 3447 2465 intelli-

1901 2520 2103 2602 gitur,
2132 2518 2342 2582 adhuc
2384 2516 2717 2581 veritatem
2758 2513 2993 2577 habet:
3040 2535 3071 2572 α
3112 2509 3310 2574 Filius
3340 2506 3447 2571 Dei

1901 2625 2242 2708 assumpsit
2282 2625 2635 2687 humanam
2676 2625 2972 2685 naturam
3002 2643 3016 2682 :
3060 2639 3090 2676 υ
3132 2615 3286 2699 quia
3320 2632 3450 2679 non

1902 2732 2113 2797 solum
2151 2737 2430 2795 nostram
2468 2733 2767 2792 naturam
2806 2727 3162 2790 humanam
3190 2738 3449 2785 assum-

1904 2839 2068 2922 psit,
2118 2839 2227 2902 sed
2274 2836 2689 2921 proprietates
2737 2834 3196 2913 consequentes
3214 2877 3233 2907 ,
3288 2828 3454 2891 sicut

1905 2948 2054 3013 dicit
2082 2947 2506 3012 Damascenus
2523 2945 2566 3009 ⁸.
2592 2944 2659 3008 Si
2680 2944 2826 3028 quis
2848 2946 3063 3006 autem
3086 2940 3208 3003 hoc
3224 2937 3452 3002 ultimo

1907 3057 2098 3120 modo
2130 3056 2341 3120 solum
2364 3053 2679 3132 intelligat
2699 3049 2867 3133 quod
2896 3044 3307 3129 assumpserit
3332 3042 3455 3107 hu-

1909 3166 2281 3230 manitatem
2303 3212 2322 3243 ,
2371 3162 2434 3227 id
2488 3165 2583 3226 est
2632 3159 2917 3224 hominis
2961 3155 3450 3239 proprietatem,

1909 3276 2081 3337 errat
2112 3273 2277 3335 circa
2307 3267 2762 3335 incarnationis
2788 3264 3121 3330 veritatem
3151 3283 3166 3324 :
3209 3260 3457 3341 oportet

1910 3381 2083 3445 enim
2114 3396 2374 3461 ponere,
2401 3376 2571 3460 quod
2594 3375 2713 3439 hoe
2732 3372 2965 3454 triplici
2993 3367 3182 3434 modo
3210 3363 3457 3430 dicendi

1911 3488 2113 3553 Filius
2133 3486 2244 3552 Dei
2270 3484 2683 3566 assumpserit
2703 3498 2925 3546 veram
2948 3476 3417 3542 humanitatem
3435 3490 3453 3551 ;

1910 3600 1974 3660 et
2001 3594 2421 3659 concedendas
2449 3596 2599 3655 sunt
2618 3589 2896 3653 rationes
2917 3586 2998 3649 ad
3021 3585 3187 3648 hanc
3212 3584 3458 3665 partem

1912 3704 2215 3769 inductas.
2620 3759 2625 3766 .

1998 3819 2056 3876 1.
2089 3813 2187 3876 Ad
2231 3810 2390 3874 illud
2435 3806 2608 3891 quod
2645 3803 2966 3886 objicitur,
3013 3796 3184 3881 quod
3221 3796 3461 3860 huma-

1916 3920 2083 3986 nitas
2113 3918 2526 4000 consequitur
2553 3913 2891 3989 unionem,
2923 3906 3265 3972 dicendum
3291 3901 3463 3985 quod

1917 4026 2330 4110 consequitur
2355 4023 2666 4089 unionem
2695 4020 2932 4083 animae
2958 4016 3035 4079 ad
3068 4029 3334 4096 corpus,
3364 4027 3462 4072 se-

1919 4137 2205 4202 cundum
2248 4132 2419 4216 quod
2465 4129 2786 4194 uniuntur
2830 4127 2895 4188 in
2948 4118 3464 4186 constitutionem

1919 4247 2167 4306 naturae
2187 4288 2203 4316 ,
2250 4257 2382 4301 uon
2425 4236 2776 4300 secundum
2824 4230 2994 4313 quod
3039 4226 3353 4291 uniuntur
3397 4224 3466 4286 in

1922 4353 2234 4415 unitatem
2264 4363 2573 4430 personae.
2621 4342 2837 4408 Posset
2881 4338 3073 4402 etiam
3100 4333 3225 4399 dici
3244 4381 3261 4411 ,
3295 4330 3467 4413 quod

1921 4457 2221 4541 quaedam
2263 4458 2417 4518 sunt
2458 4451 2640 4534 prius
2680 4450 3033 4529 assumpta,
3066 4445 3130 4505 et
3167 4437 3467 4522 quaedam

1922 4566 2326 4645 coassumpta
2364 4584 2378 4625 ε
2421 4563 2484 4624 et
2523 4556 2824 4640 quamvis
2868 4553 3089 4617 anima
3126 4553 3190 4613 et
3237 4560 3469 4627 corpus

1925 4674 2135 4757 primo
2160 4671 2487 4751 assumpta
2513 4667 2641 4729 sint
2666 4685 2705 4728 a
2730 4661 2975 4727 Verbo:
3005 4664 3222 4723 tamen
3251 4651 3471 4717 omnia

1926 4798 2074 4866 quae
2107 4779 2187 4868 ad
2218 4796 2295 4841 ea
2318 4775 2819 4856 consequuntur,
2850 4767 2973 4832 dici
3002 4764 3266 4848 possunt
3290 4776 3470 4823 coas-

1927 4891 2206 4969 sumpta.
2248 4882 2425 4948 Unde
2458 4880 2614 4963 quia
2640 4878 2856 4941 anima
2896 4877 2962 4937 et
2999 4886 3233 4953 corpus
3271 4866 3472 4930 habe-

1928 4997 2085 5060 bant
2126 4990 2573 5076 proprietatem
2620 4980 3046 5067 passibilitatis
3069 5027 3086 5055 ,
3126 4976 3325 5042 Filius
3363 4973 3475 5039 Dei
3606 4978 3610 4982 ’

1929 5098 2273 5182 assumpsit
2318 5093 2815 5178 passibilitatem.
2855 5088 2932 5152 Et
2970 5105 3082 5170 per
3120 5085 3297 5150 hunc
3330 5099 3476 5145 mo-

1931 5212 2088 5275 dum
2150 5202 2624 5271 concedendum
2685 5202 2779 5261 est
2831 5194 3002 5279 quod
3062 5188 3477 5273 assumpserit

1930 5315 2398 5382 humanitatem
2422 5358 2441 5388 ‚
2496 5302 3040 5390 quemadmodum
3110 5296 3476 5365 conceditur

1935 5421 2106 5514 quod
2151 5415 2565 5500 assumpserit
2614 5411 3087 5500 passibilitatem
3108 5456 3125 5485 ‚
3179 5401 3477 5491 quamvis
