4185 6288
720 502 842 565 15⁶

800 639 863 699 3.
895 631 1055 699 Item
1087 632 1353 715 aequalis
1383 632 1800 715 simplicitatis
1825 634 1891 695 et
1929 629 2260 713 dignitatis

718 744 814 807 est
854 757 1126 824 persona
1172 738 1427 819 divina,
1473 739 1638 804 sicut
1689 742 1752 803 et
1800 739 2035 802 natura
2080 757 2100 802 ε
2149 737 2258 801 sed

718 854 978 932 propter
1040 848 1419 929 dignitatem
1465 851 1530 910 et
1579 846 2042 930 simplicitatem
2078 845 2260 909 ‘illius

718 960 997 1032 naturae,
1026 956 1335 1020 unionem
1363 953 1535 1018 illam
1565 953 1954 1036 impossibile
1993 957 2087 1017 est
2131 957 2257 1017 ter-

716 1063 949 1127 minari
983 1063 1065 1127 ad
1095 1063 1404 1126 unitatem
1433 1066 1684 1125 naturae
1713 1084 1731 1126 ε
1774 1079 1933 1143 ergo
1966 1060 2260 1144 impossi-

715 1171 842 1235 bile
869 1174 962 1234 est
988 1169 1317 1233 terminari
1343 1169 1423 1233 ad
1447 1168 1756 1233 unitatem
1785 1186 2095 1251 personae.

802 1283 863 1341 4.
915 1277 1073 1341 Item
1117 1277 1280 1340 sicut
1335 1276 1570 1341 divinae
1627 1280 1875 1341 naturae
1926 1274 2262 1358 respondet

717 1403 987 1469 persona
1019 1384 1328 1462 increata,
1359 1383 1448 1448 sic
1484 1384 1791 1448 humanae
1830 1386 2079 1448 naturai
2122 1402 2259 1446 res-

714 1492 949 1576 pondet
971 1508 1242 1574 persona
1277 1495 1486 1554 creata
1517 1511 1534 1554 ε
1565 1508 1724 1572 ergo
1757 1508 1907 1554 cum
1945 1491 2262 1555 terminus

714 1599 972 1665 unionis
997 1597 1329 1680 aequaliter
1359 1617 1425 1661 se
1463 1597 1692 1662 habeat
1731 1598 1812 1662 ad
1851 1600 2167 1676 extrema,
2199 1600 2264 1660 et

715 1708 873 1771 unio
909 1706 1020 1770 illa
1060 1723 1189 1769 non
1228 1705 1425 1787 possit
1458 1705 1790 1768 terminari
1831 1705 1911 1768 ad
1948 1704 2262 1768 unitatem

716 1832 1005 1896 personae
1047 1817 1275 1878 creatae
1294 1861 1312 1889 ,
1343 1812 1482 1894 pari
1521 1812 1764 1876 ratione
1803 1812 2060 1876 videtur
2090 1812 2262 1893 quod

716 1939 849 1986 non
892 1922 1102 1988 valeat
1154 1922 1478 1988 terminari
1542 1923 1621 1986 ad
1671 1922 1981 1987 unitatem
2044 1940 2263 2005 perso-

715 2046 821 2093 nae
871 2030 1169 2096 increatae
1220 2053 1235 2094 :
1277 2048 1437 2112 ergo
1486 2029 1854 2112 simpliciter
1899 2032 1991 2093 est
2029 2046 2260 2093 verum

662 2214 665 2219 ,
716 2137 887 2218 quod
920 2137 1078 2202 unio
1113 2138 1222 2202 illa
1250 2156 1380 2202 non
1416 2137 1800 2202 terminatur
1825 2136 1906 2201 ad
1951 2137 2262 2201 unitatem

717 2261 1026 2327 personae.

1231 2390 1755 2458 CONCLUSIO.

716 2553 962 2608 Duarum
988 2554 1319 2608 naturarum
1362 2555 1424 2608 in
1453 2553 1663 2610 Christo
1689 2555 1820 2609 unio
1857 2554 2155 2609 terminata
2188 2556 2264 2609 est

787 2642 862 2698 ad
897 2657 1136 2713 persona
1184 2645 1455 2699 unitatem
1478 2684 1495 2711 ,
1538 2659 1647 2699 non
1694 2647 1876 2699 autem
1928 2642 2003 2698 ad
2053 2647 2268 2699 naturoe

785 2733 1074 2788 unitatem.

795 2888 982 2973 Resp.
1031 2890 1110 2956 ad
1156 2909 1299 2972 arg.
1347 2890 1693 2956 Dicendum
1746 2891 1917 2974 quod
1966 2890 2263 2974 quaedam

714 3004 809 3064 est
828 3000 986 3064 unio
1014 2998 1081 3061 in
1105 3017 1233 3081 qua
1259 3002 1354 3061 est
1375 2998 1572 3062 unius
1592 2998 1854 3062 unibilis
1876 2998 1945 3061 in
1962 3002 2262 3062 naturam

715 3107 977 3172 alterius
1004 3105 1370 3184 conversim
1402 3109 1465 3170 et
1486 3105 1607 3171 hoc
1636 3110 1750 3182 est,
1781 3105 1935 3189 quia
1958 3106 2153 3170 unius
2169 3109 2264 3170 est

715 3215 794 3278 ad
824 3214 1096 3279 alterum
1135 3214 1559 3295 repugnantia
1600 3217 1664 3277 et
1703 3213 2261 3295 praedominantia,

714 3323 881 3387 sicut
910 3321 963 3385 si
991 3324 1177 3402 gutta
1215 3338 1402 3402 aquae
1436 3320 1699 3384 uniatur
1724 3322 2056 3402 amphorae
2098 3321 2260 3386 vini.

717 3429 1023 3505 Quasdam
1052 3445 1206 3490 vero
1232 3431 1327 3490 est
1366 3428 1521 3491 unio
1548 3428 1618 3491 in
1648 3447 1777 3510 qua
1799 3433 1894 3491 est
1929 3429 2266 3511 utriusque

715 3537 979 3602 unibilis
1005 3535 1322 3614 alteratio,
1354 3540 1418 3598 et
1454 3535 1658 3599 tertiae
1700 3539 1951 3599 naturae
1993 3537 2268 3619 produc·

715 3644 841 3722 tio;
874 3648 938 3707 et
962 3645 1082 3707 hoc
1111 3643 1263 3725 quia
1290 3646 1382 3706 est
1418 3643 1504 3706 ibi
1543 3644 2010 3725 repugnantia,
2044 3648 2108 3708 et
2135 3662 2267 3709 non

713 3751 1028 3815 excellens
1058 3751 1568 3833 praedominatio,
1596 3751 1763 3815 sicut
1789 3751 2110 3817 uniuntur
2137 3752 2268 3816 ele-

716 3862 932 3923 menta
958 3858 1037 3922 ad
1064 3857 1500 3924 constituenda
1528 3876 1793 3941 corpora
1817 3859 2041 3924 mixta.
2076 3860 2267 3937 Quae-

714 3967 864 4030 dam
887 3983 1041 4030 vero
1066 3970 1159 4029 est
1186 3965 1346 4030 unio
1387 3964 1455 4027 in
1493 3983 1622 4046 qua
1648 3983 1781 4028 non
1807 3969 1903 4028 est
1935 3968 2265 4031 unitorum

715 4073 1185 4153 transmutatio,
1217 4073 1324 4138 sed
1353 4073 1556 4136 tertiae
1585 4076 1835 4137 naturae.
1870 4074 2264 4154 constitutio;

717 4183 782 4244 et
814 4180 935 4244 hoc
962 4183 1056 4243 est
1086 4180 1238 4261 quia
1275 4179 1543 4243 unibilia
1580 4198 1713 4244 non
1744 4180 1985 4245 hahent
2022 4199 2270 4264 repug-

718 4288 1028 4367 nantiam,
1050 4287 1159 4350 sed
1184 4285 1422 4350 habent
1440 4291 1735 4351 mutuam
1755 4288 2268 4371 dependentiam,

718 4395 882 4459 sicut
907 4395 1224 4459 uniuntur
1254 4412 1485 4477 corpus
1512 4400 1575 4459 et
1604 4396 1821 4459 anima
1849 4397 1929 4460 ad
1955 4397 2269 4461 constitu-

717 4502 957 4568 tionem
994 4502 1298 4566 hominis.
1332 4502 1636 4579 Quaedam
1676 4521 1832 4567 vero
1875 4514 1966 4567 est
2009 4505 2166 4569 unio
2204 4506 2273 4570 in

719 4629 849 4694 qua
877 4628 995 4674 nec
1020 4613 1114 4673 est
1140 4611 1610 4691 transmutatiO,
1642 4629 1761 4675 nec
1790 4612 1993 4675 tertiae
2024 4616 2273 4677 naturae

720 4715 1117 4798 constitutio,
1163 4719 1270 4783 sed
1316 4738 1526 4784 unum
1572 4720 1916 4784 unibilium
1968 4721 2276 4786 fundatur

720 4829 971 4891 tantum
1000 4826 1069 4890 in
1093 4826 1323 4906 altero;
1354 4830 1418 4890 et
1443 4825 1565 4890 hoc
1595 4832 1689 4890 est
1716 4827 1868 4909 quia
1904 4845 2021 4892 nec
2050 4832 2144 4891 est
2185 4829 2274 4892 ibi

721 4935 1147 5016 repugnantia
1170 4983 1187 5010 ‚
1257 4953 1375 4999 nec
1444 4935 1792 5000 essentialis
1859 4935 2278 5019 dependentia

724 5044 983 5123 mutua,
1015 5046 1109 5106 est
1134 5047 1346 5109 tamen
1389 5044 1703 5109 excellens
1737 5043 2226 5125 praedominatio
2258 5066 2273 5108 ε

722 5149 887 5214 sicut
914 5151 1169 5232 quando
1193 5152 1384 5216 arbor
1409 5171 1543 5217 una
1570 5153 1878 5218 inseritur
1907 5153 2104 5236 stipiti
2129 5153 2279 5216 alte-

722 5257 860 5323 rius
885 5257 1173 5334 arboris„
1192 5263 1345 5322 tunc
1376 5265 1652 5342 utraque
1681 5259 1873 5325 arbor
1913 5264 2126 5326 servat
2159 5278 2275 5324 na-

716 5369 940 5431 ¹turam
969 5364 1295 5448 propriam
1310 5414 1330 5445 ‚
1360 5370 1423 5432 et
1447 5371 1665 5434 tamen
1709 5386 1846 5434 una
1890 5368 2079 5436 arbor
2123 5366 2277 5434 sub·

789 5490 957 5553 ¹Jac.,
990 5501 1043 5554 ι,
1070 5492 1152 5542 2¹.

1833 491 2460 562 SENTENTIARUM
2497 493 2648 560 ΠΒ.
2691 492 2804 560 m.

2363 630 2785 695 stantificatur
2826 629 2897 694 in
2929 630 3144 712 stipite
3184 628 3447 693 alterins
3489 629 3734 695 arboris
3749 678 3773 713 ‚
3819 632 3913 698 ita

2364 738 2540 821 quod
2568 755 2741 802 unus
2772 741 2869 800 est
2892 737 3086 819 stipes
3113 735 3471 818 utriusque.
3503 736 3634 802 Hoc
3662 741 3910 805 tantum

2365 848 2596 927 quarto
2635 845 2896 909 unionis
2938 861 3177 926 genere
3217 843 3411 907 habet
3462 845 3638 908 uniri
3683 850 3912 912 natura

2366 952 2584 1017 divina
2631 952 2938 1017 humanae
2982 974 2997 1015 :
3039 951 3190 1035 quia
3228 951 3404 1014 enim
3449 952 3628 1015 nulla
3675 957 3769 1016 est
3811 971 3913 1018 re-

2366 1061 2724 1144 pugnantia
2751 1059 2917 1123 inter
2941 1065 3239 1122 naturam
3267 1058 3554 1123 divinam
3582 1064 3648 1123 et
3683 1060 3912 1125 huma-

2367 1185 2553 1246 nam,
2586 1167 2726 1231 ideo
2754 1167 2937 1231 nulla
2964 1171 3059 1230 est
3094 1167 3181 1230 ihi
3209 1167 3693 1244 transmutatio,
3736 1185 3854 1231 nec
3875 1185 3911 1232 e

2369 1291 2694 1338 converso.
2729 1273 2891 1349 Quia
2926 1291 3081 1338 vero
3108 1292 3240 1338 non
3268 1277 3362 1338 est
3408 1278 3641 1339 mutua
3685 1275 3914 1357 depen-

2368 1381 2582 1445 dentia
2600 1429 2617 1456 ‚
2675 1399 2805 1445 non
2850 1385 2944 1444 est
2987 1382 3192 1445 tertiae
3239 1386 3485 1446 naturae
3525 1382 3908 1447 constitutio.

2369 1488 2490 1553 Sed
2520 1489 2677 1571 quia
2705 1494 2800 1552 est
2826 1490 2912 1553 ibi
2943 1490 3241 1568 alterius,
3273 1489 3502 1554 scilicet
3533 1489 3773 1556 divinae
3798 1509 3914 1554 na-

2371 1602 2536 1661 turae
2561 1597 3070 1679 praedominati0‚
3102 1615 3355 1661 necesse
3383 1600 3478 1662 est
3503 1597 3678 1680 quod
3707 1598 3914 1661 divina

2370 1708 2604 1767 natura
2629 1704 2985 1768 humanam
3015 1710 3313 1768 naturam
3340 1705 3554 1769 trahat
3580 1705 3659 1769 ad
3703 1704 3915 1768 unita-

2368 1812 2525 1874 tem.
2556 1810 2680 1875 Sed
2702 1811 2782 1874 ad
2810 1812 3118 1875 unitatem
3147 1816 3397 1875 naturae
3426 1829 3555 1874 non
3575 1815 3777 1894 potest
3798 1813 3916 1875 tra·

2370 1917 2525 1981 here
2569 1919 2706 2000 sine
2753 1920 3279 1982 transmutatione
3324 1922 3388 1983 et
3440 1917 3854 1982 conversione
3894 1938 3910 1980 ε

2370 2044 2625 2090 necesse
2655 2029 2748 2088 est
2774 2043 2933 2106 ergo
2960 2026 3132 2108 quod
3167 2045 3309 2089 eam
3338 2025 3549 2090 trahat
3592 2026 3672 2089 ad
3711 2026 3915 2090 unita·

2373 2137 2499 2197 tem
2530 2151 2845 2215 personae,
2877 2137 2939 2197 et
2966 2152 3098 2197 una
3123 2139 3186 2196 et
3209 2133 3430 2197 eadem
3457 2132 3814 2216 hypostasis
3842 2132 3915 2196 sit

2371 2240 2611 2305 divinae
2632 2245 2884 2306 naturae
2908 2247 2971 2306 et
2992 2242 3321 2317 humanae,
3337 2244 3410 2305 ut
3433 2242 3618 2323 quasi
3644 2240 3916 2305 humana

2371 2353 2607 2413 natura
2650 2349 2991 2428 fundetur,
3036 2356 3099 2413 et
3137 2348 3682 2413 substantificatur
3727 2348 3794 2410 in
3831 2347 3917 2411 di-

2376 2457 2530 2522 vino
2559 2456 2788 2539 stipite.
2821 2456 2898 2521 Et
2924 2457 3066 2521 ideo
3094 2456 3372 2521 multum
3403 2455 3790 2520 assimilatur
3806 2455 3915 2517 ista

2371 2564 2531 2629 unio
2582 2566 2640 2628 ei
2686 2566 2944 2642 unioni,
2990 2584 3136 2648 quae
3183 2567 3278 2628 est
3332 2583 3447 2647 per
3490 2563 3910 2628 insertionem.

2375 2671 2644 2754 Propter
2672 2673 2844 2754 quod
2875 2674 3068 2736 etiam
3097 2671 3376 2737 fortassis
3405 2672 3558 2735 dicit
3583 2672 3803 2735 beatus
3826 2668 3916 2733 Ja-

2373 2779 2604 2843 cobus¹
2639 2802 2653 2843 ε
2690 2781 2769 2843 In
2796 2778 3296 2846 mansuetudine
3324 2780 3636 2860 suscipite
3658 2779 3914 2844 insitum

2373 2892 2655 2958 verbum.
2707 2891 3191 2955 Concedendum
3242 2895 3336 2954 est
3370 2909 3535 2971 ergo
3549 2914 3573 2967 ·,
3617 2889 3785 2972 quod
3819 2887 3917 2952 illa

2373 3000 2531 3063 unio
2560 2999 2944 3062 terminatur
2972 2999 3051 3061 ad
3081 2999 3394 3062 unitatem
3423 3014 3739 3080 personae.

2456 3112 2517 3170 1.
2561 3106 2660 3171 Ad
2707 3106 2862 3170 illud
2911 3105 3082 3188 quod
3126 3105 3450 3187 objicitur,
3500 3104 3677 3188 quod
3722 3100 3917 3168 unitas

2375 3212 2547 3277 illius
2588 3231 2881 3296 personae
2924 3217 3019 3277 est
3063 3216 3304 3276 aeterna
3325 3261 3344 3291 ,
3389 3212 3727 3276 dicendum
3759 3208 3915 3292 quod

2374 3323 2539 3385 sicut
2568 3340 2839 3404 persona
2867 3321 3158 3384 nominat
3193 3320 3407 3402 ipsum
3436 3320 3829 3402 suppositum
3854 3317 3914 3380 in

2375 3429 2847 3512 comparatione
2878 3428 2957 3491 ad
2985 3432 3283 3490 naturam
3313 3426 3419 3489 cui
3454 3426 3804 3508 subjicitur,
3835 3422 3917 3486 sic

2376 3540 2438 3600 et
2466 3537 2744 3618 dignitas
2780 3553 3067 3618 personae
3105 3533 3488 3599 attendenda
3516 3538 3608 3598 est
3639 3532 3916 3613 respectu

2330 3701 2342 3713 .
2377 3648 2624 3708 naturae
2659 3666 2675 3709 ε
2710 3647 2912 3725 potest
2939 3660 3099 3723 ergo
3127 3658 3398 3725 persona
3426 3640 3538 3706 illa
3581 3634 3914 3722 comparari

2376 3753 2456 3816 ad
2499 3751 2674 3814 illam
2704 3756 3005 3815 naturam
3043 3750 3331 3814 divinam
3373 3767 3390 3812 ε
3433 3749 3617 3813 etsie
3657 3749 3793 3829 ejus
3832 3744 3915 3808 di·

2379 3860 2593 3942 gnitas
2637 3864 2700 3923 et
2746 3859 2959 3922 unitas
3004 3861 3101 3921 est
3163 3860 3427 3920 aeterna.
3479 3856 3690 3921 Potest
3736 3852 3913 3918 etiam

2380 3968 2738 4052 comparari
2788 3968 2867 4031 ad
2909 3972 3208 4030 naturam
3252 3964 3540 4029 divinam
3596 3963 3820 4047 pariter
3858 3961 3917 4022 et

2380 4075 2737 4140 humanam
2779 4099 2792 4139 :
2828 4080 2891 4138 et
2933 4075 3022 4137 sic
3058 4077 3354 4138 connotat
3402 4072 3643 4155 aliquid
3685 4075 3911 4150 tempo-

2380 4183 2513 4248 rale
2544 4203 2561 4246 ε
2594 4188 2655 4247 et
2691 4183 2941 4246 ratione
2969 4181 3143 4244 illius
3168 4180 3491 4244 connotati
3527 4178 3755 4243 dicitur
3795 4188 3915 4239 esse

2381 4291 2697 4354 terminus
2716 4289 2997 4353 unionis
3030 4287 3142 4351 Ina
3165 4289 3335 4352 enim
3358 4288 3513 4351 unio
3539 4304 3670 4350 non
3694 4282 3828 4347 fecit
3852 4280 3917 4342 ut

2382 4398 2491 4462 illa
2538 4413 2808 4481 persona
2850 4400 3045 4475 esset,
3091 4395 3196 4459 vel
3240 4413 3373 4459 una
3409 4397 3609 4472 esset;
3641 4391 3745 4456 sed
3785 4383 3918 4450 tecit

2385 4506 2552 4590 quod
2587 4523 2878 4588 persona,
2908 4522 3057 4586 quae
3086 4507 3224 4567 erat
3253 4521 3384 4566 una
3411 4502 3480 4565 in
3520 4503 3745 4565 natura
3771 4495 3916 4559 sim·

2385 4614 2554 4698 plici,
2581 4616 2746 4677 esset
2772 4630 2904 4675 una
2931 4612 2998 4674 in
3028 4612 3264 4675 natura
3290 4609 3548 4692 duplici.

2466 4725 2527 4784 2.
2562 4719 2656 4782 Ad
2692 4718 2850 4782 illud
2880 4717 3052 4800 quod
3080 4717 3449 4801 opponitur,
3474 4716 3646 4799 quod
3674 4736 3704 4774 α
3725 4708 3919 4775 unitas

2386 4828 2737 4914 personalis
2765 4831 2860 4892 est
2889 4831 3253 4892 extremum
3271 4876 3288 4906 ,
3321 4844 3477 4909 ergo
3504 4841 3633 4889 non
3674 4824 3765 4886 est
3802 4823 3916 4881 ter-

2388 4937 2638 5011 minus;
2671 4935 2710 4994 'n
2748 4934 3091 5000 dicendum
3131 4934 3304 5017 quod
3346 4931 3695 4997 secundum
3740 4937 3918 4990 unam

2389 5043 2933 5126 comparationem
2961 5061 3157 5123 quam
3184 5041 3400 5119 hahet,
3433 5038 3717 5103 videlicet
3742 5032 3814 5097 ad
3841 5028 3919 5093 di·

2390 5152 2609 5217 vinam
2648 5154 2981 5227 naturam,
3016 5152 3110 5212 est
3152 5151 3551 5222 extremum3
3586 5138 3916 5207 secundum

2391 5263 2608 5326 autem
2635 5256 3173 5339 comparationem
3208 5273 3404 5337 quam
3443 5252 3637 5317 habet
3681 5249 3755 5314 ad
3799 5247 3915 5308 hu·-

2395 5383 2652 5433 manam
2679 5369 2998 5443 naturam,
3019 5366 3114 5428 est
3138 5362 3395 5428 unionis
3417 5361 3753 5436 terminus,
3781 5347 3914 5436 quit}

2395 5492 2509 5562 per
2555 5472 2733 5538 illam
2779 5472 3087 5537 unionem
3127 5470 3370 5536 tactum
3418 5472 3515 5534 est
3556 5468 3627 5531 ut
3673 5469 3915 5546 persona
