4185 6288
1180 509 1381 610 msr.
1426 507 1607 581 xxv.
1647 512 1833 582 aar.
1876 511 1927 577 1.
1972 508 2271 591 QuAEsr.
2318 503 2363 577 1.

166 651 396 730 tolico;
420 650 575 714 hinc
592 651 689 715 est
714 648 884 733 quod
912 649 1048 731 ipsa
1073 647 1231 713 fides
1256 649 1617 714 continetur
1649 649 1719 712 in

172 756 482 842 Symbolo
520 757 908 824 sufficienter
947 760 1010 821 et
1055 756 1240 842 plene
1280 761 1597 840 quantum
1639 755 1720 821 ad

173 864 286 928 illa
308 882 457 948 quae
485 863 912 948 principaliter
938 868 1090 926 sunt
1114 863 1446 928 credenda.
1478 862 1559 928 Et
1582 862 1724 927 ideo

174 973 600 1039 concedendae
634 978 785 1038 sunt
810 973 1088 1038 rationes
1122 973 1203 1037 ad
1239 973 1426 1037 istam
1454 979 1722 1056 partem.

262 1087 323 1145 1.
370 1081 468 1144 Ad
528 1080 688 1145 illud
738 1098 895 1162 ergo
940 1079 1111 1163 quod
1156 1080 1361 1163 primo
1406 1080 1724 1163 objicitur,

177 1186 352 1272 quod
385 1186 621 1253 Paulus
676 1191 739 1251 et
793 1185 1113 1251 Barnabas
1162 1186 1327 1251 nihil
1366 1186 1455 1250 ibi
1508 1204 1730 1270 posue-

178 1296 359 1370 runt,
403 1294 743 1359 dicendum
782 1293 954 1375 quod
1011 1291 1248 1358 Paulus
1302 1295 1365 1357 et
1411 1290 1733 1357 Barnabas

181 1400 365 1465 electi
394 1401 657 1465 fuerunt
684 1404 828 1484 post
878 1399 1260 1466 divisionem
1303 1400 1733 1485 apostolorum

183 1509 263 1573 ad
312 1508 791 1592 praedicandum
817 1557 835 1586 ,
886 1507 1049 1572 sicut
1112 1511 1282 1589 patet
1355 1508 1423 1571 in
1476 1508 1736 1573 Actibus

184 1615 661 1698 Apostolorum.
689 1613 767 1678 Et
792 1615 1099 1697 quoniam
1122 1613 1492 1696 symbolum
1518 1614 1739 1679 debuit

187 1721 489 1801 constitui
529 1721 610 1785 ab
636 1719 956 1800 omnibuS,
987 1725 1051 1784 et
1076 1720 1269 1785 simul
1296 1721 1734 1804 congregatis,

189 1834 265 1893 ut
313 1828 403 1893 sic
433 1826 693 1910 singula
720 1831 928 1892 essent
951 1846 990 1891 a
1014 1826 1287 1909 singulis
1316 1845 1430 1911 per
1481 1844 1742 1911 expres-

191 1937 461 2015 sionem,
494 1939 556 1999 et
579 1938 788 1999 totum
811 1954 850 1999 a
872 1934 1156 2018 quolibet
1177 1938 1193 1978 ἔ
1199 1952 1312 2017 per
1337 1935 1740 2019 approbatio-

194 2061 371 2122 nem,
397 2042 549 2107 hinc
574 2045 671 2106 est
694 2041 867 2125 quod
895 2040 1060 2104 nihil
1086 2041 1174 2104 ibi
1204 2041 1547 2124 apponitur
1572 2040 1744 2124 quod

200 2150 400 2215 Paulo
425 2154 488 2214 et
512 2148 825 2213 Barnabae
870 2149 1348 2233 approprietur;
1380 2168 1500 2213 nec
1526 2153 1747 2213 tamen

200 2277 284 2323 ex
308 2258 432 2322 hoc
458 2257 760 2339 arguitur
778 2255 1253 2333 insufficientia,
1286 2256 1439 2339 quia
1473 2256 1580 2321 alii
1605 2255 1746 2320 fue-

201 2370 356 2431 runt
410 2365 477 2429 in
537 2380 810 2429 numero
864 2362 1178 2445 completo
1225 2366 1289 2426 et
1340 2363 1636 2445 perfecto,
1679 2362 1750 2426 in

207 2475 445 2557 quanto
483 2491 756 2537 numero
804 2471 967 2537 Deus
1004 2472 1285 2554 elegerat
1324 2481 1473 2537 suos
1508 2475 1752 2555 aposto-

208 2581 323 2646 los.
357 2579 669 2646 Praeterea
697 2577 1039 2644 multitudo
1067 2577 1478 2644 condentium
1511 2597 1643 2646 non
1670 2579 1755 2643 fa-

213 2688 297 2752 cit
316 2688 395 2752 ad
449 2689 760 2769 majorem
811 2686 1259 2769 perfectionem
1293 2687 1566 2771 symboli
1610 2704 1757 2751 con-

212 2794 348 2872 diti,
376 2794 675 2877 quamvis
700 2794 889 2858 faciat
928 2792 1014 2860 ‘ad
1064 2795 1376 2876 majorem
1415 2794 1757 2859 auctorita-

214 2904 344 2966 tem
374 2923 391 2964 ε
423 2903 511 2966 ita
548 2900 721 2966 enim
767 2901 1077 2985 potuisset
1113 2918 1285 2966 unus
1324 2900 1645 2984 apostolus
1689 2902 1758 2965 in

214 3008 426 3091 aliqua
466 3008 816 3073 verborum
840 3008 1005 3072 serie
1031 3026 1329 3072 enarrare
1356 3007 1549 3073 ssdem
1576 3009 1754 3073 suffl-

217 3115 473 3197 cienter‚
495 3115 660 3181 sicut
685 3132 909 3182 omnes
934 3116 1222 3180 fecerunt
1247 3115 1316 3179 in
1346 3114 1454 3180 illo
1471 3115 1762 3199 symbolo

220 3240 333 3306 per
367 3221 772 3288 concordiam
809 3223 977 3288 edito
1006 3245 1022 3287 :
1048 3223 1259 3305 magis
1296 3224 1511 3287 tamen
1544 3223 1635 3286 sic
1660 3223 1760 3287 fa-

222 3345 364 3393 cere
389 3327 759 3409 voluerunt,
780 3328 945 3393 sicut
966 3328 1343 3411 praedictum
1361 3333 1479 3406 est,
1508 3333 1765 3412 propter

227 3435 535 3518 majorem
556 3435 705 3500 fidei
724 3435 1038 3499 unitatem
1057 3437 1458 3516 servandam,
1481 3441 1546 3500 et
1572 3454 1764 3519 prop-

228 3547 321 3608 ter
346 3545 660 3626 majorem
687 3541 975 3625 ejusdem
1001 3541 1152 3607 fidei
1181 3543 1574 3609 firmitatem.

303 3656 367 3717 2.
396 3652 494 3717 Ad
532 3650 691 3717 illud
729 3651 902 3734 quod
947 3652 1323 3736 opponitur,
1355 3653 1524 3736 quod
1564 3653 1769 3718 multa

225 3765 378 3827 sunt
408 3761 721 3826 credenda
738 3808 765 3859 ⁹.
787 3777 933 3843 quae
958 3760 1029 3824 in
1058 3759 1364 3844 Symbolo
1392 3779 1524 3826 non
1559 3761 1767 3826 conti-

227 3872 485 3947 nentur,
510 3868 853 3934 dicendum
893 3868 1066 3951 quod
1093 3886 1325 3933 verum
1352 3871 1449 3932 est
1483 3867 1561 3932 de
1589 3871 1767 3931 ante·

226 3976 631 4054 cedentibuS,
670 3976 835 4041 sicut
883 3981 979 4040 est
1004 3976 1128 4040 hoc
1153 4023 1172 4055 ,
1216 3975 1389 4058 quod
1432 3979 1527 4039 est
1567 3973 1771 4039 Deum

229 4103 363 4152 esse
388 4108 407 4163 3
436 4089 500 4150 et
526 4084 605 4150 de
626 4083 1182 4167 consequentibus,
1205 4082 1372 4147 sicut
1395 4084 1546 4147 sunt
1569 4082 1774 4148 multa

228 4192 375 4271 alia,
402 4210 551 4275 quae
582 4191 840 4275 deipsis
867 4189 1154 4256 articulis
1176 4190 1344 4255 elicit
1371 4208 1551 4255 sacra
1567 4189 1775 4274 Scrip-

229 4298 377 4361 tura
418 4299 482 4360 et
522 4293 808 4360 doctrina
833 4293 1194 4375 theologica
1210 4340 1229 4371 ,
1261 4293 1427 4357 sicut
1453 4292 1775 4358 Christum

232 4421 274 4469 a
320 4420 441 4466 sua
492 4403 903 4486 conceptione
959 4400 1258 4466 habuisse
1313 4400 1773 4484 plenitudinem

148 4498 151 4501 ⁴
232 4510 511 4592 gratiae,
556 4512 622 4573 et
661 4507 1014 4573 consimilia
1055 4527 1075 4572 ε
1123 4507 1380 4572 nullum
1426 4512 1640 4572 tamen
1684 4513 1779 4574 est

236 4617 540 4682 credibile
565 4636 605 4681 a
628 4618 787 4696 fide,
820 4615 992 4700 quod
1033 4631 1169 4681 non
1211 4614 1408 4699 possit
1440 4614 1657 4681 reduci
1698 4615 1779 4681 ad

237 4725 547 4791 articulos
565 4725 635 4790 in
647 4723 955 4808 Symbolo
974 4726 1322 4802 contentos,
1336 4722 1503 4787 sicut
1518 4721 1599 4786 ad
1608 4723 1781 4806 prin-

236 4831 404 4915 cipia
430 4831 804 4913 dirigentia,
837 4834 901 4895 et
927 4828 1179 4895 stabilia
1200 4828 1635 4893 fundamenta.

322 4939 386 5001 3.
415 4934 512 5001 Ad
539 4934 699 4999 illud
724 4934 896 5017 quod
924 4932 1267 5018 opponitur
1293 4932 1371 4997 de
1397 4932 1783 4999 insufficien-

234 5042 331 5109 tia
366 5044 657 5127 ipsorum
683 5038 1136 5123 articulorum,
1158 5043 1332 5128 quod
1359 5042 1614 5108 credere
1641 5061 1782 5109 cor·

234 5167 366 5234 pus
394 5148 626 5215 Christi
668 5151 741 5216 in
769 5149 997 5231 altari,
1033 5150 1157 5215 hoc
1180 5149 1436 5216 videtur
1469 5149 1787 5232 pertinere

234 5258 324 5324 'ad
348 5257 697 5323 articulum
723 5256 872 5323 fidei
889 5305 909 5338 ,
939 5255 1280 5322 dicendum
1310 5255 1486 5340 quod
1513 5254 1631 5321 iste
1656 5273 1787 5321 non

234 5369 341 5431 est
364 5364 675 5431 articulus
717 5363 1087 5447 principalis
1101 5410 1121 5443 ,
1149 5362 1258 5426 sed
1288 5361 1409 5426 sub
1436 5360 1653 5445 aliquo
1682 5380 1789 5428 ar-

303 5490 376 5558 (α)
404 5488 492 5541 ΔΙ.
539 5488 704 5541 deest.
722 5514 785 5526 —
810 5488 874 5553 (ὁ)
905 5485 1323 5541 conversationis
1357 5490 1408 5538 et
1441 5487 1789 5552 apparitionis.

3250 510 3368 583 w

1826 646 2023 713 ticulo
2059 647 2442 725 continetur,
2472 646 2640 712 sicut
2674 651 2739 713 et
2781 648 2908 714 alia
2948 652 3365 717 sacramenta.

1828 752 2066 819 Volunt
2092 757 2309 846 autem
2335 753 2600 836 quidam
2639 755 2845 819 dicere
2865 800 2884 832 ,
2915 756 3087 838 quod
3114 757 3368 823 reduci-

1833 865 1937 925 tur
1981 860 2062 926 ad
2107 859 2450 925 articulum
2479 860 2558 925 de
2585 862 3063 946 omnipotentia.
3095 864 3222 929 Alii
3247 883 3372 930 au-

1833 971 1965 1032 tem
2014 965 2330 1031 reducunt
2376 968 2455 1032 ad
2512 969 2858 1034 articulum
2908 969 2986 1035 de
3033 971 3328 1053 passione
3347 1018 3371 1051 ,

1834 1072 1989 1157 quia
2016 1072 2185 1137 istud
2214 1077 2308 1138 est
2335 1075 2705 1140 memoriale
2731 1077 3061 1159 passionis,
3094 1076 3216 1142 Sed
3244 1095 3376 1144 me-

1836 1178 1961 1244 lius
1985 1183 2077 1244 est
2102 1181 2317 1262 ipsum
2340 1182 2641 1248 reducere
2660 1184 2741 1248 ad
2767 1185 3110 1249 articulum
3133 1185 3211 1250 de
3235 1185 3381 1250 uni·

1839 1289 1967 1352 tate
1994 1287 2288 1354 Ecclesiae
2328 1295 2393 1354 et
2417 1295 2820 1374 peccatorum
2847 1294 3220 1359 remissione
3236 1342 3258 1372 ,
3288 1292 3380 1357 si·-

1841 1399 1949 1459 cut
1989 1400 2053 1460 et
2097 1397 2254 1461 fides
2292 1403 2581 1482 respectu
2629 1400 2903 1467 aliorum
2947 1405 3375 1467 sacramento-

1845 1520 2012 1567 rum.
2045 1502 2121 1567 In
2146 1504 2300 1586 ipsis
2337 1507 2511 1570 enim
2554 1509 2965 1575 sacramentis
2987 1510 3061 1573 flt
3089 1512 3382 1592 peccato-

1844 1629 1994 1674 rum
2013 1611 2326 1676 remissio.
2349 1613 2424 1677 In
2442 1613 2594 1697 ipsis
2612 1615 2806 1680 etiam
2828 1616 3174 1682 attenditur
3192 1617 3385 1682 totius

1846 1715 2139 1783 Ecclesiae
2164 1728 2530 1785 sanctorum
2570 1722 2748 1787 unio.
2782 1722 2959 1788 Unde
2986 1724 3056 1787 in
3082 1723 3387 1807 Symbolo

1847 1824 2104 1891 Nicaeno
2147 1826 2448 1892 additur:
2485 1830 2797 1912 Confiteor
2827 1849 3029 1898 unum
3070 1832 3389 1915 baptisma

1850 1933 1926 1998 in
1951 1935 2394 2001 remissionem
2416 1944 2823 2018 peccatorum
2851 1958 2876 2003 .·
2902 1940 3074 2005 unde
3098 1941 3263 2006 sicut
3291 1940 3388 2006 di-

1852 2039 2020 2105 citur
2058 2041 2138 2106 de
2163 2041 2285 2107 hoc
2324 2049 2719 2110 sacramento
2759 2047 2933 2130 quod
2960 2048 3288 2113 reducitur
3313 2046 3393 2113 ad

1854 2148 2135 2232 aliquem
2162 2151 2509 2217 articulum
2536 2153 2955 2237 principalem
2975 2202 2997 2235 ‚
3040 2155 3134 2219 sic
3159 2154 3391 2221 intelli·

1856 2256 2143 2338 gendum
2174 2262 2270 2322 est
2295 2259 2373 2323 de
2399 2259 2539 2325 aliis
2568 2262 3001 2327 sacramentis.

1937 2365 1999 2425 4.
2030 2360 2126 2426 Ad
2155 2359 2314 2427 illud
2340 2380 2496 2430 vero
2538 2364 2714 2448 quod
2757 2365 3055 2448 objicitur
3095 2384 3179 2430 ex
3219 2371 3399 2451 parte

1858 2467 2225 2534 divinarum
2254 2471 2688 2536 conditionum
2714 2474 2779 2537 et
2804 2473 3278 2555 operationum,
3311 2474 3402 2539 di·

1823 2644 1831 2652 ,
1861 2575 2138 2641 cendum
2165 2578 2338 2660 quod
2365 2578 2754 2645 conditiones
2796 2581 3203 2664 respicientes
3228 2582 3400 2647 divi-

1863 2701 2017 2747 nam
2044 2684 2381 2749 essentiam
2422 2704 2554 2750 non
2591 2688 2829 2752 faciunt
2868 2705 3070 2754 novos
3102 2687 3406 2755 articulos

1864 2788 2189 2857 distinctos
2214 2790 2296 2855 ab
2324 2792 2589 2858 articulo
2620 2795 2735 2877 qui
2778 2798 2873 2860 est
2912 2794 2992 2860 de
3031 2794 3276 2888 unitate
3305 2812 3407 2860 es-

1865 2897 2088 2961 sentiae
2129 2898 2390 2964 divinae.
2422 2899 2496 2965 ln
2535 2900 2657 2964 hoc
2681 2902 2855 2967 enim
2880 2902 3053 2986 quod
3095 2902 3282 2968 credo
3307 2902 3409 2986 ip—

1867 3021 2010 3068 sum
2036 3002 2240 3070 Deum
2267 3013 2406 3071 esse
2433 3025 2662 3086 unum,
2686 3007 2873 3074 credo
2892 3009 3110 3092 ipsum
3139 3026 3274 3074 esse
3295 3009 3410 3073 im-

1870 3129 2168 3178 mensum
2186 3163 2204 3194 ,
2234 3118 2299 3179 et
2323 3113 2711 3197 simplicem,
2741 3119 3090 3197 aeternum,
3120 3115 3412 3199 omnipo-

1870 3223 2134 3302 tentem,
2159 3227 2224 3286 et
2249 3222 2522 3287 similia:
2545 3223 2918 3306 alioquin,si
2945 3242 3156 3289 unum
3180 3224 3258 3289 de
3280 3224 3414 3288 istis

1873 3328 2118 3409 deesset
2140 3328 2249 3412 (a),
2269 3348 2402 3394 non
2430 3334 2596 3395 esset
2615 3331 2804 3395 Deus.
2831 3330 3134 3396 Similiter
3177 3349 3308 3395 non
3335 3330 3414 3395 de

1872 3434 2176 3500 omnibus
2203 3437 2682 3519 operationibus
2705 3437 2937 3503 debent
2962 3454 3096 3503 esse
3123 3437 3372 3503 articuli
3389 3485 3409 3519 ,

1875 3541 1983 3608 sed
2010 3540 2087 3606 de
2118 3543 2596 3626 operationibus
2620 3545 3100 3628 principalibus,
3129 3544 3416 3609 maxime

1875 3649 1957 3715 de
1982 3649 2085 3714 his
2101 3697 2117 3727 ,
2144 3667 2295 3733 quae
2326 3651 2404 3716 ad
2434 3654 2718 3715 nostram
2744 3651 3208 3735 reparationem
3233 3654 3297 3715 et
3325 3668 3420 3714 sa·
3540 3630 3546 3637 ’

1876 3756 2077 3820 lutam
2105 3757 2504 3840 ordinantur,
2534 3758 2615 3823 ad
2641 3775 2839 3840 quam
2862 3757 3082 3839 dirigit
3101 3756 3258 3825 fides
3277 3774 3420 3822 nos-

1876 3867 1996 3928 tra.
2032 3862 2306 3929 Possunt
2349 3866 2565 3929 tamen
2608 3883 2832 3930 omnes
2874 3866 3267 3949 operationes
3309 3863 3418 3929 Dei

1879 3969 2101 4035 reduci
2145 3970 2226 4035 ad
2268 3970 2407 4036 illas
2458 3974 2608 4037 tres.
2654 3971 2877 4039 Omnis
2920 3972 3094 4038 enim
3139 3972 3422 4057 operatio

1882 4079 1995 4141 aut
2019 4076 2283 4160 respicit
2315 4095 2451 4143 esse
2491 4083 2743 4144 naturae
2763 4127 2782 4159 ,
2812 4082 2928 4143 aut
2965 4096 3103 4145 esse
3147 4078 3376 4162 gratiae
3400 4124 3419 4157 ,

1885 4185 2001 4249 aut
2026 4202 2162 4249 aese
2189 4183 2437 4268 gloriae.
2468 4183 2648 4250 Unde
2673 4178 3069 4252 conservatio
3099 4188 3303 4270 potest
3328 4202 3425 4251 re·

1886 4290 2035 4356 duci
2072 4292 2151 4357 ad
2185 4292 2570 4358 creationem
2601 4313 2619 4358 t
2650 4292 2941 4358 similiter
2969 4292 3286 4358 distinctio
3324 4310 3426 4358 or-

1889 4399 2120 4478 natus;
2153 4398 2401 4481 punitio
2443 4418 2600 4465 vero
2640 4403 2844 4485 potest
2877 4398 3096 4465 reduci
3130 4399 3210 4464 ad
3242 4397 3426 4481 judi-

1888 4506 2085 4570 cium.
2113 4505 2230 4572 Vel
2263 4511 2467 4592 potest
2492 4508 2651 4591 dici,
2681 4509 2855 4592 quod
2897 4524 3030 4574 non
3073 4509 3171 4573 est
3209 4524 3431 4574 secun-

1891 4615 2048 4680 dum
2075 4613 2489 4698 principalem
2522 4616 2938 4681 intentionem
2956 4663 2974 4694 ,
2995 4614 3148 4698 quia
3176 4632 3310 4679 non
3336 4619 3432 4679 est

1891 4720 2243 4786 secundum
2297 4721 2693 4788 voluntatem
2750 4722 3229 4789 antecedentem
3248 4769 3271 4802 ,
3322 4721 3433 4787 sed

1895 4829 2251 4895 secundum
2275 4830 2672 4896 voluntatem
2701 4832 3215 4913 consequentem.
3245 4828 3437 4894 Simi-

1896 4938 2043 5005 liter
2076 4939 2486 5022 operationes
2526 4939 2789 5019 Christi,
2821 4943 2895 5005 ut
2925 4938 3436 5004 conversationes

1902 5049 1967 5111 et
1999 5046 2428 5130 apparitiones
2454 5045 2530 5130 (b)
2546 5094 2564 5125 ,
2594 5046 2675 5111 ad
2707 5046 2849 5110 illas
2886 5048 3152 5129 possunt
3177 5044 3430 5124 reduci,

1903 5154 2056 5237 quia
2082 5153 2398 5238 apparitio
2417 5154 2746 5219 ordinatur
2762 5154 2845 5220 ad
2867 5151 3437 5218 manifestationem

1901 5260 2188 5327 veritatis
2238 5260 2756 5342 resurrectionis,
2798 5266 2862 5327 et
2908 5260 3305 5327 conversatio
3356 5259 3436 5325 ad

1901 5367 2431 5434 manifestandam
2472 5368 2808 5435 veritatem
2843 5367 3319 5435 incarnationis.

1985 5478 2045 5539 5.
2091 5475 2191 5541 Ad
2233 5475 2392 5542 illud
2441 5478 2614 5560 quod
2659 5476 2956 5562 obJ‘icitur
3001 5475 3081 5542 de
3127 5474 3446 5545 additione
