4185 6288
1243 539 1436 609 DIST.
1476 534 1662 603 XXII.
1707 530 1892 598 ΛΒΤ.
1935 530 1986 597 1.
2026 531 2332 611 QUAEST.
2379 531 2482 597 IV.

239 742 246 747 ,
342 682 405 745 3.
468 677 624 743 Item
679 678 941 761 majoris
1001 675 1325 760 potestatis
1378 676 1475 739 est
1539 671 1808 737 liberare

260 785 551 851 subditos
577 786 656 851 de
692 804 893 850 manu
933 784 1282 851 adversarii
1317 782 1451 847 sola
1480 780 1811 846 voluntate

259 897 325 958 et
362 894 623 974 virtute,
665 910 866 977 quam
905 894 1191 977 potentia
1242 887 1554 974 corporali
1596 910 1610 951 ε
1651 903 1811 967 ergo

261 1000 319 1064 si
384 999 669 1065 Christus
724 1003 863 1084 jam
924 1000 1435 1083 triumphaverat
1487 995 1556 1059 in
1626 1009 1813 1057 cruce

263 1110 343 1174 de
387 1108 663 1187 diabolo,
688 1107 945 1174 videtur
968 1108 1139 1191 quod
1185 1124 1316 1172 non
1344 1102 1674 1189 oportebat
1714 1102 1814 1184 ip-

262 1235 412 1280 sum
437 1214 519 1281 ad
545 1216 871 1283 internum
897 1215 1275 1281 descendere
1301 1213 1381 1279 ad
1408 1209 1812 1278 liberandum

263 1342 437 1390 suos.

344 1432 407 1492 4.
442 1427 599 1493 ltem
624 1436 740 1512 per
775 1432 1050 1494 mortem
1078 1426 1310 1492 Christi
1342 1425 1468 1505 illi,
1515 1424 1629 1508 qui
1670 1423 1815 1489 des-

263 1535 611 1601 cenderant
661 1536 841 1619 prius
887 1536 969 1603 ad
1013 1535 1362 1615 infernum,
1400 1534 1816 1599 merebantur

262 1643 604 1709 ascendere
643 1643 724 1708 ad
748 1643 984 1709 coelum
1020 1662 1037 1707 ε
1069 1661 1228 1725 ergo
1263 1642 1316 1707 si
1351 1642 1523 1707 idem
1546 1659 1680 1706 non
1723 1643 1818 1706 est

263 1768 460 1815 causa
509 1751 970 1834 oppositorum,
1001 1750 1258 1815 videtur
1305 1749 1478 1831 quod
1529 1748 1815 1815 Christus

266 1858 599 1924 moriendo
624 1876 756 1924 non
780 1858 1173 1924 descenderit
1192 1856 1273 1921 ad
1289 1856 1546 1921 inferos.

816 2096 1269 2166 CONCLUSIO.

269 2275 479 2332 Christi
507 2275 696 2331 anima
723 2273 996 2332 descendit
1017 2272 1094 2329 ad
1115 2274 1318 2340 interos
1348 2275 1574 2344 propter
1604 2271 1817 2327 vincto·

336 2377 460 2418 rum
505 2362 954 2430 consolationem,
1002 2362 1053 2416 et
1097 2362 1329 2432 propter
1386 2357 1820 2414 adversariorum

339 2443 722 2512 confusionem.

349 2609 536 2694 Roep.
565 2610 646 2676 ad
673 2627 817 2692 arg.
853 2607 1207 2675 Dicendum
1235 2607 1409 2690 quod
1441 2606 1702 2671 nomine
1726 2605 1822 2669 in-

265 2719 434 2784 ferni
456 2717 799 2801 aliquando
830 2716 1211 2797 intelligitur
1235 2733 1448 2799 poena,
1475 2714 1821 2797 aliquando

266 2827 449 2892 locus
494 2843 730 2909 poenae.
778 2824 858 2889 Et
911 2824 1269 2889 secundum
1321 2824 1445 2887 hoc
1489 2823 1821 2905 dupliciter

268 2932 476 3014 potest
527 2927 759 3011 aliquis
810 2928 933 2993 dici
974 2926 1353 2992 descendere
1407 2926 1488 2991 ad
1531 2926 1815 2991 inferos:

268 3043 385 3104 aut
405 3037 560 3121 quia
584 3037 904 3102 descendit
928 3036 1009 3101 ad
1036 3054 1321 3119 poenam,
1355 3039 1471 3099 aut
1499 3035 1651 3118 quia
1678 3036 1823 3101 des-

269 3144 480 3212 cendit
517 3146 596 3211 ad
647 3144 862 3209 locum
902 3161 1131 3228 poenae.
1189 3140 1405 3208 Primo
1446 3142 1636 3208 modo
1687 3163 1824 3209 non

268 3254 570 3320 convenit
597 3251 879 3331 Christo;
911 3252 980 3315 in
1021 3270 1098 3316 eo
1131 3250 1308 3315 enim
1335 3269 1453 3315 nec
1488 3251 1611 3315 fuit
1635 3269 1824 3335 poena

267 3359 511 3440 damni,
539 3379 657 3425 nec
681 3360 803 3424 fuit
826 3377 1017 3442 poena
1046 3376 1296 3423 sensus.
1347 3356 1638 3423 Secundo
1666 3377 1822 3425 vero

269 3469 464 3534 modo
526 3468 828 3552 competit
906 3466 1183 3546 Christo;
1242 3465 1565 3532 descendit
1643 3467 1822 3532 enim

270 3580 586 3658 quantum
632 3576 714 3640 ad
763 3575 943 3639 illam
996 3577 1243 3657 partem
1267 3622 1286 3653 ,
1337 3573 1408 3636 in
1459 3591 1593 3656 qua
1639 3579 1824 3638 erant

261 3684 449 3767 justi,
480 3683 594 3767 qui
621 3682 1069 3747 detinebantur
1110 3681 1340 3745 merito
1367 3682 1605 3763 peccati
1628 3681 1822 3765 primi

268 3791 551 3874 parentis
586 3812 602 3855 ε
633 3807 783 3873 quae
842 3789 1106 3872 quidem
1135 3806 1282 3872 pars
1309 3790 1638 3854 consuevit
1679 3790 1822 3854 lim·

269 3897 395 3963 bus
438 3897 764 3981 appellari.
821 3897 920 3961 Ad
964 3896 1175 3976 illam,
1226 3898 1518 3979 inquam,
1571 3900 1820 3980 partem

270 4004 616 4083 descendit,
673 4023 806 4068 non
853 4005 1222 4087 compulsus
1271 4005 1661 4082 necessitate,
1709 4005 1820 4070 sed

268 4131 388 4177 sua
410 4112 740 4177 voluntate
756 4115 819 4176 et
840 4113 1167 4194 potestate.
1191 4111 1371 4177 Ratio
1389 4117 1603 4176 autem
1620 4131 1820 4195 quare

267 4217 476 4284 voluit
503 4217 881 4284 descendere
907 4218 988 4282 ad
1014 4217 1372 4301 eripiendos
1395 4218 1557 4299 illos,
1591 4218 1705 4301 qui
1732 4224 1819 4284 te-

267 4337 587 4402 nebantur
635 4334 727 4400 ibi
778 4335 1144 4419 compediti,
1176 4353 1329 4400 cum
1374 4337 1568 4401 etiam
1608 4339 1820 4419 posset

265 4446 474 4509 facere
499 4443 621 4508 hoc
648 4461 779 4508 non
795 4442 1250 4520 descendendo,
1280 4444 1406 4508 fuit
1434 4443 1694 4528 duplex,
1722 4445 1818 4510 vi-

267 4549 492 4616 delicet
518 4553 777 4633 propter
804 4550 1298 4615 consolationem
1333 4551 1721 4633 vinctorum,
1754 4556 1819 4618 et

265 4661 528 4744 propter
562 4656 1000 4723 confusionem
1025 4657 1560 4725 adversariorum.
1614 4657 1814 4744 Prop-

266 4775 367 4833 ter
405 4765 902 4832 consolationem
946 4766 1336 4846 vinctorum,
1375 4768 1528 4851 quia
1577 4787 1817 4852 magna

267 4876 393 4943 fuit
416 4876 509 4942 eis
534 4875 879 4942 consolatio
897 4874 974 4941 de
998 4875 1339 4959 praesentia
1352 4875 1555 4960 ipsius
1575 4877 1814 4942 animas

271 4984 422 5051 lesu
450 4982 703 5065 Christi,
724 4988 789 5048 et
805 4983 1108 5048 maximae
1154 4983 1276 5048 fuit
1295 4983 1684 5066 dignationis
1711 5005 1815 5051 os·

268 5094 476 5160 tensio
499 5093 571 5158 in
596 5093 744 5174 hoc,
789 5093 961 5176 quod
1004 5092 1142 5176 ipse
1171 5092 1587 5175 personaliter
1609 5094 1815 5160 voluit

263 5201 645 5269 descendere
669 5200 752 5266 ad
773 5217 905 5265 eos.
937 5197 1203 5284 Propter
1228 5199 1351 5264 hoc
1377 5199 1526 5265 dicit
1549 5200 1814 5267 Damas-

260 5328 459 5378 cenus
476 5309 498 5346 ¹
525 5309 699 5395 quod
744 5307 1082 5388 descendit,
1124 5307 1348 5390 uthis,
1376 5309 1491 5393 qui
1517 5308 1588 5373 in
1628 5314 1811 5377 tene-

259 5418 394 5485 bris
419 5421 485 5484 et
511 5417 580 5482 in
627 5415 865 5482 umbra
889 5413 1119 5480 mortis
1144 5415 1384 5498 sedent,
1416 5416 1811 5501 superluces-

326 5550 629 5614 tnamasc„
647 5543 708 5594 de
726 5541 853 5594 Fide
871 5539 1093 5605 orthod„
1121 5541 1210 5593 lib.
1242 5543 1329 5606 ΙΙΙ,
1354 5559 1400 5596 c.
1428 5557 1575 5599 xxxx.

3342 541 3461 602 *09

1918 672 2040 749 cat,
2074 668 2241 733 sicut
2281 667 2352 731 in
2395 685 2514 731 sua
2537 665 2864 732 nativitate
2887 667 3229 752 descendit,
3262 674 3336 737 ut
3360 673 3465 737 lu-

1918 780 2086 841 ceret
2113 776 2214 840 his
2258 774 2464 859 quiin
2515 774 2703 839 terris
2744 778 2951 841 erant.
2990 776 3255 863 Propter
3303 798 3466 846 con-

1918 883 2236 948 fusionem
2280 882 2820 963 adversariorum,
2869 885 2943 949 ut
2986 883 3107 969 ipsi
3139 886 3467 954 daemones

1921 992 2460 1057 confunderentur
2516 1008 2597 1055 ex
2637 1009 2754 1054 sua
2800 992 3141 1074 praesentia
3195 1014 3213 1059 ε
3273 999 3335 1060 et
3376 996 3463 1061 si-

1919 1106 2027 1166 cut
2052 1100 2293 1165 vicerat
2314 1117 2422 1164 eos
2448 1100 2521 1163 in
2568 1098 2833 1164 terrain
2858 1103 3090 1167 natura
3115 1108 3463 1187 assumpta,

1919 1210 2010 1273 sic
2038 1209 2256 1272 anima
2306 1209 2362 1289 ej
2373 1225 2447 1272 us
2473 1204 2550 1269 de
2577 1204 2814 1270 eisdem
2846 1209 3272 1293 triumpharet
3298 1210 3468 1294 apud

1919 1317 2177 1396 inferos,
2208 1316 2379 1398 ipsos
2415 1312 2651 1379 invitos
2677 1313 3078 1398 expoliando.
3115 1316 3470 1384 Conceden-

1921 1423 2019 1489 dae
2050 1427 2201 1489 sunt
2251 1441 2409 1504 ergo
2456 1422 2733 1488 rationes
2760 1426 2825 1487 et
2861 1422 3292 1506 auctoritates,
3322 1443 3470 1511 quae

1919 1532 2319 1598 inducuntur
2339 1529 2420 1595 ad
2445 1531 2590 1596 hoc.

2004 1641 2062 1703 1.
2099 1639 2197 1704 Ad
2246 1638 2404 1704 illud
2431 1656 2586 1704 vero
2613 1639 2787 1721 quod
2830 1640 3133 1722 objicitur
3157 1640 3369 1725 primo
3399 1640 3471 1707 in

1923 1748 2346 1824 contrarium,
2373 1747 2544 1830 quod
2570 1748 2819 1828 inferni
2844 1766 3083 1815 nomen
3112 1767 3243 1814 non
3268 1748 3347 1814 de
3373 1750 3465 1813 fa-

1924 1856 2026 1920 cili
2054 1856 2383 1921 invenitur
2408 1856 2477 1919 in
2530 1856 2735 1935 bono;
2794 1856 3135 1921 dicendum
3161 1857 3333 1942 quod
3359 1873 3476 1923 ve-

1922 1980 2074 2028 rum
2101 1969 2217 2045 est,
2247 1964 2398 2047 quia
2423 1964 2502 2027 ad
2531 1963 2856 2029 infernum
2877 1963 3096 2028 nullus
3129 1963 3471 2042 descendit,

1924 2075 2160 2155 praeter
2210 2071 2420 2136 solum
2474 2071 2795 2136 Christum
2818 2121 2836 2150 ‚
2896 2072 3023 2137 nisi
3087 2073 3167 2138 ad
3215 2090 3476 2155 poenam

1925 2179 2166 2259 damni,
2194 2178 2299 2244 vel
2322 2180 2404 2243 ad
2432 2196 2687 2261 poenam
2716 2196 2941 2244 sensus
2970 2201 2987 2243 ε
3018 2179 3161 2245 ideo
3190 2179 3341 2244 dicit
3368 2179 3472 2264 ip-

1925 2305 2074 2352 sum
2102 2287 2180 2352 de
2198 2285 2365 2352 facili
2391 2304 2522 2351 non
2548 2286 2828 2351 inveniri
2854 2287 2924 2352 in
2951 2287 3142 2369 bon0,
3174 2286 3329 2371 quia
3351 2286 3476 2353 hoc

1927 2396 2227 2461 convenit
2243 2395 2454 2459 solum
2484 2394 2751 2460 Christ0.

2005 2507 2067 2567 2.
2116 2502 2215 2566 Ad
2252 2501 2410 2566 illud
2460 2500 2630 2584 quod
2657 2500 2975 2583 objicitur,
3028 2502 3203 2584 quod
3229 2500 3477 2586 optimo

1926 2610 2193 2676 debetur
2232 2609 2510 2692 optimus
2533 2608 2734 2688 locus,
2774 2608 3115 2674 dicendum
3156 2611 3330 2694 quod
3354 2629 3475 2676 ve-

1928 2736 2079 2781 rum
2106 2721 2200 2781 est
2251 2716 2330 2781 de
2356 2716 2515 2795 1000,
2549 2716 2665 2799 qui
2711 2714 2979 2781 debetur
3000 2716 3190 2782 alicui
3217 2735 3337 2801 pro
3378 2736 3475 2784 re-

1930 2823 2416 2905 muneratione;
2446 2823 2730 2888 Christus
2757 2828 2974 2888 autem
2998 2842 3130 2887 non
3158 2824 3477 2890 descendit

1927 2932 2009 2997 ad
2037 2932 2363 2996 infernum
2399 2935 2709 3014 tanquam
2749 2931 2830 2995 ad
2859 2931 3075 2996 locum
3101 2949 3474 2996 remunera-

1929 3041 2120 3105 tionis
2140 3041 2262 3105 sibi
2288 3039 2576 3104 debitum
2594 3087 2612 3116 ‚
2643 3039 2753 3104 sed
2805 3038 3017 3121 potius
3044 3039 3367 3107 descendit
3392 3038 3474 3107 ad

1928 3149 2142 3231 ipsum
2170 3148 2604 3230 frangendum
2623 3151 2687 3214 et
2712 3147 3191 3231 expoliandum.

2009 3262 2071 3322 3.
2129 3257 2228 3321 Ad
2272 3257 2431 3321 illud
2476 3256 2649 3340 quod
2689 3255 3011 3337 oincitur,
3039 3256 3213 3340 quod
3264 3259 3480 3342 majus

1928 3369 2021 3430 est
2064 3363 2469 3447 triumphare
2496 3362 2628 3428 sola
2667 3363 2997 3428 voluntate
3024 3365 3088 3426 et
3127 3362 3370 3429 virtute
3404 3364 3477 3431 in

1928 3472 2235 3549 absentia,
2252 3489 2448 3554 quam
2464 3471 2533 3535 in
2545 3471 2901 3554 praesentia,
2922 3470 3262 3536 dicendum
3277 3472 3471 3555 quod,

1927 3579 2072 3645 licet
2098 3580 2220 3644 hoc
2257 3598 2392 3643 non
2420 3580 2502 3643 sit
2544 3579 2941 3644 ostensivum
2968 3582 3164 3644 tantae
3193 3578 3472 3660 virtutis,

1927 3692 2144 3752 tamen
2172 3689 2266 3753 est
2288 3686 2688 3752 ostensivum
2732 3686 2994 3768 majoris
3033 3685 3470 3769 dignationis:

1931 3795 2217 3863 Christus
2242 3798 2459 3860 autem
2493 3794 2563 3859 in
2606 3793 2976 3859 liberatione
3016 3798 3235 3859 nostra
3261 3796 3475 3879 potius

1927 3905 2292 3970 intendebat
2315 3904 2498 3969 nobis
2524 3904 2852 3969 ostendere
2879 3903 3265 3987 dignationis
3289 3904 3478 3971 affec-

1929 4017 2091 4093 tum,
2113 4031 2310 4096 quam
2323 4012 2580 4077 virtutis
2598 4009 2944 4095 imperium
2966 4032 2982 4076 ε
3011 4010 3286 4076 malebat
3302 4012 3476 4078 enim

1929 4120 2100 4204 quod
2181 4118 2568 4185 haberemus
2630 4118 2929 4203 spiritum
2996 4119 3352 4185 dilectionis
3414 4123 3478 4186 et

1930 4227 2192 4308 amoris,
2224 4246 2422 4311 quam
2450 4227 2750 4310 spiritum
2777 4227 3102 4292 servitutis
3129 4231 3193 4292 et
3206 4227 3474 4293 timoris.

2005 4340 2069 4400 4.
2128 4336 2226 4401 Ad
2277 4335 2435 4400 illud
2490 4335 2661 4419 quod
2713 4335 3036 4418 objicitur,
3078 4336 3251 4419 quod
3302 4354 3479 4401 mors

1928 4444 2159 4511 Christi
2208 4444 2574 4510 merebatur
2615 4462 2951 4509 ascensum
2978 4445 3061 4509 ab
3087 4444 3341 4527 inferis,
3375 4445 3472 4510 di-

1927 4553 2202 4619 cendum
2224 4552 2398 4635 quod
2437 4556 2532 4617 est
2556 4552 2897 4617 descensus
2924 4551 3253 4617 ordinatus
3276 4552 3357 4617 ad
3375 4571 3476 4618 as-

1926 4679 2194 4726 censum
2248 4681 2264 4725 :
2294 4664 2358 4724 et
2399 4660 2522 4724 hoc
2568 4660 2757 4724 modo
2798 4659 3117 4724 descendit
3165 4659 3474 4742 Christus,

1927 4768 2079 4852 quia
2107 4767 2433 4834 descendit
2455 4771 2532 4831 ut
2553 4768 2787 4832 faceret
2811 4766 2971 4831 alios
2996 4766 3336 4832 ascendere
3363 4787 3379 4833 ;
3413 4770 3479 4834 et

1924 4877 2042 4941 iste
2070 4876 2410 4942 descensus
2463 4892 2597 4939 non
2645 4877 2741 4939 est
2767 4874 3122 4939 contrarius
3156 4875 3475 4958 ascensui,

1925 5003 2044 5049 nec
2089 4988 2184 5048 est
2209 5002 2293 5048 ex
2337 5000 2528 5047 causa
2577 4982 2919 5047 contraria.
2952 4979 3064 5047 Est
3088 4981 3282 5047 etiam
3311 4982 3478 5049 alius

1926 5094 2289 5172 descensus,
2339 5092 2451 5173 qui
2496 5090 2675 5156 venit
2713 5108 2796 5156 ex
2847 5091 3225 5176 impotentia
3261 5108 3477 5158 ascen·

1924 5200 2155 5280 dendi;
2186 5202 2251 5265 et
2276 5199 2382 5263 hic
2413 5197 2750 5264 descensus
2793 5203 3118 5284 repugnat
3143 5200 3472 5281 ascensui;

1919 5310 2077 5376 etde
2095 5310 2219 5374 hoc
2233 5309 2538 5374 descensu
2550 5307 2844 5391 opponit:
2868 5311 2931 5373 et
2942 5307 3064 5374 hoc
3081 5307 3341 5374 concedi
3358 5327 3475 5393 po-

1919 5420 2063 5500 test,
2105 5418 2280 5503 quod
2304 5415 2426 5483 isto
2452 5418 2642 5484 modo
2668 5416 2951 5485 Christus
2977 5417 3056 5484 ad
3078 5416 3316 5484 inferos
3342 5435 3477 5484 non

1920 5525 2261 5609 descendit,
2284 5525 2395 5592 sed
2411 5524 2601 5594 modo
2617 5525 2764 5609 alio,
2783 5525 2948 5593 sicut
2964 5524 3341 5613 praedictum
3356 5528 3474 5596 est.
