4185 6288
94 3975 211 4019 opp.

1145 453 1340 521 DIST.
1386 453 1655 520 xxvnl.
1698 453 1878 521 ΛΒΤ.
1925 455 1974 522 1.
2019 455 2317 533 QUAEST.
2357 457 2461 525 VI.

221 593 316 654 est
342 593 520 655 actus
558 591 853 656 amicitiae
896 609 913 655 ε
963 591 1319 656 secundum
1365 591 1542 656 enim
1588 590 1758 673 quod

223 701 317 760 est
359 702 536 762 actus
579 698 1125 782 concupiscentiae,
1175 698 1443 779 diligere
1485 716 1619 763 non
1663 699 1760 762 est

223 804 387 869 velle
412 805 601 869 alicui
641 807 908 886 bonum,
951 806 1061 870 sed
1108 807 1319 886 magis
1360 810 1454 871 est
1494 805 1754 888 aliquod

222 912 469 978 bonum
502 913 879 989 desiderare,
931 913 1032 977 vel
1071 912 1331 994 aliquod
1363 913 1609 978 bonum
1648 931 1762 977 ac—

223 1023 494 1101 ceptare.
532 1019 610 1084 Et
646 1019 944 1103 quamvis
984 1038 1115 1085 non
1144 1020 1226 1084 sit
1264 1019 1760 1101 concedendum,

223 1127 398 1210 quod
425 1127 696 1193 charitas
734 1127 925 1191 faciat
950 1127 1070 1191 sibi
1096 1126 1261 1192 velle
1284 1128 1533 1192 bonum
1569 1148 1586 1193 t
1617 1127 1764 1192 facit

224 1239 442 1299 tamen
483 1253 551 1299 se
589 1234 965 1315 desiderari,
1005 1239 1069 1299 et
1110 1234 1417 1316 acceptari
1459 1236 1764 1317 tanquam

226 1361 456 1407 verum
485 1343 752 1408 bonum.
1401 1381 1408 1388 -

306 1455 367 1514 3.
398 1450 496 1515 Ad
519 1450 678 1515 illud
713 1449 886 1533 quod
919 1448 1236 1530 objicitur,
1268 1446 1441 1530 quod
1472 1447 1632 1512 nihil
1673 1452 1767 1513 est

228 1558 576 1624 amandum
598 1576 681 1622 ex
705 1556 1034 1634 charitate,
1064 1554 1187 1618 nisi
1213 1553 1651 1633 beatificabile,
1677 1553 1768 1619 di·

227 1665 502 1730 oendum
530 1665 702 1747 quod
736 1664 892 1728 illud
918 1663 1129 1745 prima
1158 1663 1364 1726 fronte
1400 1661 1594 1726 habet
1635 1662 1768 1725 ins-

228 1771 495 1835 tantiam
543 1773 609 1837 in
638 1770 786 1836 Deo.
829 1769 1173 1848 Praeterea,
1211 1769 1327 1833 etsi
1368 1768 1437 1831 in
1467 1769 1770 1834 creaturis

228 1880 448 1963 aliquo
477 1878 667 1945 modo
713 1878 943 1942 habeat
982 1876 1338 1954 veritatem,
1383 1874 1504 1938 hoc
1540 1892 1769 1940 verum

228 1993 324 2055 est
359 1989 431 2053 in
471 1988 574 2052 bis
591 2036 610 2067 ,
660 2005 806 2071 quae
861 1984 1191 2066 diligenda
1239 1986 1390 2049 sunt
1440 1981 1773 2048 dilectione

228 2097 550 2163 amicitiae.
1239 2103 1243 2108 ·

310 2209 372 2267 4.
402 2204 499 2268 Ad
522 2201 852 2285 illudque-l
886 2200 962 2265 ul
997 2199 1163 2266 timo
1205 2198 1523 2280 objicitur,
1553 2198 1776 2262 dicen-

227 2313 387 2378 dum
413 2311 585 2395 quod
609 2308 1016 2390 Augustinus
1063 2323 1196 2371 non
1227 2308 1562 2370 enumerat
1587 2322 1775 2387 quae-

228 2437 504 2501 cumque
543 2416 886 2498 diligenda,
927 2415 1035 2480 sed
1080 2412 1404 2494 diligenda
1442 2410 1775 2476 dilectione

227 2527 546 2591 amicitiae.
589 2524 668 2589 Et
702 2524 757 2588 si
793 2529 866 2587 tu
899 2538 1152 2605 quaeras
1197 2519 1510 2584 rationem
1538 2535 1769 2600 quare;

228 2634 569 2699 dicendum
593 2630 767 2715 quod
788 2630 911 2694 hoc
928 2632 1044 2704 est,
1067 2628 1220 2710 quia
1246 2630 1460 2691 motus
1479 2625 1776 2690 amicitiae

230 2741 494 2824 majoris
521 2737 913 2804 liberalitatis
940 2739 1055 2816 est,
1085 2753 1285 2819 quam
1307 2738 1523 2799 motus
1550 2751 1777 2797 concu-

232 2847 562 2932 piscentiae
583 2895 601 2927 ,
645 2851 708 2911 et
750 2843 1102 2909 secundum
1149 2842 1333 2907 illum
1379 2838 1779 2924 protenditur

235 2955 511 3021 charitas
537 2955 606 3017 in
624 2954 899 3018 alterum
928 2968 947 3015 ε
967 2954 1031 3015 et
1055 2950 1198 3014 ideo
1216 2948 1570 3012 secundum
1592 2945 1778 3009 illum

238 3064 503 3129 modum
545 3060 757 3141 magis
797 3056 1133 3139 diligibilia
1176 3055 1689 3135 distinguuntur,
1718 3057 1782 3115 et

234 3189 384 3255 quae
439 3168 761 3250 diligenda
811 3171 965 3232 sunt
992 3214 1010 3246 ,
1064 3163 1246 3245 diligi
1295 3160 1778 3245 praecipiuhtur.

235 3277 366 3343 Nec
406 3282 505 3342 est
546 3276 887 3343 diminutio
906 3320 924 3353 ,
973 3274 1129 3356 quia
1163 3272 1233 3336 in
1266 3271 1392 3335 illis
1427 3270 1547 3335 ista
1572 3268 1779 3335 inclu-

238 3386 506 3452 duntur.

759 3578 1119 3659 QUAESTIO
1148 3579 1255 3645 vl.

394 3770 489 3827 An
514 3772 745 3842 quatuor
768 3773 880 3824 sint
907 3765 1188 3837 diliqenda
1215 3781 1283 3822 ar
1307 3765 1574 3820 charitate
1599 3759 1638 3816 ¹.

326 3936 412 4000 De
456 3934 929 4019 diligendorum
970 3946 1241 3995 numero
1280 3931 1344 3993 et
1384 3925 1782 3992 sufficientia.

241 4043 403 4108 Dicit
423 4043 598 4115 enim
624 4040 1028 4122 Augustinus
1053 4043 1102 4115 ¹,
1132 4035 1300 4119 quod
1328 4036 1607 4117 quatuor
1631 4035 1786 4097 sunt

239 4170 322 4216 ex
346 4151 650 4216 charitate
672 4148 1019 4231 diligenda,
1047 4144 1342 4211 videlicet
1367 4142 1556 4221 Deus,
1581 4144 1645 4205 et
1666 4156 1784 4203 nos

239 4259 387 4343 ipsi,
415 4258 772 4343 proximus,
802 4260 866 4321 et
890 4270 1122 4337 corpus
1147 4254 1465 4316 nostrum.
1496 4247 1576 4313 Et
1601 4247 1784 4312 vide-

237 4376 349 4432 tur
374 4367 607 4450 primo,
661 4363 833 4448 quod
872 4362 962 4426 ibi
1010 4360 1092 4425 sit
1143 4358 1586 4442 superfluitas,
1627 4355 1783 4438 quia

238 4492 390 4557 quae
413 4477 563 4538 sunt
587 4471 876 4553 ejusdem
917 4467 1171 4551 speciei,
1208 4484 1340 4531 non
1370 4464 1781 4545 distinguun-

237 4588 347 4646 tur
373 4580 500 4644 nisi
523 4577 878 4644 secundum
905 4591 1274 4651 numerum,
1304 4576 1367 4637 et
1391 4589 1524 4637 non
1548 4570 1780 4635 debent

236 4692 445 4757 facere
503 4688 752 4753 diversa
799 4684 1087 4749 membra
1139 4679 1556 4747 distinctionis
1603 4699 1621 4743 z
1669 4677 1779 4741 sed

237 4818 359 4864 nos
373 4845 394 4877 ‚
443 4800 508 4862 et
548 4791 882 4877 proximus
921 4793 1135 4855 noster
1148 4836 1170 4868 ‚
1223 4804 1449 4852 snmus
1492 4785 1778 4869 ejusdem

237 4904 468 4991 speciei
500 4926 517 4967 ι
544 4918 704 4984 ergo
722 4917 863 4965 non
889 4898 1073 4963 debet
1089 4896 1287 4962 homo
1311 4893 1554 4959 habens
1580 4892 1779 4957 chari-

237 5019 436 5091 tatem
464 5029 614 5078 cum
639 5007 938 5094 proximo
962 5020 1080 5070 suo
1106 5021 1222 5087 pro
1249 4999 1520 5069 diversis
1554 4998 1778 5080 diligi-

235 5122 475 5188 bilibus
501 5115 853 5186 numerari.

308 5326 326 5362 ¹
356 5323 441 5386 Cf.
468 5317 720 5372 Alexand.
750 5310 997 5371 Alensis„
1026 5311 1188 5368 δοκῇ,
1215 5322 1267 5372 p.
1300 5308 1393 5370 111,
1423 5305 1589 5358 collat.
1618 5318 1739 5358 un·
1759 5344 1776 5370 ‚

240 5401 340 5447 art.
360 5398 420 5459 43
450 5397 505 5445 S.
527 5391 771 5449 Thomas,
801 5383 939 5446 ll-ll,
965 5395 1016 5446 q.
1059 5391 1181 5442 xxv,
1203 5383 1298 5429 art.
1330 5381 1425 5441 ¹23
1455 5382 1508 5428 et
1533 5379 1593 5427 tn
1617 5377 1775 5442 Seni„

241 5468 361 5520 diat.
393 5473 560 5516 xxvm
581 5497 599 5525 ‚
628 5474 679 5524 q.
696 5471 743 5522 1,
767 5456 943 5517 ιιι-ως
964 5451 1088 5503 etde
1103 5451 1279 5514 Ver-it,
1299 5462 1436 5513 q.11,
1454 5454 1550 5499 art.
1567 5451 1623 5513 Ἲς
1648 5450 1775 5500 Gab.

561 5568 714 5617 '1⁸0ss-
754 5563 847 5612 Π.

3288 466 3399 530 641

1950 596 2012 656 2.
2055 591 2215 656 Item
2257 610 2435 656 sacra
2470 591 2798 675 Scriptura
2827 596 3211 664 sufficienter
3244 617 3403 665 enu-

1871 703 2073 763 merat
2098 698 2430 779 diligibilia
2451 699 2520 763 in
2559 702 2911 783 praeceptiS‚
2940 720 3089 784 quae
3114 705 3220 769 dat
3249 727 3264 768 ε
3298 709 3408 772 sed

1871 824 2002 869 non
2028 810 2361 871 enumerat
2381 806 2506 870 nisi
2532 807 2684 886 du0,
2704 808 2936 873 scilicet
2958 809 3159 876 Deum
3178 817 3240 877 et
3263 832 3406 896 pro—

1872 911 2151 989 ximum,
2180 912 2259 977 de
2302 913 2536 995 quibus
2569 913 2676 977 dat
2703 913 2833 980 duo
2867 920 3212 1002 prae'cepta3
3255 939 3412 1003 ergo

1874 1021 2129 1087 videtur
2152 1024 2323 1106 quod
2348 1023 2472 1089 alia
2498 1026 2788 1089 membra
2813 1026 2945 1091 sint
2970 1029 3316 1111 superflua.

1952 1131 2013 1194 3.
2047 1127 2205 1195 Item
2245 1129 2407 1194 nihil
2451 1131 2765 1213 contingit
2807 1151 2942 1196 esse
2981 1134 3241 1200 beatum
3290 1137 3413 1201 nisi

1874 1236 2080 1301 tribus
2122 1237 2348 1312 modis,
2397 1238 2687 1303 videlicet
2729 1235 2843 1322 per
2885 1242 3247 1322 essentiam,
3302 1262 3416 1326 per

1874 1343 2152 1425 primam
2173 1344 2597 1424 influentiam,
2620 1349 2683 1409 et
2708 1347 3226 1414 redundantiam:
3260 1368 3419 1432 ergo

1876 1449 1931 1513 si
1959 1450 2236 1516 charitas
2262 1469 2395 1517 non
2437 1471 2506 1516 se
2547 1455 2828 1518 extendit
2870 1456 2948 1519 ad
2994 1456 3414 1538 diligendum,

1877 1557 2002 1623 nisi
2046 1559 2125 1623 ad
2172 1558 2236 1623 id
2277 1561 2448 1641 quod
2491 1565 2585 1624 est
2622 1562 2880 1626 beatum
2925 1563 2992 1627 in
3018 1569 3188 1642 actu,
3220 1565 3321 1629 vel
3352 1565 3420 1629 in

1878 1666 2182 1747 potentia,
2212 1667 2466 1731 videtur
2492 1669 2684 1750 quod,
2708 1687 2841 1732 non
2870 1668 2993 1734 sint
3022 1671 3146 1734 nisi
3174 1671 3299 1736 tria
3322 1671 3419 1735 di·
3490 1693 3495 1699 ·
3606 1753 3609 1760 ⁴

1878 1770 2161 1853 ligenda,
2189 1775 2481 1841 videlicet
2506 1775 2693 1856 Deus,
2724 1777 2999 1858 animus,
3034 1781 3098 1843 et
3121 1797 3372 1863 corpus.

1959 1884 2022 1945 4.
2051 1880 2175 1947 Sed
2193 1883 2365 1964 quod
2392 1883 2472 1946 sit
2491 1884 2848 1965 diminutio,
2871 1885 3126 1951 videtur
3146 1905 3259 1970 per
3274 1889 3428 1953 Am-

1882 1987 2167 2054 brosium
2193 1994 2217 2030 ³
2237 2037 2255 2068 ,
2285 1990 2429 2072 qui,
2460 1992 2693 2057 secund
2703 2010 2811 2056 um
2837 1994 3009 2075 quod
3039 1993 3108 2057 in
3138 1996 3429 2077 sequenti

1881 2093 2285 2160 distinctione
2326 2096 2620 2175 habetur,
2662 2098 2943 2179 assignat
2983 2116 3098 2163 sex
3141 2101 3430 2164 membra

1882 2200 1955 2265 in
1973 2219 2246 2267 numero
2267 2202 2774 2285 diligendorum:
2797 2223 2955 2288 ergo
2976 2206 3030 2271 si
3050 2207 3430 2273 Ambrosius
3531 2278 3541 2289 ‚

1883 2326 2014 2373 non
2041 2309 2164 2373 fuit
2197 2311 2267 2373 in
2294 2312 2714 2377 mumerando
2756 2313 3150 2395 superfluus,
3174 2314 3431 2380 videtur

1884 2416 2055 2498 quod
2085 2417 2490 2499 Augustinus
2515 2418 2641 2482 fuit
2665 2418 3040 2484 diminutus,

1965 2527 2021 2587 5.
2069 2522 2251 2601 item,
2283 2524 2449 2590 sicut
2472 2544 2554 2590 ex
2578 2526 2881 2591 charitate
2901 2527 3303 2608 diligendum
3336 2533 3431 2593 est

1850 2649 2117 2729 ‘corpus
2161 2637 2473 2709 nostrum,
2523 2633 2611 2698 ita
2657 2637 2718 2697 et
2757 2650 2988 2716 corpus
3024 2633 3343 2716 proximi:
3374 2635 3429 2697 si

1886 2756 2042 2820 ergo
2080 2739 2339 2804 animus
2365 2744 2579 2804 noster
2605 2744 2668 2803 et
2694 2740 2948 2804 animus
2978 2741 3253 2824 proximi
3283 2760 3433 2805 con-

1887 2846 2160 2910 stituunt
2178 2845 2305 2910 duo
2330 2846 2619 2911 membra
2635 2845 3132 2927 diligendorum,
3155 2845 3243 2909 ita
3258 2847 3430 2911 vide-

1887 2956 1995 3018 tur
2028 2953 2200 3034 quod
2242 2953 2434 3017 etiam
2474 2970 2706 3037 corpus
2748 2958 3065 3031 nostrum,
3095 2958 3159 3018 et
3201 2972 3432 3037 corpus

1889 3060 2169 3142 proximi
2221 3081 2239 3124 z
2294 3079 2456 3141 ergo
2508 3061 2763 3126 videtur
2802 3060 2975 3143 quod
3017 3060 3305 3144 quinque
3350 3079 3432 3126 ex

1888 3168 2195 3233 charitate
2225 3169 2351 3233 sint
2379 3169 2724 3251 diligenda.
3500 3240 3505 3245 ,

1968 3280 2031 3340 6.
2056 3276 2215 3344 Item
2240 3278 2405 3343 sicut
2434 3294 2518 3341 ex
2545 3276 2851 3341 charitate
2880 3275 3217 3358 diligimus
3257 3278 3433 3359 quod

1890 3389 1986 3448 est
2027 3403 2229 3467 supra
2264 3403 2404 3466 noa,
2453 3389 2519 3449 et
2542 3385 2708 3477 infra
2756 3403 2897 3461 nos,
2940 3389 3004 3449 et
3044 3386 3234 3467 juxta
3287 3403 3426 3462 noS,

1890 3492 1980 3557 sic
2009 3493 2204 3558 etiam
2225 3511 2308 3557 ex
2355 3493 2657 3557 charitate
2684 3491 3085 3575 diligendum
3119 3494 3215 3555 est
3260 3493 3432 3574 quod

1891 3603 1987 3664 est
1998 3604 2218 3665 contra
2235 3617 2375 3680 nos,
2395 3588 2686 3665 videlicet
2711 3599 3032 3679 inimicus,
3058 3599 3224 3665 sicut
3241 3617 3435 3681 supra

1891 3711 2219 3785 ostensum
2244 3713 2378 3774 est:
2413 3709 2669 3774 videtur
2705 3726 2863 3790 ergo
2898 3707 3070 3790 quod
3117 3706 3433 3790 praedictis

1891 3813 2200 3878 membris
2215 3814 2462 3879 deficiat
2477 3832 2685 3880 unum
2700 3813 3090 3880 membrum.
3111 3812 3433 3891 Quaeritur

1893 3938 2049 4001 ergo
2063 3938 2274 4003 quare
2311 3925 2407 3986 tot
2447 3939 2530 3986 ex
2574 3922 2878 3986 charitate
2918 3920 3046 3986 sint
3081 3919 3428 4001 diligenda,

1885 4032 1956 4092 et
1980 4046 2111 4093 non
2139 4028 2348 4111 plura,
2378 4045 2590 4112 neque
2617 4029 2941 4111 pauciora.

2430 4261 2882 4329 CONCLUSIO.

1933 4425 2023 4481 Ea·
2072 4425 2337 4482 charitate
2374 4430 2609 4497 quatuor
2642 4428 2770 4482 sunt
2806 4424 3123 4497 diliqenda,
3159 4440 3381 4496 quorum

2100 4516 2420 4585 sufficientia
2445 4514 2656 4587 duplici
2680 4516 2777 4570 via
2803 4513 3213 4570 demonstratur.

1968 4673 2151 4758 Resp.
2198 4675 2279 4739 ad
2321 4691 2465 4756 arg.
2508 4673 2856 4740 Dicendum
2898 4673 3071 4757 quod
3114 4690 3426 4739 numerus

1885 4782 2318 4865 diligibilium,
2349 4787 2411 4846 et
2436 4782 2836 4864 sufficientia,
2863 4782 3197 4866 dupliciter
3223 4787 3425 4865 potest

1884 4890 2084 4973 accipi
2128 4912 2145 4955 ι
2197 4908 2332 4956 uno
2372 4890 2562 4955 modo
2603 4907 2718 4973 per
2755 4890 3291 4973 comparationem
3343 4890 3424 4956 ad

1883 4999 2088 5083 ipsam
2115 4999 2552 5079 dilectionem3
2581 4999 2706 5064 alio
2729 4999 2918 5065 modo
2948 5017 3062 5083 per
3087 5015 3422 5081 compara-

1883 5107 2126 5173 tionem
2152 5108 2471 5189 adipsum
2497 5107 2893 5187 diligentem.
2925 5105 3296 5173 Secundum
3314 5107 3421 5190 ip-

1887 5307 2030 5366 Biel.‚
2063 5307 2127 5356 111
2168 5306 2329 5369 Seni„
2357 5306 2477 5356 dist.
2498 5317 2685 5366 xxvm,
2722 5319 2773 5370 q.
2802 5317 2816 5355 ι
2832 5321 2851 5369 ;
2883 5305 3171 5370 Stephanus
3204 5307 3424 5373 mules„

1887 5378 1951 5429 ili
1972 5378 2136 5441 Seni„
2153 5377 2269 5428 dist.
2288 5388 2474 5440 xxvm,
2491 5391 2546 5442 q·
2566 5377 2657 5429 ult.
2673 5404 2735 5416 —
2755 5378 2778 5412 ²
2794 5380 2943 5443 Aug„
2965 5376 3026 5428 de
3046 5378 3186 5427 Doct.
3226 5377 3424 5445 chrisa,

1883 5450 1971 5501 lib.
1997 5451 2038 5514 1,
2068 5464 2115 5500 c.
2145 5460 2298 5514 xxm,
2324 5463 2378 5499 n.
2399 5452 2479 5500 22.
2503 5475 2568 5488 —
2591 5449 2613 5485 ⁸
2636 5450 2801 5503 Gloss.
2830 5450 2882 5499 in
2910 5450 3080 5513 Cant„
3108 5461 3168 5514 11,
3196 5453 3245 5503 ⁴.

3104 5539 3177 5604 Μ
