4185 6288
1214 511 1413 579 DIST.
1456 512 1593 579 111.
1638 509 1821 578 ΛΒΤ.
1867 512 1919 579 1.
1964 512 2268 592 QUAEST.
2314 515 2365 579 1.

227 651 287 712 et
312 651 673 732 nonpotest
698 667 830 714 non
854 650 1198 714 essebeata
1223 667 1241 714 z
1270 648 1326 712 si
1350 646 1774 713 beataanima

225 755 595 838 simpliciter
639 760 704 820 et
739 756 1025 820 absolute
1067 773 1201 820 non
1240 758 1444 839 potest
1485 772 1766 837 peccare,

224 863 471 928 videtur
510 863 807 928 similiter
851 863 1025 946 quod
1068 881 1190 927 nec
1232 862 1450 927 anima
1488 860 1719 926 Christi
1749 881 1768 926 ι

226 986 377 1052 ergo
402 970 585 1034 nulla
609 970 864 1035 videtur
889 988 1025 1034 esse
1055 987 1220 1053 opus
1245 968 1667 1033 distinctione.

293 1079 480 1163 Raep.
519 1080 870 1146 Dicendum
898 1080 1071 1163 quod
1101 1078 1459 1144 secundum
1487 1077 1769 1142 intellec·

163 1197 166 1202 '
218 1190 351 1251 tum
382 1188 787 1270 quaaetionis,
826 1205 1019 1271 quem
1057 1186 1324 1251 attendit
1347 1185 1767 1268 quaestionem

219 1311 597 1378 proponens,
627 1295 873 1359 nullam
917 1297 1165 1377 oportet
1188 1295 1393 1358 faeere
1419 1292 1770 1357 distinctio·

216 1419 390 1478 nem,
444 1407 709 1486 propter
732 1403 855 1467 hoc
904 1403 1074 1485 quod
1110 1401 1379 1484 quaestio
1405 1404 1500 1464 est
1525 1399 1603 1463 de
1626 1400 1767 1463 ani-

217 1526 315 1572 ma
342 1509 576 1573 Christi
608 1510 813 1588 unita,
845 1513 1077 1573 utrum
1106 1508 1401 1573 habuerit
1447 1507 1767 1572 vertibili-

217 1621 404 1682 tatem
440 1616 691 1681 arbitrii
748 1636 766 1680 ι
819 1620 1269 1682 verumtamen
1324 1615 1631 1695 Magister
1682 1633 1768 1680 ex

217 1722 566 1787 abundanti
620 1723 980 1805 distinguit,
1009 1723 1090 1787 ad
1130 1721 1594 1788 removendum
1640 1723 1765 1785 im-

219 1831 670 1913 portunitatem
699 1831 1035 1913 sophistice
1064 1829 1550 1913 opponentium,
1578 1831 1642 1891 et
1658 1846 1765 1892 sa-

219 1937 291 2000 tis
311 1937 780 2003 rationabiliter
804 1939 1120 2021 quaeritur
1169 1941 1390 2000 utrum
1430 1935 1536 1999 ille
1568 1936 1764 1999 homo

221 2063 469 2126 peecare
490 2045 777 2128 potuerit
808 2065 825 2109 ε
857 2045 1009 2128 quia
1039 2063 1190 2109 cum
1211 2044 1488 2109 verbum
1510 2058 1766 2125 possen-

222 2149 288 2216 di
310 2153 394 2215 sit
437 2152 750 2235 praeteriti
774 2152 1101 2236 temporis,
1134 2150 1624 2215 indeterminate
1641 2167 1764 2231 po-

221 2260 329 2320 test
354 2259 698 2323 extendere
726 2277 795 2323 se
818 2259 900 2324 ad
931 2276 1123 2323 omne
1150 2257 1573 2340 praeteritum,
1604 2273 1762 2336 ergo

221 2364 293 2428 ad
332 2371 588 2450 tempus
641 2370 791 2432 ante
859 2367 1192 2445 unionem,
1249 2363 1351 2428 vel
1382 2364 1461 2429 ad
1509 2367 1763 2446 tempus

222 2477 352 2553 post
374 2474 710 2539 unionem.
773 2473 841 2538 Si
869 2473 950 2537 ad
976 2477 1231 2555 tempus
1254 2475 1401 2536 ante
1424 2470 1758 2551 unionem,

223 2597 362 2643 cum
388 2586 537 2646 ante
569 2581 878 2646 unionem
902 2581 1197 2665 possibile
1224 2573 1413 2644 fuerit
1429 2579 1612 2645 illum
1641 2580 1760 2645 ho-

225 2687 452 2751 minem
502 2690 730 2770 creari‚
775 2694 839 2754 et
880 2693 1094 2753 tamen
1135 2686 1343 2752 Verbo
1388 2706 1519 2752 non
1558 2688 1755 2768 uniri,

223 2797 502 2875 possibile
549 2798 668 2861 fuit
700 2797 873 2879 quod
928 2796 1227 2862 habuerit
1274 2796 1455 2860 liberi
1512 2796 1759 2860 arbitrii

223 2902 703 2983 vertibilitatem,
735 2907 801 2968 et
826 2905 912 2967 ita
943 2902 1115 2986 quod
1158 2920 1423 2984 peccare
1453 2904 1752 2986 potuerit.

225 3005 286 3071 Si
311 3014 517 3074 antem
541 3029 662 3094 pro
689 3015 976 3093 tempore
990 3014 1130 3093 post
1148 3010 1481 3088 unionem,
1498 3030 1758 3094 peccare

227 3134 344 3180 non
374 3118 603 3201 potuit,
632 3119 786 3202 quia
808 3136 943 3183 non
968 3118 1175 3202 potuit
1199 3136 1331 3183 non
1349 3136 1488 3184 esse
1506 3118 1752 3200 beatus,

225 3229 467 3290 autnon
483 3246 621 3292 esse
652 3226 837 3303 Deus,
871 3244 1149 3309 quorum
1181 3230 1487 3290 neutrum
1517 3225 1755 3308 patitur

224 3330 285 3393 in
314 3330 548 3399 Christo
571 3333 832 3418 aliquod
859 3351 994 3397 esse
1036 3335 1389 3415 peccatum.
1421 3331 1500 3397 Et
1525 3332 1615 3396 sic
1640 3351 1756 3415 pa-

225 3439 305 3500 tet
320 3441 541 3504 totum.

688 3584 1175 3656 ARTICULUS
1220 3585 1273 3653 1.

294 3763 382 3829 Ad
406 3765 897 3846 intelligentiam
913 3765 1113 3846 huius
1142 3764 1360 3846 partis,
1389 3765 1748 3830 secundum

227 3870 331 3934 tria
377 3891 519 3956 qnae
577 3871 886 3954 Magister
939 3872 1341 3950 determinat,
1382 3870 1604 3936 incidit
1646 3871 1752 3935 hic

228 3982 466 4060 quatio
521 3982 693 4046 circa
721 3981 864 4045 tria.
907 3977 1123 4045 Primo
1152 3980 1467 4063 quaeritur
1493 3980 1570 4044 de
1593 3998 1744 4045 con-

227 4088 476 4165 gruitate
501 4094 753 4154 naturae
783 4093 1128 4171 assumptae
1177 4091 1490 4171 quantum
1519 4088 1601 4152 ad
1628 4106 1749 4169 ge-

230 4211 366 4276 nus3
393 4198 671 4264 secundo
726 4198 1038 4280 quaeritur
1086 4200 1405 4280 quantum
1442 4197 1522 4260 ad
1565 4195 1748 4262 liberi

231 4307 444 4373 arbitrii
479 4327 711 4386 usum;
742 4308 932 4373 tertio
963 4325 1119 4372 vero
1144 4306 1462 4391 quaeritur
1509 4306 1587 4371 de
1615 4306 1751 4389 ipsa

231 4415 433 4477 natura
454 4415 783 4494 assumpta
807 4413 1127 4494 quantum
1149 4410 1228 4474 ad
1258 4408 1748 4491 congruentiam

230 4531 416 4582 sexus
446 4519 622 4585 Circa
676 4518 961 4602 primum
1002 4521 1391 4601 quaeruntur
1408 4516 1537 4581 duo
1568 4536 1585 4580 ι
1617 4516 1749 4597 pri-

232 4638 321 4687 mo
343 4626 650 4708 quaeritur
704 4628 925 4689 utrum
966 4625 1256 4690 debuerit
1285 4640 1608 4688 assumere
1636 4623 1750 4686 bo-

231 4729 458 4811 minem,
488 4733 604 4816 qui
635 4735 798 4796 aeset
826 4731 904 4796 de
928 4749 1167 4813 genere
1195 4730 1431 4809 Adam;
1468 4728 1748 4793 secundo

232 4848 384 4917 vero,
407 4842 630 4904 utrum
657 4856 1026 4919 congruum
1051 4838 1270 4903 fuisset
1297 4854 1622 4902 assumere
1643 4835 1746 4919 ip-

234 4954 357 5005 sum
370 4944 592 5011 Adam.

290 5136 397 5202 ¹Cs'.
426 5139 1339 5207 Richarfius,1118ent.,dist.x11‚q.
1371 5152 1418 5204 ι,
1461 5139 1751 5204 Stephanus

237 5205 422 5275 Bruler„
443 5214 509 5264 Ill
536 5216 699 5277 Sena,
723 5213 841 5263 dist.
864 5223 959 5276 ιιι,
983 5225 1105 5277 q.;1
1133 5212 1264 5264 Guil.
1284 5211 1469 5276 Voril„
1498 5213 1563 5262 111
1590 5213 1748 5277 Sene.

237 5248 1579 5350 distn1,q.136ahr.13ie1.‚11180nt.,dist.xn,
1616 5295 1748 5349 q.,1

239 5320 1348 5419 dubn.-²Eoeti.,111‚12‚sichabet.
1385 5354 1752 5420 Dedecusfilii

238 5423 692 5481 mercinehonore.
710 5393 1078 5492 —⁸A'nse1m.‚
1098 5425 1202 5478 Cur
1221 5427 1357 5479 Deus
1380 5425 1544 5490 homo,
1567 5425 1657 5479 lib.
1682 5427 1748 5490 ll,

244 5501 528 5547 amn.-
552 5500 773 5563 bacha,
804 5510 863 5564 11,
898 5501 977 5551 Η.

2396 764 2757 845 QUAESTIO
2802 769 2852 833 Ι.

1878 935 1971 992 An
1999 951 2289 1007 eonqrtmm
2312 938 2486 1007 nim-it
2512 936 2611 994 Dei
2628 938 2831 993 Filium
2851 952 3114 994 emanere
3138 938 3429 996 manum

2159 1033 2417 1084 nanuum
2446 1028 2510 1085 de
2536 1043 2713 1085 massa
2734 1028 3069 1101 perditiores
3096 1026 3139 1083 ¹.

1957 1183 2186 1249 Utrum
2229 1185 2511 1251 decuerit
2537 1185 2772 1251 Filium
2801 1186 2910 1250 Dei
2947 1205 3273 1251 assumere
3298 1188 3421 1253 hu·
3447 1200 3515 1245 aa
3532 1214 3638 1260 opp.

1879 1311 2137 1357 manam
2167 1296 2464 1357 naturam
2515 1294 2593 1358 de
2620 1312 2828 1358 massa
2864 1295 3256 1377 perditionis,
3285 1298 3420 1362 sive

1875 1398 1952 1463 de
1976 1418 2213 1481 genere
2237 1400 2441 1464 Adam
2464 1419 2482 1478 3
2512 1404 2578 1464 et
2602 1402 2773 1483 quod
2801 1420 2955 1482 non,
2987 1402 3261 1467 videtur.
3302 1404 3421 1467 Al-

1875 1507 2075 1570 terius
2118 1507 2437 1590 qualitatis
2485 1511 2549 1571 et
2598 1512 2851 1573 naturae
2878 1509 3064 1574 debet
3081 1528 3217 1574 esse
3243 1529 3421 1575 mor-

1874 1614 1995 1677 bus
2015 1662 2032 1690 ,
2067 1619 2131 1678 et
2170 1614 2486 1678 medicina
2523 1637 2537 1677 :
2569 1632 2725 1697 ergo
2773 1616 2828 1678 si
2857 1615 3140 1680 Christus
3177 1618 3420 1683 ratione

1874 1724 2127 1785 naturae
2149 1725 2493 1804 assumptae
2519 1722 2641 1786 fuit
2685 1723 2955 1786 humani
3001 1724 3256 1803 generis
3283 1743 3421 1790 me-

1872 1829 2104 1906 dicina,
2128 1829 2382 1894 videtur
2406 1849 2563 1912 ergo
2591 1831 2760 1913 quod
2788 1833 2934 1914 ejus
2958 1851 3105 1897 earo
3148 1852 3282 1899 non
3303 1835 3420 1899 de—

1870 1935 2085 2000 buerit
2106 1936 2366 2001 formari
2393 1938 2470 2002 de
2503 1957 2710 2002 massa
2736 1943 3054 2022 corrupta.

1950 2049 2011 2108 Ξ.
2048 2044 2206 2109 Item
2251 2046 2547 2109 nobiliori
2574 2048 2799 2111 formae
2833 2047 3062 2111 nobilis
3086 2047 3272 2112 debet
3298 2067 3419 2131 ap-

1871 2151 1995 2215 tari
2023 2153 2289 2217 materia
2329 2175 2344 2216 :
2375 2171 2535 2234 ergo
2561 2154 2616 2217 si
2639 2154 2853 2220 anima
2881 2153 3114 2218 Christi
3139 2155 3259 2219 fuit
3288 2175 3417 2238 pu-

1871 2258 2124 2322 rissima
2149 2264 2211 2323 et
2227 2260 2538 2324 immunis
2559 2261 2641 2324 ab
2663 2261 2840 2324 omni
2868 2266 3143 2343 peccam,
3160 2262 3416 2326 videtur

1870 2360 2042 2443 quod
2064 2380 2213 2426 caro
2242 2361 2469 2426 Christi
2496 2363 2788 2427 debuerit
2810 2381 2946 2427 aese
2972 2363 3054 2426 ab
3075 2364 3255 2428 omni
3270 2382 3413 2428 eor-

1868 2469 2164 2551 ruptione
2178 2468 2417 2533 aliena:
2438 2488 2566 2534 non
2589 2488 2748 2550 ergo
2762 2469 2839 2533 de
2856 2487 3063 2533 massa
3084 2474 3408 2554 corrupta,

1868 2593 1942 2639 ac
1968 2594 2083 2657 per
2113 2576 2237 2640 hoc
2266 2595 2383 2641 nec
2408 2577 2486 2641 de
2506 2563 2749 2659 generef
2775 2577 3001 2640 Adam.

1947 2687 2006 2746 3.
2052 2683 2215 2747 Item
2243 2684 2709 2766 improperium
2735 2687 3073 2767 parentum
3100 2682 3413 2748 redundat

1865 2789 1932 2853 in
1959 2789 2225 2872 prolem,
2274 2791 2628 2856 secundum
2659 2791 2831 2875 quod
2856 2790 3009 2855 dicit
3036 2790 3299 2874 Sapiens
3328 2793 3352 2828 ¹
3387 2815 3405 2856 ι

1864 2898 1973 2961 sed
1990 2898 2277 2964 Christus
2304 2900 2521 2964 debuit
2547 2919 2681 2965 esse
2713 2900 2973 2964 omnino
2991 2900 3304 2965 immunis
3328 2901 3409 2964 ab

1864 3005 2044 3069 omni
2072 3007 2309 3088 peccati
2371 3006 2809 3090 improperio:
2845 3025 3003 3089 ergo
3030 3026 3158 3072 non
3187 3008 3408 3073 debuit

1862 3129 1998 3177 esse
2025 3113 2103 3177 de
2132 3131 2372 3196 genere
2402 3114 2683 3182 hominis
2708 3114 2923 3199 primi.

1941 3226 2001 3284 4.
2064 3221 2223 3285 Item
2300 3223 2587 3287 debitum
2642 3229 2981 3306 parentum
3049 3224 3408 3306 imputatur

1860 3328 2019 3411 proli
2058 3351 2072 3392 ε
2105 3328 2214 3394 sed
2242 3328 2548 3394 Mediator
2572 3330 2794 3395 debuit
2815 3349 2952 3395 esse
2993 3331 3233 3414 absque
3258 3351 3406 3396 om-

1861 3435 1926 3498 ni
1956 3435 2187 3515 debito,
2218 3441 2293 3500 ut
2314 3440 2367 3520 ej
2380 3456 2456 3499 us
2499 3437 2732 3501 solutio
2759 3438 3017 3501 omnino
3045 3442 3403 3522 acceptare-

1859 3545 1970 3606 tur
1993 3561 2034 3606 a
2061 3542 2210 3621 Deo,
2240 3543 2404 3607 sicut
2430 3549 2452 3584 ⁸
2477 3542 2633 3607 dicit
2661 3544 3054 3609 Anselmus:
3083 3563 3243 3626 ergo
3272 3565 3403 3610 non

1859 3647 2079 3713 debuit
2106 3668 2241 3713 esse
2270 3650 2347 3713 de
2373 3668 2610 3731 genere
2636 3649 2814 3733 Adae.

1939 3756 2059 3820 Sed
2091 3760 2386 3821 contra⁸z
2415 3758 2538 3831 Qui
2563 3758 2951 3838 sanctificat,
2982 3760 3190 3841 etqui
3215 3775 3402 3825 sanc-
3432 3793 3639 3838 mm.

1858 3864 2217 3943 vincantur,
2249 3881 2334 3930 ex
2371 3880 2499 3930 uno
2537 3879 2745 3930 omnes
2775 3886 2798 3926 .·
2827 3865 2937 3930 sed
2987 3864 3270 3930 Christus
3306 3872 3402 3932 est

1856 3972 1970 4054 qui
1999 3973 2383 4050 sanctificat3
2421 3973 2531 4056 qui
2559 3990 2714 4036 vero
2758 3973 3230 4037 sanctificantur
3253 3979 3404 4038 sunt

1855 4080 1971 4147 filii
2021 4082 2227 4145 Adam
2260 4102 2274 4143 ε
2331 4079 2582 4144 videtur
2638 4098 2795 4160 ergo
2840 4080 3035 4162 quod,
3078 4080 3242 4144 sicut
3291 4082 3403 4144 alii

1854 4194 2008 4254 sunt
2026 4189 2104 4253 de
2139 4207 2376 4271 genere
2401 4187 2580 4266 Adae,
2626 4187 2714 4250 ita
2731 4186 2924 4250 etiam
2951 4186 3233 4252 Christus
3259 4188 3399 4252 fue-

1855 4298 1958 4377 rit,
1989 4301 2055 4361 et
2072 4296 2364 4362 debuerit
2387 4313 2544 4360 esse.

1938 4403 2097 4469 Item
2122 4422 2237 4486 pro
2264 4402 2450 4484 culpa
2476 4400 2755 4466 hominis
2783 4372 2910 4464 hon
2939 4401 3116 4465 decet
3136 4402 3260 4464 nisi
3285 4402 3399 4466 ho-

1857 4513 2099 4577 minem
2126 4512 2517 4576 satisfacere:
2551 4529 2710 4591 ergo
2739 4527 2854 4590 pro
2885 4509 3070 4591 culpa
3104 4509 3398 4574 omnium

1853 4619 2137 4683 filiorum
2178 4618 2357 4697 Adae,
2388 4621 2451 4679 et
2500 4617 2700 4698 ipsius
2749 4616 2926 4692 Adae,
2955 4616 3174 4679 nullus
3208 4610 3401 4680 debet

1855 4726 2245 4803 satisfacere,
2292 4723 2417 4787 nisi
2468 4723 2582 4806 qui
2634 4724 2714 4786 sit
2743 4722 2918 4787 filius
2969 4722 3173 4799 Adam
3223 4745 3238 4785 ε
3289 4723 3398 4787 sed

1857 4834 2145 4898 Christus
2199 4830 2496 4895 satisfecit
2533 4847 2648 4912 pro
2704 4828 2894 4911 culpa
2930 4834 3147 4893 nostra
3178 4851 3193 4893 z
3241 4848 3401 4912 ergo

1856 4938 2078 5003 debuit
2130 4956 2266 5003 esse
2313 4937 2391 5002 de
2415 4939 2633 5001 nostro
2686 4953 2946 5017 genere,
2975 4940 3039 4999 et
3062 4936 3156 5016 {de
3182 4940 3401 5001 nostra

1925 5064 2087 5112 assa.

1857 5066 2120 5231 mItem,
2174 5150 2226 5214 si
2254 5148 2451 5213 homo
2495 5147 2786 5228 stetisset,
2836 5148 2996 5213 nulli
3039 5149 3149 5214 alii
3176 5154 3402 5232 generi

1857 5264 2167 5325 oreaturae
2217 5262 2378 5321 esset
2407 5256 2724 5321 obnoxius
2746 5304 2762 5334 ,
2795 5260 3104 5340 tanquam
3160 5264 3274 5341 per
3301 5259 3401 5342 ip-

1857 5387 2004 5435 sum
2021 5368 2283 5432 haberet
2304 5370 2472 5430 stare
2498 5383 2517 5429 ι
2543 5382 2702 5446 ergo
2728 5364 2782 5428 si
2808 5366 3004 5432 homo
3028 5386 3144 5451 per
3185 5367 3402 5433 Chris-

1857 5470 2002 5545 tum
2039 5477 2376 5541 revocatur
2403 5473 2474 5537 in
2502 5472 3266 5557 pristinamffidignitatem,
3295 5477 3402 5543 vi-
