4185 6288
133 1781 270 1825 Motus

69 1843 272 1887 charitatis

68 1905 234 1963 durm-
297 1905 537 1971 intuitu
579 1909 832 1989 praemii
871 1912 968 1973 est
1009 1910 1438 1989 serviendum,
1497 1909 1837 1974 dicendum

1233 478 1427 548 ms'r.
1469 478 1714 548 XXVII.
1757 474 1942 543 ΛΒΤ.
1985 477 2061 543 Η.
2108 476 2407 558 QUAEST.
2454 483 2562 550 111.

3358 485 3477 555 61⁶1

291 617 460 700 quod
493 617 766 682 charitas
820 635 954 682 non
1008 618 1257 702 quaerit.
1285 635 1434 702 quae
1483 635 1601 681 sua
1651 618 1822 693 sunt,
1931 612 2036 679 ille
2061 615 2176 697 qui
2207 617 2638 702 principaliter
2675 620 2867 684 hahet
2910 621 3175 686 oculum
3215 624 3295 690 ad
3335 643 3477 709 poe-

291 723 625 789 dicendum
678 725 850 808 quod
888 739 1078 791 suum
1122 729 1313 790 notat·
1356 724 1448 790 ibi
1494 725 1826 808 proprium
1933 739 2118 803 nam,
2166 742 2298 789 non
2340 730 2547 809 potest
2591 729 2718 793 Deo
2763 745 2902 793 esse
2936 734 3233 814 acceptus
3257 781 3275 812 ,
3324 737 3475 815 etc.,

291 831 555 909 bonum,
605 832 695 895 ita
738 831 909 914 quod
952 831 1329 896 excludatur
1374 833 1617 898 honum
1646 849 1823 897 com-
1932 829 2273 895 dicendum
2315 835 2489 916 quod
2533 853 2661 900 non
2708 841 2802 900 est
2833 836 3041 900 simile
3076 859 3092 902 ε
3141 857 3293 903 nam
3330 859 3481 905 cum

292 953 504 1002 mune.
537 936 716 1015 Quod
742 942 959 1003 autem
986 939 1225 1023 appetit
1249 939 1450 1004 Deum
1476 939 1640 1004 sicut
1664 957 1828 1003 mer-

1936 955 2125 1019 poena
2166 958 2283 1005 nec
2326 940 2411 1004 sit
2448 943 2651 1023 DeuS,
2696 961 2815 1007 nec
2873 943 3113 1026 aliquid
3168 945 3278 1010 Dei
3291 969 3309 1026 ;
3366 947 3482 1031 qui

293 1045 509 1110 cedem
547 1062 732 1110 snam
747 1093 769 1125 ,
816 1062 947 1110 non
986 1047 1220 1129 quaerit
1274 1046 1394 1111 hoc
1436 1045 1625 1112 modo
1658 1046 1831 1129 quod
1932 1045 2364 1128 principaliter
2389 1051 2613 1133 aspicit
2657 1069 2916 1134 poenam
2951 1055 3260 1135 tanquam
3286 1054 3483 1119 finem

293 1165 481 1219 suum
526 1155 642 1233 est,
682 1153 1028 1237 quiaillud
1084 1155 1329 1219 honum
1386 1158 1482 1219 est
1534 1154 1833 1220 omnibus

296 1277 634 1325 commune
676 1281 693 1324 ι
751 1277 1041 1344 quaerere
1084 1261 1257 1325 enim
1279 1309 1298 1342 ,
1359 1265 1424 1325 et
1472 1261 1721 1339 videre,
1769 1264 1834 1326 et

293 1387 510 1434 amare
536 1369 737 1435 Deum
763 1370 927 1433 sicut
951 1387 1137 1433 suam
1174 1371 1531 1436 mercedem
1568 1375 1631 1435 et
1656 1387 1830 1453 prae-

294 1477 523 1557 mium,
553 1495 685 1542 non
728 1482 826 1542 est
865 1495 1152 1560 quaerere
1189 1479 1434 1544 honum
1469 1479 1829 1562 proprium,

292 1583 401 1648 illo
438 1584 630 1650 modo
679 1584 926 1650 dicendi
963 1587 1298 1668 proprium
1315 1634 1333 1665 ,
1382 1586 1496 1668 qui
1540 1589 1724 1650 sonat
1765 1585 1835 1649 in

295 1689 553 1756 vitium.

377 1803 441 1863 2.
471 1798 569 1864 Ad
596 1798 752 1865 illud
779 1801 952 1883 quod
978 1802 1299 1885 objicitur,
1327 1803 1500 1886 quod
1536 1803 1664 1868 Deo
1698 1802 1836 1866 sine

293 2015 471 2098 ,quod
495 2015 737 2099 duplex
761 2021 857 2081 est
881 2021 1094 2083 motus
1134 2019 1202 2082 in
1254 2018 1578 2097 charitate,
1612 2015 1837 2083 videli-

297 2124 395 2185 cet
420 2126 632 2187 motus
670 2124 990 2204 amicitiae,
1033 2128 1097 2190 et
1139 2129 1354 2190 motus
1393 2124 1837 2207 concupiscen—

298 2229 429 2294 tiae.
463 2229 674 2295 Motus
700 2231 996 2296 amicitiae
1021 2235 1119 2297 est
1142 2232 1269 2312 ille,
1312 2250 1442 2315 quo
1484 2231 1631 2316 quis
1671 2230 1834 2295 desi-

295 2336 478 2401 derat
559 2337 688 2403 Deo
771 2339 1018 2421 placere
1042 2388 1062 2419 ,
1135 2343 1199 2404 et
1267 2340 1536 2418 servire;
1627 2342 1842 2402 motus

294 2445 821 2530 concupiscentiae
845 2452 971 2528 est,
1001 2467 1130 2530 quo
1158 2448 1466 2513 desiderat
1489 2448 1691 2512 Deum
1720 2446 1841 2508 ha-

292 2554 468 2634 here,
491 2558 556 2619 et
592 2554 830 2620 videre.
876 2555 1036 2621 Cum
1076 2574 1237 2638 ergo
1272 2556 1423 2621 dicit
1457 2554 1837 2632 Bernartius,

295 2650 474 2732 quod
503 2649 632 2715 Deo
669 2651 807 2716 sine
845 2651 1087 2715 intuitu
1126 2650 1375 2734 praemii
1415 2653 1508 2714 est
1547 2649 1840 2713 servien-

291 2757 482 2836 dum,
516 2757 813 2840 intelligit
836 2759 914 2823 de
940 2777 1159 2823 amore
1190 2757 1485 2822 amicitiae
1517 2778 1533 2821 t
1565 2757 1618 2821 si
1664 2755 1838 2820 enim

289 2883 404 2947 per
429 2864 740 2930 affectum
765 2867 1060 2931 amicitiae
1085 2864 1281 2930 homo
1308 2865 1505 2930 servit
1522 2864 1753 2941 amico,
1776 2868 1840 2928 et

288 2991 453 3037 eum
479 2973 686 3055 diligit
711 2974 847 3038 sine
886 2974 1126 3039 intuitu
1168 2973 1441 3057 praemii,
1481 2972 1644 3037 sicut
1689 2972 1839 3037 dicit

284 3079 728 3164 Philosophus
775 3083 818 3161 ¹,
856 3081 1062 3147 multo
1106 3081 1333 3147 fortius
1372 3098 1591 3146 amore
1641 3079 1843 3146 chari·

285 3191 433 3255 tatis
485 3190 682 3255 homo
734 3189 876 3254 vult
926 3189 1172 3254 bonum
1231 3188 1359 3254 Deo
1412 3189 1550 3253 sine
1602 3189 1839 3253 intuitu

293 3296 574 3382 alicujus
601 3296 1034 3362 retributionis
1061 3318 1077 3359 :
1109 3296 1220 3361 sed
1247 3314 1361 3379 per
1385 3295 1508 3360 hoc
1550 3314 1681 3359 non
1723 3313 1840 3359 ex·-

297 3406 605 3482 cluditur‚
636 3403 797 3487 quin
823 3402 1097 3467 charitas
1140 3420 1358 3467 amore
1400 3403 1842 3485 concupiscen-

293 3511 400 3576 tiae
459 3514 764 3593 exoptet,
816 3513 879 3574 et
923 3509 1231 3575 desideret
1282 3509 1457 3574 illam
1518 3528 1840 3574 summam

293 3618 658 3684 mercedem
685 3617 1191 3701 apprehendere,
1235 3617 1316 3682 ad
1343 3635 1538 3701 quam
1566 3617 1842 3683 finaliter

292 3727 572 3793 intendit
598 3725 952 3808 pervenire.

376 3841 439 3901 3.
486 3832 591 3898 Ad
626 3831 783 3898 illud
834 3833 1006 3916 quod
1046 3833 1378 3916 objicitur,
1433 3833 1605 3917 quod
1659 3852 1842 3900 amor

292 3942 628 4009 charitatis
648 3946 742 4005 est
767 3942 1134 4025 simpliciter
1155 3943 1497 4024 gratuitus,
1529 3961 1687 4025 ergo
1709 3961 1842 4009 non

293 4054 504 4134 potaet
561 4067 699 4114 esse
751 4050 1221 4128 mercenarius3
1287 4050 1625 4115 dicendum
1673 4051 1846 4134 quod

291 4162 454 4228 illud
483 4164 950 4242 argumentum
971 4163 1066 4225 est
1090 4161 1336 4224 bonum
1380 4160 1459 4225 de
1498 4178 1575 4225 ea
1620 4161 1846 4225 merci-

292 4274 546 4351 monia,
575 4290 723 4357 quae
756 4276 1080 4356 repugnat
1125 4272 1351 4353 gratiae
1395 4295 1410 4335 :
1464 4271 1573 4337 sed
1620 4272 1847 4336 merci-

295 4383 522 4448 monia
547 4381 699 4446 vitae
736 4383 991 4445 aeternae
1038 4380 1265 4461 gratiae
1312 4398 1446 4444 non
1479 4384 1840 4463 repugnat;

195 4484 198 4487 ’
291 4490 430 4555 imo
468 4488 568 4553 illi
606 4490 939 4567 consonat,
986 4488 1136 4570 quia
1182 4489 1262 4553 ad
1306 4507 1450 4553 eam
1497 4480 1847 4572 specialiter

293 4598 578 4663 ordinat.
645 4596 821 4662 Unde
875 4596 1037 4661 sicut
1084 4614 1266 4661 amor
1324 4597 1846 4680 concupiscentiae

292 4724 430 4770 non
459 4708 790 4788 repugnat
829 4705 1034 4769 amori
1056 4704 1357 4770 amicitiae
1404 4705 1474 4769 in
1511 4706 1842 4783 charitate,

292 4814 432 4879 imo
509 4814 749 4894 quanto
813 4811 1024 4893 magis
1076 4811 1221 4894 quis
1283 4811 1484 4877 Deum
1535 4814 1848 4879 desiderat

291 4926 492 4998 recte,
525 4920 700 4983 tanto
725 4919 936 5001 magis
961 4918 1041 4982 ad
1066 4918 1380 4984 honorem
1405 4920 1549 5003 ejus
1562 4921 1843 5000 anhelat;

286 5029 384 5095 sic
410 5027 683 5093 affectus
708 5025 1079 5109 hujusmodi
1105 5027 1536 5093 mercimoniae
1580 5046 1712 5094 non
1739 5047 1845 5094 re·

290 5139 556 5220 pugnat
579 5134 826 5216 gratiae.

375 5252 440 5313 4.
472 5244 577 5310 Ad
604 5243 762 5309 illud
787 5243 960 5327 quod
975 5241 1274 5326 objicitur
1292 5242 1369 5310 de
1390 5243 1643 5323 timore,
1674 5246 1847 5328 quod

359 5410 377 5444 ¹
404 5407 585 5468 Arist..
607 5406 794 5469 Elaia,
813 5405 903 5456 lib.
935 5405 1071 5469 vlu,
1097 5419 1145 5457 c.
1173 5417 1329 5456 111.-
1354 5406 1474 5469 ’Cfi
1492 5406 1635 5456 Alex.
1653 5406 1845 5470 Alens„

294 5482 469 5545 Com„
491 5492 546 5547 p.
577 5480 669 5542 111,
690 5491 741 5545 q.
770 5489 858 5541 nx,
885 5483 982 5528 art.
1006 5478 1063 5540 ³3
1093 5479 1147 5529 S.
1170 5477 1377 5543 Thom„
1409 5478 1548 5542 1141,
1588 5492 1641 5544 q.
1678 5490 1805 5530 xxv(
1827 5521 1844 5545 ,

1937 1152 2267 1234 ultimum,
2321 1173 2455 1220 non
2511 1162 2606 1221 est
2663 1161 2831 1222 recte
2902 1159 3229 1223 ordinatus
3246 1210 3264 1241 ,
3334 1180 3484 1226 cum

1937 1259 2455 1344 principaliorem
2502 1264 2734 1329 haheat
2792 1266 3099 1329 intuitum
3158 1268 3237 1331 ad
3286 1269 3481 1351 alind,

1944 1385 2141 1449 quam
2167 1370 2248 1433 ad
2287 1370 2490 1435 Deum
2540 1394 2556 1435 :
2600 1372 2709 1436 sed
2754 1389 3031 1453 merces,
3071 1377 3135 1437 et
3164 1374 3486 1440 beatitudo

1945 1492 2201 1541 summa
2227 1481 2319 1541 est
2358 1478 2494 1560 ipse
2522 1477 2686 1543 Deus
2722 1501 2737 1542 :
2771 1478 2910 1543 ideo
2940 1479 3145 1562 ipsam
3171 1482 3487 1566 principa-

1941 1582 2083 1647 liter
2110 1588 2319 1666 potest
2345 1585 2491 1668 quis
2515 1586 2817 1668 aspicere,
2847 1592 2910 1650 et
2938 1592 3157 1652 tamen
3189 1589 3256 1652 in
3286 1590 3485 1655 finem

1941 1693 2110 1755 recte
2140 1691 2465 1756 ordinatus
2492 1710 2649 1756 esse.
2683 1691 2761 1756 Et
2805 1693 2894 1757 sic
2922 1699 3094 1776 patet
3133 1696 3305 1778 quod
3344 1697 3486 1761 nul-

1941 1797 2080 1862 lum
2136 1802 2231 1863 est
2273 1800 2734 1865 inconveniens
2776 1801 3006 1882 dicere,
3053 1803 3226 1886 quod
3272 1808 3488 1868 motus

1943 1904 2266 1969 charitatis
2297 1907 2496 1990 possit
2518 1924 2653 1971 esse
2685 1907 3137 1988 mercenarius,
3164 1909 3219 1971 si
3242 1909 3487 1974 dicatur

1945 2012 2377 2075 mercenarius
2418 2031 2502 2077 ex
2517 2012 2761 2078 intuitu
2787 2015 3093 2079 mercedis
3122 2019 3381 2079 aeternae
3423 2019 3487 2080 et

1945 2118 2265 2183 increatae.
2296 2118 2374 2183 Et
2399 2120 2522 2184 hoc
2565 2121 2756 2185 modo
2791 2126 3059 2185 currunt
3092 2121 3370 2185 rationes
3405 2121 3486 2185 ad

1945 2227 2220 2308 primam
2305 2232 2569 2309 partem.
2652 2227 2719 2294 Si
2788 2232 3006 2292 autem
3081 2228 3206 2292 alio
3296 2227 3487 2293 modo

1945 2334 2378 2398 mercenarius
2404 2334 2673 2415 dicatur,
2726 2335 3005 2399 rationes
3048 2334 3176 2399 illae
3218 2353 3351 2399 non
3378 2352 3484 2399 co-

1945 2447 2114 2523 gunt
2137 2460 2256 2506 nos
2275 2443 2457 2506 fateri
2481 2447 2732 2507 motum
2759 2442 3083 2508 charitatis
3110 2460 3294 2525 posse
3319 2459 3487 2508 mer-

1945 2549 2272 2613 cenarium
2315 2566 2473 2614 esse.
3152 2559 3157 2566 ·

2465 2778 2820 2859 QUAESTIO
2864 2778 2970 2844 111.

1997 2949 2092 3006 An
2116 2945 2258 3005 idem
2281 2950 2455 3004 monis
2480 2945 2785 3004 dilectionis
2802 2946 2979 3019 possit
3005 2961 3107 3005 esse
3132 2949 3197 3002 in
3222 2947 3389 3003 Deum
3405 2985 3427 3017 ‚

2445 3042 2498 3094 et
2521 3038 2584 3092 in
2607 3036 2920 3108 pro-‘nimum
2936 3044 2976 3088 ⁸.

2026 3203 2252 3268 Utrum
2292 3202 2461 3268 idem
2491 3207 2705 3268 motus
2734 3200 3083 3266 dilectionis
3117 3201 3312 3284 possit
3355 3219 3490 3267 esse

1944 3307 2014 3370 in
2065 3305 2291 3387 Deum,
2352 3310 2416 3370 et
2467 3307 2536 3370 in
2591 3307 2991 3390 proximum;
3043 3310 3106 3370 et
3148 3306 3319 3388 quod
3371 3307 3486 3386 sic,

1943 3415 2217 3479 videtur.
2250 3414 2424 3480 Idem
2453 3418 2546 3479 est
2590 3418 2804 3478 motus
2851 3414 2918 3476 in
2959 3415 3180 3491 finem,
3233 3416 3297 3477 et
3330 3412 3489 3476 inid

1945 3523 2117 3606 quod
2142 3522 2341 3587 estad
2363 3522 2594 3601 finem,
2638 3520 2794 3604 quia
2841 3524 3051 3585 motus
3094 3537 3225 3584 non
3266 3536 3492 3584 nume-

1947 3636 2129 3696 ratur
2170 3635 2425 3714 propter
2472 3630 2897 3695 differentiam
2944 3627 3168 3707 medii,
3212 3628 3323 3693 sed
3372 3646 3488 3692 ex-

1945 3738 2183 3802 tremi:
2215 3739 2326 3803 sed
2382 3740 2596 3802 motus
2651 3735 2977 3801 charitatis
3029 3738 3123 3799 est
3171 3734 3240 3798 in
3287 3735 3492 3800 Deum

1946 3848 2253 3928 tanquam
2311 3844 2378 3908 in
2429 3845 2658 3924 finem,
2716 3845 2784 3908 in
2844 3842 3215 3926 proximum
3243 3842 3491 3934 *solum-

1948 3953 2140 4017 modo
2190 3955 2500 4036 tanquam
2549 3953 2618 4015 in
2672 3952 2847 4016 viam
2922 3973 2938 4016 ι
3011 3968 3168 4032 ergo
3222 3967 3394 4014 unus
3430 3952 3495 4014 et

1946 4059 2118 4123 idem
2150 4063 2363 4125 motus
2387 4063 2748 4142 potestesse
2792 4059 2862 4122 in
2900 4062 3245 4140 utrumque
3279 4057 3494 4140 objec-

1949 4171 2115 4231 tum.

2029 4279 2090 4340 2.
2136 4272 2296 4338 Item
2341 4272 2732 4355 ubicumque
2777 4276 2871 4337 est
2904 4290 3116 4336 unum
3165 4270 3490 4348 dilectum,

1950 4383 2042 4446 ihi
2084 4386 2180 4446 est
2222 4399 2393 4445 unus
2433 4385 2646 4446 motus
2698 4379 3049 4445 dilectionis
3105 4396 3122 4442 ε
3175 4378 3285 4443 sed
3343 4397 3494 4443 cum

1950 4489 2241 4571 diligitur
2280 4487 2446 4553 Deus
2483 4491 2545 4552 et
2588 4488 2923 4571 proximus
2944 4535 2962 4566 ,
3015 4504 3223 4551 unum
3265 4489 3360 4550 est
3403 4486 3494 4550 di·

1948 4598 2222 4675 lectum;
2265 4614 2449 4676 nam,
2479 4597 2645 4660 sicut
2679 4595 2833 4660 dicit
2875 4595 3281 4677 Augustinus
3316 4615 3331 4657 ε
3362 4615 3395 4654 ι
3419 4592 3496 4658 In

1952 4705 2246 4790 proximo
2300 4724 2433 4770 non
2489 4703 2777 4786 diligitur
2828 4703 2949 4766 nisi
3003 4702 3169 4767 Deus
3205 4721 3222 4766 z
3260 4723 3291 4761 ι»
3336 4720 3494 4784 ergo

1951 4816 2241 4895 respectu
2264 4813 2608 4895 utriusque
2636 4830 2811 4876 unus
2831 4815 2929 4877 est
2952 4810 3274 4875 charitatis
3313 4814 3493 4875 actus

1952 4926 2017 4986 et
2043 4924 2274 4985 motuS.

2032 5034 2092 5094 3.
2122 5032 2278 5093 Item
2301 5045 2473 5092 unus
2500 5028 2563 5092 et
2587 5027 2759 5092 idem
2785 5030 2881 5091 est
2905 5026 3136 5107 honor,
3179 5044 3310 5109 quo
3365 5027 3493 5091 ho-

1951 5139 2218 5202 noratur
2259 5137 2476 5218 imago
2521 5134 2689 5200 beati
2729 5134 2895 5200 Petri
2912 5184 2930 5215 ,
2981 5139 3043 5200 et
3089 5136 3108 5199 i
3114 5154 3224 5219 pse
3269 5137 3496 5201 heatus

1941 5244 2179 5339 ,Petrus
2195 5292 2214 5322 ,
2260 5244 2416 5328 quia
2467 5244 2678 5308 honor
2726 5241 3032 5326 imaginis
3085 5244 3358 5309 retertur
3411 5242 3494 5308 ad

1951 5414 2048 5461 art.
2066 5413 2128 5474 23
2159 5412 2212 5460 et
2233 5408 2294 5459 de
2322 5408 2499 5472 verit„
2527 5420 2579 5472 q.
2612 5418 2672 5471 11,
2697 5409 2792 5458 art.
2822 5408 2884 5473 ⁷3
2913 5381 3205 5469 aichardus,
3238 5406 3304 5461 ιιι
3332 5405 3491 5476 sent„

1952 5482 2069 5534 dist.
2098 5493 2267 5544 xxvu,
2295 5482 2390 5532 ast.
2412 5482 2464 5544 7,
2491 5492 2542 5544 q.
2564 5489 2602 5530 1.

3544 3241 3611 3286 ad
3627 3254 3729 3298 opp.
