4185 6288
92 1491 188 1537 rob.

1495 466 1873 539 DISTINCT.
1919 473 2135 540 XXIII.

219 634 343 683 non
392 633 576 682 nosse
595 662 613 693 ,
666 613 866 679 nescit
915 616 1128 679 tamen
1172 606 1514 691 aliquando
1561 624 1631 671 se
1672 607 1754 672 ab

217 728 351 799 aliis
385 727 743 792 discernere
758 771 777 803 ‚
807 724 975 790 sicut
993 724 1179 806 >patet
1216 720 1295 784 de
1322 717 1446 783 illis
1490 718 1604 800 qui
1645 735 1756 800 po-

219 838 479 901 suerunt
523 834 806 898 animam
851 850 985 911 esse
1025 846 1288 912 eorpus,
1333 827 1446 892 vel·
1479 844 1753 908 aquam,

219 943 357 1008 vel
340 960 610 1024 lgnem·
641 944 704 1005 et
729 940 854 1004 hoc
875 940 1063 1004 modo
1088 954 1220 1002 non
1247 936 1440 1001 hahet
1468 934 1612 1017 quis
1640 951 1757 998 no-

225 1051 424 1116 titiam
466 1049 546 1114 de
600 1048 907 1113 charitate
954 1064 1102 1129 quae
1137 1050 1231 1109 est
1272 1044 1343 1106 in
1389 1060 1480 1121 se,
1520 1058 1640 1105 nec
1682 1040 1761 1103 de

224 1159 428 1241 gratia
454 1161 714 1239 gratnm
741 1155 1028 1234 faciente,
1052 1153 1207 1236 quia
1232 1150 1432 1217 nescit
1457 1166 1600 1215 eam
1626 1147 1762 1212 dis-

225 1284 477 1332 cernere
503 1283 543 1329 a
577 1265 745 1331 dono
774 1265 1003 1344 gratiae
1032 1261 1232 1342 gratis
1276 1260 1473 1336 datae,
1504 1259 1765 1340 propter

225 1374 421 1456 ipsius
440 1372 667 1438 mentis
686 1368 1229 1435 obnubilationem
1251 1385 1335 1431 ex
1362 1365 1766 1448 phantasma-

229 1485 364 1544 tum
382 1474 942 1557 involutione-Sed
956 1493 1075 1539 nec
1094 1475 1302 1540 adhuc
1316 1471 1486 1536 istud
1504 1469 1762 1548 sufficit,

228 1586 373 1670 quia
400 1603 531 1651 non
547 1584 758 1649 solum
786 1583 1108 1665 cognoscit
1132 1580 1276 1664 quis
1302 1579 1546 1644 habens
1574 1575 1764 1640 fidem

230 1695 440 1776 ipsum
482 1692 774 1757 habitum
819 1690 1080 1755 scientia
1120 1688 1386 1761 notitiae,
1426 1686 1538 1750 sed
1577 1684 1768 1748 etiam

230 1798 620 1864 discretionis
672 1801 736 1867 et
781 1796 1168 1879 cognitionis
1186 1844 1206 1875 ,
1254 1793 1551 1859 discernit
1596 1791 1768 1856 enim

92 1923 149 1967 tio
193 1952 207 1967 .
231 1908 442 1991 ipsum
469 1907 552 1971 ab
578 1906 718 1973 aliis
754 1905 1076 1970 habitibus
1106 1903 1440 1971 virtutum.
1475 1900 1552 1964 Et
1574 1917 1768 1983 prop-

230 2020 401 2080 terea
440 2014 624 2079 aliter
665 2011 1003 2079 dicendum
1026 2061 1046 2090 ,
1095 2011 1267 2094 quod
1315 2008 1596 2090 cognitio
1644 2025 1772 2090 qua

230 2122 440 2187 anima
467 2120 795 2201 cognoscit
819 2119 998 2198 illud,
1030 2118 1201 2200 quod
1229 2118 1425 2182 habet
1447 2116 1514 2179 in
1541 2133 1608 2179 se
1630 2162 1649 2193 ,
1680 2117 1774 2183 est

231 2227 512 2309 cognitio
578 2226 917 2309 cujusdam
971 2223 1384 2307 experientiae
1425 2241 1444 2286 :
1493 2239 1608 2304 per
1651 2221 1774 2285 hoc

231 2335 406 2401 enim
457 2334 784 2416 cognoscit
850 2332 1080 2413 aliquis
1132 2349 1200 2395 se
1245 2330 1482 2394 hahere
1533 2328 1727 2394 fldem
1752 2372 1771 2402 ,

229 2443 385 2509 dum
415 2444 494 2508 ad
534 2442 817 2524 seipsum
844 2440 1159 2505 introrsus
1202 2437 1568 2519 ingrediens
1588 2452 1775 2518 expe·

229 2552 393 2616 ritu-r
431 2556 654 2616 utrum
699 2550 780 2615 sit
821 2551 1157 2631 promptus
1206 2544 1287 2610 ad
1335 2544 1722 2609 credendum
1753 2564 1771 2607 t

240 2658 330 2721 sic
356 2659 435 2723 de
461 2657 598 2722 aliis
612 2656 939 2721 habitibus
964 2654 1308 2730 virtutum,
1335 2655 1398 2716 ot
1415 2651 1557 2716 aliis
1572 2650 1776 2715 omni·

235 2768 358 2832 hus
375 2785 524 2850 quae
549 2767 751 2832 latent
766 2767 1102 2831 introrsus.
1137 2763 1450 2842 Quoniam
1467 2780 1626 2844 ergo
1644 2761 1779 2825 ani·

240 2893 348 2939 ma
372 2891 507 2938 non
547 2876 748 2956 potest
771 2872 1009 2937 habere
1037 2870 1518 2954 experientiam,
1549 2869 1674 2932 nisi
1699 2869 1778 2933 de

238 3000 313 3046 eo
327 2980 500 3063 quod
511 2980 686 3046 estin
706 2983 1009 3062 potestate
1033 2996 1173 3055 sua,
1188 2981 1251 3041 et
1264 2976 1407 3040 ideo
1423 2975 1501 3040 de
1514 2993 1590 3039 eo
1609 2976 1780 3057 quod

237 3088 494 3173 respicit
516 3092 731 3154 actum
768 3085 1042 3166 animae,
1072 3102 1222 3150 cum
1260 3085 1657 3167 experientia
1683 3084 1780 3149 di-

239 3204 339 3264 cat
368 3215 560 3264 usum
590 3195 863 3277 alicujus
902 3192 1248 3277 potentiae3
1276 3192 1444 3256 hinc
1471 3196 1568 3256 est
1609 3192 1780 3276 quod

241 3304 498 3404 quando
535 3303 751 3385 aliqua
775 3301 1022 3366 suntin
1048 3300 1293 3379 anima,
1323 3299 1413 3363 ita
1436 3299 1610 3382 quod
1647 3299 1785 3363 red·

243 3413 408 3479 dunt
455 3415 597 3495 ejus
660 3408 1008 3494 potentiam
1057 3406 1335 3472 hahilem
1384 3407 1465 3472 ad
1525 3406 1784 3490 aliquod

243 3538 443 3603 opuS,
470 3519 577 3584 vel
612 3518 1026 3582 circumstant
1052 3513 1242 3580 alicui
1269 3514 1446 3597 operi
1472 3514 1781 3594 interiori,

240 3627 400 3692 talia
438 3627 704 3707 possunt
744 3621 1041 3703 cognosci
1068 3621 1312 3704 abipsa
1350 3621 1568 3685 anima
1607 3621 1789 3685 certi-

242 3731 629 3799 tudinaliter.
679 3729 858 3796 Unde
900 3730 958 3796 si
1001 3728 1230 3811 aliquis
1285 3731 1380 3792 est
1431 3728 1661 3793 habilis
1707 3726 1790 3791 ad

243 3837 507 3922 aliquod
555 3856 719 3922 opus
740 3886 758 3914 ‚
817 3835 1162 3903 certissime
1211 3852 1280 3899 se
1326 3834 1510 3898 novit
1552 3834 1791 3900 habere

246 3947 436 4012 illum
491 3943 781 4012 habitum
800 3991 819 4024 ‚
869 3943 1035 4012 sicut
1075 3939 1279 4005 fidelis
1322 3937 1616 4006 habitum
1661 3959 1792 4005 cre-

245 4054 473 4133 dendi,
501 4057 565 4118 et
590 4070 811 4120 amans
852 4050 1146 4116 habitum
1174 4048 1431 4114 amandi
1451 4096 1470 4127 ‚
1499 4052 1562 4114 et
1599 4049 1690 4114 sie
1713 4050 1792 4115 de

248 4159 522 4248 caeteris.
552 4156 822 4237 Quando
843 4176 1002 4225 vero
1028 4157 1243 4241 aliqua
1275 4157 1367 4221 sic
1391 4157 1637 4224 suntin
1662 4160 1796 4223 ani-

248 4287 384 4346 ma,
415 4265 588 4350 quod
627 4264 767 4348 ipsa
807 4262 1237 4348 principaliter
1278 4281 1412 4328 non
1448 4264 1797 4347 respiciunt

249 4391 451 4442 usum
481 4371 752 4453 alicuius
775 4370 1096 4453 potentiae,
1122 4370 1288 4435 sicut
1316 4370 1663 4450 character,
1691 4373 1796 4437 vel

247 4484 420 4548 sicut
442 4479 811 4548 detormitas
846 4478 1052 4561 culpae
1084 4478 1454 4561 praeteritae,
1503 4477 1607 4543 vel
1648 4467 1796 4561 q'uae

248 4591 409 4655 sunt
446 4605 640 4671 supra
679 4588 1050 4670 potestatem
1093 4584 1295 4669 ipsius
1333 4583 1593 4663 animae,
1635 4586 1800 4652 sicut

251 4694 467 4778 gratia
491 4692 566 4762 in
594 4695 910 4776 quantum
939 4691 1146 4760 reddit
1183 4696 1512 4776 acceptum
1539 4692 1667 4758 Deo
1686 4741 1707 4774 ,
1736 4700 1800 4759 et

252 4802 532 4868 charitas
555 4800 871 4878 similiter,
896 4801 1050 4883 quia
1077 4800 1155 4866 de
1182 4799 1415 4865 talibus
1439 4818 1571 4864 non
1597 4805 1801 4884 potest

252 4910 475 4976 anima
499 4909 734 4975 habere
764 4909 1255 4992 experientiam,
1296 4926 1415 4972 nec
1439 4912 1642 4991 potest
1679 4910 1798 4973 ha·-

251 5020 410 5084 here
458 5021 696 5081 certam
740 5016 1070 5094 notitiam3
1126 5015 1305 5095 ideo,
1369 5033 1520 5080 cum
1569 5016 1801 5082 dicitur

249 5124 434 5211 quod
467 5125 609 5202 illa,
639 5140 787 5206 quae
822 5127 975 5188 sunt
999 5121 1412 5187 essentialiter
1446 5123 1519 5188 in
1558 5122 1797 5205 anima,

250 5232 781 5300 certitudinaliter
818 5233 1282 5313 cognoscantur
1304 5279 1322 5308 ‚
1350 5230 1474 5294 hoc
1508 5231 1805 5313 intelligi·

3285 480 3411 553 48¹-

1859 612 2107 675 certum
2155 611 2667 693 experimentum
2718 631 2736 674 ι
2787 609 2867 674 de
2910 610 3013 674 his
3056 615 3277 677 autem
3324 613 3405 677 de

1859 716 2098 798 quibus
2141 735 2274 804 non
2317 720 2522 801 potest
2572 735 2829 783 sumere
2870 719 3118 785 certum
3150 718 3407 802 experi-

1857 827 2155 889 mentum
2184 824 2306 888 nisi
2333 843 2447 907 per
2475 828 2942 909 conjecturam,
2958 844 3105 897 ,non
3131 844 3404 908 cognos-

1863 929 1949 993 cit
1991 931 2115 994 nisi
2162 949 2299 1014 conJ
2286 931 2672 996 ‘.ecturando
2704 931 2781 996 Et
2809 931 3126 1015 quoniam
3146 932 3225 998 de
3256 932 3405 1012 fide,

1864 1039 2221 1103 secundum
2258 1040 2431 1121 quod
2471 1039 2675 1104 reddit
2713 1039 2991 1106 hahilem
3040 1039 3121 1106 ad
3158 1040 3411 1106 creden·

1868 1144 2047 1225 dum,
2081 1146 2429 1211 certissima
2464 1150 2669 1231 potest
2710 1146 2933 1212 haberi
2973 1148 3411 1232 experientiam

1866 1256 2221 1320 secundum
2278 1262 2495 1322 autem
2545 1258 2720 1340 quod
2773 1277 2967 1323 suum
3015 1260 3268 1325 credere
3320 1264 3418 1324 est

1869 1362 1997 1427 Deo
2023 1367 2382 1446 acceptum,
2413 1367 2584 1447 certa
2618 1364 3008 1448 experientia
3034 1365 3254 1431 haberi
3282 1384 3413 1432 non

1869 1473 2095 1552 potest,
2127 1471 2237 1535 sed
2263 1471 2473 1535 solum
2501 1475 2866 1555 conjectura
2898 1494 2915 1538 ε
2945 1473 3099 1538 hinc
3120 1477 3217 1557 ‘est
3242 1474 3415 1556 quod

1871 1575 2049 1654 fldeS,
2081 1581 2397 1659 quantum
2418 1579 2498 1643 ad
2524 1580 2811 1644 habitum
2841 1581 3252 1661 substratum,
3285 1600 3417 1648 cer-

1873 1682 2114 1749 tissime
2142 1685 2393 1752 videtur
2426 1687 2510 1751 ab
2544 1688 2805 1768 anima;
2847 1689 2918 1753 in
2949 1693 3267 1774 quantum
3305 1707 3418 1753 au·

1873 1794 2003 1854 tem
2055 1796 2152 1857 est
2197 1794 2488 1873 formata,
2532 1812 2663 1858 non
2691 1795 3097 1876 cognoscitur
3131 1795 3253 1860 nisi
3302 1814 3418 1879 per

1879 1901 2309 1981 conjecturam
2344 1922 2359 1963 ε
2392 1903 2456 1964 et
2480 1900 2571 1965 sic
2586 1905 2681 1966 est
2709 1902 2851 1966 aliis
2874 1920 3184 1966 connexa.
3212 1901 3290 1968 Et
3307 1884 3420 1985 per

1879 2007 2002 2072 hoc
2023 2010 2195 2089 patet
2220 2008 2546 2092 responsio
2585 2008 2665 2072 ad
2716 2008 2877 2073 illud
2908 2009 3079 2093 quod
3118 2010 3419 2095 objicitur

1878 2114 1957 2179 de
1985 2114 2288 2180 charitate
2310 2121 2373 2181 et
2413 2117 2643 2199 gratia.
2682 2117 2782 2181 Ad
2806 2117 2965 2183 illud
2993 2119 3166 2200 quod
3191 2118 3419 2201 quaeri-

1877 2230 1987 2291 tur
2002 2227 2082 2292 de
2107 2228 2483 2294 sufficientia
2521 2228 2781 2294 iUorum
2807 2229 3180 2309 modorum,
3210 2229 3423 2294 dicen-

1879 2332 2037 2397 dum
2086 2336 2261 2416 quod
2293 2335 2463 2400 modi
2488 2335 2747 2402 videndi
2779 2340 3043 2419 possunt
3086 2335 3420 2419 dupliciter

1880 2438 2184 2523 distingui
2218 2462 2235 2506 :
2266 2442 2369 2508 vel
2386 2462 2426 2507 a
2456 2447 2635 2526 parte
2660 2443 2913 2507 virtutis
2938 2441 3415 2524 cognoscentis3

1879 2550 1943 2611 et
1964 2565 2115 2611 cum
2140 2548 2250 2613 illa
2274 2549 2356 2613 sit
2381 2549 2635 2632 triplex,
2661 2549 2899 2615 scilicet
2925 2549 3227 2615 sensitiva
3244 2552 3422 2615 exte-

1881 2653 2033 2732 rior,
2061 2654 2507 2737 imaginativa‚
2537 2661 2601 2720 et
2627 2656 3041 2735 intellectiva3
3068 2655 3160 2720 sic
3189 2655 3434 2739 triplex·

1882 2760 2296 2844 distinguitur
2322 2763 2511 2843 visio,
2538 2764 2770 2827 scilicet
2797 2764 3159 2848 corporalis,
3188 2763 3424 2845 imagi·-

1883 2869 2120 2950 nativa,
2177 2875 2241 2936 et
2285 2871 2745 2937 intellectualis.
2793 2872 2862 2937 Si
2919 2876 3137 2947 autem
3165 2891 3205 2941 a
3242 2875 3423 2955 parte

1885 2979 2100 3058 medii,
2149 2983 2303 3048 tunc
2355 2998 2471 3044 sex
2515 2984 2668 3043 sunt
2695 2980 3094 3058 differentiae,
3145 2999 3423 3063 quarum

1884 3088 2260 3153 sufficientia
2285 3091 2457 3173 patet
2507 3088 2644 3153 sic:
2674 3088 2877 3155 Omne
2911 3088 3085 3156 enim
3122 3088 3296 3172 quod
3322 3088 3425 3155 vi·
3455 3117 3505 3161 n.
3509 3115 3589 3160 150,-

3482 3182 3632 3223 [larum

1887 3195 2073 3260 detur
2099 3196 2181 3260 ab
2206 3196 2445 3274 anima,
2487 3200 2600 3262 aut
2641 3196 2893 3262 videtur
2938 3215 3052 3279 per
3078 3196 3183 3264 sui
3210 3214 3422 3262 essen·
3458 3243 3672 3286 mmm.

1889 3303 2064 3384 tiam,
2097 3308 2210 3368 aut
2234 3304 2489 3369 videtur
2516 3322 2630 3387 per
2656 3303 2757 3370 sui
2783 3303 3082 3386 speciem,
3108 3308 3220 3369 aut
3247 3303 3421 3369 vide-
3448 3308 3523 3350 ⁰·-

1887 3414 1997 3474 tur
2036 3429 2153 3494 per
2173 3430 2310 3476 rem
2339 3412 2532 3476 aliam
2580 3412 2702 3476 ab
2685 3429 2823 3493 ipsa
2848 3407 3215 3494 simpliciter
3240 3409 3421 3475 diffe-

1889 3524 2136 3584 rentem
2169 3518 2273 3602 (a).
2305 3517 2374 3602 Si
2401 3537 2515 3603 per
2541 3518 2643 3582 sui
2669 3517 3011 3583 essentiam
3037 3516 3316 3596 videtur,
3340 3516 3430 3580 sic

1891 3630 1988 3690 est
2013 3646 2187 3692 unus
2211 3627 2460 3707 modus,
2484 3626 2606 3708 qui
2649 3626 2908 3709 ponitur
2958 3628 3138 3691 sexto
3162 3624 3325 3692 loco.
3358 3622 3426 3689 Si

1892 3751 2007 3816 per
2041 3734 2146 3798 sui
2171 3734 2467 3817 speciem,
2497 3734 2620 3798 hoc
2643 3736 2848 3816 potest
2874 3750 3011 3798 esse
3045 3730 3374 3815 tripliciter
3404 3753 3420 3794 ε

1894 3858 2049 3905 nam
2091 3840 2201 3905 illa
2244 3842 2482 3924 species
2524 3843 2639 3904 aut
2679 3843 2776 3904 est
2819 3840 3085 3905 omnino
3141 3841 3434 3908 concreta

1900 3948 2206 4028 materiae,
2228 3952 2343 4013 aut
2367 3950 2700 4028 abstracta,
2732 3950 2845 4013 aut
2871 3948 3102 4031 partim
3116 3950 3429 4027 concreta,

1896 4053 2129 4136 partim
2156 4053 2467 4118 abstracta
2491 4074 2507 4116 :
2530 4055 2821 4117 concreta
2840 4053 2957 4130 est,
2987 4053 3180 4134 prout
3200 4063 3434 4133 appre-

1898 4157 2201 4225 henditur
2250 4179 2292 4224 a
2314 4178 2506 4226 sensu
2533 4158 2865 4237 exteriori,
2892 4157 3040 4232 licet
3082 4159 3165 4223 sit
3211 4157 3299 4222 ibi
3324 4157 3437 4222 ali-

1899 4286 2029 4351 qua
2054 4267 2429 4346 abstractim
2473 4265 2840 4350 simpliciter
2866 4266 3200 4344 abstracta,
3247 4269 3441 4347 prout

1901 4374 2399 4458 apprehenditur
2445 4373 2526 4437 ab
2579 4372 2932 4451 intellectu;
2982 4372 3192 4446 medio
3223 4371 3437 4451 modo,

1900 4485 2092 4567 prout
2107 4481 2609 4566 apprehenditur
2631 4481 2713 4545 ab
2730 4480 3053 4562 imagine:
3084 4484 3150 4546 et
3178 4478 3268 4552 sic
3292 4482 3444 4552 sunt

1901 4593 2030 4654 tres
2056 4589 2247 4671 primi
2280 4587 2476 4652 modi.
2509 4587 2576 4651 Si
2589 4591 2809 4654 autem
2835 4606 2937 4653 res
2953 4587 3148 4656 hahet
3174 4603 3442 4667 cognos-

1905 4696 1962 4760 ci
1987 4714 2105 4779 per
2145 4701 2286 4760 rem
2318 4696 2402 4760 ab
2437 4696 2576 4777 ipsa
2618 4694 3039 4775 differentem,
3075 4693 3198 4758 hoc
3238 4695 3443 4776 potest

1904 4821 2039 4868 esse
2060 4801 2395 4884 dupliciter
2419 4823 2436 4865 ι
2479 4805 2592 4866 aut
2615 4802 2770 4885 quia
2793 4802 3200 4885 comparatur
3228 4800 3308 4864 ad
3337 4799 3357 4862 i
3359 4817 3443 4883 p-

1906 4928 2044 4975 sam
2071 4908 2191 4973 suh
2215 4908 2462 4973 ratione
2485 4908 2731 4989 simiHS‚
2762 4914 2876 4974 aut
2889 4910 2956 4974 in
2984 4909 3229 4980 ratione
3253 4909 3440 4978 effec-

1909 5021 2035 5083 tus.
2066 5016 2149 5081 Et
2175 5016 2265 5079 sic
2284 5015 2414 5079 duo
2457 5019 2609 5079 sunt
2636 5015 2832 5093 modi,
2858 5016 3155 5084 videlicet
3177 5022 3445 5100 quartus

1912 5127 1975 5189 et
2004 5123 2295 5207 quintus.
2322 5120 2405 5186 Et
2429 5121 2483 5188 si
2509 5125 2582 5187 tu
2605 5122 2869 5204 objicias
2895 5123 3065 5206 quod
3079 5124 3317 5208 aliquid
3330 5142 3444 5208 po·-

1911 5233 2031 5295 test
2058 5226 2413 5311 comparari
2454 5229 2537 5300 ad
2561 5221 2834 5295 alterum
2866 5230 2937 5295 in
2961 5231 3206 5298 ratione
3236 5215 3445 5315 dispa-

249 5346 369 5408 tur
403 5340 483 5408 de
507 5340 631 5406 iuis
647 5387 668 5419 ‚
691 5338 775 5405 de
810 5338 1049 5422 quibus
1082 5340 1286 5420 potest
1310 5349 1564 5403 sumere
1589 5339 1808 5404 anima
1912 5338 2056 5420 rati,
2084 5337 2189 5402 vel
2206 5337 2277 5401 in
2302 5337 2545 5403 ratione
2561 5338 2883 5419 contrarii,
2910 5338 3250 5405 dicendum
3277 5340 3451 5423 quod

320 5464 398 5532 (a)
424 5466 552 5519 eat.
575 5465 704 5517 edit.
718 5463 1003 5517 differente.

602 5572 752 5623 1’01.
791 5573 886 5621 Νι

1915 5464 2036 5511 ιιεε
2061 5444 2476 5529 disparatum,
2496 5464 2614 5511 nec
2640 5429 3029 5514 contrarium
3044 5447 3197 5514 facit
3216 5464 3455 5530 cogno·-

3142 5558 3214 5623 31
