4185 6288
421 1473 632 1521 Fundam.

658 486 777 546 124

661 620 915 702 reparat
933 617 1316 684 assumendo
1339 637 1600 685 carnem
1622 641 1637 684 :
1661 636 1820 701 ergo
1838 615 2095 685 videtur
2110 635 2208 681 re-

666 726 802 791 dire
825 725 1019 802 idem,
1051 724 1223 807 quod
1254 725 1457 808 priuS.

743 839 802 897 4.
836 832 1016 912 Item,
1046 834 1226 897 omni
1254 832 1699 915 personalitate
1731 833 2066 912 abstracta,
2096 832 2208 896 ad-

660 943 789 1006 huc
811 940 1190 1021 intelligitur
1217 940 1383 1005 Deus
1409 946 1488 1005 ut
1509 942 1759 1023 sapiens
1782 963 1796 1004 ε
1821 958 1980 1021 ergo
2007 940 2211 1003 sciens

660 1052 724 1113 et
764 1050 985 1131 potens
1028 1052 1381 1129 tyrannum
1438 1066 1742 1130 superare
1783 1052 1844 1112 et
1885 1047 2145 1113 vincere
2191 1066 2205 1107 :

659 1156 769 1219 sed
809 1155 1265 1238 assumptionis
1309 1156 1689 1237 mysterium
1730 1160 1825 1219 est
1859 1159 2211 1238 tyrannum

659 1263 912 1327 vincere
937 1266 1002 1327 et
1028 1280 1371 1345 superare:
1401 1280 1562 1344 ergo
1588 1262 1972 1344 intelligitur
2000 1266 2073 1326 ut
2103 1280 2212 1345 po-

659 1374 799 1434 tens
822 1389 1078 1435 carnem
1102 1389 1451 1435 assumere.

740 1476 863 1542 Sed
893 1480 1148 1541 contra:
1173 1478 1508 1544 Assumere
1536 1482 1629 1542 est
1653 1478 1774 1541 sibi
1800 1477 2025 1542 unire:
2054 1496 2212 1559 ergo

662 1585 868 1650 autin
897 1587 1249 1669 supposito,
1277 1591 1389 1650 aut
1429 1586 1498 1648 in
1546 1587 1753 1650 forma
1783 1604 1797 1646 ε
1847 1586 1957 1649 sed
1990 1586 2215 1650 divina

662 1696 895 1757 natura
942 1711 1075 1756 non
1115 1696 1314 1775 potest
1358 1692 1478 1755 sibi
1511 1692 1868 1755 humanam
1914 1691 2100 1756 unire
2143 1693 2212 1755 in

663 1799 867 1862 forma
895 1819 912 1862 ε
938 1817 1118 1880 ergo,
1162 1800 1215 1861 si
1270 1800 1416 1863 unit
1442 1798 1657 1880 aliquo
1703 1798 1916 1874 modo,
1956 1815 2212 1862 necesse

664 1910 760 1969 est
781 1906 966 1970 unire
994 1906 1063 1968 in
1093 1907 1419 1988 supposito
1466 1910 1529 1969 et
1551 1923 1861 1988 persona:
1890 1923 2070 1984 erg0‚
2105 1905 2215 1968 ab·

665 2011 909 2074 stractis
927 2012 1275 2095 suppositis}
1293 2017 1357 2077 et
1374 2012 1682 2095 personiS,
1714 2010 2101 2093 impossibile
2120 2014 2216 2074 est

665 2119 944 2202 amplius
970 2119 1472 2202 assumptionem
1495 2118 1877 2199 intelligere.

747 2222 903 2287 Item
930 2225 1283 2305 assumptio
1331 2223 1482 2287 dicit
1523 2223 1804 2305 aliquam
1842 2221 2159 2286 actionem
2192 2238 2209 2286 t

666 2331 773 2395 sed
795 2330 977 2395 nulla
1002 2331 1163 2395 actio
1190 2349 1325 2395 esse
1348 2331 1732 2411 intelligitur
1759 2330 2054 2412 alicujus,
2085 2327 2212 2392 nisi

666 2438 928 2504 utentis
955 2438 1023 2502 in
1045 2444 1190 2502 actu
1221 2457 1237 2501 :
1269 2438 1434 2502 nihil
1457 2438 1630 2501 enim
1657 2441 1752 2501 est
1777 2438 1848 2500 in
1878 2442 2026 2501 actu
2069 2454 2204 2515 ens,

671 2547 797 2612 nisi
816 2551 1010 2629 prout
1034 2552 1129 2612 est
1154 2548 1222 2610 in
1265 2528 1595 2630 supposito
1623 2570 1638 2611 :
1662 2564 1843 2628 ergo,
1887 2546 2212 2629 supposito

664 2656 998 2736 abstracto,
1028 2674 1160 2721 non
1187 2659 1285 2721 est
1312 2656 1668 2737 intelligere
1706 2655 2211 2737 assumptionem

664 2763 970 2846 aliquam.

747 2870 906 2934 Item
932 2871 1326 2953 impossibile
1351 2874 1447 2935 est
1492 2870 1853 2951 intelligere
1883 2873 1952 2933 ut
1982 2873 2215 2934 natura

665 2979 953 3043 humana
970 2982 1356 3055 assumatur,
1369 2978 1492 3042 nisi
1512 2982 1877 3042 assumatur
1891 2978 1961 3041 in
1974 2982 2211 3058 atomo,

667 3084 769 3150 vel
798 3085 866 3148 in
911 3083 1247 3166 singulari,
1278 3085 1462 3167 quia,
1503 3084 1670 3149 sicut
1698 3086 1841 3150 vult
1879 3085 2209 3150 Damasce-

671 3211 800 3257 nus
829 3192 871 3271 ¹,
917 3215 947 3252 α
974 3188 1217 3255 Natura
1238 3197 1471 3275 praeter
1498 3192 1853 3274 singularia
1888 3193 2099 3257 solum
2124 3198 2218 3257 est

666 3301 737 3363 in
763 3300 937 3364 nuda
958 3300 1459 3365 consideratione
1490 3322 1559 3361 z»
1587 3320 1744 3382 ergo
1770 3302 1911 3383 pari
1943 3302 2211 3382 ratione,

664 3406 1052 3489 impossibile
1113 3409 1210 3470 est
1263 3407 1640 3487 intelligere,
1681 3407 1850 3489 quod
1922 3427 2213 3491 assump—

666 3514 754 3578 tio
798 3514 910 3578 ssat
936 3513 1006 3577 in
1048 3518 1280 3578 natura
1319 3515 1630 3579 abstracta
1685 3514 1765 3578 ab
1821 3515 2002 3579 omni
2062 3533 2172 3597 per

665 3639 847 3685 sona.

746 3732 906 3798 Item
933 3732 1318 3816 impossibile
1345 3737 1441 3798 est
1468 3734 1971 3816 assumptionem
2006 3734 2214 3800 alicu-

657 3842 771 3923 Jus
787 3844 1145 3924 competere
1163 3840 1376 3920 alicui,
1395 3841 1519 3905 nisi
1538 3846 1680 3923 post
1701 3843 2090 3925 completum
2110 3863 2216 3908 su·

666 3969 781 4015 um
809 3968 975 4029 esse;
1022 3967 1216 4020 nemo
1261 3950 1437 4014 enim
1482 3950 1751 4014 assumit
1790 3950 1907 4014 sibi
1945 3950 2209 4033 aliquid,

664 4057 789 4122 nisi
814 4063 1153 4141 postquam
1198 4062 1291 4122 est
1320 4058 1711 4141 completum
1739 4081 1755 4121 z
1785 4059 1896 4123 sed
1938 4061 2215 4141 perfecta

665 4165 1001 4249 completio
1027 4169 1277 4230 naturae
1303 4164 1630 4229 rationalis
1668 4181 1801 4228 non
1840 4170 1936 4228 est
1976 4167 2102 4229 nisi
2147 4168 2214 4230 in

664 4291 937 4356 persona
975 4293 991 4335 :
1025 4291 1183 4354 ergo
1204 4321 1222 4352 ,
1252 4274 1431 4337 omni
1471 4272 1912 4356 personalitate
1935 4274 2214 4338 circum-

663 4376 920 4461 scripta,
952 4376 1346 4461 impossibile
1372 4382 1467 4442 est
1505 4377 1677 4460 quod
1706 4382 1937 4442 natura
1979 4378 2214 4444 huma-

665 4504 752 4550 na
773 4489 1137 4551 assumatur
1164 4504 1203 4548 a
1228 4484 1475 4550 divina.

1178 4708 1692 4775 CONGLUSIO.

665 4864 824 4921 Omni
842 4866 1238 4937 personalitate
1255 4865 1449 4920 divina
1467 4864 1748 4935 abstracta
1770 4906 1783 4932 ,
1811 4882 1918 4922 non
1941 4871 2212 4940 continqit

734 4945 1024 5011 humanam
1049 4960 1311 5012 naturam
1338 4956 1490 5011 uniri
1507 4955 1746 5011 divinoe=
1778 4957 2060 5013 abstracta
2085 4974 2209 5015 vero

728 5046 1007 5116 personali
1032 5045 1380 5102 distinctione
1397 5085 1415 5115 ,
1439 5048 1618 5117 potest
1644 5046 1790 5102 illud
1808 5048 2071 5118 intelligi,
2103 5064 2212 5104 non

738 5138 919 5189 tamen
944 5136 1031 5190 ita
1058 5150 1303 5206 conqme.

744 5293 929 5377 Resp.
961 5296 1042 5359 ad
1082 5313 1224 5376 arg.
1275 5295 1626 5361 Dicendum
1663 5298 1837 5380 quod
1875 5297 2211 5382 dupliciter

729 5451 792 5512 (a)
823 5446 944 5497 Coet.
975 5446 1130 5510 edit..
1156 5448 1296 5520 sed„

1768 478 2395 547 SENTENTIARUM
2436 480 2584 545 LIB.
2628 480 2737 546 111.

2321 618 2633 700 contingit
2656 618 2723 682 in
2757 617 2991 683 divinis
3018 616 3539 681 circumscribere
3566 636 3868 700 persona-

2319 725 2558 791 litatem
2588 745 2701 809 per
2729 726 3144 803 intellectum,
3188 727 3302 789 aut
3334 724 3730 807 simpliciter,
3762 729 3876 790 aut

2329 838 2522 917 prout
2592 834 2749 898 fides
2819 831 3218 897 determinat.
3277 831 3656 915 Simpliciter
3694 834 3873 897 enim

2321 941 2866 1005 circumscribitur
2937 939 3293 1004 intellectus
3359 940 3821 1021 personalitatis
3850 991 3868 1021 ,

2320 1046 2575 1128 quando
2602 1047 3039 1111 consideratur
3064 1047 3283 1112 divina
3312 1049 3543 1110 natura
3572 1050 3643 1111 ut
3683 1046 3753 1110 in
3781 1067 3871 1127 se,

2320 1172 2453 1217 non
2480 1155 2548 1217 in
2578 1154 2792 1237 aliquo
2820 1155 3148 1237 supposito
3176 1154 3623 1232 determinate3
3651 1172 3765 1218 seu
3790 1154 3870 1238 (a)

2318 1264 2387 1327 in
2414 1268 2728 1345 quantum
2764 1264 3309 1329 communicabilis
3335 1269 3428 1327 est
3472 1263 3716 1342 multis,
3747 1283 3876 1329 non

2321 1372 2392 1435 in
2425 1377 2740 1453 quantum
2781 1376 2875 1436 est
2910 1372 2983 1437 in
3026 1372 3150 1435 hoc
3198 1370 3302 1435 vel
3351 1370 3421 1433 in
3452 1370 3583 1434 illo.
3637 1369 3718 1434 Et
3756 1371 3879 1435 hoc

2324 1480 2515 1545 modo
2536 1480 2755 1553 divina
2771 1483 3002 1543 natura
3019 1478 3456 1543 consideratur
3473 1496 3587 1560 per
3603 1478 3873 1542 modum

2325 1587 2666 1667 cujusdam
2693 1586 3060 1651 ordinabilis
3088 1585 3169 1650 ad
3195 1585 3409 1649 aliam.
3432 1584 3510 1649 Et
3527 1584 3654 1648 hoc
3684 1584 3871 1648 modo

2324 1713 2457 1762 non
2489 1695 2868 1776 intelligitur
2888 1693 3242 1758 secundum
3270 1693 3585 1757 rationem
3613 1692 3873 1773 agendi,

2322 1819 2441 1866 nec
2469 1803 2774 1885 patiendi3
2808 1802 2963 1884 quia
2995 1802 3157 1865 actio
3186 1819 3318 1864 non
3347 1800 3725 1865 attribuitur
3750 1800 3874 1865 for-

2322 1928 2469 1989 mae,
2497 1911 2618 1973 nisi
2650 1912 2719 1973 in
2747 1910 3096 1993 supposito.
3128 1908 3207 1973 Et
3246 1910 3337 1972 sic
3361 1909 3723 1992 assumptio
3746 1926 3874 1973 non

2323 2019 2528 2099 potest
2551 2018 2610 2080 ei
2660 2017 3004 2081 convenire
3035 2036 3050 2080 :
3083 2020 3225 2081 tum
3250 2016 3407 2099 quia
3459 2020 3695 2081 natura
3737 2015 3877 2081 talis

2322 2144 2455 2189 non
2508 2126 2893 2207 intelligitur
2950 2129 3025 2190 ut
3076 2144 3276 2206 agens
3294 2173 3311 2201 ,
3360 2126 3513 2208 quia
3564 2126 3734 2189 actio
3786 2129 3877 2189 est

2321 2233 2547 2298 formae
2585 2235 2654 2297 in
2700 2234 3054 2316 supposito;
3085 2237 3225 2297 tum
3250 2233 3444 2297 etiam
3463 2233 3621 2315 quia
3650 2237 3877 2298 natura

2324 2343 2466 2406 talis
2493 2343 2581 2406 sic
2605 2342 2998 2406 considerata
3037 2359 3171 2404 non
3199 2341 3392 2404 habet
3419 2340 3489 2403 in
3521 2358 3656 2423 quo
3683 2340 3878 2424 possit

2325 2451 2497 2514 uniri
2524 2469 2673 2515 cum
2699 2450 2989 2513 humana
3007 2454 3239 2513 natura
3267 2468 3283 2512 z
3315 2466 3447 2513 non
3468 2447 3649 2512 enim
3678 2452 3877 2532 potest

2327 2559 2498 2622 uniri
2528 2559 2596 2622 in
2628 2559 2855 2637 forma,
2888 2563 2952 2621 et
2988 2557 3108 2621 ista
3133 2556 3261 2623 duo
3312 2557 3547 2621 cadunt
3580 2557 3653 2620 in
3689 2557 3875 2621 intel-

2325 2667 2491 2731 lectu
2519 2667 2716 2749 hujus
2744 2664 3062 2744 vocabuli,
3086 2664 3260 2747 quod
3288 2666 3383 2727 est
3411 2679 3734 2731 assumere
3767 2687 3782 2728 ε
3813 2665 3872 2728 et

2324 2775 2467 2840 ideo
2508 2774 2773 2838 ratione
2804 2775 3141 2857 utriusque
3183 2773 3722 2856 impedimentum
3759 2775 3871 2851 est,

2323 2889 2396 2948 ut
2439 2903 2845 2966 nequaquam
2886 2885 3138 2947 naturae
3182 2881 3602 2946 consideratae
3650 2882 3720 2945 in
3763 2880 3877 2945 ab·

2324 2993 2661 3055 structione
2706 2992 2787 3054 ab
2827 2991 3008 3054 omni
3053 2989 3495 3074 personalitate
3550 2989 3754 3071 possit
3785 3005 3875 3052 as-

2324 3100 2603 3184 sumptio
2630 3098 2903 3182 intelligi
2936 3099 3301 3163 convenire.
3350 3097 3498 3162 Alio
3533 3097 3730 3162 modo
3765 3113 3873 3180 po-

2325 3212 2447 3273 test
2468 3207 2906 3272 circumscribi
2931 3208 3001 3270 in
3028 3206 3263 3270 divinis
3289 3205 3707 3288 personalitas
3744 3223 3872 3270 non

2325 3318 2717 3400 simpliciter,
2750 3316 2858 3381 sed
2888 3334 3002 3398 per
3030 3334 3181 3379 eum
3209 3313 3498 3393 modum,
3544 3331 3659 3396 per
3686 3330 3872 3395 quem

2325 3430 2483 3493 fides
2511 3428 2908 3507 determinat,
2940 3427 3173 3491 scilicet
3217 3425 3424 3491 Patris
3442 3473 3459 3502 ,
3500 3430 3566 3490 et
3612 3424 3785 3505 Filii,
3813 3428 3872 3490 et

2326 3538 2601 3620 Spiritus
2628 3536 2828 3601 sancti
2871 3556 2887 3599 ε
2937 3536 3024 3599 ita
3050 3521 3479 3617 tamen'quod
3512 3534 3605 3596 ibi
3645 3533 3872 3597 intelli-

2325 3653 2519 3729 gatur
2560 3645 2963 3729 suppositum
3018 3643 3344 3709 rationalis
3385 3647 3673 3719 naturae,
3714 3642 3871 3705 sicut

2326 3755 2695 3835 intelligunt
2735 3752 2940 3817 Judaei
2979 3756 3042 3817 et
3085 3749 3349 3832 Pagani.
3403 3749 3483 3814 Et
3518 3750 3644 3815 hoc
3690 3748 3869 3813 modo

2325 3869 2530 3948 potest
2581 3863 2850 3944 intelligi
2908 3862 3260 3943 assumptio
3317 3859 3663 3923 convenire
3717 3857 3862 3933 Dec,

2321 3976 2472 4042 licet
2492 3995 2627 4041 non
2658 3976 2746 4038 ita
2773 3990 3081 4054 congrue,
3113 3970 3278 4034 sicut
3299 3969 3683 4051 intelligitur
3709 3984 3867 4051 prae-

2325 4084 2650 4167 supposita
2698 4079 3015 4163 personali
3067 4077 3490 4143 distinctione.
3553 4076 3862 4141 Intellecto

2324 4191 2497 4254 enim
2526 4188 2698 4273 quod
2729 4188 2781 4251 si
2810 4186 2950 4250 sola
2981 4185 3091 4249 illa
3117 4202 3418 4268 persona,
3451 4202 3604 4267 quae
3635 4187 3729 4247 est
3770 4182 3861 4244 in-

2324 4296 2663 4374 nascibiliS,
2694 4297 2856 4358 esset
2885 4294 2954 4356 in
2980 4292 3242 4369 diviniS,
3265 4295 3474 4373 posset
3492 4291 3716 4372 utique
3741 4288 3865 4351 hu·-

2323 4406 2696 4469 manitatem
2719 4421 3064 4481 assumere,
3082 4405 3146 4466 et
3162 4401 3441 4482 intelligi
3459 4404 3669 4483 posset
3700 4395 3863 4482 quod

2321 4512 2489 4578 Deus
2515 4514 2697 4576 fleret
2731 4510 2968 4588 ·homo;
3013 4509 3124 4574 sed
3165 4511 3385 4573 tamen
3419 4525 3552 4573 non
3589 4506 3677 4569 ita
3720 4521 3864 4569 con-

2323 4642 2512 4706 grue,
2547 4624 2711 4688 sicut
2737 4642 2915 4687 nunc
2957 4640 2974 4682 :
3020 4620 3173 4704 quia
3202 4624 3358 4685 tunc
3396 4636 3531 4683 non
3575 4618 3739 4682 esset
3779 4613 3860 4678 ibi

2323 4734 2486 4798 ratio
2542 4730 2946 4797 mediationis
2967 4778 2984 4807 ,
3041 4746 3160 4793 nec
3218 4726 3660 4792 satisfactionis
3679 4775 3696 4802 ,
3753 4741 3862 4788 nec

2325 4839 2666 4918 missionis,
2698 4839 2861 4902 sicut
2887 4855 3063 4901 nunc
3090 4840 3185 4899 est
3210 4853 3358 4898 cum
3391 4833 3590 4897 Filius
3618 4852 3657 4897 a
3689 4830 3862 4896 Patre

2323 4947 2625 5023 mittitur,
2665 4950 2729 5011 et
2768 4945 2943 5011 Patri
2993 4962 3109 5027 pro
3148 4942 3411 5006 homine
3452 4940 3768 5018 satisfacit,
3804 4939 3863 5002 et

2325 5055 2628 5121 Mediator
2656 5059 2750 5119 est
2800 5054 2966 5118 inter
3006 5051 3209 5116 Deum
3239 5049 3493 5115 Patrem
3510 5099 3529 5130 ,
3565 5053 3630 5114 et
3662 5062 3858 5130 genus

2323 5164 2709 5227 humanum.
2752 5160 2932 5227 Unde
2968 5158 3187 5224 nullus
3226 5157 3539 5222 intellexit
3572 5168 3853 5238 unquam

2391 5450 2404 5484 ⁸
2429 5449 2687 5511 Damaso„
2709 5445 2770 5496 de
2793 5443 2917 5494 Fide
2943 5440 3171 5496 orthod..
3196 5441 3286 5492 lib.
3318 5440 3402 5504 ΙΙΙ,
3433 5456 3480 5492 c.
3507 5450 3581 5491 ιι.
