4185 6288
1565 453 1942 522 DISTINCT.
1987 456 2125 523 Vn.

254 601 315 663 in
335 592 1151 676 eonstiuitionem'alicujus
1173 591 1530 656 secundnm
1562 608 1702 656 rem
1729 594 1794 656 et

255 709 529 770 naturam
550 752 569 783 ,
618 707 689 768 et
726 701 1081 767 secundum
1118 699 1539 783 quantitatem
1582 697 1792 763 conti-

255 831 454 892 nuam,
491 811 599 876 vel
628 810 994 885 discretam,
1021 809 1185 872 sicut
1210 824 1443 871 manus
1475 810 1536 870 et
1564 824 1676 888 pes
1700 809 1795 868 est

256 938 390 1003 pars
411 919 729 1001 eorporis,
760 921 824 981 et
856 915 1141 980 binarius
1166 919 1260 977 est
1285 931 1433 996 pars
1459 915 1796 995 quaterna·

255 1026 350 1089 rii.
370 1030 607 1103 Quarto
633 1022 826 1088 modo
850 1022 1080 1087 dicitur
1104 1036 1259 1103 pars
1287 1019 1497 1101 magis
1515 1018 1791 1102 proprie,

256 1133 410 1215 quod
453 1131 637 1197 venit
675 1131 747 1195 in
785 1129 1303 1194 constitutionem
1347 1126 1621 1207 alicujus
1661 1142 1798 1187 rea-

254 1240 394 1316 lem,
424 1240 528 1304 vel
554 1238 1050 1321 quantitativum
1084 1234 1443 1300 secundum
1470 1236 1706 1297 certam
1734 1233 1799 1294 et

254 1346 733 1414 determinatam
782 1360 1187 1417 mensuram,
1217 1341 1307 1404 ita
1342 1340 1515 1423 quod
1542 1338 1797 1420 aliquo-

254 1454 362 1517 ties
386 1456 647 1535 sumpta
673 1450 879 1516 reddit
902 1466 1098 1513 suum
1128 1451 1335 1512 totum
1364 1466 1381 1510 ε
1415 1451 1479 1511 et
1506 1445 1626 1509 ista
1654 1461 1800 1526 pars
1828 1503 1837 1510 .

252 1560 474 1624 dicitnr
505 1558 873 1642 aliquanta,
908 1557 1013 1621 cui
1041 1554 1474 1639 propriissime
1500 1550 1801 1617 convenit

256 1667 515 1731 intentio
559 1665 781 1748 partis.
829 1665 989 1727 Cum
1015 1680 1175 1744 ergo
1217 1661 1531 1744 quaeritur
1576 1663 1800 1724 utrum

256 1776 533 1841 hnmana
574 1780 808 1840 natura
846 1774 928 1837 sit
972 1790 1122 1856 pars
1161 1771 1416 1850 Christi,
1461 1768 1800 1834 dicendum

257 1889 416 1971 quod
459 1889 515 1951 si
555 1905 706 1970 pars
742 1885 1093 1968 accipiatur
1130 1882 1560 1947 communiter
1593 1880 1802 1963 primo

258 1996 462 2074 modo,
494 1997 701 2078 potest
730 1991 988 2058 concedi
1015 1990 1190 2073 quod
1217 1990 1299 2053 sit
1325 2006 1517 2072 pars:
1550 1988 1802 2051 sienim

258 2103 390 2185 quis
423 2102 617 2168 vellet
640 2100 969 2165 notificare
994 2097 1150 2181 quid
1172 2100 1253 2162 sit
1276 2097 1594 2174 Christus,
1625 2094 1803 2158 dice-

257 2213 347 2274 ret
369 2210 586 2293 ipsum
626 2225 830 2272 unam
870 2206 1265 2290 hypostasim
1309 2206 1377 2269 in
1406 2204 1661 2270 duabus
1694 2219 1806 2265 na-

260 2317 436 2396 turis»,
469 2316 754 2381 divinam
797 2314 1030 2378 seilicet
1066 2317 1128 2378 et
1152 2313 1546 2391 humanam;
1592 2308 1647 2373 si
1680 2326 1805 2373 au-

260 2428 379 2488 tem
443 2440 588 2505 pars
630 2422 889 2506 proprie
935 2421 1328 2504 accipiatur,
1386 2420 1477 2484 sie
1519 2418 1808 2483 humana

261 2537 485 2596 natura
508 2548 640 2595 non
663 2530 898 2594 dicitur
924 2547 1072 2611 pars
1098 2527 1329 2593 Christi
1353 2530 1456 2593 :et
1479 2527 1604 2590 hoc
1618 2525 1808 2589 modo

266 2638 636 2720 intelligitur
680 2636 960 2702 verbum
1008 2634 1297 2716 Magistri
1343 2634 1411 2697 in
1454 2633 1683 2697 littera.
1730 2631 1807 2697 Et

265 2763 364 2826 per
387 2747 517 2810 hoc
550 2748 724 2828 patet
752 2742 1076 2826 responsio
1105 2742 1188 2806 ad
1214 2743 1462 2825 objecta
1491 2762 1508 2804 ε
1555 2740 1625 2804 in
1664 2739 1806 2803 tali·

267 2853 374 2918 bus
393 2853 571 2919 enim
596 2870 735 2918 non
761 2856 858 2917 aet
882 2848 1233 2915 similitudo
1258 2847 1651 2914 omnimoda.

898 3102 1038 3150 DUB.
1085 3101 1157 3149 11.

467 3213 582 3296 Non
605 3242 878 3295 hominem
901 3240 1190 3293 deificatum
1219 3241 1438 3292 dicimus
1457 3280 1475 3307 ,
1504 3245 1603 3293 etc.

343 3402 608 3469 Videtur
652 3398 889 3464 salsum
914 3397 1122 3462 dicere
1153 3417 1171 3461 ε
1198 3397 1365 3462 sicut
1387 3398 1560 3462 enim
1596 3396 1814 3461 divina

270 3516 491 3575 natura
528 3509 839 3573 humanae
881 3505 1066 3569 unita
1103 3508 1240 3584 est,
1284 3505 1376 3568 ita
1425 3508 1490 3568 et
1531 3504 1816 3568 humana

273 3616 496 3683 divinae
530 3633 738 3697 :ergo
775 3613 937 3677 sicut
963 3611 1236 3676 dicimus
1261 3610 1465 3675 Deum
1495 3612 1817 3675 humana-

276 3728 420 3804 tum,
450 3725 543 3788 ita
568 3720 903 3786 hominem
930 3718 1319 3783 deificatum.
1352 3717 1511 3782 ltem
1540 3718 1611 3781 in
1640 3717 1817 3781 unio·

277 3847 348 3895 ne
381 3830 624 3896 divinae
646 3832 899 3892 naturae
926 3825 1006 3890 ad
1030 3826 1413 3904 humanam,
1441 3824 1662 3889 divina
1694 3842 1818 3888 na-

277 3942 406 4003 tura
427 3956 563 4003 non
588 3939 685 4000 est
723 3934 994 4014 minuta,
1035 3932 1146 3997 sed
1174 3933 1461 3996 humana
1505 3934 1604 3996 est
1647 3930 1821 3995 exal-

278 4048 391 4110 tata
420 4068 437 4112 z
473 4061 642 4126 ergo
665 4043 957 4106 humana
980 4043 1215 4105 natm-a
1246 4040 1461 4122 magis
1499 4044 1699 4104 tracta
1725 4044 1821 4104 est

166 4241 169 4248 Ι
278 4153 347 4217 ad
380 4151 894 4219 eonformitatem
931 4149 1207 4229 divinae,
1245 4166 1444 4232 quam
1485 4148 1702 4213 divina
1739 4149 1822 4212 ad

166 4273 197 4349 ‘q
280 4261 781 4327 conformitatem
806 4258 1115 4322 humanae
1146 4279 1162 4320 z
1203 4274 1365 4338 ergo
1394 4256 1609 4339 potius
1637 4256 1823 4320 debet

175 4352 197 4428 ,3
277 4366 387 4432 dici
440 4369 514 4433 in
584 4366 833 4433 Christo
888 4366 1177 4430 humana
1220 4369 1451 4429 natura
1495 4364 1782 4428 deissoeta
1795 4412 1816 4443 ,

176 4460 196 4566 ζ’
279 4491 460 4555 quam
502 4475 731 4540 divina
774 4474 1152 4538 humanata.
1201 4470 1271 4536 Si
1318 4475 1392 4535 tu
1432 4472 1607 4537 dicas
1646 4472 1821 4553 quod

189 4593 193 4597 ’
280 4580 702 4649 denominatio
740 4581 926 4646 debet
966 4578 1109 4644 fleri
1140 4599 1181 4643 a
1215 4579 1450 4644 notiori
1469 4624 1488 4656 ,
1529 4579 1653 4643 hoc
1691 4596 1821 4642 non

285 4691 458 4757 solvit
495 4713 511 4755 ι
556 4690 717 4772 quia
752 4686 1185 4752 denominatio
1219 4704 1350 4750 non
1389 4686 1599 4752 solum
1638 4686 1824 4750 debet

282 4795 408 4861 fleri
428 4814 468 4861 a
493 4795 756 4873 notiori,
782 4793 895 4858 sed
920 4792 1113 4857 etiam
1140 4810 1181 4856 a
1204 4790 1507 4873 digniori.
1541 4790 1608 4857 Si
1629 4792 1822 4857 etiam

284 4901 440 4968 dices
471 4903 648 4987 quod
673 4919 813 4966 esse
848 4901 1279 4965 humanatum
1307 4899 1605 4982 praedicat
1631 4899 1825 4964 habi-

286 5010 437 5088 tum,
464 5010 630 5076 siout
650 5007 809 5075 dicit
818 5007 1007 5072 tertia
1029 5005 1272 5090 opinio,
1302 5006 1424 5070 hoc
1448 5025 1582 5071 non
1610 5007 1819 5087 solvit,

288 5117 427 5197 quia
451 5135 584 5183 non
609 5118 866 5181 tantum
890 5112 1124 5179 dicitur
1151 5112 1565 5194 humanatus,
1595 5114 1707 5178 sed
1734 5114 1825 5178 di-

292 5222 445 5288 citur
475 5224 679 5291 factus
715 5222 917 5286 homo
946 5243 964 5285 ι
995 5236 1154 5301 ergo
1187 5220 1244 5283 si
1272 5220 1580 5286 debemus
1618 5220 1826 5285 dicere

294 5329 450 5412 quod
472 5331 668 5397 homo
694 5331 794 5395 est
818 5326 1019 5406 Deus,
1047 5328 1113 5390 et
1136 5324 1306 5391 Deus
1336 5332 1432 5392 est
1455 5328 1653 5394 homo
1673 5374 1692 5406 ,
1718 5327 1827 5391 vi-

354 5455 370 5488 ¹
389 5455 525 5522 Bed„
542 5469 697 5525 super
714 5454 809 5506 lib.
832 5452 851 5500 1
877 5450 1012 5512 Rev„
1033 5461 1081 5498 ο.
1102 5459 1141 5500 1·

3328 459 3447 521 {67

1906 590 2095 657 detur
2136 593 2309 675 quod
2344 594 2599 659 nullum
2634 591 3094 657 inconveniens
3131 591 3215 655 sit
3243 591 3456 655 dicere

1904 700 2234 764 hominem
2261 718 2398 765 esse
2426 701 2812 764 deificatum.

1986 806 2171 889 Resp.
2232 807 2574 872 Dicendum
2630 806 2800 889 quod
2852 805 2976 869 hoc
3029 803 3452 885 adjectivum,

1903 914 2327 981 huntanatum
2340 962 2362 995 ‚
2390 933 2523 978 non
2550 913 2759 979 solum
2797 912 3096 995 praedicat
3131 910 3452 990 habitum,

1905 1020 2015 1085 sed
2043 1021 2235 1085 etiam
2263 1023 2571 1085 unionem
2605 1043 2621 1084 ε
2655 1021 2827 1085 unde
2854 1019 3017 1085 nihil
3042 1016 3217 1083 aliud
3244 1022 3341 1081 est
3364 1017 3460 1082 di-

1906 1148 2049 1196 cere
2099 1130 2300 1196 Deum
2344 1148 2480 1195 oese
2520 1131 2948 1194 humanatum
2969 1177 2987 1208 ‚
3035 1144 3234 1211 quam
3283 1128 3458 1190 carni

1907 1237 2187 1302 unitum.
2246 1236 2378 1301 Hoc
2412 1242 2627 1301 autem
2674 1237 2844 1319 quod
2889 1239 2986 1300 est
3038 1235 3416 1316 deificatum
3438 1280 3456 1310 ,

1907 1344 2025 1409 etsi
2066 1346 2260 1426 possit
2285 1346 2630 1427 importare
2658 1344 2968 1409 unionem
2985 1391 3003 1422 ,
3034 1343 3338 1425 importat
3363 1345 3459 1405 ta-

1911 1468 2059 1517 men
2085 1452 2284 1517 slmul
2309 1451 2600 1517 ordinem
2629 1454 2692 1515 et
2725 1450 3225 1515 antecessionem
3258 1470 3275 1513 z
3307 1448 3464 1515 Dei-

1911 1560 2176 1640 ficatum
2213 1561 2387 1626 enim
2413 1560 2821 1644 componitur
2847 1579 2886 1623 a
2921 1558 3163 1626 deitate
3181 1605 3199 1635 ‚
3230 1562 3296 1623 et
3326 1558 3461 1639 sae-

1910 1672 2067 1734 lum.
2111 1669 2288 1733 Unde
2325 1667 2732 1750 deificam,
2763 1667 2887 1731 hoc
2922 1670 3019 1729 est
3050 1666 3289 1730 factum
3330 1681 3468 1729 esse

1912 1774 2137 1840 Deum.
2181 1775 2259 1841 Et
2299 1777 2611 1858 quoniam
2653 1774 3022 1840 humanitas
3067 1771 3468 1838 divinitatem

1912 1898 2047 1945 non
2088 1882 2440 1964 antecedit3
2480 1882 2624 1947 ideo
2663 1880 3090 1946 Damascenus
3123 1879 3293 1943 hane
3336 1896 3471 1943 non

1913 1988 2228 2068 concedit,
2259 1989 2589 2053 hominem
2626 2006 2763 2053 esse
2790 1987 3181 2052 deificatum.
3212 1984 3324 2051 Vel
3366 1984 3470 2049 di-

1913 2096 2191 2162 cendum
2229 2098 2403 2181 quod
2447 2096 2875 2161 Damasoenus
2911 2112 3043 2160 non
3080 2098 3277 2175 negat
3310 2093 3467 2156 sim-

1915 2203 2190 2287 pliciter,
2239 2204 2351 2269 md
2412 2204 2590 2287 quod
2655 2220 2788 2269 non
2848 2206 2945 2267 est
2997 2201 3087 2264 ita
3149 2200 3407 2283 propria
3449 2220 3466 2263 ι

1923 2333 1955 2372 ι
1991 2310 2199 2375 Homo
2239 2316 2335 2375 est
2359 2312 2720 2390 deificatus,
2751 2331 2783 2369 a
2819 2308 2983 2376 sicut
3014 2307 3157 2371 hoec
3185 2327 3201 2369 :
3243 2328 3275 2366 ι
3302 2305 3472 2370 Deus

1914 2424 2011 2483 est
2064 2420 2270 2484 factus
2325 2420 2543 2484 homo.
2588 2442 2619 2478 n
2673 2415 2836 2481 Nam
2900 2416 3036 2498 ipse
3090 2413 3239 2477 dicit
3283 2413 3471 2477 tertio

1917 2525 2080 2590 libro
2114 2549 2129 2591 :
2170 2550 2202 2588 c
2229 2527 2488 2609 Oportet
2526 2526 2687 2590 scire
2726 2522 2902 2607 quod
2941 2538 3075 2586 non
3117 2520 3472 2585 secundum

1917 2634 2401 2699 aestimationem
2465 2637 2714 2697 naturae
2738 2679 2757 2711 ,
2812 2630 2918 2696 vel
2984 2627 3423 2693 confusionem
3446 2675 3466 2707 ‚

1918 2760 2067 2807 caro
2107 2742 2398 2806 deificata
2419 2744 2536 2807 est.
2577 2764 2608 2800 a
2644 2738 2922 2804 Tantum
2958 2737 3133 2802 enim
3172 2735 3343 2800 velet
3370 2736 3466 2799 di·

1919 2867 2092 2928 cere,
2122 2866 2383 2913 carnem
2408 2866 2544 2912 esse
2569 2847 2922 2911 deificatam
2946 2893 2963 2922 ,
2991 2846 3310 2927 quantum
3335 2842 3471 2906 dei-

1921 2957 2031 3020 tati
2069 2973 2205 3020 esse
2239 2957 2648 3038 conjunctam
2683 2975 2699 3019 :
2733 2953 2877 3018 ideo
2903 2969 3034 3016 non
3061 2954 3257 3032 negat
3300 2967 3468 3033 prae-

1919 3064 2152 3129 dictam
2183 3062 2568 3127 locutionem
2613 3066 2922 3144 tanquam
2964 3058 3186 3123 falsam
3224 3056 3468 3141 simpli-

1920 3173 2115 3253 citer3
2147 3172 2256 3236 sed
2286 3189 2415 3236 non
2445 3176 2540 3236 est
2566 3171 2654 3236 ita
2694 3168 2982 3253 propria,
3019 3167 3186 3231 sicut
3211 3169 3309 3232 est
3331 3169 3474 3250 ejus

1921 3297 2252 3344 conversa.
2284 3279 2502 3344 Posset
2524 3278 2717 3343 etiam
2743 3276 2844 3341 vis
2871 3275 3013 3339 fieri
3051 3275 3120 3337 in
3146 3274 3270 3337 hoe
3298 3274 3474 3357 quod

1920 3385 2064 3452 dieo
2108 3385 2452 3464 hominm,
2502 3383 2658 3467 quia
2696 3400 2780 3447 ex
2821 3385 3000 3465 parte
3039 3380 3308 3463 subjecti
3354 3383 3478 3444 stat

1925 3511 2041 3576 pro
2080 3492 2442 3576 hypostasi,
2486 3509 2568 3556 ex
2617 3493 2793 3573 parte
2842 3507 2998 3553 vero
3037 3486 3308 3570 oppositi
3358 3504 3475 3569 pro

1925 3598 2132 3662 forma
2166 3619 2182 3660 ε
2216 3615 2345 3662 non
2372 3597 2463 3660 sic
2498 3599 2717 3661 autem
2744 3592 3103 3677 hypostasis
3131 3592 3331 3673 hujus
3354 3590 3476 3655 ho-

1926 3705 2120 3768 minis
2146 3708 2243 3768 est
2266 3704 2576 3783 deificata,
2607 3720 2760 3766 cum
2786 3719 3039 3783 semper
3062 3700 3258 3765 suerit
3284 3698 3471 3777 Deus,

1922 3811 2090 3875 sicut
2137 3810 2216 3893 (α)
2269 3814 2364 3873 est
2411 3809 2766 3873 humanata
2782 3855 2802 3885 ,
2853 3824 3005 3871 cum
3045 3823 3179 3870 non
3223 3822 3477 3887 semper

1924 3918 2118 3983 fuerit
2141 3917 2337 3982 homo
2369 3938 2385 3981 ε
2416 3920 2481 3981 et
2504 3914 2594 3980 sie
2620 3917 2794 3997 patet
2820 3918 3094 3996 utraque
3116 3910 3412 3995 objectio.

2568 4097 2707 4144 DUB.
2748 4094 2841 4142 111.

2052 4226 2171 4275 Non
2195 4226 2369 4273 tamen
2391 4233 2617 4286 congrue
2649 4217 2836 4270 dicitnr
2860 4217 3022 4268 homo
3042 4214 3347 4267 dominicus.

2009 4353 2239 4418 Contra
2269 4349 2570 4417 :videtur
2594 4349 2766 4432 quod
2793 4347 2873 4411 sit
2901 4343 3331 4420 concedenda,
3363 4361 3477 4425 per

1928 4461 2085 4526 illud
2114 4459 2288 4544 quod
2315 4459 2589 4524 habetur
2613 4457 2685 4521 in
2709 4457 2872 4521 libro
2900 4459 2979 4522 83
3002 4455 3431 4529 Quoestionum
3453 4474 3478 4517 .·

1937 4594 1969 4632 ι
1996 4567 2388 4636 Monendum
2416 4571 2511 4633 est
2536 4571 2610 4631 ut
2634 4564 2744 4630 illa
2775 4568 3014 4631 aeterna
3045 4563 3218 4626 bona
3243 4577 3476 4644 expec—

1929 4684 2168 4759 tentur,
2196 4695 2344 4761 quae
2369 4678 2632 4741 fuerunt
2656 4675 2727 4738 in
2749 4671 3013 4738 homine
3052 4667 3371 4734 dominico
3400 4688 3468 4732 :n

1929 4786 2053 4850 hoc
2076 4785 2253 4850 enim
2289 4784 2673 4865 intelligitur
2699 4782 2776 4847 de
2805 4779 3070 4845 Christo.
3103 4776 3171 4843 Si
3205 4782 3278 4840 tu
3308 4774 3478 4839 dicas

1930 4892 2052 4957 hoc
2090 4889 2505 4956 retractatum
2541 4906 2705 4964 esse,
2736 4885 3033 4969 objicitur
3066 4886 3287 4949 eontra
3317 4880 3440 4946 hoc
3456 4930 3500 4961 ,.
3531 4933 3538 4944 .

1928 4999 2083 5083 quia
2121 4997 2276 5064 dicit
2318 4997 2536 5062 Glossa
2583 4994 2810 5059 Bedae¹
2862 5014 2878 5055 :
2938 5014 2970 5052 «ι
3013 4990 3167 5070 Quis
3214 4994 3313 5055 est
3359 4989 3477 5055 iste

1933 5107 2159 5185 homo,
2193 5105 2318 5169 nisi
2345 5105 2540 5168 homo
2575 5100 2934 5167 dominicus
2951 5100 2983 5163 ⁴?
3007 5121 3038 5159 n
3074 5098 3245 5181 Ergo
3272 5098 3330 5162 si
3357 5098 3481 5162 hoc

1933 5218 2140 5297 potest
2162 5212 2286 5277 dici
2318 5211 2398 5276 de
2433 5211 2575 5274 aliis
2600 5207 2973 5274 hominibus
2989 5254 3011 5287 ,
3041 5206 3246 5273 multo
3275 5204 3483 5288 magis

1934 5321 2013 5386 de
2039 5319 2307 5385 Christo.

2001 5448 2069 5511 (a)
2101 5448 2222 5498 Caet.
2243 5444 2367 5495 edit.
2389 5443 2485 5494 sio.
