4185 6288
1416 440 1614 512 nls'r.
1654 441 1868 510 XXVI.
1906 441 2089 509 AnT.
2131 444 2186 509 1.
2230 443 2535 525 QUAEST.
2584 449 2688 517 lv.

837 682 1196 764 QUAESTIO
1238 684 1339 752 IV.

316 860 414 917 An
446 863 621 919 virtus
657 865 775 936 spei
801 863 1098 935 aliqnando
1124 866 1197 920 sit
1223 866 1478 935 informis
1497 907 1515 935 ,
1553 883 1629 923 aa
1660 883 1863 940 semper

879 955 955 1009 sit
980 955 1222 1021 somata
1252 954 1294 1011 ¹.

44 1118 125 1162 Ad
148 1130 281 1176 01²1>-
399 1107 629 1175 Utrum
653 1110 861 1177 virtus
892 1113 1027 1195 spei
1054 1112 1397 1195 aliquando
1420 1114 1504 1180 sit
1528 1114 1825 1181 informis
1839 1162 1859 1196 ,

313 1233 400 1281 an
426 1234 679 1299 semper
700 1218 783 1282 sit
798 1218 1068 1283 formata
1083 1241 1101 1299 ;
1118 1223 1182 1284 et
1194 1220 1364 1302 quod
1378 1221 1460 1285 sit
1476 1240 1727 1306 semper
1742 1223 1864 1288 tor-

314 1326 509 1403 mata,
537 1323 792 1390 videtur
815 1324 1026 1408 primo
1060 1344 1175 1410 per
1202 1327 1645 1394 diffinitionem
1672 1331 1808 1414 spei
1838 1348 1857 1394 z

310 1432 467 1513 Spes
501 1435 598 1496 est
633 1435 807 1498 certa
844 1435 1200 1516 expectatio
1237 1435 1474 1502 futurae
1514 1436 1859 1502 beatitudi-

311 1538 454 1619 nis,
496 1539 880 1621 proveniens
917 1558 1001 1606 ex
1038 1541 1252 1623 gratia
1296 1546 1363 1608 et
1400 1545 1643 1610 meritis
1686 1563 1705 1609 ε
1749 1546 1860 1611 sed

171 1651 179 1656 “
310 1644 700 1728 impossibile
735 1649 832 1711 est
871 1646 1223 1712 diffinitum
1272 1652 1554 1734 separari
1602 1670 1643 1716 a
1685 1653 1854 1719 dim·

309 1750 678 1817 nientibus:
708 1768 869 1836 ergo
895 1753 1289 1837 impossibile
1326 1760 1423 1822 est
1457 1776 1639 1842 spem
1671 1778 1859 1844 sepa-

306 1857 439 1922 rari
479 1876 520 1923 a
559 1859 805 1924 meritis
840 1864 905 1925 et
944 1861 1156 1943 gratia
1193 1881 1215 1927 ε
1257 1864 1370 1929 sed
1406 1866 1665 1948 quando
1703 1884 1854 1932 cum

305 1961 412 2029 bis
435 1969 565 2046 est,
592 1982 846 2050 semper
884 1972 981 2032 est
1004 1968 1276 2035 formata
1306 1990 1325 2035 z
1357 1989 1517 2055 ergo
1559 1973 1857 2057 impossi-

303 2069 433 2137 bile
453 2076 549 2137 est
570 2091 753 2157 spem
773 2074 1079 2141 virtutem
1103 2093 1242 2142 esse
1263 2077 1628 2145 informem.

384 2185 449 2246 2.
490 2179 653 2246 Item
688 2182 813 2248 hoc
852 2183 1068 2267 ipsum
1114 2185 1476 2252 ostenditur
1512 2204 1628 2271 per
1669 2186 1850 2271 illud,

302 2291 480 2375 quod
503 2289 659 2357 dicit
680 2290 985 2375 Magister
1024 2294 1093 2359 in
1119 2294 1327 2360 littera
1357 2315 1373 2359 ε
1413 2316 1447 2356 ι
1473 2294 1624 2360 Sine
1654 2297 1851 2362 meri-

301 2397 385 2462 tis
412 2398 647 2483 aliquid
675 2417 955 2485 sperare,
986 2418 1118 2466 non
1145 2420 1288 2486 spes
1306 2451 1324 2483 ,
1355 2403 1464 2467 sed
1491 2421 1854 2489 praesump-

300 2506 393 2572 tio
418 2507 544 2572 dici
572 2511 819 2591 potest:
848 2531 882 2568 n
914 2509 1024 2575 sed
1052 2513 1471 2595 praesumptio
1498 2517 1593 2576 ὧι
1618 2513 1852 2577 vitium

301 2616 668 2698 oppositum
704 2616 842 2700 spei
871 2639 889 2681 t
920 2634 1116 2699 ergo,
1164 2619 1408 2683 meritis
1445 2619 1847 2700 absentibus,

301 2721 668 2788 immediate
706 2723 1027 2789 subintrat
1062 2725 1298 2789 vitium
1335 2726 1460 2809 ipsi
1487 2727 1622 2810 spei
1651 2745 1846 2810 oppo-

299 2829 500 2895 situm
543 2849 563 2896 ε
599 2831 710 2896 sed
752 2831 987 2897 vitium
1029 2834 1395 2917 oppositum
1449 2834 1674 2898 virtuti
1718 2853 1851 2900 non

300 2940 553 3004 tantum
579 2937 863 3004 excludit
899 2956 1043 3004 eam
1081 2944 1398 3022 quantum
1425 2940 1504 3004 ad
1532 2943 1679 3023 ejus
1714 2941 1851 3006 sor-

298 3066 511 3129 mam,
543 3047 654 3114 sed
689 3047 887 3113 etiam
911 3052 1230 3132 quantum
1258 3050 1334 3113 ad
1369 3050 1661 3116 habitum
1697 3051 1852 3116 sub-

296 3159 570 3221 stratum
591 3171 610 3218 2
631 3174 794 3239 ergo
824 3157 1079 3222 videtur
1104 3157 1301 3241 quod,
1323 3157 1695 3224 absentibus
1721 3177 1851 3225 me-

295 3262 467 3342 ritis,
504 3263 667 3328 nihil
705 3266 1036 3329 remaneat
1079 3265 1159 3330 de
1195 3264 1436 3331 virtute
1474 3266 1611 3350 spei
1641 3287 1657 3331 ε
1689 3284 1850 3350 ergo

294 3388 430 3436 non
457 3374 663 3454 potest
684 3368 824 3438 fleri
847 3372 1168 3438 informis.

376 3481 439 3544 3.
481 3477 640 3544 Item
672 3480 829 3545 fides
864 3479 1153 3545 consistit
1186 3480 1423 3564 partim
1465 3480 1535 3545 in
1573 3480 1802 3547 affectu
1826 3530 1845 3564 ,

293 3588 529 3671 partim
552 3588 624 3652 in
646 3586 973 3653 intellectu
1002 3609 1022 3654 t
1054 3587 1331 3653 charitas
1355 3592 1572 3654 autem
1604 3591 1849 3655 consis-

292 3694 373 3758 tit
401 3695 770 3779 simpliciter
809 3696 880 3759 in
921 3694 1153 3760 affectu
1189 3716 1206 3762 ε
1239 3694 1351 3760 sed
1392 3696 1556 3761 facta
1600 3696 1849 3763 deordi-

295 3802 559 3867 natione
583 3804 652 3867 in
680 3803 911 3869 affectu
946 3821 1062 3886 per
1086 3807 1441 3887 peccatum,
1477 3804 1848 3887 simpliciter

294 3909 542 3975 tollitur
583 3909 893 3990 charitas,
945 3910 1246 3993 quamvis
1295 3929 1428 3975 non
1472 3912 1847 3995 simpliciter

294 4017 558 4083 tollatur
600 4018 787 4098 fides,
832 4036 986 4083 cum
1015 4016 1259 4100 aliquid
1296 4017 1529 4082 habeat
1554 4037 1637 4083 ex
1667 4022 1847 4100 parte

296 4126 678 4192 intellectus.
725 4123 906 4191 Unde
956 4124 1240 4191 charitas
1283 4143 1416 4190 non
1458 4129 1663 4209 potest
1709 4143 1844 4191 esse

297 4235 616 4316 informia,
662 4234 1212 4318 quemadmodum
1262 4234 1419 4298 fides
1465 4238 1668 4328 potest
1705 4251 1847 4297 esse

295 4343 627 4408 informis:
659 4361 819 4426 ergo
862 4343 917 4407 si
962 4360 1106 4425 spes
1144 4361 1213 4407 se
1254 4340 1529 4408 totaliter
1556 4344 1730 4407 tenet
1761 4359 1845 4406 ex

295 4455 476 4534 parte
506 4452 790 4533 affectus,
811 4451 973 4515 sicut
1004 4454 1068 4515 et
1090 4451 1387 4528 chetim,
1412 4450 1691 4529 videtur,
1717 4453 1839 4516 etc.

379 4563 440 4623 4.
500 4559 659 4624 Item
706 4560 917 4625 virtus
970 4560 1118 4624 fidei
1172 4564 1324 4624 tunc
1376 4564 1472 4624 est
1525 4560 1797 4623 formata
1818 4607 1839 4641 ‚

295 4667 555 4751 qnando
584 4685 716 4733 non
763 4671 1014 4732 tantum
1058 4667 1256 4731 credit
1296 4665 1455 4745 De0,
1494 4667 1604 4731 sed
1647 4667 1841 4732 etiam

296 4776 366 4839 in
409 4774 646 4853 Deum;
697 4774 955 4858 quando
1004 4775 1179 4838 enim
1230 4772 1571 4838 credulitas
1617 4775 1843 4856 juncta

296 4887 393 4949 est
416 4902 566 4948 cum
594 4883 918 4948 tendentia
935 4931 952 4961 ‚
978 4884 1135 4946 tunc
1175 4883 1331 4948 fides
1365 4885 1459 4945 est
1487 4881 1691 4945 virtus
1719 4883 1842 4946 for-

296 4996 469 5058 mata
498 5012 516 5057 t
547 4992 656 5057 sed
681 4990 1071 5075 impossibile
1108 4989 1398 5072 estquod
1443 4989 1678 5073 aliquis
1704 5007 1840 5074 spe-

295 5106 426 5181 ret,
460 5101 627 5185 quin
653 5099 872 5165 tendat
912 5099 976 5162 in
1006 5116 1143 5162 rem
1172 5103 1524 5182 speratam3
1556 5116 1708 5162 nam
1746 5100 1840 5182 ip-

293 5228 442 5276 sum
468 5227 726 5293 sperare
750 5207 1006 5272 tendere
1032 5210 1126 5271 est
1150 5228 1166 5270 ε
1193 5224 1353 5289 ergo
1385 5205 1639 5271 videtur
1662 5206 1839 5291 quod

294 5336 439 5405 spes
460 5335 717 5402 semper
742 5316 825 5382 sit
846 5315 1055 5384 virtus
1078 5315 1371 5382 formata.

360 5449 379 5485 ¹
399 5448 484 5511 Cf.
514 5428 662 5497 A'lex.
682 5443 900 5507 Mensis,
916 5457 970 5507 p.
994 5443 1089 5505 1113
1110 5456 1163 5507 q.
1182 5453 1302 5506 ων,
1318 5441 1510 5494 memb.
1533 5447 1555 5493 ¹
1567 5456 1586 5504 5
1603 5444 1655 5493 et
1671 5441 1837 5507 Gom„

3397 458 3517 520 575

2056 578 2182 646 Sed
2227 587 2450 649 contra
2499 606 2517 648 t
2565 602 2680 669 per
2718 586 3195 669 Augustinum,
3240 588 3307 652 in
3355 588 3519 654 libro
3548 619 3761 672 rum,

1979 687 2067 753 De
2103 687 2270 756 Vera
2290 693 2672 760 Innocentio
2689 714 2714 756 .·
2740 719 2774 756 α
2795 694 2954 761 Cum
2981 698 3233 762 caeterae
3249 698 3522 763 virtutes

1975 793 2105 860 sint
2130 796 2317 862 bonis
2352 803 2419 864 et
2465 801 2649 866 malis
2686 820 3091 881 communes,
3131 803 3381 869 dilectio
3409 804 3519 871 Dei

1976 905 2041 966 et
2070 905 2349 986 proximi
2376 910 2632 991 proprie
2659 911 2978 977 bonorum
3021 915 3116 976 est
3149 915 3342 996 atque
3375 911 3514 995 pio-

1975 1021 2148 1070 rum.
2176 1029 2210 1067 »
2242 1007 2416 1092 Ergo
2445 1012 2651 1076 virtus
2672 1014 2810 1096 spei
2843 1019 3048 1098 potest
3073 1032 3208 1080 esse
3233 1033 3520 1080 commu-

1974 1111 2077 1176 nis
2102 1114 2286 1181 bonis
2310 1121 2376 1180 et
2397 1119 2610 1183 malis,
2641 1119 2768 1186 Sed
2795 1123 2949 1186 mali
2973 1140 3108 1189 non
3128 1122 3367 1188 habent
3392 1125 3519 1188 vir-

1973 1222 2181 1285 tutem
2217 1239 2368 1287 cum
2410 1227 2654 1308 gratia,
2696 1228 2806 1293 sed
2835 1230 2976 1294 sine
3017 1249 3035 1295 :
3067 1235 3132 1294 et
3171 1228 3327 1295 tales
3368 1236 3519 1296 sunt

1973 1326 2245 1393 virtutes
2269 1328 2574 1397 informes
2603 1354 2619 1398 ε
2647 1352 2831 1418 ergo,
2861 1338 2983 1400 etc.

2052 1432 2214 1499 ltem
2231 1484 2250 1515 ,
2271 1437 2431 1501 sicut
2454 1456 2523 1503 se
2547 1439 2741 1505 habet
2759 1441 2918 1506 fides
2939 1441 3211 1508 formata
3233 1444 3315 1507 ad
3332 1461 3512 1528 spem

1971 1539 2311 1608 formatam
2338 1591 2360 1625 ,
2407 1544 2497 1610 ita
2548 1565 2618 1611 se
2658 1546 2850 1612 habet
2893 1549 3048 1614 fldes
3097 1550 3389 1616 informis
3432 1551 3514 1617 ad

1969 1666 2151 1732 spem
2179 1651 2520 1718 intormem
2551 1676 2568 1718 t
2603 1655 2714 1721 sed
2737 1656 2896 1722 fides
2927 1657 3201 1722 formata
3247 1662 3516 1741 generat

1969 1772 2150 1839 spem
2177 1758 2515 1826 formatam
2546 1785 2562 1824 ε
2593 1779 2752 1845 ergo
2782 1761 2942 1829 fides
2977 1763 3269 1831 informis
3307 1782 3509 1848 gene·

1969 1867 2070 1928 rat
2092 1883 2275 1948 spem
2298 1868 2664 1934 informem.

2049 1964 2213 2032 item
2242 2017 2260 2049 ,
2302 1970 2466 2035 sicut
2506 1988 2650 2054 spes
2686 1973 3020 2055 consurgit
3059 1991 3144 2038 ex
3184 1974 3312 2040 fide
3339 1991 3510 2057 prae-

1968 2072 2252 2140 miorum
2271 2125 2291 2155 ‚
2324 2077 2417 2142 sic
2458 2078 2655 2143 timor
2698 2081 3030 2162 consurgit
3068 2098 3153 2145 ex
3194 2081 3320 2147 fide
3361 2100 3509 2167 sup-

1966 2179 2349 2266 pliciorum:
2382 2186 2493 2251 sed
2519 2185 2714 2251 timor
2750 2192 2955 2270 potest
2996 2205 3133 2254 esse
3174 2188 3466 2255 informis
3482 2237 3503 2271 ‚

1967 2295 2032 2356 et
2053 2291 2366 2358 formatus
2393 2314 2410 2358 ι
2434 2310 2591 2376 ergo
2613 2299 2678 2358 et
2702 2313 2868 2379 spes·

2044 2398 2204 2464 Item
2234 2401 2419 2465 multi
2445 2406 2597 2464 sunt
2622 2405 2981 2484 peccatores
3017 2403 3131 2486 qui
3158 2409 3416 2487 sperant
3431 2399 3509 2470 'se

1964 2506 2176 2573 adhuc
2203 2513 2456 2574 acturos
2495 2510 2934 2592 poenitentiam
2953 2558 2971 2589 ‚
3003 2516 3068 2575 et
3109 2517 3509 2578 assecuturos

1964 2615 2223 2680 veniam
2243 2663 2259 2693 ‚
2288 2620 2354 2681 et
2374 2620 2795 2699 perventuros
2812 2618 2892 2682 ad
2916 2617 3232 2699 gloriam:
3262 2625 3510 2687 constat

1965 2722 2138 2806 quod
2164 2723 2320 2789 illud
2360 2742 2490 2789 non
2518 2728 2613 2789 est
2639 2725 2884 2789 malum
2901 2774 2919 2805 ,
2949 2726 3082 2791 imo
3107 2727 3319 2810 potius
3345 2728 3509 2793 ordi-

1964 2835 2075 2894 nat
2102 2830 2179 2896 ad
2208 2830 2456 2896 bonum
2473 2880 2492 2909 ‚
2522 2836 2587 2896 et
2610 2832 2894 2898 excludit
2918 2833 3189 2913 malum,
3216 2834 3508 2900 videlicet

1962 2938 2489 3021 desperationem.
2521 2938 2644 3004 Sed
2674 2940 2731 3003 si
2757 2940 2881 3004 hoc
2907 2946 3071 3005 esset
3095 2957 3247 3006 cum
3270 2943 3504 3024 gratia,

1963 3050 2127 3111 esset
2152 3050 2331 3112 actus
2351 3048 2611 3112 virtutis
2631 3048 2921 3114 tormatae
2951 3070 2971 3115 z
3005 3066 3164 3131 ergo
3189 3068 3340 3115 cum
3369 3051 3507 3115 sine

1961 3155 2172 3238 gratia
2209 3156 2409 3241 possit
2429 3155 2588 3221 illud
2627 3174 2968 3223 remanere
2981 3205 3000 3236 ‚
3033 3162 3108 3223 ut
3132 3158 3364 3242 aliquis
3392 3177 3508 3242 per

1961 3267 2192 3331 merita
2229 3272 2439 3351 speret
2463 3286 2530 3333 se
2560 3274 3026 3351 perventurum
3063 3270 3145 3334 ad
3187 3270 3461 3352 gloriam
3482 3318 3505 3350 ,

1961 3372 2218 3439 videtur
2243 3374 2416 3457 quod
2453 3374 2592 3459 ipsa
2616 3376 2826 3442 virtus
2862 3376 2999 3461 spei
3024 3378 3223 3460 possit
3246 3396 3384 3444 esse
3414 3380 3508 3444 in-

1960 3477 2208 3545 formis.

2503 3638 2956 3709 CONGLUSIO.

1958 3775 2090 3849 Spei
2113 3778 2290 3835 virtus
2320 3779 2618 3851 aliquando
2658 3783 2910 3850 informis
2936 3786 3114 3855 potest
3150 3799 3293 3853 esse,
3320 3800 3439 3843 cnm
3468 3801 3506 3842 a

2361 3870 2630 3928 charitate
2652 3870 2865 3943 sejungi
2888 3873 3091 3929 valeat.

2037 4014 2225 4098 Resp.
2254 4016 2338 4081 ad
2357 4034 2500 4100 arg.
2530 4016 2881 4083 Dicendum
2906 4019 3080 4102 quod
3107 4019 3347 4103 absque
3373 4020 3499 4087 du-

1954 4122 2063 4188 bio
2095 4123 2302 4189 virtus
2338 4124 2475 4207 spei
2517 4128 2722 4207 potest
2760 4143 2896 4192 esse
2939 4126 3254 4194 informis.
3288 4127 3500 4196 Potest

1955 4231 2133 4297 enim
2173 4231 2404 4314 aliquis
2447 4250 2703 4317 sperare
2758 4233 2959 4299 vitam
3008 4236 3318 4301 aeternam
3359 4235 3500 4301 sine

1954 4340 2166 4422 gratia
2190 4346 2452 4422 gratum
2489 4340 2787 4420 faciente,
2818 4341 2982 4406 sicut
3018 4343 3350 4408 manifeste
3396 4362 3504 4426 ap-

1952 4452 2156 4532 paret.
2188 4447 2268 4513 Et
2302 4448 2571 4526 iterum,
2600 4448 2720 4513 iste
2750 4453 2931 4515 actus
2954 4450 3252 4532 sperandi
3277 4451 3360 4515 ab
3386 4450 3502 4515 ali-

1955 4573 2083 4639 quo
2134 4555 2360 4620 habitu
2402 4556 2722 4639 procedit,
2772 4556 2889 4638 qui
2935 4557 3196 4640 quidem
3238 4556 3497 4623 habitus

1953 4664 2163 4728 bonus
2189 4667 2286 4729 est
2299 4712 2320 4744 ,
2347 4668 2411 4729 et
2437 4669 2609 4730 tenet
2634 4662 2826 4729 etiam
2860 4663 3141 4747 quodam
3181 4664 3374 4730 modo
3398 4682 3500 4730 ra·

1951 4771 2194 4836 tionem
2239 4772 2496 4837 virtutis
2523 4820 2542 4851 ‚
2590 4790 2707 4855 pro
2758 4791 2835 4837 eo
2879 4772 3052 4855 quod
3096 4773 3444 4854 potentiam
3468 4819 3491 4853 ,
3627 4840 3632 4843 ,

1952 4897 2148 4963 quam
2192 4879 2484 4962 perficit,
2530 4880 2809 4963 quodam
2852 4879 3044 4945 modo
3081 4880 3387 4945 rectificat
3431 4882 3499 4945 et

1950 4989 2226 5070 vigorat.
2257 4985 2577 5051 Rectiflcat
2592 5035 2610 5065 ,
2647 4986 2912 5069 inquam
2928 5034 2951 5066 ,
2998 4987 3155 5051 dum
3210 4988 3496 5071 aliquam

1950 5096 2413 5160 ordinationem
2432 5098 2495 5159 et
2511 5094 2989 5161 inclinationem
3007 5095 3230 5160 tribuit
3252 5096 3333 5161 ad
3352 5100 3496 5179 glo-

1947 5203 2115 5269 riam
2140 5205 2446 5287 tanquam
2469 5202 2547 5268 ad
2580 5203 2776 5267 finem
2817 5203 3156 5284 ultimum,
3184 5204 3299 5270 ubi
3323 5210 3498 5273 stan·

1948 5380 2002 5431 p.
2028 5366 2116 5426 m,
2136 5364 2253 5417 coli.
2277 5375 2384 5431 tvl,
2407 5368 2502 5416 art.
2532 5365 2844 5430 138oephan.
2869 5365 3076 5430 Brulef„
3105 5365 3171 5417 111
3192 5366 3352 5433 Sene„
3369 5368 3492 5423 dist.

1949 5450 2092 5504 xxvi,
2117 5452 2168 5503 q.
2199 5449 2350 5489 iv.-
2369 5437 2432 5502 (α)
2469 5436 2554 5490 ΔΙ.
2584 5437 2854 5498 Quoniam.
