4185 6288
547 459 668 522 350

545 597 795 661 sanctos
822 594 931 660 Dei
968 593 1205 676 aliquid
1246 595 1379 677 pati
1422 593 1779 659 secundum
1808 592 2091 676 corporis

547 701 900 784 passiones3
940 700 1048 765 sed
1088 700 1299 765 solum
1341 701 1515 784 quod
1564 718 1671 765 eas
1712 700 2089 782 dijudicent,

548 807 721 890 ipsos
757 809 991 874 sentire
1029 808 1236 875 credo.
1286 831 1318 870 ι)
1377 809 1443 874 Si
1489 828 1649 890 ergo
1692 809 1815 874 hoc
1855 823 2089 873 verum

545 917 662 993 est,
710 917 910 980 sancti
954 934 1089 981 non
1134 917 1415 982 sentiunt
1458 917 1782 1000 passiones
1821 915 1942 980 nisi
1986 933 2092 978 se-

546 1026 828 1091 cundum
848 1027 1188 1109 judicium,
1220 1046 1349 1093 non
1379 1028 1735 1092 secundum
1765 1026 2096 1110 experien-

547 1134 742 1199 tiam:
768 1153 927 1218 ergo
945 1136 1239 1220 patiendo
1263 1153 1391 1201 non
1415 1135 1655 1199 habent
1679 1135 1964 1201 dolorem
1991 1152 2097 1198 ve-

548 1263 696 1309 rum
724 1263 928 1328 :ergo
969 1247 1170 1312 multo
1207 1248 1427 1312 minus
1453 1265 1571 1312 nec
1598 1247 1870 1313 Sanctus
1901 1246 2095 1311 Sanc-

547 1357 788 1433 torum,
819 1353 1054 1418 scilicet
1084 1352 1393 1420 Christus.

631 1468 689 1528 3.
758 1463 946 1543 item,
1012 1462 1262 1546 Moyses
1297 1463 1618 1546 jejunavit
1668 1463 2096 1546 quadraginta

549 1568 773 1634 diebus
813 1574 877 1634 et
914 1570 1343 1653 quadraginta
1382 1569 1673 1634 noctibus
1714 1570 1853 1634 sine
1880 1568 2098 1651 aliqua

548 1677 831 1760 corporis
847 1676 1126 1754 laesione,
1147 1679 1402 1760 propter
1424 1677 1788 1741 continuam
1809 1680 2096 1741 contem-

547 1783 892 1866 plationem
916 1805 932 1848 t
952 1785 1004 1848 si
1033 1801 1190 1865 ergo
1217 1784 1517 1867 perfectio
1545 1784 2096 1867 contemplationis

549 1891 757 1956 aufert
780 1892 1142 1973 passionem
1178 1896 1242 1956 et
1272 1910 1529 1955 sensum
1557 1892 1774 1973 famis,
1808 1892 1947 1975 pari
1983 1911 2096 1956 ra-

548 1998 723 2063 tione
750 1999 1005 2063 videtur
1026 1999 1200 2081 quod
1226 2000 1434 2064 aufert
1461 2018 1721 2064 sensum
1762 2000 1997 2065 doloris
2023 2001 2095 2064 in

551 2122 739 2171 carne
767 2106 1083 2189 passibili:
1128 2110 1191 2170 et
1231 2107 1301 2170 in
1349 2107 1595 2171 Christo
1630 2107 1753 2171 fuit
1793 2106 2097 2172 continua

550 2212 1020 2296 contemplatio,
1046 2218 1111 2277 et
1127 2214 1581 2297 perfectissima
1608 2235 1625 2278 t
1658 2232 1814 2296 ergo
1839 2214 2096 2280 videtur

551 2320 723 2403 quod
753 2319 930 2384 nulla
953 2321 1147 2384 fuerit
1178 2321 1246 2384 in
1294 2339 1370 2385 eo
1413 2322 1648 2386 doloris
1681 2322 2091 2404 experientia.

629 2432 691 2491 4.
762 2426 922 2491 ltem
981 2427 1226 2492 ratione
1268 2428 1524 2493 videtur
1572 2450 1590 2494 t
1653 2429 1807 2512 quia
1865 2434 2098 2495 natura

551 2550 754 2614 agens
780 2533 1179 2616 praestantior
1205 2538 1299 2598 est
1325 2535 1626 2617 patiente,
1659 2540 1721 2600 et
1744 2540 1976 2601 natura
2002 2555 2099 2600 as-

553 2646 807 2725 sumpta
830 2642 1229 2724 praestantior
1255 2648 1349 2707 est
1367 2643 1549 2707 omni
1575 2643 1699 2707 alia
1728 2663 1747 2708 :
1777 2662 1936 2726 ergo
1962 2662 2096 2709 non

553 2748 809 2813 videtur
848 2750 1022 2832 quod
1069 2750 1149 2814 ab
1190 2750 1407 2834 aliqua
1451 2750 1575 2815 alia
1618 2754 1851 2817 natura
1902 2752 2099 2834 possit

552 2856 776 2939 affligi,
805 2856 911 2924 vel
934 2857 1105 2923 laedi.

633 2969 695 3028 5.
726 2963 906 3042 Item,
947 2983 1051 3029 res
1085 2982 1233 3049 quae
1265 2970 1362 3030 est
1400 2966 1677 3031 ablativa
1710 2964 1994 3031 laesionis
2035 2967 2099 3029 et

553 3070 819 3150 doloris,
865 3071 1144 3156 passioni
1186 3073 1418 3139 doloris
1456 3091 1589 3138 non
1624 3077 1718 3137 est
1755 3074 2041 3158 subjecta
2076 3094 2094 3137 τ

554 3178 664 3242 sed
715 3196 947 3243 manus
1000 3179 1232 3245 Christi
1278 3182 1526 3247 curavit
1566 3181 1806 3246 alienos
1850 3181 2099 3246 dolores

556 3285 689 3350 solo
713 3290 884 3351 tactu
922 3308 937 3351 :
969 3306 1127 3369 ergo
1155 3288 1407 3353 videtur
1432 3290 1604 3372 quod
1629 3289 1883 3353 nullum
1913 3288 2098 3354 dolo-

554 3409 692 3457 rem
720 3395 997 3475 potuerit
1023 3395 1289 3478 perpeti.
1672 3456 1682 3468 ,

636 3504 697 3563 6.
728 3498 911 3580 Item,
939 3500 993 3565 si
1019 3501 1237 3566 anima
1261 3501 1430 3567 Petri
1471 3506 1816 3586 poneretur
1866 3503 1938 3567 in
1993 3502 2100 3566 in-

554 3608 757 3689 ferno,
787 3607 869 3671 ab
896 3608 1159 3690 ignibus
1184 3627 1318 3674 non
1344 3610 1770 3690 cruciaretur3
1798 3610 1951 3694 quia
1967 3628 2101 3676 non

554 3714 747 3780 habet
769 3715 838 3779 in
860 3733 929 3780 se
948 3734 1228 3796 causam,
1251 3735 1365 3800 per
1379 3736 1574 3801 quam
1593 3718 1819 3784 debeat
1837 3717 2051 3784 dolere
2077 3739 2098 3783 ε

554 3839 714 3904 ergo
739 3822 794 3887 si
831 3824 1047 3888 anima
1087 3823 1317 3890 Christi
1354 3826 1602 3889 nullam
1650 3841 1905 3895 causam
1951 3842 2098 3907 pas-

554 3928 751 3994 sionis
787 3930 859 3995 in
897 3949 966 3995 se
1000 3931 1295 4010 habebat,
1324 3932 1581 3997 videtur
1618 3932 1791 4016 quod
1843 3930 2099 3995 nullum

556 4037 839 4102 dolorem
865 4039 1175 4103 sentiebat
1198 4039 1269 4103 in
1292 4057 1482 4104 carne
1500 4041 2100 4123 quantumcumque

556 4144 841 4226 passibili
883 4164 902 4210 ε
952 4145 1008 4209 si
1063 4164 1219 4229 ergo
1263 4146 1442 4212 dolor
1492 4150 1588 4211 est
1640 4145 1849 4229 passio
1902 4145 2102 4229 ipsius

557 4255 792 4319 animae
814 4255 1028 4339 potius
1052 4274 1250 4338 quam
1288 4256 1524 4334 carnis,
1575 4255 1738 4320 sicut
1777 4254 1929 4320 dicit
1968 4256 2102 4319 Au-

434 4442 443 4449 ,
558 4365 859 4444 gostinus
888 4360 931 4444 ¹,
959 4365 1217 4430 videtur
1241 4364 1414 4448 quod
1438 4364 1507 4428 in
1535 4362 1782 4431 Christo
1812 4381 1944 4428 non
1970 4363 2102 4428 fue·

557 4470 646 4534 rit
660 4471 841 4538 dolor
863 4489 1079 4538 verus.

1101 4707 1553 4778 CONCLUSIO.

561 4875 802 4934 Clu-ism
831 4891 952 4934 vere
983 4878 1288 4949 passionem
1328 4876 1532 4934 doloris
1569 4879 1633 4934 in
1673 4891 1727 4935 se
1769 4877 1997 4950 habuit,
2038 4882 2103 4935 ut

665 4983 827 5024 sacroe
853 4970 1123 5026 testantur
1154 4967 1349 5024 litteras
1370 5006 1388 5035 ‚
1416 4971 1469 5023 et
1496 4967 1749 5024 catholici
1790 4971 1987 5026 tenent.

641 5125 826 5210 Resp.
857 5126 939 5191 ad
960 5144 1103 5210 arg.
1136 5124 1483 5192 Dicendum
1512 5127 1685 5210 quod
1709 5128 1947 5212 absque
1978 5131 2104 5196 du-

561 5234 694 5315 bio,
722 5234 886 5300 sicut
902 5234 1330 5317 Evangelium
1350 5236 1498 5302 dicit
1524 5242 1587 5303 et
1613 5238 1770 5305 fldoe
1791 5239 2101 5306 catholica

627 5391 647 5425 ¹
671 5394 822 5456 Aug„
845 5390 907 5440 de
927 5391 1101 5442 Gener.
1123 5390 1195 5440 ad
1218 5390 1345 5454 litt„
1365 5392 1454 5444 lib.
1474 5394 1582 5460 ΧΠ,
1605 5410 1651 5445 c.
1671 5408 1817 5460 xx1v,
1841 5410 1894 5448 n.
1920 5400 1975 5448 51
1998 5411 2017 5461 3
2038 5397 2101 5447 de

565 5463 855 5528 Corinthi,
882 5462 973 5513 lib.
1002 5461 1137 5523 XIV,
1155 5475 1203 5512 c.
1226 5474 1314 5526 xv,
1338 5477 1393 5514 n.
1422 5469 1477 5530 23
1501 5466 1588 5518 lib.
1613 5469 1746 5533 xxi,
1765 5483 1814 5521 c.
1841 5478 1926 5535 111,
1950 5483 2003 5520 n.
2044 5473 2095 5521 2.

1668 454 2290 524 SENTENTlARUM
2330 456 2480 523 Lm.
2527 458 2634 524 111.

2203 591 2418 670 sentit,
2448 612 2602 659 vera
2638 593 2876 660 doloris
2922 583 3133 678 passio
3172 595 3295 661 fuit
3326 597 3396 662 in
3421 598 3671 666 Christo
3705 603 3756 666 ¹.

2204 699 2277 763 In
2301 699 2438 783 ipso
2466 702 2638 765 enim
2671 701 2792 766 fuit
2815 720 2966 767 caro
3010 703 3323 785 passibilis
3357 710 3420 770 et
3463 709 3763 789 perfora-

2202 807 2372 883 bilis,
2401 807 2566 872 sicut
2590 808 2782 873 etiam
2809 809 3013 873 virtus
3039 811 3370 891 sentiendi,
3394 816 3760 880 secundum

2202 933 2398 998 quam
2426 916 2645 980 anima
2673 917 3055 999 compatitur
3081 919 3330 1000 corpori
3359 919 3553 987 laeso:
3585 940 3756 1005 quo-

2204 1023 2378 1087 niam
2408 1041 2568 1104 ergo
2585 1023 2726 1089 haec
2752 1025 2884 1089 duo
2909 1042 3141 1091 verum
3173 1026 3458 1092 dolorem
3485 1029 3757 1105 faciunt,

2203 1130 2437 1195 scilicet
2461 1149 2618 1196 vera
2642 1130 2838 1211 laesio,
2868 1136 2934 1196 et
2959 1150 3156 1197 verus
3191 1133 3471 1198 laesionis
3499 1154 3758 1216 sensus,

2203 1239 2271 1302 et
2294 1236 2436 1302 haec
2455 1238 2586 1303 duo
2608 1256 2760 1303 vere
2786 1238 3051 1303 fuerunt
3077 1239 3145 1303 in
3174 1239 3444 1317 Christo,
3491 1241 3758 1307 indubi-

2203 1345 2411 1409 tanter
2462 1347 2813 1412 tenendum
2861 1351 2957 1410 est
3003 1348 3178 1430 quod
3220 1349 3292 1414 in
3334 1350 3579 1416 Christo
3629 1352 3763 1418 fuit

2205 1467 2361 1517 vera
2390 1452 2624 1517 doloris
2652 1454 2881 1537 passio.
2917 1454 3079 1519 Nam
3107 1456 3162 1518 si
3189 1457 3420 1540 aliquis
3451 1459 3633 1523 aliter
3660 1460 3761 1524 di·

2205 1563 2327 1639 cat,
2357 1561 2710 1626 secundum
2730 1563 2899 1646 quod
2917 1563 3178 1645 quidam
3194 1564 3480 1629 haeretici
3509 1566 3754 1647 dicunt,

2205 1670 2269 1730 et
2297 1666 2378 1750 (α)
2412 1670 2507 1731 est
2532 1686 2713 1733 error
2737 1670 3038 1753 antiquus
3064 1672 3546 1754 Saracenorum,
3577 1676 3757 1759 quod

2206 1775 2493 1841 Christus
2512 1826 2529 1855 ,
2574 1779 2692 1843 etsi
2741 1779 3067 1846 videretur
3104 1784 3303 1865 patiet
3338 1784 3547 1849 dolere
3563 1833 3581 1865 ,
3620 1803 3756 1850 non

2204 1887 2419 1949 tamen
2449 1888 2759 1952 veraciter
2785 1888 3010 1952 habuit
3033 1888 3319 1954 dolorem
3350 1895 3416 1955 et
3443 1892 3759 1974 passionis

2205 2007 2463 2055 sensum
2496 2013 2514 2058 t
2544 1993 2601 2056 is
2619 2011 2749 2059 non
2770 1994 2979 2059 solum
2993 2001 3258 2061 evacuat
3277 1998 3468 2062 fldem
3497 1999 3752 2080 Christi,

2204 2101 2267 2160 et
2297 2096 2526 2162 Christi
2576 2098 3033 2183 Evangelium,
3087 2104 3196 2167 sed
3251 2103 3449 2168 etiam
3489 2111 3761 2171 evacuat

2204 2204 2706 2288 redemptionem
2721 2212 3029 2286 nostram,
3048 2213 3112 2273 et
3122 2209 3274 2274 dicit
3287 2211 3605 2276 Christum
3615 2231 3754 2278 non

2204 2331 2340 2377 esse
2375 2313 2715 2394 Christum.
2757 2315 2922 2381 Dum
2969 2318 3145 2382 enim
3181 2318 3331 2383 dicit
3364 2320 3577 2403 ipsum
3618 2339 3757 2386 non

2203 2417 2398 2484 fuisse
2457 2422 2764 2486 veraciter
2805 2441 3099 2505 passum,
3152 2424 3303 2489 dicit
3358 2426 3570 2509 ipsum
3618 2443 3755 2493 non

2204 2526 2603 2607 satisfecisse,
2634 2547 2708 2593 ac
2731 2547 2845 2613 per
2868 2531 2991 2595 hoc
3010 2531 3595 2613 genushumanum
3619 2553 3757 2599 non

2207 2649 2343 2697 esse
2376 2634 2802 2718 redemptum.
2846 2637 3015 2702 Dum
3042 2658 3200 2706 vero
3227 2641 3382 2707 dicit
3428 2643 3638 2725 ipsum
3665 2643 3756 2706 si-

2207 2741 2481 2807 mulasse
2507 2761 2576 2808 se
2602 2745 2756 2826 pati,
2790 2745 2940 2811 dicit
2963 2747 3177 2831 ipsum
3201 2767 3337 2815 esse
3356 2751 3753 2833 mendacem,

2207 2853 2270 2914 et
2322 2849 2410 2914 ita
2453 2868 2572 2915 nec
2599 2869 2748 2916 vere
2789 2853 2981 2918 fuisse
3029 2854 3136 2920 Dei
3182 2858 3389 2923 fllium
3415 2907 3434 2940 ,
3479 2877 3598 2924 nec
3643 2859 3757 2925 Dei

2207 2958 2544 3039 nuncium,
2577 2964 2640 3023 et
2666 2960 2753 3025 ita
2788 2979 2907 3025 nec
2937 2963 3377 3046 mediatorem,
3408 2966 3516 3031 sed
3544 2967 3759 3050 potius

2205 3065 2627 3149 deceptorem.
2673 3066 2749 3133 Et
2777 3073 3114 3153 propterea
3153 3073 3266 3156 qui
3295 3073 3519 3139 dicunt
3543 3073 3757 3139 Chris-

2207 3175 2346 3237 tum
2358 3191 2489 3238 non
2504 3177 2816 3242 veraciter
2825 3178 3122 3259 doluisse,
3141 3182 3243 3245 vel
3258 3200 3517 3264 passum
3531 3183 3750 3264 ruisse,
3863 3232 3876 3243 .

2207 3279 2321 3343 etsi
2344 3280 2681 3346 videantur
2705 3282 2918 3366 ipsum
2947 3287 3231 3350 exterius
3270 3286 3618 3368 honorare,
3650 3309 3752 3355 se·

2206 3386 2489 3452 cundum
2502 3389 2839 3454 veritatem
2853 3396 3069 3457 tamen
3085 3392 3527 3478 blasphemant
3542 3397 3756 3481 ipsum

2206 3496 2600 3581 impiissime.
2634 3500 2927 3568 Rationes
2954 3523 3111 3587 ergo
3162 3506 3502 3589 probantes
3540 3507 3755 3590 ipsum

2206 3606 2516 3672 veraciter
2541 3607 2835 3688 doluisse,
2866 3615 3020 3675 sunt
3043 3613 3483 3677 concedendae.

2287 3720 2347 3777 1.
2379 3714 2477 3778 Ad
2504 3715 2659 3779 illud
2689 3735 2847 3799 ergo
2871 3719 3043 3802 quod
3083 3720 3291 3803 primo
3333 3720 3633 3802 obJ‘icitur
3675 3721 3758 3786 de

2205 3820 2578 3885 auctoritate
2606 3820 2856 3904 Hilarii,
2884 3824 3217 3908 tripliciter
3243 3826 3757 3910 respondendum

2205 3931 2319 3992 est.
2342 3928 2614 4005 Quidam
2636 3930 2810 3994 enim
2834 3930 3055 3996 dicunt
3077 3932 3396 3997 Hilarium
3421 3934 3615 3998 verba
3642 3933 3757 3999 illa

2205 4038 2612 4118 retractasse3
2641 4037 2814 4102 unde
2847 4038 3067 4103 audivi
3112 4037 3534 4105 Parisiensem
3576 4040 3757 4125 Epis-

2206 4160 2439 4227 copum
2464 4142 2882 4211 Guilielmum
2911 4148 3179 4225 referre,
3209 4166 3276 4211 se
3304 4148 3543 4213 librum
3582 4148 3756 4214 illius

2205 4251 2665 4318 retractationis
2717 4252 2948 4319 vidisse
3003 4258 3067 4318 et
3137 4255 3499 4338 perlegisse.
3551 4256 3759 4322 Aliter

2206 4363 2410 4442 potest
2433 4359 2579 4439 dici,
2604 4360 2774 4443 quod
2805 4359 3083 4426 Hilarius
3103 4363 3174 4427 in
3196 4365 3394 4431 verbo
3423 4365 3748 4447 praedicto,

2206 4466 2365 4531 etin
2404 4465 2548 4531 aliis
2590 4466 2828 4532 ibidem
2855 4468 3073 4552 positis
3111 4488 3243 4535 non
3286 4472 3564 4537 excludit
3602 4491 3749 4537 sen·

2205 4591 2352 4638 sum
2386 4574 2624 4640 doloris
2652 4594 2693 4639 a
2719 4574 2962 4641 Christo
3009 4578 3364 4643 secundum
3400 4579 3754 4645 humanam

2206 4685 2505 4745 naturam
2524 4730 2541 4761 ,
2591 4682 2701 4747 sed
2766 4683 3117 4749 secundum
3172 4685 3459 4751 divinam
3510 4708 3527 4752 ε
3580 4688 3756 4752 unde

2206 4789 2403 4853 verba
2423 4790 2535 4854 illa
2576 4790 2904 4856 referenda
2930 4795 3084 4857 sunt
3137 4792 3215 4857 ad
3260 4793 3495 4859 Christi
3534 4812 3753 4877 perso-

2205 4913 2381 4961 nam.
2411 4896 2490 4961 Et
2501 4898 2624 4963 hoc
2641 4898 2902 4982 quidem
2921 4899 3363 4982 confirmatur,
3384 4902 3558 4984 quia,
3587 4902 3758 4969 sicut

2117 5048 2125 5057 -
2205 5003 2359 5067 dicit
2381 5004 2551 5070 idem
2580 5005 2894 5071 Hilarius:
2932 5028 2964 5067 α
2987 5004 3414 5089 Intelligentia
3440 5008 3760 5075 dictorum

2208 5127 2290 5176 ex
2317 5113 2522 5178 causis
2547 5117 2642 5178 est
2668 5111 3049 5178 assumenda
3075 5113 3347 5180 dicendi.
3392 5137 3424 5179 n
3476 5116 3757 5184 Hilarius

2208 5352 2271 5367 -
2299 5329 2320 5362 ἲ
2353 5328 2474 5378 Haec
2508 5327 2777 5393 impugnat
2804 5332 3020 5394 Scotus,
3053 5330 3170 5382 dist.
3203 5344 3301 5397 xv,
3342 5348 3396 5398 q.
3434 5335 3616 5399 unica,
3645 5334 3756 5389 ibi:

2207 5398 2394 5450 Contra
2425 5401 2544 5449 ista.
2590 5403 2646 5451 S.
2675 5400 2899 5452 Thomas
2937 5401 3038 5452 hoc
3072 5402 3211 5453 idem
3238 5405 3427 5469 sentit,
3454 5406 3537 5469 ΙΙΙ,
3566 5419 3619 5470 q.
3666 5419 3757 5473 xv,

2205 5475 2299 5523 art.
2330 5476 2377 5526 ὅ.
2402 5497 2464 5512 -
2494 5473 2562 5538 (α)
2590 5473 2732 5525 Edit.
2765 5474 2881 5525 ναι.
2910 5474 3056 5526 deest
3081 5479 3149 5526 et.
