4185 6288
680 447 802 513 488

698 583 837 647 tm
868 583 965 646 est
1007 579 1304 664 potentiae
1342 580 1687 663 cognitiva
1734 604 1749 646 :
1803 600 1962 665 ergo
2000 585 2064 647 et
2103 601 2243 647 cre-

700 687 870 752 dere.
901 686 968 752 Si
990 705 1149 768 ergo
1178 688 1247 752 in
1276 688 1383 753 illa
1409 689 1691 772 potentia
1717 694 1812 755 est
1838 690 1995 755 fides
2011 738 2028 767 ‚
2057 692 2248 773 cujus

702 798 881 858 actus
922 797 1015 858 est
1055 794 1347 875 credere,
1370 796 1635 863 videtur
1660 797 1833 880 quod
1881 796 2037 862 fides
2066 797 2148 862 sit
2176 796 2248 862 in

706 904 882 983 parto
909 900 1142 966 animae
1167 901 1527 983 cognitiva.

786 1007 965 1088 item,
997 1008 1088 1073 ad
1114 1008 1424 1076 Romanos
1450 1014 1470 1053 ⁸
1495 1029 1511 1072 ε
1532 1008 1726 1076 Fides
1744 1014 1851 1077 est
1868 1007 2210 1076 exauditu
2227 1032 2254 1074 .-

705 1117 792 1183 ibi
822 1116 1076 1181 Glossa:
1114 1139 1147 1175 α
1173 1114 1289 1180 Dat
1317 1114 1731 1194 intellectum,
1768 1116 1926 1182 dum
1954 1116 2035 1180 de
2060 1114 2247 1179 audi-

706 1226 787 1290 tis
811 1227 1093 1289 mentem
1125 1222 1419 1287 illustrat.
1463 1243 1495 1282 ι
1545 1220 1615 1287 Si
1638 1240 1796 1305 ergo
1828 1222 1987 1288 tides
2013 1229 2108 1289 est
2141 1241 2255 1306 per

706 1332 1020 1410 auditum,
1052 1334 1116 1397 et
1139 1330 1298 1395 fides
1320 1329 1644 1394 illuminat
1671 1334 1953 1395 mentem
1976 1349 1994 1410 ;
2030 1336 2254 1396 ettam

708 1439 949 1519 audire,
985 1457 1181 1522 quam
1222 1436 1596 1515 illumInari,
1626 1442 1863 1521 spectat
1889 1437 1969 1502 ad
2008 1444 2253 1521 partem

708 1547 942 1613 animm
986 1545 1414 1627 cognitivam3
1464 1544 1717 1610 videtur
1758 1544 1930 1629 qnod
1975 1546 2131 1610 fides
2174 1545 2260 1610 sit

710 1656 780 1720 in
808 1656 985 1738 parte
1013 1652 1249 1717 animae
1273 1652 1622 1734 cognitiva.

793 1761 949 1826 Item
986 1760 1353 1826 reformatio
1397 1759 1698 1842 imaginis
1724 1761 1798 1823 flt
1827 1775 1942 1841 per
1967 1763 2099 1824 tres
2124 1759 2256 1824 vir-

714 1873 881 1934 tutes
928 1866 1365 1949 theologicas:
1405 1867 1515 1932 md
1543 1867 1769 1949 imago
1820 1884 1953 1930 non
2008 1871 2260 1932 tantum

715 1976 996 2043 consistit
1023 1976 1094 2040 in
1117 1975 1401 2061 potentia
1426 1975 1716 2039 affectiva
1736 2021 1757 2053 ,
1791 1992 2021 2039 verum
2063 1974 2262 2039 etiam

714 2085 783 2149 in
808 2084 1087 2170 potentia
1113 2082 1477 2165 cognitiva:
1509 2100 1668 2164 ergo
1686 2099 1946 2146 necesse
1972 2082 2260 2165 estquod

715 2193 929 2275 aliqua
955 2190 1159 2256 virtus
1186 2189 1538 2272 theologica
1562 2188 1864 2253 reformet
1902 2189 2260 2272 potentiam

716 2299 1107 2382 cognitivam
1146 2320 1162 2363 ε
1195 2316 1326 2362 non
1355 2300 1448 2362 est
1474 2299 1690 2363 autem
1725 2296 1917 2361 aliam
1945 2296 2120 2376 dare,
2140 2294 2263 2360 nisi

717 2408 954 2473 fldem:
1003 2405 1057 2470 si
1106 2422 1264 2487 ergo
1311 2404 1516 2469 virtus
1559 2407 1652 2468 est
1708 2403 1777 2467 in
1831 2421 1907 2467 ea
1955 2402 2263 2487 potentia,

718 2533 915 2598 quam
941 2514 1264 2593 reformat,
1292 2512 1545 2578 videtur
1573 2511 1746 2595 quod
1773 2511 1929 2576 fides
1951 2511 2029 2575 sit
2063 2511 2132 2575 in
2161 2528 2270 2593 po-

720 2621 919 2687 tentia
943 2621 1290 2703 cognitiva.

799 2729 961 2795 ltem
1004 2728 1075 2793 in
1116 2728 1338 2794 eadem
1379 2727 1442 2793 vi
1487 2729 1581 2792 est
1614 2726 1821 2794 virtus
1863 2725 2172 2808 gratuita,
2208 2729 2272 2789 et

722 2839 836 2903 dos
873 2836 966 2902 illi
1008 2836 1349 2902 succedens
1363 2837 1434 2901 in
1459 2835 1665 2918 gloria
1694 2856 1711 2899 τ
1745 2832 1856 2900 sed
1895 2832 2088 2912 visio,
2120 2850 2270 2915 quae

723 2943 1000 3010 succedit
1040 2942 1187 3008 ndei
1206 2991 1224 3021 ‚
1262 2946 1358 3008 est
1395 2944 1464 3007 in
1488 2941 1772 3026 potentia
1800 2939 2152 3022 cognitiva,
2183 2939 2268 3003 si·

725 3056 836 3118 cut
861 3051 1272 3117 manifestum
1297 3055 1392 3115 est
1434 3073 1450 3115 t
1491 3068 1672 3132 ergo,
1702 3052 1827 3113 etc.

806 3164 967 3230 Item
1012 3164 1079 3229 in
1129 3163 1241 3229 illa
1287 3163 1566 3247 potentia
1615 3161 1848 3226 animae
1914 3164 2007 3225 est
2063 3157 2274 3225 virtus

727 3275 1033 3356 tanquam
1063 3271 1129 3336 in
1155 3272 1466 3355 subjecto,
1497 3270 1668 3334 circa
1695 3270 1884 3351 cujus
1917 3268 2134 3331 actum
2158 3284 2272 3330 ex·

728 3379 920 3463 plicat
956 3379 1419 3457 difficultatem3
1456 3377 1714 3442 habitus
1755 3375 1931 3441 enim
1963 3373 2032 3437 in
2057 3392 2133 3438 ea
2159 3391 2275 3456 po-

730 3488 927 3557 tentia
952 3489 1316 3567 collocatur,
1347 3486 1428 3550 ad
1455 3486 1640 3568 cujus
1667 3500 1829 3566 opus
1855 3480 2177 3547 habilitat.
2210 3477 2280 3545 Si

732 3619 891 3685 ergo
917 3618 1031 3685 per
1064 3600 1257 3664 fldem
1291 3596 1648 3680 captivatur
1674 3592 2031 3659 intellectus
2067 3591 2138 3656 in
2163 3590 2281 3655 ob-

733 3709 1033 3793 sequium
1082 3707 1344 3785 Christi,
1374 3722 1532 3786 ergo
1576 3702 1733 3766 fides
1774 3699 2035 3782 expedit
2065 3702 2281 3764 actum

734 3814 937 3900 ipsius
989 3814 1290 3898 potentiae
1341 3810 1744 3876 intellectivae
1796 3830 1812 3874 ε
1855 3811 1950 3873 est
2008 3823 2167 3887 ergo
2216 3804 2285 3869 in

741 3924 881 4008 ipsa
907 3926 1214 4005 tanquam
1240 3921 1311 3984 in
1337 3919 1642 4002 subjecto.

532 4048 597 4093 Ad
616 4061 718 4105 opp.
828 4032 951 4098 Sed
978 4033 1235 4096 contra:
1259 4034 1318 4092 1.
1344 4026 1593 4092 Tullius
1618 4024 1935 4089 diffiniens
1954 4020 2286 4095 virtutem,

749 4140 900 4207 dicit
941 4137 1113 4223 quod
1152 4136 1358 4202 virtus
1399 4137 1494 4198 est
1542 4131 1801 4198 habitus
1841 4127 2284 4196 voluntarius:

749 4265 910 4332 ergo
933 4248 988 4312 si
1014 4244 1169 4312 fides
1194 4247 1291 4309 est
1315 4243 1542 4321 virtus,
1571 4244 1665 4305 est
1693 4237 1952 4304 habitus
1985 4237 2293 4301 volunta-

749 4356 885 4422 rius
914 4377 931 4419 ε
963 4353 1072 4419 sed
1103 4350 1360 4417 habitus
1396 4346 1800 4414 voluntarius
1838 4348 1934 4408 est
1960 4342 2030 4407 in
2058 4340 2293 4406 volun-

748 4467 878 4530 tate
915 4464 1224 4543 tanquam
1247 4457 1318 4521 in
1344 4455 1627 4539 subjecto
1660 4473 1677 4518 ι
1708 4470 1868 4534 ergo
1900 4454 1967 4515 et
1994 4448 2174 4513 fides.

832 4571 993 4635 Item
1035 4565 1478 4649 Augustinus,
1523 4561 1600 4627 de
1638 4559 1921 4625 moribus
1963 4553 2293 4634 Ecclesioe,

753 4681 1067 4747 virtutem
1092 4673 1433 4752 diffiniens,
1462 4669 1612 4735 dicit
1628 4675 1683 4747 ⁸,
1737 4666 1910 4750 quod
1937 4664 2144 4730 virtus
2166 4680 2300 4732 non

755 4792 850 4854 est
901 4784 1078 4852 aliud
1123 4797 1321 4866 quam
1368 4794 1550 4843 amor
1588 4774 1919 4842 ordinatus
1962 4790 1978 4836 ε
2028 4788 2187 4852 ergo
2246 4770 2301 4832 si

756 4895 967 4962 omnis
983 4891 1190 4959 virtus
1201 4891 1298 4954 est
1313 4902 1519 4966 amor,
1540 4882 1952 4949 essentialiter
1976 4876 2301 4961 loquendo

759 5003 971 5071 omnis
1009 4999 1221 5066 virtus
1256 4998 1352 5060 est
1389 4994 1459 5059 in
1499 5011 1577 5057 ea
1613 4989 1892 5075 potentia
1912 5036 1934 5070 ,
1982 4987 2169 5068 qu‘us
2207 4987 2303 5049 est

763 5128 978 5180 amare
1004 5129 1023 5176 ε
1052 5107 1163 5172 sed
1189 5105 1310 5169 hoc
1335 5105 1431 5167 est
1454 5100 1753 5186 potentiae
1795 5095 2103 5162 affectivae
2120 5143 2140 5172 ,
2170 5110 2303 5157 non

765 5217 1105 5305 cognitivae
1132 5237 1151 5283 ε
1181 5230 1337 5296 ergo
1389 5207 1599 5276 omnis
1643 5207 1850 5271 virtus
1873 5209 1967 5270 est
1992 5203 2060 5268 in
2086 5205 2304 5286 poten-

762 5331 851 5396 tia
872 5325 1187 5404 affectiva.
1412 5404 1419 5412 ι

824 5454 841 5491 ¹
871 5452 1029 5513 Rom„
1045 5461 1102 5513 x,
1128 5450 1203 5502 Π.
1222 5473 1280 5487 -
1297 5447 1320 5482 ⁸
1339 5448 1485 5507 Aug„
1504 5441 1564 5490 de
1582 5439 1759 5493 Horeb.
1782 5437 1964 5492 Eccles.
1986 5435 2121 5498 cath,
2141 5449 2188 5486 c.
2210 5445 2294 5496 xv,

1790 444 2415 514 SssNTENTmRUM
2451 444 2609 511 Lm.
2651 445 2759 511 m.

2435 579 2595 647 Item
2636 580 2943 666 magister
2976 583 3191 667 Engo,
3219 583 3287 649 in
3319 582 3486 648 libro
3545 581 3644 647 dc
3691 579 3912 646 Sacra·

2355 689 2592 757 meretis
2613 738 2634 769 ,
2662 688 2814 754 dicit
2848 691 3020 773 quod
3056 691 3127 755 in
3164 690 3400 755 affectu
3424 688 3590 754 fidei
3621 687 3916 751 sumtan-

2357 796 2448 861 tia
2473 797 2789 879 reperitur
2819 819 2834 861 :
2865 797 2973 863 sed
3017 798 3087 862 in
3126 816 3203 862 ea
3238 795 3528 880 potentia
3584 799 3694 859 est
3727 793 3922 858 virtus

2359 908 2667 987 tanquam
2697 902 2769 968 in
2792 905 3077 989 subjecto
3103 904 3386 990 propri0‚
3412 897 3484 967 in
3508 920 3663 986 quo
3686 900 3923 983 reperi-

2359 1016 2468 1076 tur
2510 1015 2654 1095 ejus
2687 1011 3081 1078 substantia:
3114 1012 3170 1076 si
3195 1030 3354 1094 ergo
3382 1010 3525 1075 haec
3560 1013 3674 1074 est
3705 1012 3925 1093 poten·

2361 1118 2450 1184 tia
2470 1119 2793 1198 affectiva,
2819 1118 3079 1184 videtur
3095 1167 3114 1198 ,
3144 1123 3267 1182 etc.

2445 1224 2601 1291 Item
2621 1227 2691 1293 in
2706 1227 2883 1292 nulla
2899 1226 3181 1311 potentia
3195 1229 3289 1292 est
3314 1226 3526 1291 virtus
3554 1222 3753 1303 fidei,
3787 1223 3948 1308 quae'

2364 1333 2560 1417 pow't
2597 1333 2777 1416 cogi,
2836 1333 3027 1417 quia,
3082 1332 3247 1399 sicut
3282 1333 3433 1398 dicit
3475 1330 3928 1414 Augustinus.

2366 1460 2516 1506 cum
2545 1446 2776 1507 caetera
2793 1442 2988 1526 possit
3003 1442 3200 1507 homo
3227 1442 3470 1522 nolens,
3489 1440 3779 1506 credere
3807 1456 3926 1501 non

2367 1552 2570 1632 potest
2610 1548 2735 1613 nisi
2774 1548 2999 1614 volens
3032 1571 3048 1611 ι
3094 1548 3207 1612 sed
3257 1548 3539 1631 potentia
3598 1545 3929 1628 cognitiva

2366 1658 2573 1740 potest
2608 1656 2752 1739 cogi
2787 1678 2803 1720 ε
2835 1674 2993 1738 ergo
3039 1656 3195 1720 fides
3243 1674 3372 1720 non
3409 1658 3631 1738 potest
3676 1671 3819 1717 esse
3869 1651 3928 1713 in

2368 1763 2648 1844 potentia
2666 1762 2993 1845 cognitiva
3022 1785 3037 1827 :
3070 1767 3134 1827 et
3157 1767 3251 1827 est
3276 1762 3346 1827 in
3378 1762 3680 1845 potentia
3711 1758 3930 1842 cogni·

2369 1870 2527 1951 tiva,
2554 1869 2657 1934 vel
2685 1871 2978 1936 affectiva
3007 1891 3024 1935 t
3057 1888 3237 1952 ergo,
3269 1874 3389 1934 etc.

2451 1974 2611 2040 Item
2656 1976 2724 2039 in
2768 1976 2880 2040 illa
2918 1976 3199 2059 potentia
3233 1981 3330 2040 est
3379 1975 3594 2040 virtus
3656 1973 3828 2037 sicut
3864 1971 3923 2034 in

2371 2082 2680 2166 subject0‚
2711 2101 2856 2167 quae
2886 2088 2980 2148 est
3009 2083 3396 2168 principium
3413 2086 3604 2147 actus
3625 2087 3694 2146 et
3721 2097 3929 2164 opera-

2374 2191 2564 2255 tionis
2590 2190 2683 2254 illi
2715 2190 2941 2256 virtuti
2968 2191 3197 2256 debitae
3227 2207 3244 2253 ε
3279 2189 3388 2254 sed
3416 2188 3645 2252 nullus
3677 2185 3928 2252 affientit

2373 2300 2625 2368 veritati
2656 2318 2787 2365 non
2827 2301 3007 2380 visae,
3057 2299 3180 2364 nisi
3230 2298 3382 2380 quia
3433 2297 3628 2362 vult:
3675 2313 3838 2376 ergo
3873 2293 3921 2354 si

2375 2407 2762 2492 principium
2812 2410 2990 2471 actus
3028 2404 3326 2470 credendi
3373 2403 3570 2467 habet
3632 2408 3852 2466 ortum
3892 2417 3926 2461 a

2377 2515 2736 2593 voluntale,
2774 2532 3028 2578 necesse
3062 2516 3158 2577 est
3202 2511 3394 2576 fldem
3424 2528 3560 2575 esse
3581 2511 3656 2573 in
3694 2528 3772 2573 ea
3795 2512 3925 2569 tan-

2376 2641 2573 2707 quam
2601 2622 2673 2686 in
2699 2621 2982 2703 subjecto
3012 2619 3295 2703 proprio,
3340 2616 3407 2683 Si
3453 2623 3526 2681 tu
3569 2617 3753 2680 dicas
3768 2610 3922 2696 quod

2378 2730 2572 2797 simul
2599 2730 2786 2796 estin
2812 2728 3134 2793 intellectu
3158 2729 3223 2790 et
3250 2723 3522 2801 affectu3
3558 2726 3791 2786 contra
3812 2718 3922 2781 hoc

2379 2841 2507 2919 est,
2561 2838 2712 2922 quia
2753 2853 2925 2902 unus
2967 2833 3224 2898 habitus
3256 2830 3531 2913 simplex
3569 2847 3715 2893 non
3745 2825 3924 2909 potest

2379 2965 2515 3011 esse
2554 2946 2634 3011 in
2662 2944 2915 3010 duabus
2951 2940 3248 3026 potentiis
3281 2957 3298 3003 ε
3329 2937 3440 3003 sed
3479 2934 3842 3018 cognitiva,
3868 2932 3922 2991 et

2380 3053 2672 3120 affectiva
2690 3102 2709 3133 ,
2739 3057 2888 3117 sunt
2922 3050 3191 3115 diversae
3234 3044 3536 3129 potentiae
3555 3091 3573 3121 ‚
3624 3044 3793 3107 sicut
3832 3054 3919 3100 os-

2379 3158 2638 3227 tensum
2679 3163 2775 3225 est
2809 3177 3004 3242 supra
3039 3158 3111 3221 in
3151 3153 3429 3220 secundo
3468 3151 3643 3216 libro
3668 3150 3692 3184 ⁸
3728 3168 3745 3212 z
3777 3161 3915 3226 ergo

2383 3272 2438 3337 si
2467 3269 2624 3335 fides
2668 3272 2762 3333 est
2808 3266 3070 3330 habitus
3118 3279 3290 3328 unus
3311 3310 3333 3342 ,
3365 3277 3497 3324 non
3540 3260 3755 3342 potest
3806 3267 3922 3316 esse

2387 3378 2585 3444 simul
2625 3378 2688 3440 et
2734 3373 2930 3438 semel
2979 3371 3047 3436 in
3082 3370 3206 3435 illis
3227 3367 3526 3453 potentiis
3554 3364 3832 3430 duabus
3859 3355 3921 3420 Et

2385 3487 2620 3551 iterum
2663 3501 2777 3566 per
2804 3482 2928 3546 hoc
2970 3497 3102 3545 non
3155 3476 3425 3541 solvitur
3446 3522 3466 3553 ,
3511 3472 3672 3556 quia
3720 3467 3909 3533 adhuc

2387 3593 2582 3657 restat
2623 3585 2890 3671 quaestio
2907 3633 2925 3663 ,
2954 3583 3024 3646 in
3051 3599 3181 3663 qua
3205 3579 3464 3643 illarum
3503 3573 3916 3659 potentiarum

2390 3697 2471 3763 sit
2496 3695 2705 3780 primo
2718 3696 2781 3758 et
2805 3686 3255 3775 principaliter,
3284 3685 3462 3767 quia,
3483 3682 3918 3766 quodcumque

2391 3805 2628 3870 horum
2657 3801 2862 3879 detur,
2883 3796 3182 3864 videntur
3199 3792 3458 3858 obviare
3486 3789 3769 3854 rationes
3787 3792 3914 3864 quae

2393 3914 2544 3978 sunt
2570 3909 2650 3975 ad
2676 3905 3032 3993 oppositam
3058 3904 3328 3986 partem.

2954 4082 3413 4155 CONCLUSIO.

2400 4228 2582 4300 Fides,
2635 4229 2698 4285 in
2740 4229 3004 4299 maantam
3038 4224 3215 4281 virtus
3250 4219 3564 4286 meritoria,
3604 4217 3782 4291 potest
3822 4206 3913 4264 did

2472 4318 2615 4392 quod
2632 4322 2708 4375 sit
2743 4320 2806 4374 in
2834 4318 2997 4374 libero
3024 4314 3292 4382 arbitri03
3335 4310 3428 4369 sed
3463 4312 3524 4365 in
3555 4309 3812 4378 quantum
3850 4296 3908 4354 αἱ

2471 4409 2691 4466 habitus
2721 4406 2941 4464 reddem
2971 4405 3277 4479 potentiam
3302 4400 3562 4472 facilem,
3600 4392 3829 4471 pertinet
3857 4379 3916 4439 Μ

2476 4499 2806 4557 intellectum
2828 4501 2878 4554 et
2901 4497 3255 4554 voluntatem.

2485 4660 2671 4744 Resp.
2702 4658 2782 4724 ad
2807 4675 2947 4738 arg.
2978 4654 3077 4720 Ad
3104 4651 3555 4738 praedictorum
3581 4642 3907 4721 intelligen·
3927 4656 4036 4716 ome

2406 4771 2565 4835 tiam
2594 4771 2691 4832 est
2714 4764 3069 4832 notandum
3097 4811 3115 4841 ‚
3146 4758 3317 4844 quod
3352 4757 3520 4823 circa
3558 4756 3686 4820 hoc
3717 4738 3906 4815 diversi

2408 4877 2660 4943 diversa
2685 4873 3041 4939 senserunt.
3073 4866 3347 4947 Quidam
3376 4863 3551 4928 enim
3578 4862 3777 4926 dicere
3812 4865 3905 4912 vo·

2407 4985 2695 5059 luerunt,
2724 4977 2895 5062 quod
2913 4976 3070 5042 fides
3089 4977 3183 5040 est
3205 4973 3278 5036 ‘m
3295 4969 3579 5055 potentia
3602 4958 3904 5049 cognitiva.

2410 5095 2472 5156 et
2495 5091 2568 5155 in
2597 5088 2919 5155 intellectu
2959 5080 3351 5168 speculativo
3387 5077 3738 5143 secundum
3770 5056 3904 5150 qu⁰d

2410 5202 2507 5264 est
2529 5195 2975 5282 speculativas.
3008 5191 3083 5259 Et
3105 5189 3267 5255 ratio
3300 5205 3528 5254 eorum
3544 5185 3777 5259 estista,
3788 5167 3906 5259 ‹1113ss

2412 5376 2465 5413 n.
2485 5364 2566 5482 25¹.
2587 5384 2649 5401 -
2664 5360 2688 5397 ⁸
2704 5357 2832 5410 Dist.
2870 5365 3052 5419 xxm,
3073 5356 3169 5405 art.
3189 5356 3239 5413 2,
3257 5364 3308 5417 q.
3339 5360 3379 5413 1,
3408 5352 3460 5400 et
3478 5347 3568 5399 lib.
3596 5347 3613 5397 Ι
3625 5383 3644 5411 ,
3667 5345 3773 5398 dist·
3807 5341 3898 5385 ΠΝ*

2415 5437 2510 5488 art.
2579 5466 2595 5495 ,
2621 5444 2671 5497 q.
2694 5439 2730 5481 1.
