4185 6288
1287 494 1485 562 msT.
1528 492 1692 561 xm.
1737 491 1920 560 ΛΒΤ.
1965 494 2016 560 1.
2060 490 2367 572 QUAEST.
2415 494 2495 560 11.

303 634 930 715 siergoeseelleum
977 637 1073 698 est
1108 634 1353 699 bonum
1396 631 1837 711 infinitum,et

302 743 503 823 majus
553 740 626 804 in
672 740 999 806 infinitum
1044 745 1140 805 est
1172 758 1309 805 esse
1361 738 1586 815 Deum,
1636 757 1836 821 quam

299 849 525 913 habere
547 848 777 928 Deum,
809 847 1060 914 videtur
1084 846 1256 931 quod
1288 845 1499 929 gratia
1527 845 1695 910 illius
1719 844 1838 910 ho-

301 955 587 1020 minissit
611 956 864 1020 infinita
887 955 957 1019 in
975 974 1064 1035 se,
1090 959 1155 1019 et
1166 954 1338 1038 quod
1357 970 1582 1019 omnes
1597 953 1839 1035 gratias

298 1063 364 1126 in
390 1062 722 1127 infinitum
745 1061 1030 1128 excedat.

375 1174 436 1234 6.
467 1169 651 1249 ltem,
681 1171 898 1234 anima
924 1170 1154 1236 Christi
1190 1174 1305 1235 aut
1333 1173 1538 1253 potest
1568 1168 1841 1252 amplio-

295 1296 436 1343 rem
472 1278 753 1359 gmtiam
780 1277 1157 1356 desiderare,
1190 1282 1303 1342 aut
1339 1295 1469 1341 non
1507 1298 1523 1342 ε
1557 1276 1611 1341 si
1639 1279 1843 1360 potest

293 1384 648 1450 desiderare
667 1385 1046 1468 ampliorem
1072 1385 1374 1465 gratiam,
1401 1402 1559 1467 ergo
1580 1383 1842 1462 {videtur

295 1491 469 1574 qnod
493 1509 630 1556 non
655 1491 738 1556 sit
763 1492 1060 1575 perfecta,
1090 1511 1241 1557 cum
1268 1493 1325 1556 ei
1352 1492 1549 1576 possit
1569 1492 1709 1556 fleri
1735 1493 1843 1557 ad-

297 1598 492 1676 ditio;
525 1599 581 1662 si
623 1616 758 1665 non
809 1603 1035 1682 potest,
1070 1617 1222 1663 cum
1267 1615 1425 1682 ergo
1455 1599 1633 1663 omni
1663 1599 1843 1664 finito

298 1704 498 1788 possit
510 1704 753 1787 aliquid
772 1708 984 1788 majus
999 1705 1362 1786 desiderari,
1395 1706 1647 1772 videtur
1670 1708 1843 1790 quod

301 1814 445 1895 ejus
471 1811 688 1893 gratia
711 1811 793 1875 sit
806 1812 1138 1878 immensa.

82 1946 275 1991 rua-n.
384 1919 510 1985 Sed
536 1924 799 1986 contra:
826 1921 1030 1987 Omne
1055 1927 1339 1987 creatum
1381 1922 1573 1987 habet
1599 1929 1844 1989 certum

311 2029 595 2113 pondus,
642 2047 990 2095 numerum
1008 2077 1027 2106 ,
1057 2035 1122 2094 et
1173 2048 1540 2095 mensuram
1560 2079 1577 2107 ,
1611 2049 1846 2096 secun-

304 2137 465 2202 dnm
488 2136 653 2201 illud
678 2137 850 2219 quod
874 2136 1106 2201 dicitur
1134 2137 1285 2218 Sap.
1317 2156 1385 2201 xi
1406 2136 1425 2170 ¹
1454 2155 1472 2200 ε
1503 2138 1613 2202 sed
1640 2138 1849 2220 gratia

307 2244 484 2309 illius
527 2243 850 2320 hominis,
878 2242 1117 2308 scilicet
1150 2243 1417 2322 Christi,
1453 2250 1551 2309 est
1587 2248 1842 2311 creata:

305 2370 502 2434 ergo,
528 2356 651 2416 ete-

388 2459 572 2540 Item,
601 2459 901 2542 quamvis
921 2460 1132 2543 gratia
1158 2479 1288 2526 non
1316 2480 1565 2546 semper
1591 2481 1850 2546 respon-

305 2571 452 2635 deat
472 2567 875 2633 naturalibus
897 2586 1007 2652 per
1035 2570 1485 2653 aequalitatem,
1516 2571 1853 2655 respondet

307 2683 524 2744 tamen
550 2677 912 2743 secundum
926 2677 1203 2743 debitam
1223 2679 1718 2762 proportionem,
1741 2679 1851 2744 ubi

307 2806 445 2852 non
468 2790 567 2852 est
581 2786 863 2851 detectus
882 2805 921 2850 a
934 2790 1111 2867 parte
1132 2787 1531 2869 suscipientis
1566 2810 1582 2853 ε
1606 2789 1716 2853 sed
1734 2806 1848 2852 na·

309 2896 546 2962 ruralia
591 2894 824 2960 Christi
863 2912 994 2959 non
1016 2899 1169 2958 sunt
1213 2894 1487 2974 infinita,
1520 2915 1635 2960 nec
1661 2914 1851 2961 exce-

310 3005 477 3070 dunt
491 3004 557 3067 in
576 2988 905 3066 infinitum
933 3001 1247 3067 naturalia
1271 3002 1613 3085 cujuslibet
1637 3002 1853 3069 homi-

310 3114 418 3179 nis
436 3135 453 3180 :
473 3129 638 3195 ergo
668 3128 786 3176 nec
803 3111 1106 3194 gratuita.

393 3221 553 3286 Item
598 3219 882 3284 infinitas
907 3220 978 3283 in
1002 3224 1294 3285 creatura
1324 3220 1487 3287 tollit
1521 3222 1765 3287 bonum
1791 3225 1856 3287 et

311 3330 790 3414 perfectionem,
818 3328 974 3410 quia
997 3328 1167 3410 quod
1184 3332 1278 3392 est
1304 3329 1652 3408 infinitum,
1686 3333 1854 3394 caret

312 3440 442 3503 fine
487 3442 552 3502 et
590 3436 867 3500 termino
898 3456 913 3500 t
945 3454 1102 3517 ergo
1155 3437 1455 3516 bonitate,
1486 3443 1552 3502 et
1576 3439 1856 3522 comple-

313 3552 554 3612 mento.
586 3544 712 3610 Sed
736 3545 945 3626 gratia
962 3545 1190 3609 Christi
1216 3546 1358 3609 haec
1377 3547 1506 3611 duo
1534 3548 1855 3629 praecipue

311 3658 583 3723 hahuit:
618 3672 778 3737 ergo
805 3654 1062 3720 videtur
1093 3655 1265 3738 quod
1287 3655 1561 3720 conditio
1598 3656 1859 3720 finitatis

313 3766 407 3831 illi
427 3762 753 3848 praecipue
775 3765 1112 3843 competat.

397 3872 557 3937 Item
612 3870 864 3935 infinito
889 3869 1052 3935 nihil
1096 3873 1350 3954 majus:
1382 3888 1540 3952 ergo
1570 3870 1624 3934 si
1651 3871 1859 3954 gratia

316 3982 570 4060 Christi,
611 3980 969 4045 secundum
1019 3978 1190 4061 quod
1241 3979 1459 4058 hom0,
1491 3983 1654 4044 esset
1706 3980 1859 4044 infi-

317 4095 474 4173 nita,
529 4092 741 4174 gratia
790 4092 1071 4154 increata
1107 4107 1240 4153 non
1281 4091 1444 4152 esset
1471 4091 1675 4171 major
1705 4088 1858 4153 illa:

316 4219 477 4281 ergo
500 4198 758 4266 Creator
781 4201 843 4261 et
861 4199 1153 4261 creatura
1169 4200 1580 4278 aequarentur
1597 4196 1665 4259 in
1684 4197 1863 4261 nobi-

318 4308 493 4372 litate
508 4309 575 4371 et
592 4303 967 4370 excellentia
988 4324 1004 4368 ι
1033 4303 1207 4386 quod
1229 4303 1284 4367 si
1310 4303 1432 4367 hoc
1456 4308 1553 4368 est
1574 4304 1865 4386 impomi-

317 4414 467 4492 hile,
490 4416 707 4493 restat,
736 4415 856 4476 etc.

3363 502 3485 564 281

1944 628 2191 707 collata,
2217 632 2568 697 secundum
2603 635 2779 717 quod
2809 640 2904 700 est
2943 634 3293 716 singularis
3344 653 3492 717 per-

1944 754 2102 801 sona
2147 737 2216 801 in
2240 756 2331 814 se,
2362 740 2453 804 sic
2503 759 2654 806 cum
2701 744 2866 808 dicat
2903 744 3153 807 donum
3181 747 3493 823 creatum,

1945 846 2301 910 necessario
2328 848 2587 913 finitum
2617 856 2712 915 est
2749 857 2813 916 et
2843 853 3327 916 mensuratum¹
3366 874 3381 915 ε
3412 853 3497 914 fl-

1945 952 2118 1017 nitas
2158 953 2334 1017 enim
2392 959 2456 1020 et
2489 959 2882 1022 mensuratio
2932 957 3101 1022 circa
3140 961 3497 1022 creaturam

1947 1061 2158 1148 potius
2185 1061 2409 1126 dicunt
2433 1065 2994 1148 complementum,
3015 1083 3213 1148 quam
3258 1066 3495 1148 imper-

1947 1168 2299 1232 fectionem.
2358 1170 2427 1234 Si
2477 1176 2694 1236 autem
2744 1173 3085 1256 loquamur
3126 1172 3203 1236 de
3260 1171 3367 1236 illa
3432 1172 3498 1235 in

1948 1275 2419 1358 comparatione
2447 1277 2528 1341 ad
2554 1280 2792 1360 gratias
2825 1279 3102 1344 aliorum
3128 1278 3498 1357 hominum,

1949 1382 2040 1446 sic
2137 1382 2851 1466 improportionabiliter
2930 1383 3177 1449 excedit
3259 1383 3502 1447 ratione

1950 1491 2213 1555 unionis
2236 1492 2318 1556 ad
2362 1510 2701 1574 personam
2733 1492 2944 1569 Verbi,
2977 1493 3055 1556 ad
3082 1509 3278 1575 quam
3312 1491 3501 1556 unio-

1950 1616 2101 1662 nem
2147 1598 2357 1680 gratia
2402 1599 2511 1663 illa
2561 1600 2871 1683 disposuit
2895 1601 3178 1664 animam
3222 1598 3450 1662 Christi
3481 1618 3498 1663 :

1951 1707 2166 1788 gratia
2231 1708 2407 1773 enim
2478 1709 2588 1774 illa
2650 1716 2909 1794 propter
2986 1709 3499 1792 conjunctionem

1952 1832 2278 1879 summam
2304 1835 2454 1880 cum
2476 1814 2686 1882 Verbo
2722 1822 2965 1882 aeterno
2988 1817 3182 1881 habet
3203 1815 3507 1881 excedere

1953 1920 2022 1985 in
2048 1922 2377 1987 infinitum
2416 1929 2480 1989 et
2508 1925 3235 1991 incommensurabiliter
3267 1924 3507 2006 gratias

1954 2028 2229 2094 aliorum
2280 2031 2625 2097 hominum
2652 2033 3004 2115 tripliciter,
3035 2032 3270 2096 scilicet
3293 2049 3504 2113 quan-

1955 2138 2100 2199 tum
2149 2137 2231 2201 ad
2280 2138 2597 2203 virtutum
2644 2140 2924 2217 habitus,
2955 2142 3019 2203 et
3066 2142 3380 2221 quantum
3426 2137 3505 2201 ad

1955 2263 2139 2324 usus,
2168 2250 2232 2309 et
2259 2250 2578 2328 quantum
2604 2247 2686 2311 ad
2715 2247 2998 2312 effectus.
3054 2246 3377 2323 Quantu‘m
3425 2243 3506 2307 ad

1956 2352 2217 2419 habitus
2270 2376 2285 2418 ε
2320 2372 2679 2437 numquam
2729 2355 2903 2418 enim
2949 2353 3165 2435 aliqua
3215 2355 3509 2415 creatura

1960 2465 2166 2544 potest
2192 2464 2444 2524 tantum
2474 2461 2803 2542 proficere,
2822 2459 2995 2541 quod
3023 2463 3156 2522 tam
3188 2457 3417 2521 nobilis
3445 2462 3509 2522 et

1958 2568 2217 2651 perfecti
2242 2568 2499 2632 habitus
2536 2567 2618 2630 sit
2667 2585 2891 2648 capax,
2913 2566 3077 2630 sicut
3107 2565 3324 2629 anima
3347 2582 3506 2640 con,-

1949 2677 2177 2759 juncta
2204 2675 2328 2738 Deo
2354 2675 2421 2737 in
2448 2674 2690 2739 unitate
2719 2690 3030 2756 personae.
3075 2672 3400 2749 Quantum
3427 2672 3508 2737 ad

1961 2799 2116 2846 usus
2142 2780 2480 2859 virtutum,
2502 2780 2656 2862 quia
2683 2798 2906 2844 omnes
2934 2776 3508 2844 virtutesinChris—

1959 2893 2027 2953 to
2052 2888 2416 2953 hahuerunt
2439 2905 2598 2952 usus
2616 2906 2789 2967 suos,
2820 2887 2934 2970 qui
2960 2890 3245 2970 spectant
3260 2886 3342 2950 ad
3360 2903 3506 2967 per-

1959 2997 2335 3060 fectionem:
2367 2999 2431 3060 et
2454 2999 2786 3079 propterea
2812 2994 3109 3058 dicuntur
3127 2991 3320 3056 fuisse
3346 2992 3509 3057 ineo

1960 3121 2186 3170 omnes
2215 3120 2459 3181 sensus,
2475 3101 2632 3187 quia
2658 3120 2853 3167 usum
2871 3101 3096 3167 hahuit
3122 3099 3509 3184 completum

1962 3211 2253 3278 omnium
2272 3212 2590 3277 donorum
2616 3211 3044 3277 excellentiori
3067 3211 3284 3289 modo,
3310 3229 3511 3293 quam

1963 3337 2274 3403 umquam
2327 3318 2535 3383 adhuc
2585 3318 2865 3402 pertingi
2920 3318 3115 3400 possit
3144 3316 3225 3379 ab
3269 3316 3507 3398 aliquo.

1963 3429 2289 3506 Quantum
2315 3425 2396 3489 ad
2422 3426 2718 3491 effectum
2733 3425 3025 3488 similiter
3047 3423 3499 3504 improporti00

1962 3536 2260 3627 nabiliter
2274 3533 2522 3599 excedit
2546 3533 2754 3615 gratia
2786 3532 3036 3611 Christi,
3068 3531 3219 3612 quia
3248 3534 3513 3613 propter

1963 3643 2086 3707 hoc
2112 3642 2282 3725 quod
2308 3641 2412 3705 ille
2438 3641 2630 3705 homo
2651 3644 2786 3727 erat
2816 3639 2928 3703 Dei
2961 3638 3185 3714 Filius,
3206 3638 3512 3702 meritum

1964 3750 2473 3831 illiussspensatur
2522 3746 2875 3811 secundum
2916 3745 3297 3828 dignitatem
3336 3745 3514 3809 illius

1965 3873 2275 3940 personae,
2307 3874 2346 3919 a
2379 3874 2508 3937 qua
2533 3855 2666 3918 exit
2688 3870 2851 3936 opus
2885 3876 2899 3917 ε
2931 3856 2993 3916 et
3018 3855 3353 3934 propterea
3378 3869 3507 3915 me-

1966 3965 2165 4028 ritum
2190 3962 2496 4046 passionis
2517 3979 2653 4026 suae
2671 3962 2746 4024 in
2766 3962 3091 4024 infinitum
3110 3959 3355 4023 excedit
3376 3976 3513 4023 me-

1968 4072 2090 4136 rita
2116 4070 2483 4154 passionum
2504 4072 2871 4133 nostrarum
2901 4090 2915 4132 :
2962 4070 3025 4131 et
3050 4066 3133 4130 oh
3176 4064 3298 4130 hoc
3341 4067 3515 4148 quod

1969 4180 2136 4244 Deus
2150 4181 2308 4254 erat,
2327 4195 2498 4241 mors
2515 4178 2655 4258 ejus
2671 4179 2932 4258 pensata
2951 4174 3070 4238 fuit
3089 4193 3129 4238 a
3150 4173 3299 4252 Deo,
3316 4191 3517 4255 quan-

1970 4289 2075 4351 tus
2100 4289 2236 4350 erat
2262 4284 2365 4348 ille
2418 4283 2530 4365 qui
2580 4282 2992 4347 moriebatur.
3015 4280 3111 4360 ,Et
3141 4280 3281 4345 ideo
3305 4299 3516 4363 quan-

1968 4399 2111 4459 tum
2129 4393 2208 4457 ad
2234 4391 2699 4471 sufficientiam,
2726 4389 2780 4454 si
2808 4389 3062 4453 infinita
3090 4387 3291 4452 millia
3307 4387 3516 4450 homi-

1854 4544 1860 4555 ·
1972 4520 2135 4565 num
2161 4503 2368 4565 essent
2389 4504 2573 4564 reatu
2620 4497 2952 4579 originalis
2989 4496 3264 4574 astricta,
3294 4513 3406 4578 per
3438 4494 3518 4558 il-

861 4592 1309 4661 CONCLUSIO.

322 4739 524 4799 Gratia
546 4753 665 4810 quoe
688 4739 807 4805 Mt
831 4738 895 4792 in
926 4735 1161 4804 Christo,
1206 4738 1267 4791 in
1290 4736 1469 4808 scipsa
1496 4736 1860 4805 considerata,

396 4824 636 4880 absolute
659 4824 777 4892 fuit
805 4823 1009 4892 finium
1038 4820 1182 4893 quod
1206 4824 1259 4877 si
1285 4824 1347 4877 in
1370 4824 1767 4894 comparatione
1794 4824 1870 4880 ad

389 4918 598 4985 matins
622 4914 860 4969 aliorum
884 4910 1267 4975 consideratur,
1291 4915 1516 4983 propter
1541 4912 1868 4983 conjunctio-

397 5020 514 5060 nem
539 5020 657 5061 mem
685 5003 861 5060 Verbo
880 5004 1060 5074 potest
1086 5000 1199 5056 dici
1216 5002 1461 5071 infinita.

405 5163 586 5248 Resp.
633 5164 717 5229 ad
779 5180 921 5244 arg.
999 5161 1349 5226 Dicendum
1403 5161 1576 5244 quod
1624 5161 1867 5244 aliquid

324 5291 625 5338 mensura
649 5286 894 5349 carere,
910 5269 1048 5334 sive
1063 5268 1452 5334 immensum
1470 5287 1627 5349 esse,
1656 5270 1869 5352 dupli-

323 5381 478 5445 citer
504 5384 598 5446 est
628 5402 646 5444 z
688 5377 796 5445 vel
847 5375 1135 5442 absolute
1159 5376 1232 5440 in
1256 5394 1351 5454 se,
1379 5377 1485 5442 vel
1509 5378 1580 5441 in
1606 5396 1863 5461 compa-

324 5488 584 5556 ratione.
615 5488 688 5556 Si
714 5502 881 5569 ergo
908 5484 1252 5568 loquamur
1277 5485 1356 5549 de
1382 5484 1592 5567 gratia
1624 5484 1869 5552 Christo

1971 4608 2096 4673 IIus
2146 4607 2454 4690 passionis
2475 4607 2775 4671 effectum
2799 4604 3150 4688 potuiSsent
3190 4619 3325 4666 esse
3352 4601 3510 4665 libe-

1973 4720 2132 4780 rata.
2166 4715 2648 4781 Concedendum
2702 4716 2799 4776 est
2847 4729 3028 4792 ergo,
3077 4709 3247 4792 quod
3307 4709 3519 4791 gratia

1975 4826 2222 4905 Christi,
2250 4824 2602 4889 secundum
2631 4860 2649 4901 ³„
2656 4821 2828 4903 quod
2858 4821 3074 4900 hom0,
3103 4823 3197 4883 est
3245 4819 3428 4883 finita
3458 4823 3523 4884 et

1974 4935 2363 5009 mensurata,
2394 4930 2545 5012 quia
2576 4932 2785 4993 creata
2802 4930 2898 4991 est
2923 4927 2992 4990 in
3020 4944 3317 5003 numero,
3350 4945 3520 5009 pon-

1975 5041 2125 5106 dere
2151 5043 2213 5105 et
2242 5055 2581 5114 mensura3
2612 5039 2676 5100 et
2701 5035 3119 5100 concedendae
3151 5036 3303 5099 sunt
3328 5034 3522 5100 ratio-

1976 5166 2090 5213 nes
2109 5147 2190 5211 ad
2211 5150 2460 5230 partem
2484 5144 2696 5206 istam.

2056 5259 2116 5318 1.
2169 5253 2267 5317 Ad
2296 5250 2456 5315 illud
2495 5248 2668 5333 quod
2709 5247 3010 5330 objicitur
3054 5246 3285 5330 primo,
3337 5246 3513 5330 quod

2039 5416 2054 5450 ¹
2088 5416 2229 5478 Sap„
2260 5425 2345 5475 n,
2373 5415 2452 5464 21.
2475 5437 2538 5448 —
2557 5412 2578 5447 ⁸
2604 5411 2724 5462 Haec
2750 5408 3003 5474 approbat
3053 5407 3108 5461 S.
3148 5406 3368 5460 Thomas
3385 5443 3403 5471 ,
3430 5405 3521 5467 111,

1979 5501 2031 5553 q.
2056 5498 2155 5551 vu,
2175 5489 2274 5536 art.
2316 5487 2365 5536 2.
3042 5517 3047 5521 .
