4185 6288
1486 445 1867 514 nls‘rmc‘r.
1909 443 2067 510 xlx.
2107 440 2291 508 ΛΒΤ.
2334 441 2415 507 11.

347 587 539 652 habet
590 586 729 651 fleri
777 588 845 650 18
909 591 1306 653 sacramento
1363 582 1781 667 baptismatis.
1838 579 1896 644 A

349 713 535 778 poena
565 698 805 760 aeterna
834 712 952 760 nos
977 694 1205 759 liberat
1226 691 1554 757 liberando
1585 709 1624 754 a
1653 688 1841 772 eulpa
1873 708 1891 752 ε

348 803 505 867 (1881
533 802 708 867 enim
729 821 842 886 per
856 804 1216 887 passionem
1235 800 1461 866 Christi
1479 798 1664 863 nobis
1683 797 1898 879 gratia

348 909 749 992 impetratur,
768 930 880 993 per
897 929 1093 993 quam
1122 910 1309 993 08198
1326 907 1691 984 dimittitur,
1711 903 1899 968 nobis

348 1016 635 1083 debitum
693 1037 903 1101 poenae
963 1021 1222 1082 aeternae
1274 1016 1498 1080 mortis
1547 1014 1892 1077 relaxatur.

349 1119 598 1189 Liberat
622 1125 817 1190 etiam
844 1145 884 1189 a
917 1144 1108 1209 poena
1126 1174 1147 1205 ‚
1189 1142 1337 1208 quae
1380 1122 1662 1206 quodam
1706 1119 1896 1184 modo

349 1235 445 1295 est
486 1232 655 1296 inter
685 1237 1028 1315 utramque
1074 1249 1412 1315 poenarum
1452 1231 1722 1293 istarum
1759 1244 1894 1290 me-

351 1336 476 1417 dia,
506 1357 657 1421 quae
686 1339 947 1422 quidem
960 1340 1347 1404 estearentia
1372 1337 1640 1404 visionis
1658 1336 1897 1401 divinae

349 1462 431 1509 ex
462 1447 693 1511 merito
717 1446 956 1529 9000811
980 1446 1138 1510 Adae
1169 1468 1185 1510 t
1221 1450 1286 1510 et
1315 1445 1423 1509 illa
1448 1444 1705 1526 quidem
1721 1491 1738 1522 ,
1778 1441 1899 1506 etsi

351 1551 541 1616 fuerit
565 1551 647 1616 ad
673 1556 928 1636 tempus
954 1561 1214 1636 propter
1260 1552 1535 1634 gratiam
1580 1553 1898 1633 repertam

352 1658 420 1720 iu
460 1658 574 1738 eis,
615 1660 725 1741 qui
757 1660 1204 1725 detinebantur
1246 1660 1315 1723 18
1354 1659 1586 1737 limbo;
1644 1657 1901 1722 deberet

350 1766 565 1829 tamen
606 1765 844 1831 habere
886 1768 1307 1832 aeternitatem
1345 1767 1563 1831 habito
1609 1769 1899 1847 respectu

348 1870 427 1934 ad
483 1870 739 1953 eulpam
801 1873 981 1938 Adae.
1059 1872 1236 1938 Unde
1301 1878 1897 1955 quantumcumque

349 1978 555 2060 passio
599 1978 793 2044 dilata
831 1986 1014 2059 esset,
1057 1981 1278 2045 divina
1312 1979 1653 2062 praesentia
1678 1979 1900 2043 fuisset

348 2085 440 2150 eis
468 2088 811 2170 subtracta,
844 2090 964 2153 nisi
979 2090 1145 2155 Deus
1162 2089 1592 2154 adinvenisset
1617 2087 1898 2171 aliquam

349 2193 522 2257 viam
575 2216 589 2257 :
630 2199 694 2260 et
729 2196 811 2260 ab
852 2195 974 2260 hae
1011 2216 1202 2280 poena
1244 2197 1497 2261 liberati
1525 2214 1751 2259 sumus
1784 2212 1899 2278 per

350 2301 709 2381 passionem
755 2302 982 2366 Christi
1026 2326 1042 2367 ε
1090 2309 1155 2368 01
1198 2305 1287 2368 sie
1324 2308 1524 2387 patet,
1568 2302 1741 2384 quod
1784 2320 1899 2383 per

344 2424 608 2472 omnem
626 2410 892 2474 modum
913 2429 1141 2477 verum
1163 2416 1259 2475 est
1280 2411 1638 2493 passionem
1669 2409 1899 2476 Christi

347 2516 669 2581 efficacem
707 2535 844 2581 esse
879 2518 960 2581 ad
1020 2517 1425 2582 liberandum
1471 2536 1589 2583 nos
1631 2536 1671 2581 a
1710 2535 1896 2598 poena

348 2624 618 2704 peecati;
671 2629 735 2689 et
789 2626 1102 2706 rationeS,
1158 2643 1309 2709 quae
1361 2625 1485 2689 hoo
1529 2623 1894 2702 ostendunt,

348 2730 767 2796 eoncedendae
792 2737 966 2797 sunt.

432 2843 492 2901 ί.
523 2837 621 2901 Ad
646 2838 802 2903 illud
845 2858 1000 2904 vero
1039 2839 1213 2922 quod
1255 2839 1464 2921 primo
1498 2839 1796 2921 objicitur
1830 2838 1899 2904 in

349 2946 767 3025 eontrarium,
799 2947 968 3029 quod
996 2947 1377 3011 resurrectio
1418 2945 1643 3011 Christi
1673 2948 1899 3010 80511-

356 3051 534 3115 berat
560 3070 599 3115 a
617 3070 808 3135 poena
834 3054 1071 3135 magis,
1092 3072 1291 3137 quam
1306 3054 1533 3137 passi0‚
1550 3053 1894 3119 dicendum

349 3159 555 3241 quod,
601 3161 763 3225 sieut
798 3179 995 3243 supra
1029 3161 1272 3225 dietum
1309 3161 1430 3225 fuit
1471 3160 1549 3226 de
1589 3163 1899 3242 385111108-

348 3265 541 3347 11080,
583 3269 756 3350 quod
794 3270 1165 3351 justificatio
1206 3272 1410 3351 potest
1450 3270 1712 3334 attribui
1752 3290 1896 3353 pas-

350 3373 515 3438 sioni
537 3375 782 3440 ratione
810 3377 1066 3440 termini
1088 3394 1128 3440 a
1162 3394 1291 3459 quo
1309 3425 1327 3457 ,
1373 3377 1607 3442 scilieet
1649 3379 1898 3444 ratione

347 3481 688 3547 amotionis
718 3483 892 3563 mali,
922 3489 986 3548 et
1013 3485 1458 3549 resurrectioni
1485 3487 1731 3551 ratione
1766 3491 1897 3552 ter-

348 3587 511 3653 mini
556 3591 636 3655 ad
682 3610 908 3674 quem,
951 3593 1189 3657 scilicet
1239 3595 1485 3659 ratione
1540 3595 1898 3661 collationis

347 3696 502 3762 boni
531 3721 547 3761 :
575 3698 667 3763 sie
692 3700 884 3764 etiam
912 3700 1308 3781 glorificatio,
1342 3720 1491 3785 quae
1532 3708 1627 3767 est
1665 3703 1897 3769 libera-

348 3803 439 3867 tio
463 3822 504 3866 a
530 3821 723 3886 poena
763 3808 827 3869 et
869 3806 1151 3886 miseria,
1197 3807 1455 3890 utrique
1497 3813 1703 3892 potest
1726 3810 1896 3875 attri-

347 3909 499 3989 bui3
531 3912 776 3976 ratione
800 3917 1017 3977 tamen
1044 3913 1434 3979 liberationis
1455 3935 1496 3979 a
1523 3934 1714 3999 poena
1729 3964 1748 3996 ,
1780 3937 1897 4002 po-

349 4016 481 4081 tius
503 4019 876 4084 attribuitur
898 4020 1200 4101 passioni.

429 4129 490 4190 2.
512 4127 609 4191 Ad
634 4127 796 4191 illud
820 4145 976 4192 vero
1005 4128 1177 4211 quod
1195 4128 1514 4210 objicitur,
1543 4133 1717 4214 quod
1750 4152 1893 4216 pas-

351 4233 445 4298 sio
474 4233 705 4298 Christi
730 4235 976 4318 praebet
998 4235 1182 4299 nobis
1208 4234 1578 4318 exemplum
1616 4240 1896 4320 patiendi

350 4345 416 4407 et
435 4343 884 4425 compatiendi,
925 4342 1267 4409 dicendum
1313 4344 1486 4426 quod
1525 4346 1643 4410 etsi
1685 4349 1895 4429 passio

351 4447 584 4513 Christi
653 4449 879 4514 liberet
934 4468 977 4514 a
1035 4469 1261 4533 poena,
1330 4469 1463 4517 non
1522 4456 1739 4519 tamen
1811 4458 1894 4521 ab

351 4556 528 4620 omni
574 4574 766 4639 poena
840 4579 856 4621 ε
914 4557 1141 4622 liberat
1195 4558 1369 4622 enim
1440 4577 1480 4623 a
1533 4577 1727 4641 poena
1771 4581 1893 4645 09-

351 4661 663 4745 pressiva;
717 4664 824 4728 sed
866 4682 997 4730 non
1048 4666 1276 4731 liberat
1313 4684 1353 4730 a
1405 4683 1596 4749 poena
1632 4687 1891 4752 promo-

352 4772 506 4836 tiva.
552 4770 628 4835 Et
668 4772 967 4854 quoniam
1019 4792 1241 4856 poena,
1283 4774 1353 4838 18
1393 4792 1524 4856 qua
1565 4783 1897 4842 exercetur

354 4879 655 4961 patientia
673 4926 694 4959 ,
741 4884 804 4943 et
843 4879 1271 4944 misericordia
1293 4929 1312 4960 ,
1356 4882 1490 4945 sive
1535 4884 1756 4965 pietas,
1800 4891 1898 4950 est

326 4986 743 5067 -promotiva;
787 4985 930 5051 ideo
974 4987 1182 5069 passio
1219 4988 1449 5051 Christi
1484 4989 1567 5053 ab
1602 4991 1713 5056 1118
1763 5010 1896 5057 808

350 5091 598 5173 liberat,
654 5093 764 5159 sed
804 5093 888 5158 ad
926 5094 1105 5159 illam
1154 5095 1418 5175 animat,
1446 5102 1515 5161 et
1553 5098 1896 5166 animando

424 5220 440 5255 ¹
463 5218 481 5267 1
508 5218 645 5281 Cor„
674 5229 763 5281 xv,
786 5222 866 5270 26.

3433 452 3555 520 us

2006 577 2155 641 facit
2179 581 2255 641 ut
2282 595 2471 660 poena
2505 580 2614 645 illa
2641 601 2774 648 non
2800 586 2995 667 possit
3022 585 3406 668 opprimere,
3437 605 3557 651 800

2006 684 2353 767 praevalere
2381 708 2396 749 :
2428 690 2493 750 et
2521 688 2641 753 isto
2671 690 2863 755 modo
2891 696 3100 773 posset
3122 693 3248 756 dici
3274 695 3555 776 quodam

2006 791 2197 856 modo
2223 791 2491 857 liberare
2525 796 2607 859 ab
2629 796 2738 861 illo
2777 815 3017 878 genere
3057 816 3290 881 poenae,
3322 819 3455 865 non
3483 806 3557 865 ut

2006 917 2138 962 non
2159 898 2423 980 affligat,
2456 902 2560 964 sed
2585 906 2657 966 ut
2684 922 2815 966 non
2843 907 3206 986 praevaleat.

2089 1011 2150 1070 3.
2192 1006 2292 1069 Ad
2327 1006 2482 1072 illud
2537 1009 2710 1091 quod
2761 1011 3082 1093 objicitur,
3126 1013 3299 1096 quod
3344 1014 3554 1094 passio

2008 1111 2238 1178 Christi
2268 1133 2400 1179 non
2426 1115 2652 1181 liberat
2691 1137 2731 1181 a
2767 1137 2957 1200 poena
2999 1121 3423 1202 poenitentiae,
3453 1122 3551 1185 di-

2007 1221 2282 1284 cendum
2309 1223 2478 1304 quod
2509 1224 2639 1288 imo
2667 1244 2784 1290 nos
2823 1227 3089 1307 liberat,
3118 1232 3433 1311 quantum
3460 1233 3556 1294 est

2006 1325 2087 1390 de
2112 1345 2215 1406 se3
2247 1328 2420 1410 quia,
2473 1332 2828 1396 secundum
2878 1334 3048 1415 quod
3079 1334 3309 1399 dicitur
3340 1336 3410 1399 in
3449 1335 3556 1399 lit-

2006 1437 2164 1512 tera,
2212 1434 2280 1497 18
2332 1435 2648 1518 bapismo
2689 1439 2903 1502 omnis
2951 1458 3167 1522 poena,
3229 1459 3377 1524 quae
3429 1461 3548 1525 pro

2008 1545 2264 1623 9000810
2310 1541 2609 1622 debetur,
2670 1547 2927 1627 penitus
2985 1548 3314 1613 relaxatur
3367 1572 3383 1614 z
3439 1549 3554 1616 sed

2007 1666 2160 1712 cum
2215 1648 2411 1715 homo
2447 1657 2700 1733 peecata
2745 1653 2967 1732 iterat,
3028 1655 3232 1720 reddit
3272 1675 3340 1719 se
3379 1656 3552 1720 indi-

2008 1774 2219 1837 gnum
2246 1761 2422 1821 tanto
2451 1759 2756 1823 beneflcio
2800 1782 2815 1821 :
2856 1765 2920 1823 et
2957 1761 3100 1826 ideo
3147 1779 3262 1844 per
3307 1764 3552 1845 passio-

2006 1882 2159 1928 nem
2185 1882 2316 1929 non
2343 1866 2689 1930 remittitur
2719 1867 2778 1931 ei
2805 1873 2936 1931 tota
2963 1888 3175 1951 poena,
3206 1870 3316 1934 sed
3343 1871 3551 1935 mino-

2008 1975 2211 2049 ratur,
2251 1973 2604 2036 secundum
2645 1973 2816 2055 quod
2845 1973 2994 2038 dicit
3023 1973 3323 2058 Magister
3351 1977 3418 2040 in
3446 1977 3553 2042 lit-

2006 2081 2164 2156 tera,
2191 2084 2504 2159 quantum
2533 2079 2711 2145 decet
2735 2086 2799 2146 et
2822 2083 3099 2164 expedit,
3129 2083 3306 2172 salva
3332 2085 3551 2151 divina

2000 2187 2276 2267 Justitia.

2087 2299 2149 2357 4.
2172 2294 2268 2357 Ad
2310 2294 2470 2359 illud
2497 2314 2653 2361 vero
2679 2298 2852 2379 quod
2879 2297 3200 2380 objicitur,
3221 2299 3393 2380 quod
3420 2317 3551 2364 non

2005 2401 2236 2467 liberat
2305 2403 2520 2486 necsue
2578 2424 2618 2468 a
2671 2423 2864 2486 poena
2916 2406 3293 2488 temporalb,
3341 2425 3551 2490 neque

2006 2529 2046 2574 a
2092 2529 2283 2592 poena
2316 2516 2598 2590 aeterna,
2634 2513 2974 2577 dicendum
3016 2515 3187 2596 quod
3231 2516 3396 2579 ratio
3441 2517 3553 2581 illa

2009 2622 2224 2698 900081
2276 2618 2632 2683 secundum
2697 2638 3110 2702 consequens.
3181 2620 3325 2686 Non
3377 2623 3550 2686 enim

2005 2725 2335 2806 sequitur,
2369 2725 2540 2808 quod
2586 2727 2638 2790 si
2683 2727 2804 2791 hoe
2841 2730 3032 2794 modo
3074 2747 3208 2794 non
3237 2730 3465 2795 liberat
3512 2751 3553 2796 a

2005 2850 2199 2913 poena
2251 2834 2583 2916 temporali
2643 2839 2707 2899 et
2761 2841 3022 2917 aeterna,
3088 2838 3258 2920 quod
3296 2844 3552 2922 propter

2006 2938 2130 3003 1100
2173 2939 2348 3005 nullo
2392 2942 2582 3006 modo
2631 2942 2854 3008 liberet
2897 2964 2937 3008 a
2979 2964 3168 3028 poena
3215 2946 3548 3028 temporali

2005 3052 2070 3112 et
2113 3052 2375 3113 aeterna.
2443 3049 2749 3127 Quamvis
2817 3052 2994 3116 enim
3057 3072 3191 3117 non
3238 3053 3465 3117 liberet
3509 3072 3549 3117 a

2007 3178 2197 3240 poena
2245 3165 2485 3227 aeterna
2517 3180 2660 3242 eOS,
2712 3162 2828 3244 qui
2874 3163 3120 3228 suntin
3155 3163 3323 3227 18810
3349 3162 3547 3227 obsti—

2005 3268 2161 3347 nati,
2191 3267 2417 3332 liberat
2442 3272 2660 3333 tamen
2687 3287 2795 3333 eos
2815 3318 2833 3350 ,
2881 3270 2995 3352 qui
3020 3270 3250 3335 volunt
3290 3276 3355 3335 et
3395 3288 3549 3353 pos·-

2004 3380 2159 3439 sunt
2182 3376 2262 3440 ad
2277 3375 2599 3441 Christum
2614 3378 2920 3444 converti.
2951 3376 3220 3454 Rursus,
3246 3378 3550 3459 quamvis

2005 3502 2136 3547 non
2171 3484 2395 3549 liberet
2434 3504 2474 3549 a
2516 3502 2705 3568 poena
2748 3485 3083 3568 temporali
3126 3486 3196 3550 in
3246 3484 3549 3566 praesenti

2002 3592 2159 3668 vita,
2190 3592 2486 3657 sciliceta
2508 3593 2677 3657 fame
2702 3597 2765 3656 et
2788 3611 2829 3657 a
2853 3592 2982 3673 siti,
3010 3592 3307 3657 liberabit
3333 3598 3547 3657 tamen

2003 3718 2042 3763 a
2066 3718 2257 3781 poena
2284 3700 2355 3764 18
2379 3700 2620 3779 futuro,
2651 3700 2907 3782 quando
2950 3702 2969 3736 ¹
3011 3702 3368 3767 novissima
3419 3716 3549 3767 om·

2002 3807 2188 3872 nium
2206 3806 2573 3874 destruetur
2586 3808 2860 3874 inimica
2874 3822 3061 3874 mors.
3083 3807 3334 3872 Liberat
3350 3807 3545 3870 etiam

2003 3914 2084 3977 ab
2124 3914 2446 3997 aliquibus
2487 3915 2692 3998 poenis
2727 3915 3184 3998 temporalibus
3199 3964 3217 3995 ,
3262 3915 3344 3980 ad
3386 3934 3548 3998 quas

2004 4040 2288 4087 essemus
2327 4022 2593 4103 obligati
2638 4024 2868 4088 merito
2935 4027 3340 4105 peccatorum
3390 4040 3545 4086 nos-

2002 4132 2276 4208 trorum,
2304 4129 2429 4195 nisi
2454 4130 2870 4196 interveniret
2894 4131 3103 4214 passio
3128 4130 3380 4197 Christi.

2465 4378 2945 4451 ARTICULUS
2991 4379 3077 4450 Π.

2085 4560 2553 4641 consequenter
2607 4560 2922 4641 quaeritur
2962 4559 3040 4624 de
3097 4577 3370 4642 persona
3424 4558 3544 4623 Re·
3653 4582 3658 4593 ·

2003 4665 2351 4749 demptoris
2376 4669 2438 4729 et
2459 4664 2840 4743 MediatoriS,
2871 4684 2988 4748 per
3024 4685 3222 4749 quam
3262 4666 3426 4730 faeta
3451 4669 3547 4730 est

2003 4772 2459 4850 reconciliatio;
2491 4776 2555 4836 et
2574 4772 2742 4836 eirea
2765 4774 2887 4837 hoc
2910 4778 3296 4856 quaeruntur
3345 4773 3474 4838 duo
3527 4791 3542 4834 t

2002 4881 2285 4965 primum
2309 4885 2427 4958 est,
2456 4883 2681 4945 utrum
2706 4880 2881 4944 solus
2907 4879 3102 4945 Filius
3122 4880 3207 4945 sit
3227 4880 3542 4963 Redemp-

2003 4994 2106 5054 tor
2123 5035 2142 5065 ,
2186 4993 2300 5059 aut
2333 4987 2526 5052 etiam
2567 4985 2757 5054 Pater
2815 4992 2880 5052 et
2931 4986 3210 5070 Spiritus
3252 4992 3543 5068 sanetus;

2002 5091 2358 5156 seeundum
2407 5093 2541 5168 est,
2597 5090 2949 5155 secundum
3002 5110 3199 5175 quam
3246 5096 3546 5157 naturam

2004 5195 2292 5263 Christus
2312 5199 2406 5259 est
2428 5193 2754 5260 Mediator.
