4185 6288
1243 465 1436 534 DIST.
1480 465 1721 535 xxvn.
1763 465 1950 538 ΛΒΤ,
1995 466 2076 533 11.
2122 464 2422 546 QUAEST.
2469 465 2570 532 [v.

330 602 495 670 idem
522 607 726 686 potest
747 624 886 672 esse
915 609 1093 670 actus
1133 602 1485 670 dilectionis
1531 602 1602 666 in
1639 601 1868 682 Deum,

329 713 476 777 etin
498 712 867 804 proximum
894 737 910 779 ι
941 713 1214 778 charitas
1234 712 1409 776 enim
1436 711 1504 774 in
1531 709 1639 775 illo
1660 714 1866 789 motu,

328 837 457 901 quo
477 819 687 903 diligit
704 821 1098 904 proximum,
1119 824 1294 904 optat
1315 819 1613 902 proximo
1640 817 1864 882 Deum.
1911 866 1914 870 >

328 925 393 992 Si
434 933 651 994 autem
694 932 989 1013 respiciat
1023 929 1452 1006 uniformiter,
1488 927 1580 990 sic
1616 943 1870 991 neeesse

328 1039 420 1101 est
440 1039 691 1102 motum
717 1037 1065 1102 dilectionis
1112 1053 1250 1100 esse
1296 1033 1533 1109 alium,
1565 1035 1629 1096 et
1665 1030 1867 1095 alium

326 1144 393 1208 in
418 1145 645 1223 Deum,
675 1146 833 1211 etin
861 1146 1258 1230 proximum.
1290 1143 1471 1208 Alius
1499 1142 1674 1206 enim
1724 1159 1867 1207 mo-

325 1260 429 1321 tus
453 1256 800 1321 dilectionis
826 1260 942 1335 est,
959 1274 1105 1339 ,quo
1133 1254 1280 1320 volo
1325 1253 1569 1318 bonum
1614 1253 1764 1330 De0‚
1806 1258 1870 1317 et

323 1363 486 1427 alius
510 1380 641 1445 quo
671 1363 820 1428 volo
857 1363 1106 1427 bonum
1130 1361 1430 1444 proximo
1460 1382 1477 1423 1
1509 1360 1663 1443 (11118
1705 1360 1871 1424 alius

323 1474 386 1534 et
406 1469 569 1535 alius
594 1472 688 1533 est
712 1469 1061 1535 dilectionis
1089 1469 1403 1532 terminus
1425 1489 1442 1545 ;
1477 1470 1540 1532 et
1560 1485 1734 1532 unus
1775 1470 1871 1532 est

323 1576 630 1641 intensior
653 1625 671 1656 ‚
714 1580 779 1641 et
816 1577 979 1641 alius
1016 1575 1358 1640 remissior.
1394 1573 1473 1639 Et
1514 1574 1870 1638 secundum

320 1682 444 1748 hoc
483 1682 648 1747 circa
690 1687 904 1748 actum
945 1681 1298 1747 dilectionis
1345 1680 1697 1745 consistunt
1738 1680 1867 1746 duo

319 1793 657 1874 praecepta.
683 1789 761 1856 Et
784 1790 1139 1856 secundum
1176 1790 1346 1854 hanc
1375 1789 1549 1852 viam
1585 1787 1865 1851 rationes

319 1899 400 1965 ad
426 1900 618 1965 istam
643 1902 892 1982 partem
918 1897 1205 1963 adductae
1234 1895 1586 1980 procedunt
1609 1918 1624 1960 ε
1649 1898 1713 1959 et
1722 1895 1866 1960 ideo

319 2006 579 2072 concedi
603 2009 889 2089 possunt.

400 2121 429 2179 1
443 2162 460 2178 .
493 2113 593 2178 Ad
619 2112 778 2177 illud
814 2129 969 2177 vero
1004 2111 1178 2194 quod
1208 2109 1417 2192 primo
1455 2109 1757 2191 objicitur
1797 2109 1867 2175 in

297 2210 714 2286 'contrarium
734 2269 751 2300 ‚
786 2223 958 2304 patet
996 2219 1321 2302 responsio
1340 2267 1358 2298 ,
1398 2218 1550 2301 quia
1583 2217 1869 2301 procedit

315 2328 671 2394 secundum
686 2328 857 2410 quod
879 2332 1058 2392 actus
1074 2325 1424 2392 dilectionis
1444 2326 1629 2389 estin
1651 2325 1868 2407 proxi-

314 2456 502 2503 mum
526 2437 688 2501 sicut
715 2437 785 2500 in
811 2436 1157 2519 objectum,
1190 2435 1350 2499 etin
1376 2434 1580 2500 Deum
1606 2432 1770 2497 sicut
1794 2432 1866 2496 in

313 2544 514 2608 finem
557 2561 574 2606 ε
606 2546 671 2607 et
712 2542 800 2639 sic
839 2561 973 2607 non
1013 2542 1274 2625 respicit
1312 2540 1824 2607 numerationem
1844 2587 1864 2620 ,

313 2655 426 2721 sed
450 2653 802 2737 quamdam
827 2652 1203 2718 relationem
1216 2699 1236 2732 ‚
1262 2656 1325 2717 et
1350 2655 1588 2717 rectam
1618 2650 1867 2715 ordina-

310 2766 590 2931 hogeg}
618 2864 774 2931 illud
803 2864 978 2948 quod
1012 2862 1292 2928 secundo
1326 2862 1625 2945 objicitur
1643 2911 1662 2941 ,
1691 2863 1865 2946 quod

309 2978 408 3039 est
438 2972 615 3037 idem
645 2972 992 3054 utrobique
1017 2970 1342 3049 dilectum,
1373 2970 1666 3035 similiter
1693 2973 1866 3062 patet

310 3079 679 3165 responsio,
712 3080 866 3163 quia
904 3079 1188 3163 procedit
1217 3079 1572 3144 secundum
1599 3079 1865 3144 alteram

309 3190 518 3268 viam,
544 3189 839 3255 videlicet
864 3190 1218 3255 secundum
1245 3189 1417 3272 quod
1444 3189 1611 3255 Deus
1633 3189 1866 3254 dicitur

310 3296 529 3379 diligi,
548 3314 696 3361 cum
713 3299 969 3379 optatur
996 3296 1289 3379 proximo
1309 3319 1325 3357 2
1344 3297 1454 3361 sed
1471 3296 1526 3360 si
1548 3296 1746 3361 intelli
1753 3315 1865 3379 ga-

311 3422 464 3470 mus
493 3403 574 3468 de
592 3403 837 3482 dilectu,
860 3406 934 3467 ut
950 3402 1108 3468 illud
1135 3402 1380 3467 dicatur
1405 3402 1737 3481 dilectum,
1758 3404 1864 3468 cui

307 3511 566 3576 bonum
593 3512 873 3593 optatur,
902 3527 1040 3574 non
1063 3515 1159 3573 est
1186 3509 1356 3576 idem
1383 3509 1685 3574 dilectum
1713 3529 1863 3575 cum

304 3619 608 3701 diligitur
650 3617 848 3697 Deus,
890 3622 954 3682 et
991 3636 1143 3682 cum
1177 3617 1469 3700 diligitur
1503 3618 1838 3700 proximus

390 3729 455 3790 3.
503 3725 602 3790 Ad
641 3724 801 3789 illud
840 3725 1012 3808 quod
1049 3726 1153 3806 obj
1162 3725 1350 3789 icitur
1367 3776 1385 3806 ,
1430 3724 1601 3807 quod
1642 3726 1865 3790 eadem

306 3839 404 3901 est
432 3833 723 3899 adoratio
738 3880 760 3912 ‚
790 3852 922 3915 qua
959 3832 1265 3897 adoratur
1303 3834 1523 3914 imago
1566 3832 1772 3912 Petri,
1802 3837 1868 3897 et

306 3939 578 4018 Petrus,
608 3937 950 4004 dicendum
985 3939 1155 4021 quod
1181 3956 1314 4002 non
1354 3943 1449 4004 est
1476 3940 1684 4007 simile
1712 3931 1864 4004 hin‘c

303 4052 369 4114 et
399 4047 557 4112 inde
575 4094 593 4125 ,
623 4046 777 4130 quia
802 4047 985 4110 aliter
1006 4046 1279 4112 refertur
1305 4046 1555 4112 dilectio
1581 4048 1865 4129 proximi

303 4155 389 4220 ad
426 4154 639 4220 Deum
656 4202 675 4231 ,
705 4153 889 4218 aliter
913 4152 1120 4218 honor
1148 4152 1451 4235 imaginis
1478 4154 1751 4219 refertur
1780 4155 1862 4219 ad

300 4264 755 4346 prototypum.
790 4259 1008 4324 Honor
1033 4260 1208 4324 enim
1244 4260 1547 4342 imaginis
1589 4262 1866 4326 refertur

298 4369 385 4437 ed
413 4369 837 4453 prototypum
856 4415 873 4444 ‚
902 4385 1033 4431 non
1066 4367 1277 4432 solum
1318 4366 1481 4431 sicut
1505 4367 1587 4432 ad
1625 4370 1860 4450 finem,

300 4477 416 4542 sed
446 4474 649 4540 etiam
677 4474 844 4539 sicut
878 4474 956 4540 ad
987 4475 1306 4559 objectum
1331 4523 1348 4551 ‚
1381 4477 1554 4541 unde
1589 4478 1864 4544 totaliter

298 4585 592 4650 refertur
617 4583 826 4647 honor
853 4582 921 4646 in
961 4582 1183 4664 illum,
1214 4584 1326 4666 qui
1358 4602 1470 4667 per
1511 4584 1864 4666 imaginem

297 4691 612 4773 signatur
653 4710 671 4752 ε
713 4706 849 4752 11011
886 4689 1060 4753 enim
1100 4690 1402 4755 adoratur
1442 4691 1707 4773 signum
1755 4712 1854 4758 se·

297 4795 600 4862 cundum
627 4795 801 4877 quod
842 4813 981 4875 res,
1012 4795 1124 4859 sed
1148 4795 1358 4861 solum
1396 4796 1609 4880 ipsum
1636 4799 1857 4881 signa-

294 4906 474 4968 tum.
509 4899 652 4965 Non
678 4900 767 4964 sic
800 4904 1017 4966 autem
1053 4906 1146 4966 est
1184 4903 1253 4966 in
1293 4903 1661 4985 dilectione,
1701 4907 1859 4990 quia

291 5028 456 5075 cum
487 5007 789 5090 diligitur
814 5009 1151 5092 proximus
1172 5016 1433 5095 propter
1462 5012 1688 5093 Deum,
1711 5033 1864 5080 vere

287 5115 584 5181 afficitur
639 5114 837 5183 1101110
889 5134 1047 5199 erga
1093 5117 1502 5201 proximum,
1561 5124 1625 5184 et
1677 5120 1862 5186 aliter

283 5240 503 5307 quam
534 5220 703 5286 circa
730 5222 960 5289 Deum.

354 5383 374 5419 ¹
404 5382 496 5445 Cf.
544 5382 685 5432 Alex.
713 5382 938 5446 Alensis,
966 5383 1132 5445 Cena,
1157 5398 1211 5448 p.
1251 5384 1338 5448 111,
1373 5386 1489 5437 0011.
1532 5398 1617 5450 Lx,
1658 5391 1755 5441 art.
1790 5392 1857 5453 45

285 5462 352 5537 S.
368 5456 627 5511 Thomas,
645 5454 781 5518 1141,
803 5469 853 5521 q.
877 5459 1269 5521 xxv1,art.2;et
1286 5458 1347 5511 111
1373 5459 1531 5527 Sem„
1547 5459 1664 5515 dist.
1686 5474 1853 5530 xxm,

3400 475 3519 538 619

2059 608 2122 667 4.
2145 603 2245 672 Ad
2262 602 2419 669 illud
2437 602 2611 686 qnod
2629 602 2950 686 objicitur,
2976 603 3149 687 quod
3175 604 3287 670 ubi
3308 623 3520 669 unum

1979 714 2237 794 propter
2262 711 2535 777 alterum
2552 760 2573 791 ,
2604 711 2696 777 ibi
2734 715 2985 776 tantum
3021 732 3229 778 unum
3252 763 3273 794 ,
3302 714 3521 779 dicen-

1978 817 2138 883 dum
2163 820 2334 902 quod
2360 819 2519 884 illud
2547 837 2777 885 verum
2804 820 2996 884 estin
3021 819 3124 883 his
3142 867 3161 897 ,
3203 837 3353 903 quae
3385 838 3519 886 11011

1977 928 2244 1007 possunt
2268 927 2349 990 ab
2378 926 2648 991 invicem
2679 927 2959 1009 separari
2982 927 3110 991 :sic
3142 932 3362 992 autem
3385 946 3519 993 non

1979 1036 2072 1097 est
2100 1033 2173 1096 in
2206 1034 2551 1117 proposito.
2592 1033 2754 1097 Nam
2782 1033 2872 1098 sic
2900 1038 3103 1116 potest
3129 1034 3325 1099 homo
3352 1036 3520 1099 affici

1978 1139 2146 1206 circa
2169 1139 2395 1220 Deum,
2424 1140 2598 1224 quod
2620 1141 2786 1205 nihil
2812 1143 3046 1224 cogitet
3072 1143 3151 1206 de
3180 1143 3515 1226 proximo:

1978 1247 2069 1310 sic
2096 1247 2288 1312 etiam
2318 1252 2521 1330 potest
2547 1249 2712 1312 affici
2739 1249 2910 1313 circa
2933 1250 3326 1332 proximum,
3348 1251 3519 1334 quod

1976 1356 2132 1418 tunc
2156 1372 2288 1419 non
2307 1355 2622 1420 afficiatur
2647 1357 2813 1420 circa
2835 1357 3038 1421 Deum
3070 1379 3085 1420 :
3121 1362 3185 1421 et
3209 1358 3351 1423 ideo
3374 1375 3521 1422 con-

1978 1460 2273 1526 sideratio
2301 1460 2410 1525 illa
2438 1480 2568 1525 non
2593 1461 2786 1527 habet
2814 1462 2920 1526 hic
2942 1462 3179 1527 locum.
3304 1533 3307 1536 ,

2059 1573 2119 1632 5.
2146 1569 2245 1633 Ad
2291 1568 2448 1634 illud
2492 1571 2663 1653 quod
2690 1571 2993 1653 oincitur
3038 1571 3266 1638 ultimo
3291 1620 3308 1651 ,
3348 1572 3522 1656 quod

1983 1675 2207 1739 eadem
2234 1680 2327 1740 est
2348 1676 2509 1740 ratio
2535 1676 2844 1759 diligendi
2865 1679 3230 1761 utrobique,
3260 1680 3425 1745 sicut
3451 1681 3522 1744 in

1985 1782 2221 1848 divinis
2249 1785 2566 1867 personiS,
2598 1783 2936 1850 dicendum
2964 1769 3136 1868 quod
3163 1804 3294 1850 non
3324 1791 3420 1851 est
3445 1787 3524 1851 si-

1980 1889 2168 1970 mile,
2194 1891 2346 1973 quia
2374 1891 2443 1954 in
2482 1891 2721 1955 divinis
2747 1892 3035 1975 personis
3071 1896 3166 1957 est
3201 1913 3332 1958 una
3358 1895 3522 1959 ratio

1976 1997 2321 2079 diligendi,
2370 2003 2435 2064 et
2475 2000 2714 2064 eodem·
2751 2000 2942 2066 modo
2992 2006 3398 2086 comparatur
3441 2005 3522 2069 ad

1976 2102 2119 2168 illas
2147 2110 2274 2169 tres
2314 2125 2617 2190 personas
2656 2106 2913 2172 dilectas
2949 2127 2966 2171 t
2999 2127 3131 2173 non
3172 2110 3265 2173 sic
3303 2113 3521 2176 autem

1976 2220 2071 2286 est
2099 2217 2167 2281 in
2195 2218 2528 2284 dilectione
2557 2219 2688 2300 Dei,
2710 2223 2773 2284 et
2795 2220 3098 2303 proximi,
3122 2222 3279 2305 quia
3298 2240 3523 2304 quam-

1975 2325 2074 2388 vis
2100 2325 2444 2409 utrobique
2484 2327 2563 2390 sit
2594 2345 2726 2391 una
2753 2328 2919 2392 ratio
2952 2327 3259 2410 diligendi
3282 2378 3300 2409 ,
3332 2329 3519 2395 diffe-

1974 2432 2144 2495 renti
2188 2437 2403 2497 tamen
2446 2433 2637 2498 modo
2675 2433 2868 2498 habet
2909 2433 2990 2497 ad
3034 2434 3239 2498 Deum
3271 2483 3289 2513 ,
3333 2443 3399 2501 et
3439 2438 3519 2502 ad

1973 2538 2347 2619 proximum
2374 2541 2748 2623 comparari.
2778 2540 2859 2604 Et
2882 2541 3036 2624 quia
3058 2560 3136 2605 ex
3158 2543 3520 2610 diversitate

1973 2648 2527 2729 comparationum
2608 2649 2940 2732 consurgit
3018 2649 3346 2733 pluralitas
3411 2670 3516 2716 ac-

1975 2756 2204 2832 tuum3
2239 2772 2322 2819 ex
2363 2755 2609 2821 unitate
2649 2760 2866 2823 autem
2904 2757 3169 2821 rationis
3200 2758 3520 2841 principa-

1971 2859 2116 2925 liter
2172 2863 2494 2927 moventis
2557 2864 2893 2945 consurgit
2950 2864 3163 2928 unitas
3215 2864 3515 2942 habitus;

1972 2967 2127 3033 hinc
2151 2974 2278 3050 est,
2306 2971 2480 3052 quod
2505 2970 2764 3035 habitus
2789 2989 2920 3054 quo
2951 2974 3204 3035 amatur
3231 2971 3419 3051 Deus,
3450 2976 3514 3036 et

1972 3076 2308 3159 proximus
2329 3125 2348 3156 ,
2399 3080 2496 3142 est
2544 3097 2715 3142 unus
2744 3126 2764 3160 ,
2815 3078 2964 3144 licet
3004 3082 3221 3143 motus
3262 3082 3404 3163 ejus
3431 3071 3518 3144 ¹in

1975 3184 2211 3265 Deum,
2244 3186 2402 3251 etin
2444 3186 2853 3269 proximum,
2888 3187 2968 3250 sit
2999 3187 3198 3267 alius,
3229 3191 3293 3251 et
3324 3188 3516 3254 alius.

2488 3412 2842 3490 QUAESTlo
2866 3412 2989 3480 'lV.

1973 3584 2067 3640 An
2095 3588 2266 3641 motus
2301 3585 2588 3642 charitatis
2617 3587 2774 3657 prius
2804 3585 2988 3643 tendat
3014 3589 3077 3643 in
3123 3590 3324 3657 Deum,
3356 3605 3517 3661 quam

2518 3677 2581 3732 in
2599 3680 2913 3749 proximum
2938 3676 2978 3734 ¹.

2053 3831 2206 3910 Quis
2227 3833 2498 3898 istorum
2517 3839 2813 3900 motuum
2835 3838 3150 3921 praecedat
3168 3840 3490 3923 reliquum
3495 3864 3512 3921 ;

1975 3943 2038 4004 et
2064 3940 2319 4005 videtur
2345 3941 2517 4025 quod
2565 3943 2745 4025 prius
2781 3944 2862 4008 sit
2921 3951 3136 4011 motus
3165 3948 3520 4013 dilectionis

1974 4051 2044 4115 in
2085 4051 2493 4133 proximum,
2524 4071 2723 4135 quam
2762 4054 2835 4118 in
2871 4055 3109 4136 Deum,
3153 4058 3364 4140 primo
3404 4076 3521 4140 per

1971 4158 2130 4223 illud
2158 4159 2332 4241 quod
2359 4158 2595 4223 dicitur
2618 4167 2676 4224 ²:
2713 4161 2836 4234 Oui
2853 4177 2981 4228 non
3002 4162 3225 4246 dilium
3253 4165 3519 4244 tratrem

1971 4281 2161 4331 suum
2183 4312 2201 4345 ,
2234 4282 2417 4349 quem
2447 4266 2664 4344 videt,
2688 4269 2897 4334 Deum
2922 4286 3109 4351 quem
3140 4286 3270 4337 non
3297 4270 3515 4353 videt,

1973 4371 2281 4454 quomodo
2296 4378 2500 4454 potest
2518 4372 2783 4456 diliqere
2797 4376 2831 4440 Ρ
2844 4373 3210 4441 Secundum
3223 4376 3345 4441 hoc
3358 4396 3519 4460 ergo

1973 4478 2053 4543 ad
2081 4479 2576 4545 destructionem
2605 4481 2956 4546 dilectionis
2982 4482 3261 4564 proximi
3298 4484 3520 4566 sequi-

1972 4589 2078 4648 tur
2097 4585 2440 4650 destructio
2466 4586 2816 4651 dilectionis
2834 4587 2977 4652 Dei:
3008 4589 3063 4651 si
3090 4606 3245 4671 ergo
3269 4589 3349 4654 ad
3378 4590 3516 4655 des-

1971 4693 2355 4757 tructionem
2384 4693 2744 4776 posterioris
2768 4712 2903 4758 non
2927 4696 3219 4778 sequitur
3240 4698 3518 4763 destruc-

1971 4798 2063 4862 tio
2103 4798 2337 4882 prioris
2354 4846 2372 4877 ,
2410 4799 2519 4863 sed
2548 4817 2585 4863 e
2625 4818 2931 4866 converso
2953 4849 2975 4881 ,
3012 4819 3170 4885 ergo
3214 4804 3389 4886 prior
3424 4809 3519 4871 est

1970 4908 2189 4970 motus
2235 4906 2587 4972 dilectionis
2632 4907 2700 4972 in
2745 4908 3118 4991 proximum
3136 4959 3154 4991 ,
3202 4930 3404 4994 quam
3444 4914 3516 4977 in

1972 5012 2194 5079 Deum.

2051 5122 2210 5189 Item
2243 5128 2265 5163 ⁸
2301 5124 2542 5193 :Prius
2575 5126 2751 5208 quod
2794 5127 3073 5195 animale
3109 5136 3233 5209 est,
3281 5128 3513 5199 deinde

1969 5336 2020 5387 q.
2041 5334 2103 5387 11,
2119 5325 2213 5373 art.
2238 5323 2293 5386 33
2313 5320 2570 5387 Richard.,
2588 5322 2653 5372 111
2676 5322 2838 5377 Seni..
2854 5324 2970 5375 dist.
2996 5338 3165 5391 xxvu,
3188 5333 3289 5380 art.
3310 5332 3359 5391 7,
3382 5343 3434 5394 q.
3458 5343 3509 5394 1;

1969 5393 2221 5445 Guilielm.
2244 5393 2427 5456 Voril.,
2452 5395 2515 5443 111
2538 5395 2698 5458 sent„
2719 5395 2831 5450 dist.
2860 5408 3023 5464 xxvn,
3049 5413 3103 5465 q.
3133 5411 3242 5449 1.—
3266 5401 3511 5465 ’110811.,

1971 5478 2043 5528 ιν,
2072 5469 2153 5518 20.
2172 5464 2311 5516 -81
2341 5465 2478 5531 Con,
2503 5478 2589 5530 xv,
2619 5468 2698 5516 46.

3556 3865 3620 3909 ad
3645 3875 3754 3921 opp.
