4185 6288
1571 475 1929 544 DISTINCT
1968 477 2074 543 XI.

3292 487 3405 547 ΞΗ
3454 515 3461 520 ·

239 621 694 713 «Priusquam
723 616 1013 687 mundus
1039 621 1226 702 esset,
1276 636 1396 683 nec
1436 636 1558 684 nos
1604 636 1889 700 eramuS,
1930 635 2050 681 nec
2081 612 2220 704 ipse
2262 612 2579 683 mediator
2603 612 2721 682 Dei
2749 621 2814 682 et
2840 614 3187 685 hominum
3212 616 3412 688 homo

233 739 525 808 Christus
566 736 784 805 Jaeus.
817 762 852 801 >2
891 733 1069 803 Idem
1123 755 1316 824 super
1355 732 1655 800 Psalmos
1682 731 1700 766 ¹
1735 756 1755 796 .·
1789 756 1824 796 c<
1855 729 2154 800 Christus
2190 736 2413 798 noster
2451 730 2567 799 etsi
2606 731 2774 799 forte
2816 731 3014 801 homo
3043 754 3265 802 recens
3289 743 3409 822 est,

234 865 447 926 tamen
478 864 579 925 est
622 862 911 923 aeternus
938 852 1134 920 Deus.
1172 877 1207 916 n
1255 849 1435 919 Alibi
1461 855 1484 889 ¹
1514 871 1669 918 vero
1718 847 1985 937 legitur,
2041 846 2219 938 quod
2257 874 2290 912 <t
2320 870 2484 938 puer
2528 847 2640 915 ille
2686 848 2930 917 creavit
2972 850 3212 919 stellas.
3251 877 3285 916 ι)
3333 852 3415 920 Et

231 974 531 1043 Christus
579 972 740 1040 dicit
766 972 789 1007 ⁸
816 994 882 1039 se
908 992 1042 1038 esse
1053 968 1493 1062 principium,
1535 975 1598 1035 et
1637 989 1773 1034 esse
1818 979 1976 1034 ante
2012 965 2377 1034 Abraham.
2422 965 2543 1033 His
2576 988 2731 1055 ergo
2759 966 3041 1059 aliisque
3068 968 3418 1037 auctorita-

234 1091 410 1159 tibus
434 1090 507 1157 in
535 1088 730 1158 nullo
758 1087 1167 1171 resultantes,
1196 1085 1476 1154 dicimus
1503 1084 1836 1153 hominem
1871 1082 2094 1168 illum,
2136 1082 2208 1150 in
2253 1091 2577 1174 quantum
2617 1081 2814 1151 homo
2840 1092 2958 1170 est,
2987 1084 3254 1176 coepisse
3296 1111 3312 1170 ;
3346 1085 3417 1153 in

232 1215 566 1298 quantum
622 1204 919 1274 Verbum
981 1212 1100 1289 est,
1136 1225 1394 1294 semper
1435 1202 1657 1269 fuisse.
1699 1199 1822 1268 Hic
1873 1199 2051 1267 enim
2105 1198 2351 1290 absque
2389 1198 2800 1268 distinctione
2838 1222 2974 1269 non
3013 1206 3108 1268 est
3151 1200 3421 1269 ferenda

231 1323 597 1414 responsio.
635 1320 805 1389 Nam
853 1327 917 1388 et
978 1320 1128 1411 ipse·
1157 1318 1574 1432 Augustinus
1614 1315 1994 1408 hujusmodi
2055 1314 2268 1383 utitur
2321 1314 2732 1385 distinctione
2786 1316 2857 1383 in
2904 1315 3209 1408 pluribus
3262 1316 3420 1384 locis

237 1439 463 1508 dicens
489 1460 610 1531 per
646 1436 982 1506 Christum
1011 1436 1235 1505 omnia
1269 1456 1403 1503 esse
1430 1435 1598 1502 facta
1622 1438 1669 1518 ⁸,
1701 1433 1772 1500 in
1807 1440 2135 1524 quantum
2176 1430 2472 1502 Verbum
2499 1439 2597 1502 est
2627 1458 2645 1517 ;
2675 1431 3039 1500 secundum
3064 1431 3234 1501 illud
3263 1453 3419 1501 vero

233 1555 418 1648 quod
447 1561 651 1624 homo
706 1560 802 1622 est
825 1561 871 1639 ⁸,
933 1552 1151 1645 ipsum
1195 1574 1332 1620 esse
1375 1552 1619 1619 factum
1666 1556 1731 1618 et
1781 1547 2248 1638 glorificatum.
2281 1545 2355 1615 Si
2396 1568 2553 1635 ergo
2587 1545 2669 1615 ad
2697 1569 3040 1638 personam
3088 1547 3417 1640 respicias,

232 1671 649 1741 confidenter
672 1669 779 1740 dic
806 1669 1140 1738 hominem
1164 1668 1361 1737 illum
1385 1688 1642 1757 semper
1667 1664 1903 1751 fuisse;
1935 1664 1993 1732 sl
2017 1662 2274 1732 veroad
2294 1669 2599 1732 naturam
2626 1661 2937 1753 hominis,
2964 1663 3242 1734 concede
3265 1686 3421 1734 eum

232 1789 529 1881 coepisse.

617 2016 1025 2084 EXPOSITIO
1066 2014 1394 2081 TEXTUS.

229 2192 376 2244 Solet
400 2191 556 2243 etiam
583 2188 767 2256 quaeri,
794 2190 967 2239 utrum
995 2187 1181 2238 debeat
1206 2185 1502 2251 simpliciter
1527 2183 1648 2248 dici,
1676 2187 1772 2234 etc.

315 2343 527 2427 Supra
563 2341 837 2407 ostendit
877 2339 1182 2422 Magister
1225 2337 1497 2422 qualiter
1535 2314 1779 2400 Christo

230 2445 648 2517 conveniunt
671 2450 790 2514 ista
832 2448 1163 2527 idiomata,
1213 2462 1360 2529 quae
1404 2461 1632 2508 sonare
1680 2441 1783 2506 vi-

229 2560 470 2625 dentur
497 2559 566 2622 in
595 2557 1135 2641 complementum
1173 2557 1236 2619 et
1264 2552 1639 2635 dignitatem
1664 2574 1681 2627 ;
1713 2548 1782 2613 in

228 2667 360 2731 hac
391 2684 553 2730 vero
578 2669 754 2750 parte
793 2664 1064 2747 inquirit
1088 2663 1166 2727 de
1192 2661 1295 2726 his
1314 2709 1330 2738 ‚
1371 2677 1519 2743 quae
1563 2660 1785 2724 dicunt

231 2774 524 2857 aliquam
561 2770 1092 2836 defectibilitatem
1126 2792 1140 2835 :
1168 2769 1319 2834 talia
1350 2773 1567 2834 autem
1594 2770 1782 2846 sunt,

229 2900 388 2966 quae
418 2885 641 2945 notant
675 2879 1157 2963 incoeptionem‚
1190 2882 1253 2941 et
1279 2876 1644 2958 significant
1671 2874 1791 2937 ha-

231 2990 397 3054 bere
422 3006 558 3052 esse
585 2993 724 3070 post
749 3006 882 3053 non
909 3005 1064 3052 esse.
1096 2984 1268 3050 Talia
1293 2987 1512 3050 autem
1536 2986 1688 3048 sunt
1718 2981 1791 3047 in

29 3123 193 3172 navas..
236 3096 473 3181 triplici
509 3094 862 3161 differentia
892 3117 907 3161 t
940 3095 1092 3177 quia
1123 3093 1421 3178 quaedam
1447 3093 1793 3177 important

233 3200 714 3274 inchoationem
760 3203 828 3267 in
879 3222 1014 3269 esse
1057 3202 1358 3286 implicite
1377 3251 1395 3282 ,
1448 3205 1511 3267 et
1549 3201 1793 3266 ratione

237 3307 565 3372 connotati
587 3354 605 3382 ‚
662 3309 737 3370 ut
794 3306 1180 3371 vocabulum
1237 3303 1756 3388 proedcstinandi
1766 3327 1795 3379 ,·

238 3415 545 3499 quaedam
587 3412 890 3496 implicite
912 3462 933 3495 ,
980 3414 1090 3480 sed
1137 3413 1380 3478 ratione
1431 3412 1797 3497 principalis

238 3520 593 3603 significati
607 3568 629 3601 ‚
692 3524 768 3583 ut
809 3521 1084 3585 verbum
1141 3520 1410 3588 creandi
1422 3544 1448 3602 ;
1498 3521 1795 3604 quaedam

242 3630 565 3713 explicite,
595 3632 658 3692 et
679 3628 923 3692 ratione
950 3628 1053 3692 sui
1083 3629 1275 3712 primi
1302 3627 1670 3709 significati,
1703 3628 1797 3690 si-

245 3741 357 3802 cut
385 3738 658 3801 verbum
688 3734 1073 3817 incipiendi.
1106 3734 1254 3800 Ideo
1284 3753 1433 3818 pars
1461 3735 1580 3798 ista
1603 3734 1797 3799 habet
1863 3738 1870 3743 ’

246 3847 463 3927 partes
482 3847 633 3922 tres,
657 3843 727 3906 in
753 3861 1030 3926 quarum
1046 3843 1256 3925 prima
1277 3842 1547 3926 inquirit
1570 3847 1793 3906 utrum

246 3950 721 4034 praedestinatio
747 3950 995 4015 dicatur
1015 3950 1093 4015 de
1122 3952 1384 4030 natura,
1414 3954 1525 4013 aut
1554 3949 1632 4013 de
1659 3968 1801 4033 per-

252 4076 413 4122 sona
478 4056 703 4120 Christi
738 4076 755 4136 ;
826 4057 894 4120 in
959 4057 1235 4121 secunda
1302 4075 1457 4122 vero
1533 4056 1803 4139 inquirit

253 4170 481 4231 utrum
523 4163 807 4227 Christus
847 4165 931 4227 sit
967 4169 1255 4229 creatura
1273 4212 1292 4243 ,
1336 4163 1404 4228 in
1446 4164 1756 4248 principio
1779 4210 1796 4242 ,

256 4273 348 4336 ibi
382 4292 399 4335 ε
445 4271 608 4337 Solet
653 4272 847 4336 etiam
881 4272 1118 4353 quoeri,
1149 4276 1370 4338 utrum
1396 4269 1621 4338 debeat
1645 4272 1802 4337 sim-

252 4379 512 4462 pliciter
576 4377 718 4444 dici
734 4425 756 4458 ‚
825 4380 942 4442 etc.
994 4377 1066 4442 In
1125 4379 1313 4443 tertia
1362 4396 1517 4444 vero
1572 4379 1805 4461 quaerit

259 4490 485 4552 utrum
523 4485 630 4549 ille
673 4485 869 4550 homo
926 4484 1267 4568 aliquando
1311 4485 1669 4570 incoeperit,
1720 4503 1806 4549 an

261 4610 514 4675 semper
534 4590 747 4667 fuerit,
777 4590 867 4654 ihi
895 4613 911 4655 ε
942 4591 1090 4658 Post
1111 4591 1430 4675 proedicta
1456 4594 1806 4676 quoeritur,

265 4705 384 4765 etc.
431 4697 647 4763 Prima
681 4702 899 4762 autem
940 4702 1003 4762 et
1029 4699 1258 4763 ultima
1291 4704 1469 4782 parte
1512 4705 1809 4766 manente

268 4808 579 4883 indivisa,
625 4806 834 4871 media
875 4823 1021 4889 pars
1069 4807 1375 4872 dividitur
1415 4808 1484 4873 in
1527 4812 1689 4887 tres,
1739 4808 1809 4872 in

270 4933 546 4998 quarum
574 4914 784 4999 prima
811 4914 1106 4996 proponit
1133 4916 1575 4997 quaestionem,
1605 4920 1670 4981 et
1698 4917 1809 4981 de-

269 5023 609 5100 terminat3
648 5020 720 5084 in
753 5020 1030 5113 secunda
1064 5040 1221 5087 vero
1259 5040 1374 5104 per
1412 5024 1815 5090 auctoritates

269 5127 648 5193 Sanctorum
699 5127 1039 5193 confirmat
1057 5178 1075 5208 ,
1117 5129 1207 5194 ibi
1244 5152 1259 5193 ε
1327 5131 1449 5204 Qui
1493 5131 1814 5199 Christum

269 5238 370 5303 vel
391 5238 506 5304 Dei
533 5235 780 5317 filium,
813 5240 932 5301 etc.
963 5233 1172 5301 Tertio
1198 5256 1354 5304 vero
1393 5239 1681 5305 dissolvit
1707 5260 1819 5305 ar-

343 5402 616 5464 ¹Angust.‚
645 5399 831 5449 Enarr.
863 5399 918 5447 in
946 5398 1025 5449 Ps.
1057 5411 1215 5464 Lxxx,
1239 5414 1292 5450 n.
1327 5403 1403 5452 13.
1426 5426 1487 5439 -
1511 5403 1534 5437 ¹
1561 5403 1727 5454 Gloss.
1761 5404 1812 5456 in

279 5471 482 5535 naeth„
533 5484 583 5522 c.
639 5480 701 5520 11.
751 5469 1052 5534 -3Joan.,
1111 5483 1220 5535 vm,
1266 5475 1345 5534 25,
1394 5477 1471 5525 58.
1518 5475 1628 5514 -δ
1671 5479 1821 5542 Aug„

553 5576 706 5624 2'01.
754 5574 846 5624 Π.

1883 2011 2430 2094 gumentationem
2476 2011 2883 2096 sophisticam
2906 2060 2923 2089 ‚
2970 2031 3118 2096 quae
3165 2014 3457 2098 quidem,

1885 2118 2139 2184 videtur
2177 2137 2313 2183 esse
2351 2120 2664 2184 contraria
2700 2120 2988 2199 veritati3
3024 2124 3087 2185 et
3122 2121 3243 2186 hoc
3283 2124 3373 2187 ihi
3406 2143 3423 2188 z

1887 2228 2033 2294 Etsi
2057 2245 2201 2312 erqo
2232 2229 2525 2297 Christus
2549 2229 2897 2295 secundum
2918 2231 3235 2298 hominem
3261 2232 3430 2299 dici·

1888 2342 1997 2402 tur
2019 2344 2341 2415 creatura,
2370 2341 2489 2402 etc.

2546 2526 2684 2575 DUB.
2730 2528 2775 2573 1.

1936 2652 2149 2718 Liquido
2171 2657 2381 2719 apparet
2408 2652 2575 2718 ipsum
2601 2653 2791 2704 factum
2816 2667 2923 2706 non
2951 2668 3092 2722 esse,
3116 2669 3209 2720 per
3235 2670 3388 2722 quem

2421 2724 2595 2776 omnia
2616 2724 2750 2776 facta
2773 2729 2912 2777 sunt.

1978 2873 2207 2939 Contra
2237 2897 2252 2940 ι
2285 2874 2550 2940 Videtur
2588 2877 2709 2941 ista
2742 2879 3082 2943 auctoritas
3111 2896 3245 2943 esse
3284 2879 3440 2945 falsa

1899 2983 1967 3046 in
2011 3001 2102 3063 se,
2150 2987 2214 3047 et
2252 2984 2333 3049 ad
2369 2983 2763 3067 propositum
2807 3003 2939 3049 non
2982 2986 3193 3051 valere
3211 3036 3229 3066 ,
3274 3006 3435 3070 quo·

1899 3091 2075 3155 niam
2112 3092 2403 3169 dicimu5‚
2432 3090 2640 3174 quod‘
2668 3108 2753 3159 ex
2778 3095 2940 3177 ipso,
2973 3100 3036 3163 et
3063 3110 3175 3178 per
3200 3097 3437 3178 ipsum,

1903 3205 1963 3266 et
1985 3201 2060 3265 tn
2086 3201 2227 3282 ipso
2262 3208 2415 3289 sum
2449 3202 2671 3268 omnia
2696 3225 2721 3268 .·
2756 3220 2934 3284 ergo,
2964 3203 3021 3267 si
3049 3204 3265 3269 omnia
3292 3208 3444 3270 sunt

1904 3325 2017 3389 per
2045 3307 2289 3390 ipsum,
2319 3307 2453 3389 ipse
2479 3308 2640 3372 nihil
2674 3313 2767 3373 est
2798 3331 2814 3375 ε
2846 3314 3091 3375 constat
3116 3313 3286 3394 quod
3323 3312 3446 3379 hoc

1901 3428 2034 3475 non
2076 3410 2363 3493 sequitur
2394 3431 2411 3476 z
2442 3428 2599 3492 ergo
2628 3412 2767 3495 pari
2792 3414 3036 3478 ratione
3071 3433 3204 3478 non
3232 3417 3448 3498 sequi-

1902 3520 2014 3582 tur
2059 3540 2074 3582 :
2115 3540 2147 3577 α
2174 3515 2399 3582 Omnia
2442 3518 2602 3581 facta
2645 3523 2799 3583 sunt
2840 3537 2953 3602 per
2997 3521 3240 3603 ipsum,
3289 3540 3448 3603 ergo

1907 3625 2040 3708 ipse
2066 3642 2197 3688 non
2223 3628 2320 3690 est
2345 3624 2568 3688 factus.
2591 3648 2621 3685 n
2649 3625 2807 3690 Item
2835 3626 3089 3691 videtur
3116 3629 3288 3711 quod
3315 3647 3450 3694 non

1906 3732 2117 3797 valeat
2142 3732 2222 3796 ad
2250 3732 2677 3815 propositum,
2708 3734 2860 3816 quia
2887 3736 3291 3816 Augustinus
3317 3755 3451 3802 non

1907 3839 2191 3923 loquitur
2214 3840 2292 3905 de
2318 3838 2481 3904 Filio
2508 3840 2617 3904 Dei
2645 3831 2998 3907 secundum
3028 3842 3317 3909 divinam
3342 3863 3453 3910 na-

1908 3952 2145 4013 turam.
2178 3947 2338 4012 Cum
2362 3951 2577 4013 autem
2613 3950 2956 4031 quaeritur,
2988 3957 3209 4016 utrum
3241 3951 3450 4017 Chris-

1907 4059 2013 4119 tus
2039 4056 2119 4119 sit
2146 4060 2463 4134 creatura,
2494 4054 2615 4119 hoc
2645 4060 2739 4120 est
2771 4058 3123 4122 secundum
3151 4063 3453 4124 naturam

1909 4165 2342 4246 assumptam,
2375 4162 2631 4227 videtur
2657 4163 2828 4246 quod
2856 4166 3197 4231 auctoritas
3223 4166 3361 4243 illa,
3392 4171 3457 4232 et

1909 4271 2052 4335 aliae
2105 4274 2443 4353 sequentes
2495 4270 2621 4333 sint
2665 4269 2941 4339 inductae
2982 4273 3167 4338 valde
3208 4274 3455 4356 impro-

1911 4396 2069 4460 pne.

1993 4488 2177 4572 Resp.
2225 4488 2572 4553 Dicendum
2611 4488 2782 4571 quod
2817 4491 3158 4556 auctoritas
3198 4495 3261 4556 et
3304 4508 3460 4555 vera

1915 4596 2107 4661 estin
2138 4614 2226 4676 se,
2260 4596 2427 4660 etad
2452 4597 2850 4679 propositum
2882 4597 3074 4662 valet.
3120 4597 3193 4661 ln
3218 4615 3285 4662 se
3313 4597 3463 4680 qui-
3531 4675 3539 4681 ⁵

1884 4720 1890 4734 ¹
1917 4705 2065 4769 dem
2080 4721 2236 4767 vera
2255 4707 2372 4781 est,
2400 4704 2552 4786 quia
2579 4722 2769 4769 causa
2796 4704 3120 4786 praedicati
3146 4704 3462 4769 clauditur

1919 4814 1987 4875 in
2014 4810 2322 4892 subjecto.
2344 4808 2409 4875 Si
2439 4810 2610 4874 enim
2639 4810 2773 4892 ipse
2801 4814 2896 4875 est
2916 4811 3301 4893 principium
3331 4827 3464 4876 om-

1920 4918 2105 4982 nium
2134 4922 2529 4994 creatorum,
2559 4915 2945 5000 impossibile
2971 4919 3065 4981 est
3089 4917 3302 4998 ipsum
3331 4933 3467 4981 esse

1922 5027 2163 5110 aliquid
2212 5029 2569 5090 creatorum
2590 5072 2609 5100 ‚
2662 5028 2804 5086 tum
2853 5023 3097 5087 ratione
3165 5025 3468 5106 potentiae

1926 5132 2211 5212 creandi,
2243 5148 2390 5213 quae
2418 5148 2549 5194 non
2583 5133 2787 5213 potest
2829 5133 3185 5212 competere
3217 5135 3468 5194 creatu-

1928 5259 2017 5306 rae
2051 5262 2066 5304 t
2098 5244 2240 5304 tum
2265 5237 2510 5323 ratione
2548 5235 2980 5317 generalitatis
3005 5236 3430 5320 principiandi
3446 5286 3469 5317 ,

1934 5408 1985 5454 in
2015 5405 2159 5454 Joan.
2194 5402 2405 5465 Evanq„
2424 5404 2550 5451 trac.
2584 5398 2777 5464 v111,n.
2808 5402 2857 5450 9.
2889 5426 2946 5438 -
2975 5401 2997 5435 ⁸
3024 5400 3175 5464 lbid„
3208 5405 3353 5452 tract.
3383 5412 3475 5466 cv,

1931 5490 1986 5526 n.
2015 5478 2063 5539 6,
2084 5476 2202 5527 7.-
2226 5474 2248 5509 ⁶
2266 5473 2423 5536 Rom„
2451 5483 2526 5531 11,
2558 5474 2637 5522 38.
2674 5526 2684 5538 ‚

3177 5564 3255 5623 ¹6
