4185 6288
1226 494 1421 563 DIST.
1466 497 1543 562 V.
1590 496 1771 564 Am.
1821 500 1897 565 11.
1944 499 2243 577 QUAEST.
2292 502 2394 567 111.

251 634 447 713 litatis,
477 636 542 698 et
578 631 1121 717 supereminentis
1148 631 1499 714 dignitatis.
1530 630 1772 711 Quam-

252 741 552 806 visautem
577 740 649 804 in
676 740 899 804 anima
925 742 1212 822 separata
1238 738 1320 802 sit
1342 739 1622 822 reperite
1645 740 1774 804 sin-

252 847 630 928 gularitatem
672 853 736 912 et
780 847 1161 929 dignitatem
1178 896 1195 927 ,
1244 866 1374 912 non
1418 851 1515 912 est
1553 852 1772 912 tamen

251 956 501 1036 reperire
525 953 1314 1020 incommunicabilitatem
1339 1004 1355 1034 ,
1392 956 1546 1038 quia
1573 974 1768 1039 appe-

249 1063 410 1127 titum
444 1067 505 1127 et
538 1063 966 1146 aptitudinem
999 1063 1189 1127 habet
1229 1066 1302 1127 ut
1341 1063 1604 1127 uniatur
1630 1081 1772 1127 cor-

251 1173 368 1255 pori
402 1172 475 1236 ad
517 1171 1038 1236 constitutionem
1086 1171 1253 1235 tertii
1298 1189 1314 1235 :
1361 1175 1422 1235 et
1465 1171 1606 1236 ideo
1655 1188 1772 1234 ne-

253 1296 394 1342 cesse
427 1283 519 1343 est
561 1278 775 1361 ipsam
802 1296 1014 1341 carere
1042 1277 1441 1342 distinctione
1469 1294 1772 1359 persona-

250 1385 413 1448 litatis
432 1434 449 1462 ,
499 1384 811 1468 quoniam
859 1386 912 1448 si
963 1385 1331 1468 completior
1374 1388 1470 1449 est
1516 1384 1767 1463 anima,

253 1492 383 1556 dum
405 1494 724 1575 appetitus
750 1495 889 1575 ejus
917 1493 1324 1570 terminatur,
1355 1509 1548 1574 quem
1579 1491 1771 1556 habet

251 1606 507 1682 respectu
529 1600 817 1682 corporis
843 1599 1240 1675 resumendi,
1270 1599 1434 1662 sicut
1467 1596 1606 1662 vult
1628 1598 1769 1661 Au-

253 1707 558 1787 gustinus¹
616 1724 816 1789 super
856 1709 1145 1774 Genesim
1197 1705 1287 1772 ad
1335 1706 1682 1782 litteram,-
1708 1707 1772 1769 et

253 1817 382 1876 tunc
404 1832 528 1878 non
556 1814 756 1878 habet
793 1815 864 1879 in
891 1834 959 1879 se
996 1816 1417 1880 intentionem
1446 1832 1765 1898 personae,

254 1921 570 1985 necessario
617 1922 909 2003 sequitur
952 1922 1119 2006 quod
1171 1923 1612 2006 personalitate
1663 1940 1770 1986 ca·

255 2032 401 2105 reat,
427 2046 570 2094 cum
611 2034 711 2094 est
744 2035 1034 2113 separata
1065 2050 1113 2123 ‘a
1141 2049 1403 2115 corpore
1436 2052 1450 2095 :
1483 2029 1769 2112 alioquin

257 2143 640 2217 sequerentur
676 2137 980 2219 praedicta
1015 2137 1554 2216 inconvenientia,
1584 2136 1769 2201 vide-

258 2240 379 2305 licet
399 2245 561 2326 quod
589 2244 750 2309 unio
778 2248 941 2309 esset
971 2243 1510 2328 praeternaturalis
1527 2290 1544 2319 ,
1579 2246 1640 2306 et
1669 2260 1768 2306 se-

260 2350 466 2429 paratio
481 2371 613 2416 non
639 2357 804 2417 aeset
831 2352 1129 2435 poenalis;
1153 2352 1388 2416 iterum
1412 2350 1585 2433 quod
1613 2351 1769 2414 unio

260 2460 393 2518 esset
418 2455 481 2520 in
509 2459 744 2524 animae
771 2459 1245 2542 praejudicium,
1275 2463 1339 2522 et
1364 2457 1677 2540 separatio
1701 2457 1768 2519 in

262 2565 564 2642 praemium
609 2588 625 2630 ε
657 2584 937 2649 quorum
974 2566 1299 2649 quodlibet
1342 2565 1574 2630 falsum
1616 2568 1712 2630 est
1747 2584 1762 2629 ε

265 2676 307 2734 et
331 2673 455 2738 ideo
480 2693 608 2739 non
652 2675 978 2739 immerito
1003 2675 1072 2737 in
1099 2675 1222 2740 hac
1254 2674 1555 2757 opinione
1590 2692 1769 2737 com—

267 2780 505 2847 muniter
526 2800 660 2847 non
685 2782 1003 2846 sustinent
1025 2780 1400 2862 Magistrum
1418 2829 1437 2859 ,
1468 2781 1767 2864 quamvis

269 2884 424 2970 aliqui
446 2887 642 2955 velint
668 2889 902 2968 dicere,
928 2888 1102 2971 quod
1132 2887 1433 2969 Magister
1454 2888 1768 2953 intellexit

269 2990 328 3054 de
349 2995 542 3061 anima
563 2997 877 3079 separata,
907 2995 1385 3077 circumscripta
1408 2995 1766 3061 unibilitate

270 3098 331 3163 ad
351 3120 557 3187 corpus
583 3124 600 3169 :
630 3109 696 3171 et
722 3105 846 3170 hoc
873 3109 967 3170 est
993 3104 1205 3189 potius
1231 3104 1410 3169 verbi
1441 3102 1721 3187 palliatio
1743 3151 1761 3184 ,

271 3223 427 3288 quam
460 3212 796 3295 expositiO,
849 3212 1011 3276 sicut
1044 3212 1405 3295 aspiciendo
1446 3212 1527 3274 ad
1569 3211 1767 3275 verba

271 3310 433 3394 ipsius
460 3323 645 3401 patet.
686 3319 1002 3385 Praeterea
1046 3319 1392 3399 unibilitas,
1436 3319 1570 3383 sive
1609 3317 1765 3402 apti·

273 3422 398 3488 tudo
429 3428 680 3492 uniendi
716 3446 868 3492 cum
910 3444 1204 3510 corpore,
1235 3445 1367 3491 non
1397 3431 1492 3490 est
1529 3427 1764 3491 animae

273 3531 652 3612 accidentalis,
697 3534 808 3599 sed
854 3533 970 3616 ipsi
1008 3533 1241 3598 animae
1274 3533 1623 3598 essentialis
1656 3555 1672 3599 ε
1704 3539 1766 3599 et

274 3631 387 3700 ideo
405 3658 522 3705 non
551 3643 756 3724 potest
781 3640 864 3704 ab
899 3658 976 3704 ea
1005 3641 1280 3723 separari
1304 3687 1323 3718 ,
1357 3640 1456 3705 vol
1496 3641 1765 3706 circum-

274 3742 442 3824 scribi,
465 3747 632 3811 salva
655 3747 859 3830 ipsius
884 3751 1145 3827 natura,
1176 3748 1342 3811 sicut
1367 3748 1667 3825 superius
1695 3749 1763 3813 in

275 3853 504 3918 seeundo
537 3853 703 3918 libro
746 3859 1075 3918 ostensum
1110 3854 1249 3918 fuit.
1290 3852 1507 3918 Posset
1549 3859 1764 3920 tamen

277 3952 370 4019 dici
403 3961 912 4029 obreverentiam
939 3960 1171 4045 ipsius,
1206 3961 1378 4043 quod
1406 3979 1540 4025 non
1561 3961 1765 4027 voluit

277 4060 438 4132 dioere
461 4071 623 4151 quod
649 4073 784 4134 tota
809 4068 969 4132 ratio
1011 4068 1472 4154 personalitatis
1505 4087 1763 4151 compe-

276 4170 400 4236 teret
419 4177 635 4241 animae
661 4180 990 4258 separatae,
1021 4175 1127 4238 sed
1158 4174 1353 4258 quod,
1381 4176 1502 4239 hoc
1530 4194 1763 4259 suppo-

277 4274 396 4355 sito,
447 4284 604 4366 quod
650 4283 869 4348 anima
908 4285 1199 4366 separata
1245 4287 1405 4347 esset
1450 4302 1720 4367 persona
1739 4333 1760 4363 ,

277 4383 444 4452 adhuc
480 4409 606 4455 non
647 4395 814 4456 esset
848 4409 1118 4473 persona
1162 4391 1227 4454 in
1282 4391 1528 4456 Christo
1546 4442 1563 4471 ,
1611 4394 1764 4475 quia

280 4497 403 4557 esset
438 4501 763 4581 conjuncta
797 4516 944 4562 cum
986 4498 1206 4562 divina
1245 4516 1534 4580 persona.
1567 4500 1767 4579 Quid·-

279 4598 400 4676 quid
436 4610 634 4671 autem
676 4605 760 4669 sit
802 4605 879 4669 de
921 4604 1271 4669 intentione
1314 4604 1598 4687 Magistri
1613 4656 1631 4686 ,
1661 4608 1765 4672 hic

280 4709 694 4777 concedendum
740 4715 838 4776 est
878 4711 1051 4794 quod
1096 4711 1262 4776 ratio
1306 4714 1766 4796 personalitatis

279 4821 384 4873 non
402 4820 479 4880 est
500 4820 680 4902 plene
706 4818 873 4884 circa
887 4819 1170 4883 animam
1189 4825 1566 4904 separatam.
1589 4821 1765 4889 Unde

282 4924 634 4993 eoncedendae
663 4932 819 4993 sunt
841 4928 1121 4993 rationes
1147 4929 1226 4994 ad
1254 4930 1377 4994 hoc
1403 4930 1703 4996 inductas.

342 5028 392 5092 1·
413 5032 495 5097 Ad
518 5036 668 5101 illud
695 5054 855 5101 vero
887 5035 1060 5120 quod
1090 5037 1387 5120 objicitur
1419 5039 1497 5104 de
1536 5043 1764 5105 aucto-

281 5129 424 5298 {iltate
475 5140 750 5228 Magistri
770 5191 790 5224 ,
842 5146 1016 5228 patet
1074 5146 1404 5228 responsio
1469 5165 1584 5229 per
1625 5150 1764 5229 jam

314 5235 426 5307 'cta

343 5350 394 5412 2·
440 5354 522 5420 Ad
564 5358 722 5425 illud
774 5377 934 5426 vero
986 5357 1158 5440 quod
1209 5358 1506 5442 objicitur
1527 5408 1545 5441 ,
1596 5360 1769 5444 quod

335 5471 500 5548 Mag„
520 5491 575 5533 σε
597 5484 766 5538 Genu.
797 5483 870 5536 od
902 5483 1033 5544 liu„
1064 5482 1151 5534 lib.
1184 5486 1293 5546 ΧΗ,
1323 5499 1365 5536 c.
1395 5497 1554 5548 xxxv,
1597 5499 1651 5537 n.
1688 5486 1766 5537 68.

3311 511 3428 575 {33

1879 636 2100 701 anima
2125 639 2415 719 separata
2450 640 2547 702 est
2584 654 2686 701 res
2719 636 3011 702 distincta
3048 640 3429 724 proprietate

1880 743 1959 809 ad
1995 743 2376 826 dignitatem
2410 743 2793 827 pertinente,
2824 746 2886 808 et
2912 745 3115 827 quod,
3145 747 3428 811 circum-

1879 851 2112 934 scripta
2142 853 2572 935 assumptione
2597 853 2660 914 et
2685 852 2947 931 unione,
2978 852 3287 935 complete
3310 854 3427 917 ha-

1882 959 1988 1022 bet
2016 960 2329 1024 rationem
2357 978 2667 1043 personae,
2698 978 2892 1043 quam
2922 959 3102 1042 ponit
3127 960 3381 1026 Boetius
3406 982 3425 1043 3

1882 1066 2219 1132 dicendum
2249 1067 2418 1151 quod
2447 1085 2579 1131 non
2600 1073 2693 1132 est
2712 1069 2801 1132 ibi
2829 1068 2991 1132 ratio
3013 1068 3429 1134 distinctionis

1881 1174 2234 1238 secundum
2257 1175 2430 1258 quod
2456 1175 2758 1239 convenit
2783 1192 3071 1259 personae
3089 1175 3428 1239 intentioni

1881 1281 2237 1346 secundum
2255 1281 2429 1346 illam
2459 1280 2777 1364 triplicem
2805 1281 3258 1361 conditionem,
3280 1299 3429 1364 quae

1881 1387 2178 1468 superius
2202 1388 2525 1469 assignata
2549 1392 2667 1454 est.

1964 1500 2024 1558 3.
2051 1494 2151 1558 Ad
2175 1493 2332 1558 illud
2359 1512 2514 1559 vero
2539 1495 2714 1579 quod
2739 1493 3057 1576 objicitur,
3080 1494 3253 1577 quod
3281 1512 3430 1561 cum

1880 1602 2098 1666 anima
2127 1600 2350 1665 unitur
2373 1602 2621 1684 corpori
2642 1649 2659 1681 ,
2692 1618 2824 1666 non
2865 1602 3091 1666 unitur
3119 1601 3426 1684 digniori,

1880 1712 1942 1773 et
1964 1708 2052 1772 ita
2077 1708 2401 1772 unibilitas
2426 1708 2505 1771 ad
2540 1726 2775 1790 corpus
2801 1726 2933 1771 non
2961 1709 3167 1773 aufert
3192 1711 3429 1776 animae

1880 1834 2168 1900 pemonae
2211 1816 2699 1899 proprietatem3
2732 1815 3076 1880 dicendum
3109 1817 3281 1901 quod
3309 1819 3430 1884 hoc

1882 1942 2113 1989 verum
2139 1928 2324 2004 esset,
2354 1924 2408 1987 si
2434 1924 2652 1987 anima
2689 1928 2853 1987 esset
2882 1943 3154 2007 persona
3180 1944 3293 2008 per
3319 1944 3385 1991 se
3408 1945 3426 2007 3
3490 1998 3499 2007 ‚

1879 2034 2036 2095 tunc
2076 2032 2250 2096 enim
2288 2032 2533 2095 ratione
2570 2048 2861 2113 personae
2901 2050 3031 2095 non
3070 2033 3432 2115 privaretur

1880 2156 1964 2203 ex
1990 2137 2133 2217 hoc,
2159 2138 2331 2221 quod
2357 2137 2604 2221 corpori
2632 2140 3170 2219 conjungeretur:
3194 2140 3248 2203 si
3271 2158 3430 2222 ergo

1880 2249 2053 2309 caret
2095 2245 2340 2309 ratione
2368 2262 2658 2327 personae
2695 2263 2849 2309 cum
2875 2245 3125 2327 corpori
3151 2248 3293 2329 conj
3303 2265 3430 2310 un-

1879 2352 2080 2434 gitur,
2114 2355 2285 2434 patet
2309 2353 2483 2436 quod
2508 2370 2641 2417 non
2666 2356 2760 2416 est
2795 2370 3064 2434 persona
3089 2372 3241 2418 cum
3271 2360 3364 2418 est
3389 2373 3430 2419 a

1880 2478 2146 2542 corpore
2171 2464 2458 2543 separata
2490 2478 2508 2524 ε
2539 2461 2660 2524 hoc
2691 2464 2908 2524 autem
2948 2478 3079 2524 non
3114 2466 3209 2525 est
3234 2479 3425 2544 prop·

1880 2572 1977 2631 ter
2016 2568 2331 2632 desectum
2367 2567 2695 2649 dignitatis
2715 2615 2734 2646 ,
2777 2566 2885 2632 sed
2926 2570 3182 2650 propter
3221 2568 3425 2634 desec-

1879 2679 2020 2740 tum
2048 2673 2777 2737 incommunicabilitatis
2807 2694 2822 2737 t
2855 2672 3151 2756 quamvis
3178 2692 3306 2737 non
3331 2674 3427 2738 in-

1879 2800 2168 2864 congrue
2200 2785 2407 2864 posset
2435 2781 2582 2860 dici,
2618 2782 2791 2864 quod
2819 2781 2899 2845 ad
2930 2781 3136 2864 ipsam
3161 2781 3425 2846 unibili-

1877 2892 2073 2956 tatem
2128 2909 2244 2974 per
2294 2889 2560 2954 modum
2616 2890 3089 2973 compositionis
3136 2890 3426 2973 sequitur

1876 2997 2174 3080 quaedam
2220 2996 2598 3079 indigentia,
2643 3001 2707 3061 et
2746 2997 3025 3062 detectus
3067 3014 3108 3061 a
3144 2996 3426 3081 comple·

1874 3107 2050 3172 tione
2078 3105 2478 3189 dignissima.

1956 3219 2017 3278 4.
2059 3215 2159 3281 Ad
2195 3213 2356 3280 illud
2398 3212 2570 3297 quod
2612 3211 2914 3295 objicitur
2932 3260 2951 3292 ,
2987 3211 3160 3295 quod
3205 3213 3425 3278 anima

1875 3322 2084 3387 differt
2124 3322 2330 3404 specie
2367 3321 2448 3386 ab
2484 3320 2717 3403 angelo
2760 3319 3114 3384 secundum
3153 3319 3325 3402 quod
3362 3318 3423 3384 ei

1876 3433 2304 3511 comparatur,
2338 3427 2678 3493 dicendum
2706 3427 2877 3511 quod
2912 3426 3073 3490 ratio
3113 3444 3419 3508 persona-

1874 3533 2068 3599 litatis
2095 3533 2239 3619 plus
2261 3535 2413 3599 dicit
2440 3533 2925 3618 completionem
2941 3580 2959 3611 ,
2992 3550 3186 3615 quam
3219 3533 3421 3598 inten-

1876 3641 2116 3706 tionem
2143 3643 2390 3725 speciei.
2420 3641 2580 3707 Nam
2610 3640 2894 3706 Christus
2920 3639 3272 3703 secundum
3300 3639 3421 3705 hu-

1877 3767 2137 3813 manam
2182 3753 2479 3814 naturam
2517 3749 2878 3812 continetur
2908 3746 3030 3810 sub
3069 3745 3272 3827 specie
3297 3744 3421 3809 ho·-

1874 3856 2068 3921 minis
2086 3903 2104 3931 ,
2152 3855 2448 3938 quamvis
2501 3854 2852 3918 secundum
2897 3853 3070 3916 illam
3119 3855 3419 3944 naturam

1875 3981 2007 4026 non
2057 3961 2289 4026 habeat
2337 3962 2757 4027 intentionem
2807 3959 3289 4044 personalitatis.
3342 3956 3420 4025 Et

1873 4070 2016 4133 ideo
2045 4088 2176 4135 non
2202 4070 2494 4152 sequitur
2513 4118 2530 4149 ,
2561 4067 2732 4152 quod
2761 4067 2813 4131 si
2841 4068 3076 4131 animae
3115 4068 3419 4150 separatae

1874 4178 2216 4242 conveniat
2255 4176 2545 4260 specifica
2592 4175 2946 4239 differentia
2978 4177 3266 4257 respectu
3301 4191 3419 4237 an·

1875 4284 2026 4367 geli,
2049 4283 2222 4368 quod
2250 4286 2505 4368 propter
2530 4283 2651 4347 hoc
2678 4269 3016 4347 conveniat
3036 4280 3096 4345 ei
3124 4280 3417 4344 discretio

1875 4392 2223 4475 personalis
2247 4394 2537 4474 respectu
2571 4388 2830 4454 alterius
2870 4389 3128 4452 animae.
3160 4385 3288 4451 Nec
3312 4403 3417 4450 se-

1874 4498 2097 4581 quitur
2144 4521 2160 4563 ι
2216 4522 2248 4559 α
2292 4498 2510 4563 Differt
2552 4515 2828 4563 numero
2867 4496 2949 4561 ab
2992 4495 3117 4560 alia
3159 4495 3375 4560 anima
3395 4541 3414 4571 ,

1874 4624 2035 4688 ergo
2081 4606 2292 4671 differt
2332 4605 2780 4688 personaliter;
2829 4623 2861 4663 n
2912 4602 3063 4686 quia
3106 4601 3419 4667 distinctio

1876 4713 2230 4778 secundum
2264 4731 2612 4778 numerum
2652 4712 2722 4775 in
2761 4709 2905 4793 plus
2943 4713 3039 4775 est
3079 4725 3277 4791 quam
3317 4707 3419 4772 di-

1874 4820 2130 4886 stinctio
2158 4821 2528 4904 personalis.

1959 4932 2019 4992 5.
2051 4928 2151 4993 Ad
2172 4927 2329 4992 illud
2355 4929 2527 5010 quod
2547 4925 2913 5010 opponitur,
2934 4922 3105 5006 quod
3129 4923 3236 4988 cui
3255 4941 3424 4988 com-

1877 5036 2036 5122 petit
2061 5035 2236 5119 loqui
2275 5035 2354 5099 de
2398 5053 2496 5115 se,
2527 5039 2599 5099 ut
2640 5034 2718 5098 de
2761 5050 2861 5107 se,
2908 5035 3053 5110 etc.;
3084 5029 3424 5096 dicendum

1880 5145 2052 5229 quod
2078 5162 2309 5208 verum
2338 5147 2432 5206 est
2457 5141 2821 5225 accipiendo
2850 5139 3030 5221 large
3059 5157 3424 5224 personam,

1881 5250 2239 5317 secundum
2263 5250 2432 5334 quod
2467 5253 2739 5332 persona
2774 5247 3006 5312 dicitur
3031 5265 3164 5312 esse
3204 5246 3275 5310 in
3299 5264 3424 5310 no-

1883 5358 2079 5439 mine,
2102 5357 2206 5422 vel
2228 5355 2628 5441 pronomine,
2650 5355 3004 5421 secundum
3031 5354 3200 5438 quod
3225 5352 3427 5419 reddit

1882 5464 2285 5550 suppoffltum
2327 5462 2528 5528 verbo
2571 5482 2591 5528 z
2633 5461 2758 5529 hoc
2800 5464 3019 5527 autem
3057 5459 3252 5526 modo
3291 5476 3426 5524 non
