4185 6288
579 1744 758 1789 Articuli

555 1812 756 1863 spectau-

541 1876 607 1915 ιιι
621 1873 675 1916 ad
695 1874 758 1915 di-

540 1935 757 1979 vinitatem

809 450 929 514 sto

798 583 973 649 viros
1022 582 1102 648 de
1152 582 1428 666 singulis
1477 583 1778 649 tribubus
1830 584 2336 667 praefigurantur

795 690 1130 758 duodecim
1182 689 1470 773 apostoli.
1528 688 1649 756 Per
1703 691 2043 757 duodecim
2091 690 2336 773 lapides

795 799 1301 881 praefigurantur
1349 796 1686 862 duodecim
1737 800 1950 879 partes
2000 796 2289 880 Symboli
2307 846 2326 877 ,

793 923 942 992 quae
969 910 1123 972 sunt
1147 906 1354 970 ssrmae
1392 908 1454 969 et
1490 904 1919 970 immutabiles
1938 953 1956 985 ,
1989 923 2072 969 ex
2099 905 2336 987 quibus

791 1013 1059 1081 unicum
1086 1012 1457 1097 symbolum
1483 1011 1933 1076 constituitur:
1963 1012 2139 1095 quod
2189 1012 2333 1077 ideo

790 1122 1140 1207 symbolum
1203 1119 1591 1204 appellatur,
1660 1119 1817 1202 quia
1880 1138 1965 1185 ex
2033 1120 2329 1203 pluribus

789 1229 1222 1314 apostolorum
1251 1227 1580 1293 sententiis
1603 1226 1727 1292 fuit
1756 1228 2200 1294 constitutum.
2229 1228 2331 1292 Di-

786 1337 954 1402 citur
975 1336 1149 1401 enim
1172 1334 1545 1418 Symbolum
1561 1354 1601 1399 a
1627 1336 1739 1413 σὺν,
1763 1350 1913 1417 syn,
1931 1334 2104 1416 quod
2123 1337 2219 1399 est
2239 1337 2330 1401 si-

785 1442 941 1523 mul,
955 1447 1017 1508 et
1030 1443 1163 1509 bule
1173 1445 1280 1524 (a),
1296 1444 1497 1522 βουλὴ,
1514 1443 1682 1525 quod
1692 1447 1787 1507 est
1796 1443 2109 1507 sententia
2124 1460 2142 1504 ε
2155 1442 2328 1507 unde

784 1550 1153 1636 symbolum
1198 1555 1292 1614 est
1331 1549 1617 1634 plurium
1662 1551 1974 1616 sententia
2011 1549 2327 1615 constitu-

782 1662 926 1724 tum
955 1658 1055 1742 (b),
1075 1663 1138 1724 et
1167 1658 1261 1722 sic
1286 1658 1564 1722 sumitur
1587 1656 1970 1722 sufficientia
1997 1661 2328 1721 contento-

784 1785 933 1832 rum
975 1767 1046 1832 in
1075 1765 1379 1849 Symbolo
1414 1784 1453 1829 a
1479 1768 1657 1848 parte
1693 1768 2031 1830 auctorum
2065 1783 2329 1847 compo—

786 1876 1102 1941 nentium.
1144 1873 1353 1939 Potest
1389 1872 1583 1937 etiam
1628 1871 2049 1937 nihilominus
2081 1870 2256 1936 sumi
2286 1890 2328 1934 a

784 1987 963 2068 parte
972 1981 1389 2048 articulorum
1408 1979 1934 2045 constituentium
1949 2001 1966 2044 ε
1979 1996 2130 2043 cum
2149 1979 2326 2043 enim

783 2108 1007 2156 omnes
1048 2089 1295 2154 articuli
1338 2089 1467 2153 sint
1505 2087 1582 2151 de
1626 2086 1782 2166 Dee,
1815 2090 1930 2150 aut
1966 2087 2326 2151 secundum

779 2198 950 2283 quod
983 2201 1079 2262 est
1110 2197 1181 2260 in
1230 2199 1459 2260 natura
1498 2193 1785 2277 propria,
1815 2197 1929 2258 aut
1965 2194 2323 2258 secundum

779 2306 949 2389 quod
999 2308 1096 2370 est
1129 2303 1356 2369 unitus
1397 2304 1704 2367 humanas
1744 2303 2033 2378 naturae3
2065 2318 2320 2365 necesse

778 2418 876 2478 est
910 2412 1222 2496 quosdam
1248 2412 1550 2477 articulos
1576 2427 1710 2473 esse
1736 2412 2088 2491 spectantes
2114 2406 2195 2472 ad
2219 2408 2315 2472 di-

776 2521 1143 2597 vinitatem,
1173 2517 1484 2601 quosdam
1512 2517 1589 2581 ad
1620 2515 2117 2580 humanitatem.

859 2627 953 2691 llli
982 2630 1224 2706 autem,
1276 2626 1390 2708 qui
1438 2628 1723 2708 spectant
1754 2623 1834 2689 ad
1888 2622 2315 2701 divinitatem,

775 2738 887 2799 aut
908 2733 1254 2816 respiciunt
1301 2733 1588 2797 divinam
1615 2731 1952 2796 essentiam
1977 2730 2045 2794 in
2072 2748 2140 2795 se
2160 2777 2181 2809 ‚
2208 2734 2323 2794 aut

775 2840 1121 2925 respiciunt
1146 2840 1384 2906 divinae
1415 2838 1707 2903 essentiae
1748 2854 2050 2919 personas
2102 2839 2168 2901 et
2193 2836 2321 2919 hy-

775 2952 1077 3032 postaseS,
1107 2951 1220 3013 aut
1249 2947 1593 3030 respiciunt
1616 2946 1757 3026 ejus
1795 2943 2215 3027 operationes.
2250 2941 2318 3007 Si

773 3057 1124 3142 respiciunt
1146 3055 1354 3140 ipsam
1402 3053 1687 3118 divinam
1740 3051 2080 3115 essentiam
2114 3049 2182 3115 in
2209 3068 2314 3130 se,

774 3165 865 3232 sic
887 3170 984 3232 est
1008 3183 1179 3230 unus
1201 3161 1527 3240 articulus,
1554 3160 1906 3226 secundum
1933 3158 2108 3240 quod
2128 3157 2320 3223 unica

775 3278 840 3340 et
864 3274 1137 3358 simplex
1164 3275 1259 3337 est
1283 3270 1503 3334 divina
1528 3266 1820 3331 essentia.
1863 3264 1942 3329 Et
1982 3265 2107 3331 hoc
2154 3264 2319 3328 insi-

773 3384 1038 3461 nuatur,
1064 3398 1215 3445 cum
1237 3378 1501 3443 dicitur:
1525 3373 1722 3441 Credo
1752 3374 1826 3438 in
1857 3372 2075 3438 Deum.
2101 3370 2167 3437 Si
2193 3391 2314 3437 au-

772 3495 905 3555 tem
950 3487 1298 3572 respiciunt
1340 3483 1576 3548 divinae
1646 3481 1935 3545 essentiae
1992 3498 2314 3563 personas,

775 3599 911 3663 sive
938 3598 1328 3679 hypostases,
1382 3590 1736 3655 secundum
1775 3576 1961 3671 quod
1987 3593 2118 3654 tres
2166 3594 2320 3653 sunt

775 3720 1086 3788 personae,
1130 3706 1260 3766 tres
1303 3702 1454 3764 sunt
1503 3695 1776 3774 articuli,
1819 3713 2102 3778 quorum
2148 3713 2320 3761 unus

772 3818 870 3879 eet
913 3834 928 3877 :
962 3810 1154 3879 Credo
1182 3811 1257 3875 in
1300 3808 1500 3873 Deum
1522 3812 1774 3888 patrem
1801 3805 2312 3885 omnipotentem.

770 3919 954 3985 Alius
975 3936 1129 3983 vero
1161 3919 1444 3992 notatur,
1475 3930 1627 3977 cum
1664 3911 1896 3976 dicitur
1925 3933 1941 3975 ε
1976 3913 2067 3977 Et
2110 3912 2187 3977 in
2210 3912 2314 3978 Je-

770 4043 914 4093 sum
944 4024 1271 4091 Christum
1290 4021 1503 4102 filium
1524 4020 1662 4101 ejus
1681 4022 1945 4086 unicum
1972 4020 2316 4085 Dominum

771 4141 1079 4203 nostrum.
1110 4132 1317 4211 Alius,
1348 4149 1499 4194 cum
1528 4129 1760 4193 dicitur
1789 4146 1808 4191 z
1842 4126 2044 4193 Credo
2067 4128 2142 4192 in
2160 4128 2316 4208 Spi-

768 4245 969 4310 ritum
990 4247 1311 4309 sanetum.
1343 4238 1411 4303 Si
1437 4240 1656 4302 autem
1696 4234 2037 4318 respiciant
2075 4233 2316 4299 divinae

768 4352 1057 4418 essentiae
1087 4346 1506 4432 operationes,
1561 4343 1683 4409 hoc
1709 4346 2076 4427 potestesse
2102 4340 2316 4423 tripli-

766 4460 945 4539 citer,
975 4457 1329 4524 secundum
1354 4452 1525 4537 quod
1549 4451 1781 4535 triplex
1805 4454 1902 4516 est
1918 4450 2060 4531 eJus
2086 4467 2314 4532 opera-

762 4566 855 4633 tio
875 4614 894 4646 ,
923 4581 1201 4650 quarum
1238 4580 1376 4627 una
1413 4563 1508 4626 est
1544 4559 1614 4623 in
1667 4557 2001 4623 collatione
2033 4560 2310 4631 naturae,

766 4680 829 4741 et
855 4674 997 4740 haec
1021 4677 1117 4739 est
1140 4670 1375 4736 creatio
1396 4691 1413 4748 ;
1455 4666 1656 4732 altera
1679 4665 1751 4730 in
1800 4664 2133 4730 collatione
2158 4682 2312 4747 gra-

763 4781 897 4862 tiae,
932 4783 996 4846 et
1020 4780 1162 4845 haec
1183 4782 1279 4843 est
1303 4772 1752 4850 sanctificatio;
1780 4771 1967 4837 tertia
1987 4771 2167 4836 estin
2190 4771 2314 4836 col·

762 4888 998 4956 latione
1050 4884 1301 4968 gloriae,
1351 4888 1417 4948 et
1440 4880 1582 4946 baec
1607 4885 1701 4945 est
1726 4878 2007 4959 gloriosa
2035 4879 2311 4944 resusci-

759 4995 940 5061 tatio.
991 4992 1069 5059 Et
1095 4991 1451 5058 secundum
1477 4990 1600 5054 hoc
1623 4992 1779 5051 tunc
1805 4989 1960 5052 sunt
1986 4990 2114 5050 tres
2153 4985 2307 5049 arti-

758 5103 925 5177 culi,
954 5117 1238 5183 quorum
1284 5114 1460 5163 unus
1506 5098 1767 5160 notatur
1819 5110 1972 5157 cum
2025 5091 2257 5154 dicitur
2287 5107 2302 5150 ε

764 5207 956 5275 Credo
981 5208 1059 5273 in
1090 5206 1444 5273 Creatorem
1465 5201 1608 5270 coeli
1629 5209 1689 5267 et
1715 5206 1899 5266 terroe
1912 5222 1939 5273 ;
1956 5196 2138 5277 alter,
2156 5214 2305 5261 cum

758 5313 989 5379 dicitur
1035 5336 1050 5378 :
1106 5313 1415 5381 Sanctam
1479 5308 1833 5377 Ecclesiam
1890 5304 2303 5385 catholicam,

821 5440 841 5474 ι
867 5440 1038 5503 apoc„
1062 5447 1100 5501 ι,
1131 5440 1209 5501 ¹2,
1242 5440 1317 5488 ie.
1338 5429 2242 5498 -(a)A1.b010.—(b)consututa
2274 5404 2280 5411 ’

1907 444 2559 515 SENTENTIARUM
2602 447 2752 514 LIB.
2804 448 2910 514 ΙΙΙ.

2449 590 2819 652 sanctorum
2834 587 3360 668 communionem,
3384 587 3830 654 remissionem
3851 606 3994 672 peo-

2448 698 2738 760 catorum
2753 716 2778 767 ,-
2805 693 2991 773 alius,
3021 712 3171 759 cum
3195 694 3432 761 dicitur
3460 713 3484 759 :
3518 695 3755 762 Carnis
3788 712 3992 764 resur·

2446 801 2810 867 rectt’onem.
2841 800 2927 867 Et
2955 803 3160 867 vitam
3185 807 3514 868 oeternam.
3548 803 3777 868 Amen.
3808 803 3889 868 Et
3913 805 3996 869 sic

2445 911 2688 990 septem
2720 912 2870 973 sunt
2903 909 3153 974 articuli
3194 910 3357 975 circa
3397 909 3825 988 divinitatem,
3867 930 3995 977 res-

2444 1012 2750 1094 picientes
2772 1015 2977 1098 ipsam
3005 1016 3295 1081 divinam
3348 1017 3688 1082 essentiam
3718 1018 3792 1082 in
3817 1037 3909 1099 se,
3938 1024 3997 1083 et

2443 1115 2514 1181 in
2539 1121 2848 1202 personiS,
2873 1122 3026 1186 etin
3054 1124 3356 1206 operibus
3382 1126 3525 1207 ejus
3556 1147 3571 1188 ε
3606 1129 3671 1190 et
3696 1129 3992 1208 pateteo-

2440 1244 2592 1292 rum
2619 1230 3019 1311 sufficientia,
3052 1233 3206 1315 quia
3245 1250 3380 1297 non
3405 1233 3599 1299 habet
3621 1235 3761 1319 ipsa
3783 1236 3993 1319 pluri-

2440 1334 2562 1401 bus
2581 1337 2789 1402 modis
2814 1339 3226 1404 considerari.

2521 1442 2826 1509 Similiter
2850 1446 3017 1511 circa
3042 1447 3513 1513 humanitatem
3531 1467 3664 1514 non
3683 1455 3782 1515 est
3804 1469 3991 1535 repe·
4039 1453 4158 1498 Μ

2439 1547 2555 1613 riri
2579 1551 2704 1614 nisi
2730 1557 2974 1636 septem
2991 1553 3299 1619 articulos
3326 1554 3733 1638 principales,
3758 1575 3987 1623 secun-
4011 1527 4164 1622 iffi

2438 1654 2596 1720 dum
2625 1663 2868 1741 septem
2892 1665 3071 1725 actus
3102 1660 3333 1727 Christi
3381 1661 3847 1746 RedemptoriS,
3876 1666 3985 1748 qui
4010 1651 4150 1749 ζὴ

2437 1762 2816 1829 ordinantur
2837 1766 2917 1831 ad
2946 1770 3230 1832 nostram
3257 1768 3786 1852 redemptionem.
3812 1769 3988 1847 Quo-

2435 1885 2587 1932 rum
2643 1870 2890 1953 primus
2930 1877 3025 1938 est
3068 1873 3388 1939 incarnari
3444 1898 3460 1939 :
3516 1879 3581 1940 et
3622 1876 3705 1941 de
3751 1877 3880 1942 hoe
3903 1882 3995 1942 est

2434 1994 2605 2039 unus
2631 1978 2942 2044 articulus
2981 2002 2997 2043 :
3048 1980 3171 2053 Qui
3211 1986 3544 2064 conceptus
3590 1990 3684 2050 est
3721 1983 3804 2050 de
3835 1984 3987 2067 Spi-

2434 2084 2570 2149 ritu
2610 2090 2853 2151 saneto.
2886 2085 3222 2152 Secundus
3266 2093 3362 2152 est
3405 2090 3583 2154 nasci
3612 2111 3629 2154 ι
3658 2095 3726 2155 et
3765 2091 3847 2156 de
3871 2092 3990 2157 hoc

2434 2194 2529 2255 est
2554 2190 2720 2256 alius
2745 2193 3052 2258 articulus
3077 2194 3323 2262 :Natus
3341 2212 3423 2262 ex
3439 2198 3660 2264 Maria
3690 2199 3983 2282 Virgine.

2431 2294 2680 2362 Tertius
2707 2303 2802 2364 est
2828 2318 2945 2382 pro
2969 2301 3154 2365 nobis
3177 2304 3460 2385 pretium
3485 2305 3739 2370 solvere
3769 2325 3790 2369 t
3817 2311 3883 2371 et
3909 2307 3982 2372 de

2430 2402 2552 2469 hoc
2578 2411 2673 2471 est
2727 2408 2893 2472 alius
2920 2407 3230 2473 articulus
3259 2432 3275 2473 ε
3308 2411 3551 2479 Passus
3598 2413 3718 2478 sub
3762 2414 3988 2482 Pontio

2428 2510 2663 2590 Pilato,
2710 2514 3068 2595 crucifixus
3099 2563 3117 2597 ,
3172 2523 3489 2598 utortuus,
3545 2525 3609 2586 et
3675 2522 3984 2604 sepultis.

2435 2617 2712 2695 Quartus
2738 2626 2832 2686 est
2857 2620 3183 2687 infernum
3209 2624 3504 2707 spoliare,
3534 2631 3600 2690 et
3624 2627 3708 2693 de
3752 2628 3880 2694 hoc
3899 2635 3989 2696 est

2429 2725 2596 2792 alius
2622 2727 2929 2792 articulus
2961 2749 2975 2793 ε
2999 2729 3350 2798 Descendit
3370 2732 3463 2807 ad
3476 2734 3766 2814 interna.
3792 2735 3987 2813 Quin·

2427 2836 2534 2897 tus
2562 2838 2658 2899 est
2690 2835 2768 2899 de
2796 2839 3000 2900 morte
3031 2836 3426 2920 triumphare
3451 2886 3470 2914 ,
3525 2844 3593 2905 et
3618 2841 3700 2906 de
3724 2842 3852 2907 hoc
3895 2851 3989 2909 ast

2428 2944 2592 3009 alius
2613 2945 2918 3010 articulus
2944 2969 2958 3010 :
2997 2947 3209 3014 Tertia
3234 2948 3340 3015 dte
3367 2954 3737 3021 resurrexit
3754 2971 3799 3018 a
3822 2970 3979 3021 mor·

2430 3053 2586 3119 tuis.
2617 3051 2847 3117 Sextus
2873 3058 2969 3118 est
3003 3054 3280 3120 coelestia
3306 3058 3781 3139 transcendere,
3814 3065 3879 3124 et
3906 3061 3981 3126 de

2427 3158 2553 3223 hoc
2603 3164 2699 3223 est
2728 3160 2894 3225 alius
2933 3162 3239 3227 articulus
3274 3181 3292 3227 ε
3321 3164 3632 3233 Ascendit
3656 3166 3752 3233 ad
3775 3168 3977 3248 αξιοι,

2427 3265 2600 3334 sedet
2629 3266 2719 3333 ad
2736 3267 3075 3336 dexteram
3095 3270 3212 3337 Dei
3237 3271 3455 3337 Patris
3491 3275 3977 3355 onmipotevuis.

2414 3370 2755 3457 Septimus
2782 3375 2861 3440 ad
2882 3377 3204 3458 jndicium
3229 3379 3454 3445 venire
3488 3403 3505 3443 :
3535 3384 3601 3444 et
3628 3380 3709 3446 de
3730 3382 3855 3447 hoc
3893 3388 3984 3447 est

2427 3478 2592 3544 alius
2616 3482 2927 3548 articulus
2956 3502 2974 3546 ε
3003 3484 3164 3553 Inde
3193 3490 3507 3554 venturus
3541 3493 3636 3554 est
3669 3487 3978 3569 ,iudicare

2427 3591 2609 3659 vivos
2634 3597 2693 3658 et
2718 3600 3023 3661 mortuos.
3054 3595 3132 3660 Et
3185 3596 3279 3660 sic
3322 3601 3497 3679 patet
3525 3598 3706 3680 quod
3739 3605 3977 3683 septem

2425 3704 2578 3765 sunt
2603 3703 2855 3768 articuli
2886 3709 3238 3787 spectantes
3263 3706 3342 3771 ad
3369 3706 3699 3786 deitatem,
3744 3713 3811 3772 et
3835 3726 3977 3791 sep·

2425 3812 2556 3873 tem
2593 3816 2947 3892 spectantes
2980 3813 3062 3877 ad
3089 3813 3555 3879 humanitatem
3589 3836 3605 3877 :
3637 3815 3714 3878 in
3746 3817 3978 3898 quibus

2425 3915 2812 3981 universitas
2836 3918 2984 3982 fidei
3005 3918 3392 3998 continetur,
3421 3920 3781 3985 secundum
3809 3920 3977 4005 quod

2424 4020 2825 4104 significatur
2848 4025 2920 4088 in
2959 4024 3172 4107 primo
3200 4024 3627 4110 Apocalypsis
3656 4034 3704 4109 ¹,
3733 4029 3851 4094 ubi
3877 4028 3977 4095 di·-

2424 4128 2511 4193 cit
2532 4129 2809 4195 Joannes
2835 4149 2903 4195 se
2929 4130 3165 4198 vidisse
3184 4136 3425 4215 septem
3457 4134 3842 4200 candelabra
3863 4184 3883 4215 ,
3910 4139 3973 4201 et

2424 4235 2495 4300 in
2548 4237 2758 4304 medio
2813 4244 3057 4323 septem
3108 4239 3642 4306 candelabrorum
3691 4242 3970 4309 similem

2422 4341 2584 4410 Filio
2613 4345 2918 4423 hominis,
2962 4350 3028 4411 et
3078 4340 3185 4412 ille
3222 4347 3496 4413 babebat
3523 4348 3609 4413 ad
3634 4347 3971 4416 dexteram

2421 4457 2666 4536 septem
2706 4455 2939 4521 stellas.
2982 4454 3106 4521 Per
3151 4459 3392 4540 septem
3431 4476 3721 4541 namque
3759 4460 3974 4525 stellas

2418 4560 2795 4641 luminosas,
2827 4579 2979 4648 quae
3004 4567 3160 4629 sunt
3183 4564 3265 4629 de
3299 4568 3534 4629 natura
3570 4563 3842 4645 coelesti,
3868 4566 3971 4631 in-

2418 4670 2803 4753 telliguntur
2826 4675 3072 4756 septem
3097 4672 3349 4738 articuli
3378 4677 3736 4756 spectantes
3756 4673 3846 4740 ad
3869 4674 3968 4738 di-

2417 4777 2753 4843 vinitatem
2766 4799 2786 4859 ;
2815 4796 2931 4862 per
2956 4784 3199 4863 septem
3230 4784 3447 4846 autem
3466 4780 3972 4846 candelabraau-

2418 4900 2553 4963 rea,
2582 4900 2730 4967 quae
2756 4888 2910 4950 sunt
2935 4884 3014 4952 ‹le
3039 4889 3292 4952 terrena
3313 4887 3607 4968 materia,
3636 4893 3971 4954 verumta-

2416 5008 2567 5057 men
2594 4991 2840 5075 optima
2863 4997 2928 5057 et
2954 4992 3289 5076 depurata,
3332 4994 3795 5078 intelliguntur
3822 5013 3966 5080 sep-

2415 5101 2548 5162 tem
2584 5098 2836 5163 articuli
2890 5099 3295 5183 respicientes
3332 5100 3858 5169 humanitatem:
3901 5107 3966 5166 a

2413 5204 2557 5270 ideo
2573 5206 2724 5271 dicit
2740 5206 2913 5288 quod
2931 5206 2999 5270 in
3014 5205 3224 5272 medio
3241 5208 3482 5273 horum
3502 5207 3665 5273 vidit
3688 5208 3962 5274 similem

2413 5309 2577 5376 Filio
2612 5312 2920 5379 hominis.
2955 5311 3270 5390 Quoniam
3312 5331 3475 5396 ergo
3518 5313 3623 5379 isti
3662 5319 3958 5398 quatuoe·

2414 5416 2618 5483 decim
2637 5417 2887 5485 articuli
2911 5419 3320 5485 continentur
3344 5419 3415 5483 in
3442 5420 3751 5503 Symbolo
3768 5423 3956 5507 Apos-
