4185 6288
1279 377 1660 448 ms'rmc'r.
1704 382 1862 451 XIX.
1908 388 2090 456 ΛΒΤ.
2139 392 2189 457 1.
2235 393 2531 473 QUAEST.
2579 397 2627 462 1.

354 518 679 607 potestatis
703 517 1001 602 apparuit
1030 517 1101 584 in
1131 518 1263 584 fine
1294 537 1311 582 ε
1339 515 1499 582 vicit
1520 517 1695 582 enim
1721 536 1895 586 mor-

355 630 490 695 tem
523 629 589 693 et
624 631 951 694 auctorem
977 626 1203 691 mortis
1233 624 1531 709 patiendo
1577 631 1642 691 et
1679 645 1901 694 resur-

356 733 568 820 gendo
601 757 617 801 2
650 733 796 799 licet
831 733 1039 818 passio
1080 730 1472 797 infirmitatis
1517 735 1903 802 attribuatur

356 843 568 910 solum
609 841 880 920 Christo,
924 845 1141 904 tamen
1185 840 1466 923 operatio
1500 842 1760 907 virtutis
1787 844 1902 907 toti

356 949 669 1020 Trinitati.
712 948 792 1013 Et
837 948 979 1012 ideo
1026 947 1175 1012 dicit
1215 946 1517 1029 Magister
1558 951 1731 1031 quod
1771 955 1905 1016 tota

355 1055 629 1124 Trinitas
653 1060 752 1122 est
773 1055 1134 1137 redemptor
1162 1073 1286 1119 usu
1314 1057 1634 1138 potestatis
1665 1058 1770 1141 (a).
1806 1057 1904 1123 Ad

354 1164 511 1230 illud
556 1163 729 1247 quod
774 1162 1093 1245 objicitur,
1135 1162 1309 1245 quod
1354 1167 1628 1248 potestas
1670 1166 1792 1229 fuit
1833 1166 1902 1229 in

356 1271 484 1337 Deo
533 1272 614 1337 ab
665 1276 905 1336 aeterno
922 1318 941 1350 ‚
987 1269 1330 1334 dicendum
1381 1271 1554 1353 quod
1599 1271 1903 1353 Magister

355 1398 488 1445 non
519 1378 671 1443 dicit
714 1378 888 1461 quod
924 1377 1115 1442 fuerit
1158 1378 1517 1464 redemptor
1566 1397 1649 1443 ex
1687 1382 1902 1461 potes-

355 1491 504 1566 tate,
534 1485 644 1551 sed
669 1504 753 1552 ex
780 1505 906 1551 usu
944 1485 1268 1569 potestatis
1296 1503 1313 1548 ε
1344 1489 1410 1550 01
1436 1484 1610 1549 1111110
1637 1485 1902 1568 quidem

356 1611 487 1660 uon
510 1591 737 1658 habuit
763 1592 845 1657 ab
871 1596 1135 1670 aeterno,
1166 1592 1275 1656 sed
1304 1610 1386 1656 ex
1415 1596 1720 1675 tempore.

988 1814 1127 1862 DUB.
1174 1815 1267 1862 Vl.

362 1947 557 2000 Dicitur
606 1947 905 2011 redemptor
959 1945 1245 1997 seeundum
1310 1943 1681 1997 humanitatem
1700 1981 1718 2008 ,
1783 1944 1902 2010 quia

422 2018 707 2071 secundum
736 2031 877 2080 eam,
907 2019 958 2068 et
992 2017 1047 2067 in
1087 2031 1149 2067 ea
1190 2018 1412 2083 suscepit
1456 2022 1506 2068 et
1547 2017 1779 2082 implevit
1818 2017 1903 2067 illa

424 2094 773 2153 sacramenta,
802 2102 916 2153 quae
956 2093 1076 2140 sunt
1103 2102 1255 2139 causa
1290 2093 1480 2140 nostras
1513 2087 1898 2154 redemptionis.

437 2239 560 2309 Sed
603 2244 823 2307 contra
858 2263 873 2305 ε
906 2238 1314 2318 Paenitentia,
1358 2244 1424 2306 et
1464 2242 1897 2321 confirmatio,

359 2355 421 2417 et
463 2353 750 2416 extrema
802 2348 1026 2413 unctio
1070 2347 1310 2412 faciunt
1350 2348 1433 2412 ad
1477 2352 1760 2413 nostram
1808 2366 1903 2414 re-

357 2457 786 2541 demptionem
840 2479 858 2522 :
904 2461 968 2522 et
1004 2460 1219 2523 tamen
1268 2457 1554 2522 Christus
1600 2455 1681 2522 ea‘
1716 2458 1785 2522 in
1831 2477 1900 2523 se

358 2582 491 2632 non
518 2565 773 2649 recepit.

437 2671 625 2756 Resp.
680 2669 1033 2738 Dicendum
1097 2671 1267 2754 quod
1323 2675 1718 2736 sacramenta
1772 2689 1904 2736 non

357 2783 667 2846 vocantur
714 2779 858 2857 illa,
910 2796 1058 2862 quae
1090 2781 1247 2843 sunt
1285 2778 1503 2859 signa,
1535 2782 1599 2842 et
1641 2797 1795 2843 vasa
1835 2780 1903 2842 in

356 2889 590 2973 quibus
621 2888 945 2952 confertur
984 2886 1225 2969 gratia,
1263 2886 1429 2949 sicut
1466 2890 1621 2949 sunt
1663 2890 1902 2970 septem

357 2996 754 3062 sacramenta
804 2992 1144 3071 Ecclesiae3
1200 2993 1315 3071 sed
1359 2995 1751 3057 sacramenta
1799 2991 1905 3058 hic

355 3101 655 3168 dicuntur
691 3119 870 3167 sacra
910 3100 1241 3185 mysteria,
1272 3101 1406 3168 sive
1438 3100 1602 3166 facta
1629 3104 1901 3181 secreta,

354 3227 502 3294 quae
546 3209 838 3275 ordinata
882 3214 1033 3274 sunt
1079 3210 1160 3275 ad
1201 3213 1488 3276 nostram
1529 3209 1907 3291 redemptio.

354 3335 528 3397 nem,
558 3318 724 3381 sicut
749 3315 980 3381 Christi
1008 3316 1383 3397 incarnatio,
1412 3317 1731 3398 nativitaS,
1764 3334 1905 3400 pas-

355 3426 477 3501 sio,
507 3428 571 3489 et
598 3424 1003 3502 resurrectio,
1033 3428 1150 3488 etc.

834 3675 1320 3747 ARTICULUS
1369 3677 1423 3747 1.

433 3858 531 3923 Ad
556 3856 1045 3940 intelligentiam
1071 3858 1288 3920 autem
1330 3855 1531 3940 huJ‘us
1562 3859 1761 3940 partis
1791 3858 1899 3922 in-

353 3965 504 4030 cidit
541 3963 651 4027 1110
700 3962 974 4046 quaestio
1018 3963 1185 4027 circa
1232 3962 1361 4028 duo
1411 3985 1425 4027 ε
1473 3962 1683 4046 primo
1726 3964 1901 4029 enim

353 4071 668 4157 quaeritur
728 4070 806 4135 de
874 4068 1152 4133 efficacia
1214 4068 1564 4153 passionis;
1621 4069 1900 4134 seeundo

354 4197 509 4245 vero
552 4179 867 4264 quaeritur
919 4176 996 4241 de
1040 4194 1314 4258 persona
1362 4175 1796 4260 Redemptoris
1837 4182 1901 4242 et

354 4285 736 4353 Mediatoris.
780 4284 955 4351 Circa
988 4284 1273 4367 primum
1310 4290 1698 4367 quaeruntur
1737 4305 1900 4370 qua-

352 4398 522 4471 tuor,
545 4396 738 4478 Juxta
771 4411 847 4459 ea
872 4409 1020 4475 quae
1049 4393 1232 4475 prius
1264 4395 1430 4458 tacta
1463 4397 1615 4457 sunt
1645 4415 1660 4457 ε
1690 4395 1898 4476 primo

355 4519 512 4587 ergo
548 4501 863 4586 quaeritur
888 4502 1114 4565 utrum
1140 4518 1257 4582 per
1280 4500 1643 4584 passionem
1671 4500 1900 4566 Christi

353 4608 468 4673 fiat
490 4613 895 4692 peccatorum
922 4607 1210 4672 remissio
1235 4627 1252 4686 ;
1285 4609 1562 4672 seeundo
1589 4609 1902 4690 quaeritur

356 4718 580 4781 utrum
626 4716 737 4780 flat
780 4715 1362 4798 chirographorum
1403 4715 1673 4797 deletio;
1716 4720 1901 4784 tertio

356 4823 667 4907 quaeritur
700 4827 923 4887 utrum
968 4841 1082 4906 per
1124 4823 1330 4906 ipsam
1375 4824 1487 4888 fiat
1530 4824 1820 4890 liberatio
1863 4846 1904 4893 a

358 4933 661 5014 potestate
712 4930 988 5010 diaboli3
1041 4934 1269 5014 quarto
1316 4934 1627 5014 quaeritur
1679 4938 1901 4999 utrum

360 5055 474 5121 per
502 5038 706 5121 ipsam
727 5038 802 5120 (b)
834 5038 949 5102 ssat
972 5039 1289 5131 absolutio
1318 5059 1358 5103 a
1385 5058 1577 5123 poena
1602 5045 1894 5124 peccati..

426 5162 442 5196 ¹
469 5162 553 5222 Cf.
581 5162 725 5213 Alex.
756 5161 972 5225 Aleusis,
998 5176 1049 5227 p.
1074 5164 1161 5229 111,
1182 5178 1233 5228 q.
1256 5176 1404 5227 xvut,
1426 5166 1622 5216 memb.
1650 5170 1697 5231 6,
1719 5171 1816 5220 art.
1846 5173 1901 5235 1,

366 5237 417 5286 S.
450 5234 695 5297 Thomas,
741 5249 792 5298 p.
826 5234 911 5296 111,
942 5247 995 5297 q.
1026 5245 1171 5297 xmx,
1205 5239 1299 5285 art.
1333 5241 1388 5300 ¹3
1410 5243 1463 5287 et
1490 5238 1554 5289 111
1591 5239 1750 5306 Seni,
1788 5242 1905 5293 dist.

366 5320 542 5374 xxx,q.
564 5322 601 5373 1,
629 5313 724 5361 art.
747 5313 809 5373 53
836 5307 1154 5368 Richardus,
1190 5310 1255 5360 111
1286 5312 1449 5375 sent„
1476 5314 1594 5365 dist.
1626 5327 1738 5381 111,
1768 5331 1819 5382 q.
1850 5332 1904 5383 13

431 5382 496 5444 (a)
527 5380 652 5432 eat.
673 5380 794 5432 edit.
821 5380 1060 5443 potentis.
1089 5406 1143 5418 -
1180 5378 1241 5443 (ὁ)
1266 5381 1387 5433 Cet.
1407 5384 1529 5436 edit.
1560 5385 1799 5453 seipsam.

3434 398 3550 460 ⁴07

2560 639 2919 718 QUAESTIO
2963 641 3017 707 1.

2010 795 2104 853 An
2116 812 2219 870 per
2238 800 2539 870 passionem
2564 797 2765 857 Christi
2783 803 2887 873 fiat
2903 803 3141 858 remissio
3155 804 3495 874 peccatorum
3507 799 3546 856 ¹.

2092 951 2318 1018 Utrum
2345 973 2460 1037 per
2488 957 2845 1038 passionem
2876 958 3102 1024 Christi
3128 959 3239 1022 fiat
3265 956 3553 1022 remissio
3582 985 3789 1030 punam.

2010 1065 2453 1142 peecatorum3
2499 1068 2563 1127 et
2606 1065 2777 1147 quod
2820 1066 2946 1143 sic,
2975 1065 3277 1132 videtur¹
3312 1089 3327 1129 z
3362 1066 3556 1134 Lavit

2010 1182 2127 1232 nos
2150 1185 2192 1233 a
2215 1173 2495 1249 peccatis
2524 1173 2765 1237 nostris
2807 1174 2882 1237 in
2917 1174 3234 1254 sanquine
3261 1188 3399 1239 suo.
3432 1171 3553 1237 Sed

2010 1280 2265 1357 peccata
2302 1277 2561 1343 abluere
2607 1298 2740 1344 non
2783 1286 2878 1344 est
2920 1281 3117 1360 aliud,
3161 1299 3358 1363 quam
3400 1299 3555 1363 pec-

2010 1386 2150 1446 cata
2177 1383 2519 1462 remittere,
2564 1386 2698 1450 sive
2733 1388 3083 1468 justificare
3117 1409 3132 1452 2
3165 1406 3320 1468 ergo
3346 1407 3384 1451 a
3411 1404 3557 1470 pas·

2014 1488 2189 1553 sione
2215 1496 2310 1553 est
2333 1495 2740 1572 peccatorum
2760 1494 3044 1557 remissio
3072 1498 3137 1558 et
3157 1494 3551 1575 justificatio.

2090 1596 2251 1661 Item
2305 1597 2394 1663 ad
2445 1599 2774 1666 Hebroeos³
2818 1621 2841 1662 .·
2889 1601 3122 1667 Omnia
3171 1617 3328 1681 pene
3367 1618 3559 1666 mun-

2010 1703 2253 1770 dantur
2280 1707 2354 1770 in
2380 1709 2715 1788 sanquine,
2746 1713 2804 1774 et
2828 1709 2971 1774 sine
3012 1708 3358 1790 sanquinis
3393 1708 3559 1791 ellu-

2009 1813 2188 1878 sione
2216 1828 2346 1877 non
2383 1814 2463 1893 fit
2496 1816 2792 1882 remissio
2841 1822 3266 1898 peccatorum.
3311 1813 3390 1877 Et
3434 1814 3556 1877 ibi-

2011 1917 2157 1982 dem
2204 1938 2219 1980 :
2268 1919 2558 2004 Sanquis
2604 1923 2871 2005 Christi,
2929 1924 3046 2005 qui
3080 1939 3190 2004 per
3239 1921 3557 2003 Spiritum

2010 2033 2303 2092 sanctum
2348 2032 2754 2111 semetipsum
2807 2029 3030 2096 obtulit
3074 2028 3557 2094 immaculatum

2011 2134 2160 2213 Dea,
2191 2136 2560 2203 emundabit
2586 2139 3008 2203 conscientias
3035 2142 3290 2203 nostras
3320 2135 3398 2201 ab
3421 2151 3557 2217 ope·

2010 2242 2190 2308 ribus
2231 2246 2520 2311 mortuis.
2555 2244 2679 2308 Sed
2711 2263 2903 2326 opera
2931 2247 3185 2307 mortua
3227 2246 3378 2307 suut
3405 2260 3557 2324 pec-

2011 2354 2150 2413 cata
2180 2372 2195 2415 ε
2230 2369 2386 2432 ergo
2415 2369 2528 2433 per
2568 2351 2925 2434 passionem
2955 2350 3184 2414 Christi
3209 2351 3284 2413 fit
3319 2368 3556 2415 emun-

2009 2457 2180 2522 datio
2206 2477 2244 2521 a
2273 2456 2563 2539 peccatiS.

2092 2563 2250 2629 Item
2278 2565 2346 2629 in
2373 2570 2624 2630 canone
2670 2564 2876 2630 Missae
2905 2563 3167 2644 dicitur,
3197 2569 3258 2638 et
3286 2563 3558 2630 trahitur

2011 2673 2088 2737 de
2120 2672 2474 2754 Evangelio
2492 2674 2514 2707 ⁸
2541 2692 2558 2738 ε
2583 2675 2705 2739 Hic
2735 2679 2829 2739 est
2858 2673 3038 2740 catix
3063 2674 3219 2739 novi
3246 2678 3307 2739 et
3332 2675 3560 2740 (eterni

2012 2782 2406 2859 testamenti,
2438 2783 2555 2863 qui
2583 2797 2698 2864 pro
2743 2781 2921 2847 vobis
2952 2787 3008 2847 et
3039 2797 3157 2862 pro
3205 2779 3426 2847 multis
3462 2783 3560 2863 ef-

2016 2886 2324 2969 fundetur
2351 2888 2426 2953 in
2448 2889 2888 2954 remissionem
2909 2893 3330 2971 peccatorum.

2095 2994 2283 3071 Item,
2331 2999 2728 3059 sacramenta
2764 2996 3159 3078 justificant:
3194 2995 3302 3060 sed
3342 2995 3560 3061 omnia

2013 3108 2408 3169 sacramenta
2454 3103 2973 3187 justificationem
3031 3104 3270 3170 habent
3310 3122 3351 3168 a
3410 3123 3556 3189 pas-

2013 3214 2189 3278 sione
2239 3211 2466 3278 Christi
2515 3235 2530 3274 :
2591 3230 2749 3293 ergo
2801 3212 3005 3275 multo
3052 3212 3278 3277 fortius
3331 3211 3558 3278 Christi

2013 3318 2222 3402 passio
2247 3320 2341 3380 est
2371 3317 2596 3381 efficax
2621 3317 2688 3379 in
2711 3316 3138 3398 justificando·

2094 3424 2216 3488 Sed
2243 3429 2482 3503 contra,
2516 3431 2544 3487 1
2570 3425 2591 3458 ⁸
2621 3445 2637 3487 ε
2677 3424 2986 3489 Traditus
3018 3427 3109 3489 est
3141 3427 3404 3504 propter
3440 3422 3551 3490 de-
3610 3462 3673 3507 Ad
3693 3475 3794 3521 opp,

2011 3531 2170 3597 licta
2195 3539 2438 3604 nostra,
2469 3536 2529 3597 et
2556 3533 2908 3596 resurrexit
2942 3534 3196 3613 propter
3226 3529 3556 3611 „iustifica-

2012 3641 2247 3705 tionem
2274 3646 2580 3706 nostram.
2613 3638 2785 3719 Ergo
2813 3638 3065 3701 videtur
3104 3636 3276 3720 quod
3313 3637 3551 3719 justifl-

2011 3746 2176 3809 catio
2202 3746 2284 3809 sit
2305 3765 2343 3809 a
2368 3745 2861 3826 resurrectione„
2888 3762 3022 3807 nou
3049 3764 3089 3807 a
3119 3742 3430 3826 passione.

2090 3858 2152 3918 2.
2192 3854 2351 3917 Item
2375 3852 2430 3917 ⁸:
2462 3854 2595 3937 1390
2632 3869 2774 3919 sum
2808 3855 2926 3935 qui
2952 3852 3123 3918 deleo
3168 3853 3555 3942 iniquitates

2011 3969 2162 4029 tuas
2202 3968 2457 4047 propter
2496 3978 2615 4028 me.
2658 3961 2832 4043 Ergo
2861 3962 3107 4026 „deletio
3151 3964 3551 4043 peccatorum

2008 4077 2375 4137 nostrorum
2405 4075 2501 4134 est
2527 4090 2567 4134 a
2592 4070 2726 4135 solo
2754 4070 2880 4134 Deo
2911 4088 2927 4132 ε
2961 4088 3092 4134 11011
3126 4088 3283 4150 ergo
3322 4088 3362 4133 a
3401 4086 3551 4152 pas-

2009 4178 2190 4244 sione
2222 4178 2473 4245 Christi.

2090 4293 2152 4350 3.
2185 4287 2365 4363 Item,
2389 4285 2758 4369 justisscatio
2785 4302 2825 4348 a
2844 4284 3032 4368 culpa
3061 4286 3156 4348 est
3182 4300 3298 4365 per
3322 4282 3551 4364 gratiae

2009 4394 2394 4458 infusionem
2428 4416 2441 4456 ε
2478 4393 2586 4457 sed
2624 4393 2796 4456 solus
2837 4392 3001 4455 Deus
3044 4394 3168 4467 est,
3199 4390 3314 4473 qui
3349 4392 3552 4473 potest

2008 4502 2287 4584 gratiam
2324 4501 2692 4578 infundere,
2723 4499 2887 4562 sieut
2912 4498 2980 4561 in
3011 4498 3219 4580 primo
3258 4498 3455 4577 libro,
3486 4500 3552 4563 et

2010 4612 2079 4674 in
2128 4612 2357 4692 quarto
2400 4608 2751 4672 ostenditur
2782 4626 2798 4670 ε
2829 4624 2987 4687 ergo
3029 4604 3202 4669 solus
3238 4604 3400 4668 Deus
3434 4623 3553 4687 po-

2010 4720 2131 4782 test
2156 4714 2409 4798 culpam
2436 4715 2665 4792 delere,
2701 4717 2766 4777 et
2791 4713 3119 4777 hominem
3155 4712 3503 4794 ,iustificare
3534 4732 3550 4777 t

2012 4842 2170 4905 ergo
2215 4822 2420 4906 eulpae
2458 4821 2685 4885 deletio
2726 4824 2788 4883 et
2818 4819 3192 4901 justificatio
3232 4835 3366 4882 non
3401 4821 3495 4882 est
3519 4836 3559 4882 a

2013 4931 2325 5017 passione.

2095 5045 2158 5106 4.
2203 5039 2384 5118 Item,
2428 5037 2589 5100 nihil
2632 5033 2957 5118 corporale
2997 5033 3211 5097 influit
3242 5032 3559 5116 justitiam

2018 5167 2265 5232 Stephau.
2296 5164 2504 5227 Brulet'.‚
2539 5166 2601 5215 111
2629 5164 2786 5226 Seni„
2813 5161 2929 5212 dist.
2953 5172 3065 5221 xlx,
3095 5174 3146 5224 q.
3170 5171 3225 5223 15
3255 5158 3382 5210 Gab.
3412 5160 3560 5227 Biel.,

2017 5240 2082 5289 111
2115 5240 2272 5300 Seni„
2303 5237 2422 5287 dist.
2460 5249 2579 5300 xtx,
2617 5250 2669 5300 q.
2703 5247 2738 5285 1.
2769 5261 2830 5271 —
2853 5235 2874 5269 ¹
2900 5235 3069 5298 Apoc.,
3095 5235 3142 5298 1,
3173 5235 3221 5281 5.
3259 5259 3313 5269 -
3341 5230 3363 5268 ⁸
3389 5233 3561 5297 Helm,

2020 5327 2106 5379 lx,
2129 5318 2189 5364 22
2208 5351 2223 5377 ‚
2250 5314 2397 5365 14.—
2419 5313 2439 5345 ⁴
2466 5312 2674 5374 Natta„
2702 5322 2845 5366 xxm,
2877 5312 2955 5361 28.
2974 5336 3035 5347 -
3054 5309 3077 5344 ⁸
3104 5310 3258 5373 Rom„
3290 5321 3365 5374 tv,
3395 5311 3476 5360 25.
3505 5335 3565 5348 -

2018 5389 2040 5425 ⁸
2068 5389 2187 5450 lea„
2220 5398 2375 5449 xun,
2400 5389 2478 5438 25.
