4185 6288
1472 472 1853 542 nls'rmc'r.
1898 473 2058 542 xlv.

573 639 985 710 Exposl'rlo
1023 640 1357 709 TEXTUS.

329 784 412 835 Hic
438 782 600 851 quaeri
628 795 757 849 opus
784 786 894 846 est,
923 796 1040 833 cum
1066 782 1240 833 anima
1272 783 1457 835 Christi
1477 815 1495 844 ‚
1517 785 1615 833 etc.

288 934 481 1019 Supra
513 937 647 1018 egit
691 934 996 1016 Magister
1036 935 1114 1000 de
1151 935 1545 1018 plenitudine
1589 953 1741 1018 gra-

223 1045 312 1108 tiae
351 1049 409 1108 et
456 1044 733 1108 scientiae
780 1043 1248 1124 communiter;
1296 1042 1366 1107 in
1416 1044 1536 1108 hac
1588 1061 1743 1108 vero

222 1153 375 1232 parte
414 1150 549 1232 agit
578 1151 657 1215 de
704 1149 1098 1233 plenitudine
1139 1151 1422 1216 scientiae
1461 1151 1743 1234 speciali-

82 1276 197 1319 nmsa
222 1260 318 1319 ter.
380 1256 689 1321 Dividitur
757 1261 978 1321 autem
1046 1275 1194 1341 pars
1240 1258 1361 1323 ista
1417 1259 1485 1322 in
1535 1263 1746 1341 partes

221 1363 386 1443 duas,
418 1365 486 1427 in
509 1381 790 1446 quarum
835 1365 1048 1449 prima
1087 1365 1361 1430 ostendit
1403 1367 1470 1430 in
1499 1366 1745 1431 Christo

219 1471 387 1537 fuisse
427 1491 692 1537 omnem
734 1474 1065 1538 scientiam
1109 1473 1464 1538 secundum
1511 1474 1747 1539 huma-

220 1599 350 1643 nam
402 1586 741 1659 naturam;
792 1582 862 1645 in
903 1582 1183 1646 secunda
1249 1600 1406 1646 vero
1478 1582 1748 1665 inquirit

220 1691 415 1751 utrum
463 1689 681 1752 anima
725 1688 954 1752 Christi
1000 1688 1298 1753 habuerit
1340 1690 1745 1771 omnipoten-

221 1795 374 1870 tiam,
401 1797 567 1860 sicut
600 1797 895 1861 omnium
923 1797 1277 1874 scientiam,
1310 1798 1397 1861 ibi
1436 1819 1451 1861 ε
1487 1797 1569 1862 St·
1598 1813 1747 1863 vero

223 1908 545 1986 camiliar,
574 1922 774 1990 quare
799 1908 969 1972 Deus
995 1923 1124 1973 non
1154 1907 1403 1974 dederit
1440 1910 1503 1973 ei
1523 1913 1751 1989 poten-

224 2015 383 2094 tiam,
413 2019 534 2080 etc.
567 2015 723 2079 Pars
748 2016 957 2099 prima
979 2015 1171 2080 habet
1197 2021 1348 2094 tres,
1380 2016 1446 2079 in
1471 2034 1750 2098 quarum

223 2121 404 2202 prima
441 2123 743 2207 proponit
781 2124 1201 2206 quaestionem
1231 2125 1309 2188 de
1334 2124 1515 2187 omni
1544 2123 1752 2188 scien-

223 2228 297 2290 tia
335 2229 566 2294 animae
614 2229 887 2308 Christi3
931 2231 1001 2294 in
1046 2231 1326 2295 secunda
1372 2248 1528 2294 vero
1574 2231 1755 2312 ponit

225 2334 794 2401 determinationem
844 2339 1197 2403 secundum
1249 2339 1530 2402 aliorum
1588 2338 1753 2401 aesti-

229 2444 576 2524 mationem,
607 2445 699 2507 ibi
730 2466 748 2508 ι
790 2445 1179 2519 Quibusdam
1212 2446 1419 2527 placet
1446 2447 1618 2529 quod
1640 2463 1753 2512 nec

221 2567 415 2631 parem
434 2569 582 2618 cmn
597 2552 742 2630 Deo,
760 2557 905 2630 etc.;
927 2553 994 2616 in
1008 2553 1196 2616 tertia
1209 2571 1363 2617 vero
1376 2555 1758 2619 determinat

225 2661 555 2723 secundum
593 2678 781 2723 suam
816 2659 1219 2742 opinionem,
1248 2661 1585 2725 ostendens
1608 2661 1756 2725 ani-

202 2763 376 2829 'mam
417 2765 651 2832 Christi
692 2765 992 2830 habuisse
1039 2767 1579 2844 omniscientiam,
1612 2768 1700 2831 ibi
1735 2791 1751 2833 :

229 2873 437 2943 ombus
464 2872 920 2954 respondentes
948 2873 1230 2939 dicimus
1251 2923 1273 2954 ,
1301 2877 1422 2938 etc.
1454 2873 1758 2940 Similiter

224 2982 471 3045 secunda
502 3000 653 3063 pars
680 2979 1043 3062 principalis
1082 2981 1274 3044 habet
1313 2984 1443 3044 tres
1467 2981 1757 3062 particu-

224 3085 318 3164 las,
357 3088 420 3152 in
449 3105 737 3172 quarum
764 3087 974 3169 prima
1003 3088 1384 3152 determinat
1415 3086 1717 3169 Magister
1736 3136 1754 3166 ,

225 3213 395 3277 quare
421 3197 644 3261 anima
684 3195 914 3260 Christi
953 3215 1082 3261 non
1122 3196 1317 3260 habet
1354 3197 1757 3279 omnipoten-

226 3298 378 3385 tiam,
404 3307 576 3369 sicut
601 3303 1112 3368 omniscientiam
1143 3326 1159 3381 ;
1191 3305 1262 3367 in
1289 3304 1567 3369 secunda
1602 3324 1759 3370 vero

225 3415 460 3494 opponit
485 3416 714 3477 contra
744 3429 932 3475 suam
958 3411 1586 3492 determinationem,
1618 3413 1707 3477 ibi
1737 3436 1754 3478 t

227 3519 335 3585 Sed
361 3526 420 3589 si
445 3523 570 3588 illa
600 3522 828 3585 anima
870 3533 1000 3584 non
1026 3518 1243 3596 habet,
1277 3522 1431 3595 etc.;
1468 3520 1538 3582 in
1572 3520 1760 3584 tertia

224 3645 355 3692 vero
395 3627 691 3693 dissolvit
738 3626 1224 3709 oppositionem,
1279 3631 1343 3691 et
1380 3627 1759 3692 determina·

225 3736 436 3802 tionem
464 3755 657 3801 suam
686 3734 902 3798 multis
925 3735 1280 3799 rationibus
1306 3736 1585 3819 adaptat,
1617 3737 1707 3800 ibi
1738 3756 1755 3802 ε

227 3843 316 3907 Ad
353 3844 525 3928 quod
571 3841 857 3909 dicimus
892 3840 1063 3907 illud
1106 3857 1238 3908 csse
1281 3844 1758 3926 accipiendum,

227 3954 323 4014 etc.

862 4098 1002 4143 mm.
1048 4098 1092 4141 l.

385 4230 516 4290 Quia
543 4228 600 4279 in
629 4227 768 4279 nullo
799 4226 1029 4278 Creatori
1057 4229 1293 4277 creatura
1313 4228 1564 4290 aequatur.

290 4382 510 4450 Contra
568 4407 584 4448 ι
629 4383 895 4448 Videtur
936 4383 1164 4446 salsum
1212 4383 1282 4445 in
1337 4382 1675 4446 duratione
1719 4403 1760 4447 a

225 4497 377 4571 parte
403 4497 550 4577 post
581 4515 597 4556 :
633 4493 996 4556 sicutenim
1024 4490 1186 4554 Deus
1213 4490 1405 4554 durat
1431 4492 1502 4554 in
1538 4490 1755 4554 infini-

224 4598 371 4678 tum,
418 4602 509 4664 ita
536 4603 601 4663 et
628 4602 918 4662 creatura
949 4617 965 4662 ε
999 4598 1326 4662 infinitum
1367 4601 1584 4661 autem
1611 4597 1757 4660 infl-

223 4704 339 4770 nito
371 4726 502 4772 non
530 4710 626 4770 est
659 4708 893 4788 majus,
940 4705 1098 4768 Item
1147 4705 1416 4769 infertur
1459 4704 1758 4768 instantia

222 4804 280 4872 iu
302 4830 572 4878 numero
601 4830 1019 4896 personarum
1048 4835 1062 4877 ε
1095 4813 1403 4895 quoniam
1437 4811 1757 4876 ternarius

222 4928 496 5001 equatur
553 4922 834 4986 ternario
887 4944 902 4986 :
958 4926 1021 4985 et
1063 4922 1131 4985 in
1183 4922 1405 4986 multis
1452 4923 1757 4987 creaturis

221 5029 514 5110 contingit
549 5029 913 5093 ternarium
948 5030 1221 5094 inveniri
1251 5048 1270 5094 ε
1315 5030 1569 5095 videtur
1595 5048 1754 5111 ergo

221 5137 371 5214 quod
407 5139 482 5201 in
528 5138 750 5220 aliquo
792 5137 1129 5202 conveniat
1165 5141 1526 5203 creaturam
1566 5138 1753 5203 Crea-

225 5244 331 5306 tori
352 5247 617 5329 aequari.

279 5404 559 5472 ¹Anselm.,
588 5420 749 5472 super
774 5406 899 5456 illud
927 5404 1089 5456 Rxodi
1117 5420 1130 5454 :
1159 5406 1400 5455 Dominus
1436 5410 1663 5468 regnavit
1698 5409 1752 5458 in

223 5477 445 5527 eternum
469 5483 514 5529 et
543 5479 709 5529 ultra.
733 5505 788 5516 --
821 5480 844 5511 ¹
871 5476 1055 5535 Eud..
1077 5488 1164 5540 ιν,
1194 5479 1269 5528 18.

1931 608 2120 695 Resp.
2152 612 2503 678 Dicendum
2528 614 2699 697 quod
2719 661 2736 692 ‚
2767 611 3047 696 pensatis
3084 612 3396 679 conditio·

1850 718 2065 797 nibus,
2098 720 2164 784 in
2198 722 2376 787 nullo
2397 724 2602 805 potest
2622 726 2912 786 creatura
2933 719 3211 786 Creatori
3237 738 3399 786 coae-

1849 828 2035 910 quari
2065 829 2335 911 perfecte
2355 877 2376 907 ,
2408 848 2525 893 nec
2549 832 2643 894 ost
2675 830 2743 892 in
2784 829 3000 911 aliquo
3033 829 3270 893 inferre
3294 830 3400 894 in-

1850 935 2173 1000 stantiam.
2219 935 2297 1000 Et
2333 936 2505 1018 quod
2541 936 2839 1018 objicitur
2870 935 2949 1000 de
2978 937 3400 1019 perpetuitate

1851 1045 2185 1119 creaturas,
2217 1061 2348 1106 non
2378 1041 2585 1121 valet;
2616 1041 2770 1125 quia
2793 1043 3182 1125 perpetuitas
3205 1043 3399 1108 etiam

1852 1155 2163 1214 creaturas
2202 1150 2434 1233 pendet
2476 1168 2558 1214 ex
2605 1149 3023 1233 perpetuitate
3064 1150 3395 1232 creatoris,

1852 1262 1913 1321 et
1957 1257 2341 1341 perpetuitas
2383 1258 2575 1321 etiam
2611 1262 2920 1321 creaturae
2966 1275 3097 1322 non
3130 1262 3225 1322 est
3267 1262 3400 1324 tota

1853 1365 2072 1445 simul,
2120 1366 2284 1429 sicut
2324 1366 2710 1448 perpetuitas
2752 1365 3085 1446 CreatoriS,
3133 1370 3207 1430 ut
3251 1366 3401 1431 dicit

1855 1472 2196 1536 Anselmus
2233 1474 2250 1508 ¹
2298 1478 2574 1537 tractans
2635 1472 2795 1537 illud
2859 1473 3131 1538 verbum
3152 1522 3172 1553 ,
3227 1475 3399 1556 quod

1855 1580 2128 1644 habetur
2154 1581 2220 1643 in
2253 1581 2508 1645 canticis
2536 1580 2818 1645 Exodv:
2850 1584 3159 1647 Dominus
3181 1598 3403 1664 reyna-

1856 1686 1954 1749 vit
1977 1686 2051 1749 in
2076 1689 2403 1765 calmum,
2435 1693 2498 1753 ct
2525 1687 2717 1753 ultra.
2755 1686 3059 1752 Similiter
3085 1688 3257 1769 quod
3286 1689 3403 1752 oh-

1849 1786 2068 1868 jicitur
2096 1788 2173 1852 de
2213 1807 2485 1854 numero
2534 1808 2986 1873 personarum,
3019 1809 3149 1855 non
3185 1791 3396 1870 valet3

1857 1895 2011 1977 quia
2053 1896 2121 1958 in
2162 1896 2399 1960 divinis
2434 1898 2718 1979 personis
2755 1897 2849 1962 est
2886 1917 3042 1962 vera
3085 1899 3402 1964 distinctio

1859 2021 2009 2066 cum
2059 2003 2513 2085 perfectissima
2549 2005 2820 2085 unitate,
2850 2008 2915 2068 et
2954 2005 3107 2068 huic
3146 2006 3311 2069 nihil
3336 2007 3405 2071 in

1859 2113 2149 2172 creatura
2189 2111 2452 2193 reperiri
2488 2115 2694 2193 potest
2735 2113 3006 2194 perfecte
3032 2111 3269 2192 simile,
3302 2114 3405 2178 vel

1859 2215 2129 2297 aequale,
2165 2215 2309 2280 licet
2340 2217 2579 2300 aliquid
2621 2219 2977 2301 reperiatur
3006 2218 3094 2281 ibi
3122 2218 3201 2283 de
3226 2217 3404 2281 simi-

1859 2322 2149 2401 litudine,
2184 2329 2302 2388 etc.

2516 2487 2652 2532 DUB.
2698 2486 2764 2531 u.

1861 2609 2025 2659 Nemo
2051 2608 2197 2659 novit
2223 2623 2339 2674 qum
2366 2613 2484 2661 sunt
2510 2610 2623 2675 Dei,
2639 2609 2738 2660 nisi
2767 2607 2905 2659 solus
2924 2608 3139 2674 Spiritus
3168 2611 3281 2675 Dei,
3307 2613 3405 2661 etc.

1944 2764 2177 2826 Contra
2227 2785 2241 2826 :
2290 2763 2422 2828 Hoc
2469 2763 2723 2827 videtur
2764 2780 2898 2826 esse
2932 2762 3162 2825 salsum
3187 2809 3205 2836 ,
3254 2763 3411 2844 quia

1863 2869 2059 2934 Filius
2103 2875 2423 2934 scrutatur
2464 2869 2683 2933 omnia
2705 2917 2722 2949 ,
2771 2887 2920 2951 quae
2964 2873 3115 2933 sunt
3156 2867 3407 2935 Patris:

1863 2995 1993 3041 non
2037 2995 2197 3057 ergo
2228 2977 2401 3042 solus
2435 2977 2731 3060 Spiritus.
2764 2975 2954 3055 Item,
2996 2977 3411 3059 perscrutatio

1864 3089 1960 3149 est
2000 3089 2180 3149 actus
2221 3085 2547 3168 pertinens
2582 3084 2663 3149 ad
2699 3083 3093 3167 cognitivam
3125 3106 3140 3148 :
3172 3102 3330 3165 ergo
3358 3083 3412 3147 si

1864 3193 2173 3275 sapientia
2207 3193 2653 3277 appropriatur
2692 3192 2851 3257 Filio
2867 3242 2883 3270 ,
2918 3193 3130 3275 potius
3156 3193 3413 3258 deberet

1865 3299 1989 3364 dici
2021 3299 2195 3364 solus
2223 3300 2421 3364 Filius
2447 3305 2892 3382 perscrutator,
2918 3319 3116 3383 quam
3138 3299 3412 3383 Spiritus

1865 3412 2140 3471 sanctus.
2228 3424 2237 3433 ·

1947 3517 2131 3600 Resp.
2166 3516 2513 3582 Dicendum
2533 3518 2702 3601 quod
2731 3518 3001 3583 verbum
3033 3515 3191 3580 illud
3224 3514 3413 3579 intel-

1867 3626 2092 3707 ligitur
2132 3626 2466 3690 causaliter
2495 3645 2512 3690 :
2543 3626 2773 3690 dicitur
2799 3626 2972 3689 enim
3003 3624 3174 3688 solus
3206 3621 3412 3705 Spiri-

1867 3737 1973 3797 tus
2012 3736 2284 3798 scrutari
2325 3734 2639 3816 profunda
2663 3781 2681 3812 ,
2731 3733 2884 3815 quia
2928 3732 3077 3796 facit
3119 3749 3235 3794 nos
3277 3731 3416 3813 ipsa

1868 3842 2163 3920 scrutari,
2185 3846 2249 3906 et
2274 3842 2427 3924 quia
2456 3841 2640 3905 Pater
2661 3843 2724 3903 et
2750 3838 2949 3902 Filius
2974 3842 3318 3920 operantur
3343 3837 3415 3901 in

1867 3952 2052 4016 nobis
2079 3970 2194 4033 per
2233 3951 2544 4035 Spiritum
2583 3952 2905 4027 sanctum,
2936 3965 3129 4029 quem
3172 3946 3252 4011 ad
3294 3963 3414 4009 nos

1869 4060 2121 4123 mittere
2165 4058 2463 4122 dicuntur
2494 4079 2509 4121 :
2540 4056 2691 4120 hinc
2726 4059 2830 4119 est
2876 4054 3069 4136 quod,
3117 4054 3415 4135 quamvis

1867 4168 2117 4231 dicatur
2161 4167 2240 4230 de
2284 4166 2419 4230 solo
2463 4165 2705 4247 Spiritu
2752 4167 2990 4241 sanct0,
3038 4160 3414 4242 intelligitur

1872 4278 2084 4339 tamen
2113 4275 2191 4339 de
2220 4274 2404 4338 Patre
2430 4279 2492 4337 et
2518 4272 2719 4336 Filio:
2748 4276 2812 4336 et
2838 4270 2982 4335 ideo
3011 4288 3160 4337 cum
3184 4267 3414 4332 dicitur

1868 4384 2043 4447 solus
2085 4383 2360 4467 Spiritus
2402 4386 2692 4460 sanctuS,
2736 4399 2866 4445 non
2905 4377 3266 4444 excluditur
3304 4374 3409 4439 Fi-

1867 4492 2013 4555 lius.
2044 4492 2143 4555 Ad
2176 4491 2332 4555 illud
2377 4491 2549 4573 quod
2590 4490 2931 4571 quaeritur,
2962 4503 3161 4568 quare
3203 4482 3414 4563 magis

1866 4599 2313 4681 appropriatur
2334 4598 2600 4681 Spiritui
2616 4601 2854 4674 sancto,
2880 4593 3218 4659 dicendum
3241 4590 3413 4674 quod

1866 4707 1988 4771 hoc
2012 4711 2109 4770 est
2148 4711 2405 4788 propter
2436 4707 2604 4770 dona
2631 4704 3009 4785 gratiarum,
3037 4718 3183 4784 quae
3210 4698 3411 4782 Spiri-

1866 4815 1963 4878 tui
2007 4818 2226 4878 sancto
2260 4812 2705 4877 attribuuntur
2722 4859 2738 4887 ,
2782 4811 2852 4873 in
2896 4827 3176 4893 quorum
3220 4807 3409 4871 colla-

1864 4922 2037 4986 tione
2066 4920 2343 5003 Spiritus
2378 4923 2634 4983 sanctus
2655 4918 2887 4982 dicitur
2911 4917 2992 4981 ad
3018 4935 3136 4981 nos
3162 4915 3348 4980 mitti.

2503 5114 2641 5160 DUB.
2687 5113 2776 5158 111.

1923 5224 2028 5273 Nec
2052 5222 2124 5273 ita
2149 5222 2282 5283 clare
2309 5236 2369 5274 ac
2396 5222 2666 5287 perspicue
2694 5221 2867 5272 omnia
2893 5222 3062 5288 capit,
3091 5225 3148 5273 ut
3168 5223 3321 5275 Deus.
3392 5242 3395 5243 ⁷

1945 5351 2174 5417 Contra
2215 5374 2231 5415 2
2282 5351 2416 5416 Hoc
2457 5351 2712 5417 videtur
2757 5369 2897 5417 esse
2934 5352 3165 5418 falsum
3186 5399 3204 5433 ,
3252 5350 3405 5434 quia

1863 5461 2076 5526 anima
2119 5458 2347 5525 Christi
2385 5466 2479 5526 est
2518 5459 2849 5544 speculum
2886 5460 3321 5524 clarissimum
3344 5462 3409 5523 et
