4185 6288
1231 480 1425 547 ms'r.
1469 480 1628 546 XVI.
1675 477 1854 545 ΛΒΤ.
1888 478 1968 544 11.
2012 478 2313 558 QUAEST.
2359 480 2465 546 111.

282 616 462 682 dolor
506 635 661 681 vero
700 617 1152 699 compassionis
1198 616 1406 699 primo
1449 619 1584 680 erat
1618 615 1690 679 in
1714 633 1816 679 ra-

282 723 474 803 tione,
497 727 563 789 et
590 742 672 788 ex
698 723 939 789 ratione
967 723 1361 789 redundabat
1399 723 1467 786 in
1510 720 1821 786 sensuali-

282 835 498 896 tatem.
522 830 700 896 Sicut
724 831 899 896 enim
923 831 1168 895 ratione
1190 835 1404 896 nostra
1429 828 1678 895 dolente
1704 845 1823 912 pro

283 938 549 1022 peccatis
597 937 853 1014 nostris,
894 937 1096 1019 gemit
1146 936 1551 1013 sensualitas,
1614 941 1680 1000 et
1733 936 1822 999 la·

281 1042 687 1126 chrymatur;
716 1042 808 1108 sic
832 1047 893 1107 et
920 1043 1227 1124 Christus,
1248 1042 1399 1126 quia
1417 1041 1694 1106 multum
1710 1059 1823 1125 pro

281 1151 555 1234 peccatis
601 1150 833 1216 nostris
875 1150 1098 1229 doluit,
1147 1150 1226 1216 de
1277 1150 1546 1235 peccatis
1592 1151 1824 1215 nostris

282 1259 481 1323 flevit.
513 1259 671 1324 Cum
698 1275 856 1339 ergo
886 1276 1332 1341 comparamus
1366 1257 1650 1323 dolorem
1676 1276 1825 1322 scn-

280 1365 592 1429 sualitatis
637 1363 719 1429 ad
772 1363 1056 1429 dolorem
1108 1364 1396 1445 rationis,
1453 1364 1576 1429 hoc
1620 1368 1826 1447 potest

281 1490 421 1536 esse
444 1472 514 1535 in
540 1471 772 1555 duplici
797 1490 1035 1555 genere
1063 1494 1080 1538 ε
1112 1472 1252 1536 etsi
1297 1471 1556 1556 quidem
1590 1470 1822 1536 intelli-

283 1583 482 1661 gatur
522 1577 602 1643 de
644 1578 859 1644 dolore
903 1578 1234 1662 passionis,
1276 1596 1427 1643 cum
1472 1578 1576 1643 ille
1619 1579 1827 1662 primo

279 1686 754 1751 sensualitatem
797 1688 1176 1768 attingeret,
1224 1686 1699 1752 concedendum
1732 1690 1828 1752 est

280 1794 569 1858 animam
614 1793 839 1859 Christi
883 1794 1235 1859 secundum
1288 1799 1531 1878 partem
1564 1811 1825 1859 sensua-

280 1903 415 1966 lem
444 1902 656 1985 magis
680 1901 977 1979 doluisse,
1005 1901 1170 1967 sicut
1185 1901 1531 1967 ostendunt
1556 1903 1831 1967 rationes

284 2009 369 2074 ad
398 2010 673 2092 primam
702 2014 946 2093 partem
971 2008 1279 2075 adductae.
1323 2008 1391 2075 Si
1416 2026 1569 2074 vero
1597 2009 1828 2075 intelli-

289 2121 484 2197 gatur
519 2117 598 2181 de
624 2116 839 2181 dolore
877 2116 1354 2199 compassionis,
1398 2133 1528 2199 quo
1564 2116 1832 2181 interius

289 2223 694 2304 affligebatur
717 2228 974 2306 propter
995 2226 1248 2306 peccata
1275 2226 1526 2300 nostra;
1553 2239 1701 2287 cum
1729 2223 1833 2286 ille

290 2333 504 2394 ortum
529 2334 593 2393 et
616 2329 932 2412 originem
960 2329 1226 2393 haberet
1256 2328 1325 2392 in
1354 2328 1627 2409 ratione,
1672 2347 1832 2393 con-

294 2439 649 2504 cedendum
688 2444 781 2504 est
818 2440 1030 2524 ipsum
1069 2441 1279 2523 magis
1331 2438 1683 2505 secundum
1727 2458 1831 2504 ra·

292 2548 532 2611 tionem
553 2547 849 2624 doluisse,
879 2548 1042 2613 sicut
1081 2547 1423 2613 ostendunt
1447 2546 1720 2613 rationes
1754 2547 1834 2612 ad

295 2660 541 2737 partem
608 2660 978 2739 sequentem
1030 2654 1336 2724 inducta».
1396 2653 1477 2718 Et
1498 2645 1503 2650 ⁴
1528 2654 1619 2717 sic
1668 2656 1838 2737 patet

291 2762 617 2845 responsio
645 2762 721 2827 ad
752 2764 1171 2846 quaestionem
1200 2761 1590 2844 propositam
1626 2763 1838 2844 :patet

292 2868 484 2934 etiam
536 2871 858 2953 responsio
910 2870 989 2934 ad
1035 2870 1300 2952 objecta.
1353 2868 1642 2934 Membra
1665 2867 1837 2932 enim

295 2978 489 3060 hujus
512 2978 883 3060 quaestionis
910 2979 1147 3044 habent
1171 2987 1239 3043 se
1265 2977 1436 3041 sicut
1470 2975 1840 3040 excedentia

295 3089 359 3150 et
411 3103 670 3152 exceoea
722 3108 739 3153 :
786 3090 849 3153 et
883 3088 1128 3170 objecta
1170 3101 1402 3152 verum
1449 3082 1841 3150 concludunt

296 3197 646 3264 secundum
672 3199 952 3265 diversas
974 3199 1135 3265 vias.
1160 3198 1230 3264 Si
1257 3197 1402 3281 quis
1421 3199 1643 3262 autem
1670 3196 1840 3263 ulte-

298 3306 432 3370 rius
480 3311 747 3388 quaerat,
805 3324 955 3373 cum
995 3307 1159 3372 ratio
1196 3311 1259 3372 et
1293 3305 1695 3384 sensualitas,
1746 3323 1839 3371 se-

300 3417 581 3482 cundum
623 3419 752 3483 duo
795 3436 1034 3501 genera
1058 3417 1317 3495 doloris,
1351 3419 1584 3482 mutuo
1627 3433 1696 3482 se
1720 3433 1839 3482 ex-

302 3522 547 3604 cedant,
620 3524 767 3609 quis
829 3542 1057 3589 eorum
1122 3524 1315 3589 fuerit
1384 3523 1695 3589 intensior
1765 3524 1838 3589 in

305 3630 559 3709 Christo,
592 3638 816 3697 utrum
843 3631 1135 3697 videlicet
1158 3631 1338 3697 dolor
1366 3631 1705 3714 passionis,
1734 3629 1840 3696 vel

305 3737 782 3820 compassionis;
813 3737 1180 3820 responderi
1210 3740 1437 3819 potest,
1457 3738 1630 3821 quod
1659 3737 1838 3804 dolor

306 3844 750 3928 compassionis
789 3845 909 3908 ruit
947 3844 1274 3909 intensior.
1315 3843 1393 3910 Et
1435 3845 1598 3910 ratio
1640 3845 1840 3927 hujus

305 3955 411 4032 est,
432 3952 586 4035 quia
602 3952 901 4036 quamvis
917 3969 1159 4035 magna
1180 3970 1369 4017 causa
1391 3955 1554 4017 esset
1584 3950 1836 4018 dolendi

3354 474 3474 538 ³63

1929 615 1998 677 in
2024 615 2430 680 sensualitate
2477 619 2732 698 propter
2766 613 3227 696 separationem
3273 608 3474 692 ipsius

1931 739 1972 785 a
2013 739 2227 800 carne,
2271 739 2512 804 magna
2559 722 2751 787 etiam
2807 724 2969 785 esset
3019 715 3340 802 dispositio
3390 715 3472 780 ad

1931 827 2278 894 dolendum
2307 834 2566 913 propter
2586 830 2894 913 optimam
2921 825 3427 909 complexionem
3449 847 3468 902 3

1932 936 2003 1001 in
2029 937 2243 1002 dolore
2289 941 2502 1003 tamen
2547 935 2997 1020 compassionis
3031 934 3300 1017 amplior
3337 937 3475 998 erat

1933 1044 2095 1109 ratio
2113 1045 2361 1126 dolendi
2388 1049 2645 1129 propter
2669 1044 3222 1109 inhonorationem
3257 1039 3392 1119 Dei,
3411 1042 3478 1104 et

1933 1154 2393 1235 separationem
2429 1156 2713 1218 nostram
2761 1170 2800 1214 a
2844 1150 3006 1228 Deo;
3037 1151 3244 1232 major
3282 1148 3474 1214 etiam

1936 1263 2072 1324 erat
2095 1259 2419 1343 dispositio
2444 1258 2523 1324 ad
2540 1258 2886 1326 dolendum
2912 1261 3171 1340 propter
3199 1255 3477 1321 dilectio·

1936 1369 2038 1434 nis
2076 1369 2495 1434 nimietatem.
2549 1366 2918 1434 Secundum
2953 1365 3125 1429 enim
3162 1364 3333 1447 quod
3374 1363 3476 1428 di-

1937 1476 2120 1541 lectio
2147 1480 2352 1560 major
2373 1480 2489 1555 est,
2519 1474 2871 1540 secundum
2914 1473 3040 1538 hoc
3072 1476 3226 1536 sunt
3267 1469 3477 1553 plagae

1936 1583 2385 1668 compassionis
2458 1584 2753 1666 majores.
2830 1578 3010 1645 Unde
3078 1578 3282 1643 multo
3335 1575 3479 1660 plus

1937 1693 2289 1775 compassio
2317 1691 2543 1758 Christi
2584 1689 2853 1756 excessit
2894 1688 3168 1753 aliorum
3195 1703 3479 1768 compas-

1937 1800 2169 1877 siones,
2199 1818 2396 1882 quam
2421 1799 2628 1883 passio
2655 1797 2978 1883 passiones
3015 1816 3031 1858 ι
3081 1795 3245 1859 sicut
3268 1795 3391 1859 fuit
3413 1795 3479 1859 in

1939 1925 2016 1972 eo
2040 1909 2247 1991 major
2282 1905 2652 1972 excellentia
2677 1904 3023 1970 dilectionis
3039 1951 3058 1979 ,
3101 1919 3301 1985 quam
3334 1918 3477 1983 pas-

1940 2015 2160 2094 sionis,
2206 2019 2497 2097 respectu
2540 2013 2851 2090 aliorum3
2891 2010 3034 2076 licet
3080 2009 3150 2073 in
3206 2013 3483 2092 utroque

1943 2123 2221 2189 multum
2251 2122 2603 2188 excederet.
2635 2120 2714 2185 Et
2737 2119 2906 2201 quod
2937 2119 3052 2182 iste
3076 2116 3253 2182 dolor
3277 2116 3483 2181 inten-

1941 2231 2070 2296 sior
2125 2231 2338 2309 fuerit,
2390 2228 2711 2311 colligitur
2778 2243 2885 2314 ex·
2924 2223 3161 2306 duplici
3212 2222 3402 2305 signo
3459 2243 3477 2287 ι

1944 2356 2152 2404 unum
2177 2337 2471 2421 estquod
2494 2337 2720 2401 maluit
2744 2336 3027 2401 animam
3060 2350 3246 2396 suam
3274 2350 3314 2396 a
3341 2348 3482 2395 cor-

1946 2463 2099 2529 pore
2117 2445 2417 2529 separari,
2442 2462 2637 2527 quam
2663 2444 2832 2526 quod
2853 2459 2969 2507 nos
2992 2457 3276 2505 essemus
3299 2457 3337 2502 a
3354 2439 3483 2503 Deo

1944 2553 2247 2637 separati3
2278 2551 2454 2616 aliud
2482 2569 2636 2618 vero
2658 2551 2924 2632 signum
2952 2552 3074 2627 est,
3105 2546 3278 2631 quod
3307 2546 3487 2612 flevit

1946 2679 2061 2744 pro
2084 2659 2354 2745 peccatis
2371 2658 2623 2734 nostris,
2651 2658 2759 2722 sed
2786 2674 2914 2720 non
2942 2654 3118 2721 flevit
3150 2672 3264 2735 pro
3282 2652 3486 2736 poenis

1947 2767 2225 2851 corporis
2251 2767 2375 2846 sui,
2406 2767 2572 2830 sicut
2595 2763 2954 2831 Bernardus
2981 2762 3152 2827 dicit.
3188 2759 3485 2825 Planctus

1948 2878 2165 2941 autem
2205 2875 2470 2957 sig-num
2502 2879 2597 2940 est
2636 2870 3081 2938 amaritudinis
3124 2873 3187 2933 et
3226 2867 3480 2933 doloris.

1949 2982 2028 3050 Et
2059 2981 2182 3047 hoc
2207 2984 2532 3065 eleganter
2574 2980 2874 3066 exprimit
2899 2976 3307 3042 cancellarius
3336 2975 3481 3041 Phi·

1948 3093 2160 3178 lippus
2193 3092 2263 3157 in
2297 3089 2575 3174 quadam
2607 3088 2863 3174 prosula
2901 3086 3087 3154 valde
3121 3083 3386 3152 notabili
3423 3087 3489 3150 et

1946 3203 2197 3270 devota.
2223 3200 2330 3266 Ait
2349 3198 2520 3265 enim
2546 3198 2637 3262 sic
2659 3214 2679 3263 t

2197 3417 2388 3479 Homo,
2406 3413 2526 3466 vide
2554 3414 2677 3481 quid
2700 3426 2798 3479 pro
2823 3416 2876 3464 te
2898 3412 3086 3477 patior,

2196 3508 2274 3559 Ad
2291 3509 2341 3560 te
2367 3507 2552 3570 clamo,
2581 3505 2668 3571 qui
2695 3518 2790 3570 pro
2816 3508 2867 3555 te
2893 3501 3105 3554 morior.

2204 3600 2329 3652 Vide
2354 3611 2538 3664 poenas
2559 3597 2743 3662 quibus
2761 3594 2956 3647 afficior
2967 3609 2985 3657 ;

2197 3691 2324 3743 Vide
2351 3691 2523 3741 clavos
2539 3687 2722 3754 quibus
2745 3685 3031 3737 confodior.

2199 3783 2330 3833 Cum
2346 3779 2411 3831 sit
2431 3781 2602 3830 tantus
2626 3777 2773 3829 dolor
2787 3776 3027 3836 exterior,

2200 3871 2413 3924 interior
2436 3874 2606 3921 tamen
2627 3867 2858 3934 planctus
2878 3870 2957 3918 est
2982 3866 3205 3931 gravior,

2194 3966 2319 4015 'ram
2345 3962 2597 4025 ingratum
2626 3959 2749 4014 dum
2772 3964 2821 4011 te
2840 3957 3090 4029 experior.
