4185 6288
361 599 489 654 Opin.
514 600 552 641 ί.

383 2002 575 2068 Improb.

597 457 720 520 298

598 589 873 666 Quidam
914 587 1089 654 enim
1128 586 1475 651 voluerunt
1515 585 1748 663 dicere,
1795 581 1967 666 quod
2008 597 2143 644 non

597 698 808 764 solum
844 698 914 760 in
941 696 1214 774 Christe,
1245 712 1476 758 verum
1504 695 1699 758 etiam
1734 693 1804 755 in
1841 688 2144 754 omnibus

598 806 750 870 aliis
828 804 1073 882 beatis,
1120 801 1472 884 sapientia,
1543 819 1676 884 qna
1737 799 2147 879 cognoscunt

599 913 824 989 Deum,
854 914 949 975 est
974 910 1283 993 sapientia
1308 912 1573 974 aeterna.
1596 908 1675 973 Et
1700 907 1793 971 illi
1816 906 2010 970 etiam
2037 922 2145 986 po-

600 1022 765 1084 nunt
797 1019 968 1101 quod
1006 1017 1258 1082 dilectio
1295 1017 1437 1096 illa,
1467 1035 1596 1099 qua
1624 1016 1825 1080 Deum
1861 1013 2147 1095 diligunt

599 1128 811 1193 Sancti
853 1131 918 1190 et
953 1125 1160 1205 Beati,
1208 1125 1291 1188 sit
1337 1125 1471 1207 ipse
1508 1123 1784 1207 Spiritus
1826 1123 2084 1186 sanctus
2124 1136 2142 1181 ε

598 1254 714 1319 pro
767 1234 1235 1299 inconvenienti
1280 1234 1453 1296 enim
1502 1233 1771 1310 habent,
1820 1229 1993 1312 quod
2036 1228 2148 1291 illa

598 1342 935 1426 sapientia,
974 1340 1080 1406 vel
1122 1339 1407 1418 dilectio,
1439 1340 1521 1403 sit
1557 1339 1876 1414 accidens,
1918 1341 1983 1401 et
2010 1354 2147 1400 non

599 1449 950 1514 substantia
963 1497 984 1529 ,
1031 1466 1182 1512 cum
1238 1448 1317 1511 sit
1371 1448 1646 1512 nobilior
1692 1448 1929 1511 anima.
1965 1444 2146 1524 „Item

601 1576 717 1641 pro
745 1555 1219 1621 inconvenienti
1249 1555 1516 1634 hahent,
1546 1554 1718 1636 quod
1746 1554 1856 1617 illa
1892 1554 2143 1636 sapien-

599 1666 688 1729 tia
724 1669 786 1728 et
822 1664 1069 1729 dilectio
1116 1663 1303 1727 faciat
1336 1664 1620 1726 animam
1662 1680 2048 1744 cognoscere
2084 1666 2149 1725 et

601 1790 850 1851 amare,
879 1777 941 1837 et
977 1773 1113 1854 ipsa
1149 1791 1278 1836 non
1306 1774 1649 1852 cognoscat
1676 1774 1741 1834 et
1764 1775 1964 1850 amet,
1995 1789 2146 1834 cum

601 1880 876 1944 nobilior
892 1880 975 1943 sit
999 1897 1102 1943 res
1125 1897 1516 1960 cognoscens
1540 1898 1672 1943 non
1698 1883 2142 1960 cognoscente.

609 1983 728 2047 Pro
755 1983 1232 2048 inconvenienti
1263 1983 1454 2046 etiam
1483 1981 1750 2056 habent,
1783 1982 1952 2064 quod
1989 1982 2147 2046 bea-

603 2089 807 2154 titudo
847 2095 1086 2168 nostra,
1131 2108 1280 2172 quae
1324 2094 1417 2154 est
1458 2091 1701 2155 bonum
1743 2109 2144 2172 supremum,

600 2197 901 2260 consistat
927 2197 994 2259 in
1021 2197 1474 2262 accidentibus.
1507 2197 1628 2261 Sed
1659 2197 1739 2261 ad
1762 2198 1901 2261 haec
1929 2198 2148 2262 omnia

598 2305 828 2386 supra¹
877 2322 1258 2386 responsum
1307 2308 1442 2381 est;
1492 2304 1634 2367 haec
1677 2304 1869 2368 etiam
1916 2306 2146 2387 positio

595 2411 953 2492 improbata
992 2415 1087 2475 est
1128 2434 1143 2475 ε
1198 2412 1370 2476 unde
1417 2417 1481 2475 et
1523 2412 1886 2476 communis
1927 2413 2146 2495 opinio

597 2522 768 2583 tenet
794 2520 1211 2583 contrarium.
1235 2519 1542 2584 Ponimus
1563 2520 1737 2583 enim
1765 2520 2146 2602 sapientiam

600 2631 877 2692 creatam
896 2676 914 2708 ,
960 2646 1107 2710 quae
1153 2633 1250 2692 est
1293 2628 1549 2692 habitus
1570 2676 1588 2705 ,
1640 2632 1703 2691 et
1745 2628 2144 2692 dilectionem

600 2737 907 2814 creatam,
939 2740 1002 2798 et
1030 2736 1307 2816 gratiam
1344 2739 1620 2800 creatam
1640 2782 1657 2810 ‚
1688 2739 1751 2798 et
1780 2736 1973 2799 etiam
2018 2754 2144 2800 cae-

599 2847 767 2906 teras
801 2843 1104 2921 virtutes3
1153 2842 1335 2906 valde
1371 2842 1543 2905 enim
1583 2843 1938 2906 absurdum
1983 2850 2147 2909 esset

599 2948 836 3029 dicere,
870 2948 1041 3031 quod
1070 2948 1226 3011 fides
1252 2951 1417 3012 esset
1448 2948 1642 3027 Deus,
1672 2954 1734 3013 et
1760 2968 1936 3032 spes,
1967 2952 2149 3015 etsie

600 3053 677 3117 de
704 3054 846 3117 aliis
873 3054 1251 3131 virtutibus,
1299 3055 1425 3118 nisi
1453 3056 1577 3120 hoc
1607 3057 1946 3120 causaliter
1971 3057 2148 3122 dice-

600 3165 777 3226 retur
809 3187 823 3223 ε
853 3162 994 3226 ideo
1035 3162 1174 3226 haec
1200 3163 1426 3245 positio
1465 3164 1630 3228 inter
1658 3166 1999 3247 positiones
2031 3185 2147 3231 ex·-

602 3272 850 3332 traneas
876 3270 1274 3334 numeranda
1295 3274 1410 3349 est,
1432 3289 1548 3352 pro
1564 3290 1641 3336 eo
1669 3273 1841 3353 quod
1871 3273 2146 3338 nimium

436 3402 443 3410 ·
513 3408 534 3431 o
603 3376 838 3439 recedit
879 3395 918 3438 a
955 3376 1062 3440 via
1100 3377 1451 3441 communi.
1492 3377 1568 3441 Et
1607 3379 1749 3442 ideo
1791 3379 1985 3462 aliqui
2027 3399 2148 3445 vo-

602 3483 863 3548 luerunt
899 3484 1139 3563 dicere,
1172 3486 1344 3568 quod
1384 3486 1682 3568 quamvis
1719 3486 1824 3550 alii
1855 3487 2147 3553 homines

604 3597 990 3672 cognoscant
1056 3591 1336 3657 Verbum
1403 3594 1757 3657 increatum
1827 3596 2147 3660 mediante

601 3697 828 3762 habitu
849 3699 1234 3779 cognitionis
1255 3704 1504 3777 creatae,
1525 3705 1587 3763 et
1615 3701 1922 3781 Christu3‚
1950 3722 2150 3785 quan-

601 3810 738 3869 tum
793 3805 875 3870 ad
918 3807 1247 3871 scientiam
1296 3807 1882 3890 comprehensionis
1902 3859 1918 3888 ,
1968 3831 2143 3875 com·

599 3913 885 3977 municat
913 3933 1063 3977 cum
1088 3914 1230 3977 aliis
1258 3915 1666 3993 hominibus;
1698 3921 1912 3981 tamen
1948 3937 2144 4000 quan-

600 4023 741 4083 tum
778 4020 856 4083 ad
899 4022 1230 4085 scientiam
1270 4022 1561 4099 unionis,
1595 4041 1744 4086 cum
1774 4024 2004 4087 habeat
2042 4025 2148 4106 ip-

600 4142 746 4188 sum
779 4125 1063 4191 Verbum
1090 4127 1207 4192 sibi
1251 4128 1476 4191 intime
1503 4130 1791 4209 unitum,
1819 4132 2149 4210 cognoscit

602 4234 840 4316 absque
868 4238 1042 4299 omni
1073 4236 1197 4300 alio
1228 4237 1458 4300 habitu
1480 4237 1690 4300 medio
1710 4245 1754 4299 ¹.
1786 4238 1943 4302 Cum
1971 4238 2147 4301 enim

600 4341 830 4407 habeat
871 4345 1246 4426 sapientiam
1290 4345 1638 4408 increatam
1685 4346 1806 4408 sibi
1858 4347 2107 4409 unitam
2126 4395 2143 4423 ,

600 4468 730 4514 non
755 4469 870 4532 per
897 4451 1214 4529 medium,
1245 4453 1355 4514 sed
1398 4471 1512 4534 per
1548 4452 1820 4534 seipsam
1867 4471 2150 4535 cognos-

601 4577 741 4623 cere
782 4563 987 4640 potest
1021 4560 1247 4641 seipsa.
1301 4559 1379 4622 Et
1416 4559 1540 4623 hoc
1583 4565 1679 4623 est
1727 4562 1925 4625 solius
1978 4562 2151 4626 illius

600 4667 833 4729 animae
860 4666 1217 4747 proprium,
1248 4684 1397 4747 quae
1429 4686 1468 4730 a
1497 4665 1705 4731 Verbo
1731 4672 1825 4731 est
1850 4686 2148 4752 assump-

599 4777 666 4838 ta
697 4796 711 4837 ε
743 4773 877 4837 sola
911 4774 1090 4837 enim
1116 4774 1292 4837 hunc
1332 4774 1599 4839 modum
1626 4777 2011 4856 cognitionis
2039 4776 2150 4841 ha·

603 4881 710 4944 bet
727 4929 747 4960 ,
795 4882 959 4944 sicut
1004 4881 1075 4944 in
1122 4900 1198 4946 ea
1243 4882 1377 4946 sola
1418 4882 1734 4965 reperitur
1777 4884 2151 4949 excellentia

600 4987 740 5051 talis
766 4988 1047 5052 unionis.
1080 4988 1203 5054 Sed
1231 4989 1374 5054 licet
1411 4990 1572 5054 illud
1616 4990 1910 5055 videatur
1941 4992 2152 5073 magis

507 5104 512 5110 ·
599 5094 954 5175 probabile,
999 5114 1195 5179 quam
1243 5097 1662 5179 praeffictum5
1693 5102 1912 5162 tamen
1955 5098 2078 5162 hoc
2113 5117 2152 5162 a

599 5200 863 5266 veritate
907 5203 1149 5282 deviat,
1182 5204 1237 5268 si
1280 5206 1425 5287 quis
1467 5206 1815 5270 intueatur.
1864 5205 2148 5271 Verbum

674 5361 814 5413 ¹Lib.
843 5363 889 5425 l,
921 5364 1037 5412 dist.
1068 5374 1196 5425 xvu,
1233 5369 1285 5413 et
1321 5364 1412 5413 lib.
1447 5367 1516 5428 ιΙ,
1560 5366 1676 5415 dist.
1709 5377 1933 5416 xxv1.-
1962 5369 1983 5401 ⁹
2008 5369 2152 5419 Hanc

603 5434 903 5501 opinionem
926 5434 1154 5499 sequitur
1180 5438 1367 5488 Scotus
1391 5437 1505 5501 hic,
1534 5437 1650 5488 dist.
1679 5449 1768 5487 xxv
1787 5476 1802 5501 ‚
1830 5442 1877 5502 9,
1906 5440 1975 5489 ibi
2012 5455 2026 5489 z
2066 5441 2150 5490 Ad

1723 440 2352 514 SENTENTIARUM
2387 440 2537 507 LlB.
2582 440 2694 507 111.

2253 579 2429 643 enim
2455 596 2588 643 non
2615 577 2840 642 unitur
2864 576 3101 642 animae
3129 577 3361 643 Christi
3387 579 3457 644 in
3484 582 3595 648 illa
3620 585 3809 653 beata

2252 687 2489 751 unione
2503 734 2522 767 ,
2563 686 2729 749 sicut
2769 685 3193 766 cognoscibile
3228 693 3673 774 cognoscenti,
3702 695 3807 761 vel

2253 796 2418 860 sicut
2435 795 2692 859 habitus
2721 795 3037 876 potentiae,
3070 795 3174 859 vel
3197 797 3497 879 perfectio
3521 803 3807 881 perfecti-

2254 902 2403 981 bili3
2435 902 2545 968 sed
2580 906 2675 966 est
2711 901 2866 965 unio
2906 902 2976 965 in
3019 903 3266 968 unitate
3306 923 3630 987 personae,
3659 928 3810 991 quae

2254 1015 2459 1093 potest
2483 1028 2618 1075 esse
2649 1009 2892 1092 absque
2919 1010 3317 1092 cognitione,
3347 1013 3513 1077 sicut
3539 1020 3712 1097 patet
3736 1018 3809 1082 in

2254 1139 2445 1186 carne
2483 1119 2732 1197 Christi,
2782 1135 2929 1200 quae
2976 1119 3158 1183 unita
3200 1124 3295 1184 est
3338 1120 3578 1202 Verb0,
3611 1129 3674 1189 et
3713 1131 3811 1190 ta-

2256 1248 2406 1293 men
2441 1230 2656 1311 ipsum
2685 1245 2815 1291 non
2844 1227 3189 1309 cognoscit.
3225 1228 3445 1294 Alium
3474 1249 3631 1313 ergo
3663 1252 3811 1299 mo-

2255 1338 2414 1402 dum
2452 1336 2715 1402 unionis
2742 1353 2998 1399 necesse
3041 1339 3136 1399 est
3175 1353 3312 1401 esse
3340 1338 3421 1401 ad
3452 1337 3605 1420 hoc,
3636 1342 3812 1423 quod

2255 1446 2474 1510 anima
2526 1446 2866 1526 cognoscat
2912 1442 3200 1508 Verbum
3262 1445 3384 1508 sibi
3430 1448 3689 1512 unitum
3740 1451 3815 1514 in

2256 1553 2500 1617 unitate
2528 1568 2817 1634 personae
2850 1569 2866 1613 ε
2899 1550 3022 1613 hoc
3049 1555 3267 1615 autem
3292 1557 3388 1617 est
3418 1573 3532 1636 per
3558 1557 3816 1620 assimi-

2256 1658 2560 1723 lationem
2595 1657 3035 1739 cognoscentis
3074 1657 3155 1721 ad
3197 1659 3533 1740 cognitum
3570 1684 3585 1725 :
3625 1668 3689 1726 et
3722 1664 3814 1727 ita

2255 1785 2371 1848 per
2418 1767 2702 1848 aliquam
2742 1762 3176 1844 influentiam,
3225 1784 3375 1847 quae
3416 1768 3619 1850 ipsam
3664 1772 3817 1835 ani..

2258 1892 2431 1938 mam
2471 1874 2963 1954 cognoscentem
2997 1870 3186 1934 faciat
3229 1873 3356 1938 Deo
3401 1875 3706 1956 similem,
3738 1897 3819 1942 ae

2256 1981 2628 2045 deiformem
2670 2002 2686 2043 ε
2729 1979 2907 2043 etita
2932 1997 3046 2061 per
3076 1979 3357 2063 aliquem
3386 1982 3679 2048 habitum
3706 1986 3814 2068 ip-

2254 2108 2393 2153 sam
2421 2089 2709 2152 animam
2736 2087 3190 2151 informantem
3207 2135 3224 2165 ,
3253 2088 3369 2170 qui
3398 2089 3662 2171 quidem
3689 2092 3816 2157 ha-

2255 2194 2424 2258 bitus
2466 2213 2599 2258 non
2629 2197 2835 2277 potest
2877 2210 3011 2256 esse
3036 2193 3161 2257 nisi
3197 2194 3435 2278 aliquid
3472 2205 3760 2263 creatum
3791 2223 3808 2266 ε

2255 2321 2408 2365 nam
2434 2302 2588 2384 quid
2624 2303 2979 2365 increatum
3021 2319 3154 2364 non
3191 2306 3397 2383 potest
3433 2323 3567 2368 esse
3604 2306 3815 2373 forma

2255 2408 2455 2491 ipsius
2503 2409 2761 2472 animae.
2807 2407 2886 2471 Et
2929 2412 3263 2491 propterea
3309 2410 3517 2476 dicere
3565 2419 3813 2496 oportet
3845 2435 3995 2492 Opia.
4019 2440 4062 2481 a.

2253 2517 2440 2579 tertio
2492 2516 2714 2595 mode,
2754 2516 2928 2598 quod
2973 2515 3191 2579 anima
3236 2515 3502 2596 Christi,
3549 2520 3717 2585 sicut
3745 2528 3816 2586 et

2255 2623 2491 2687 animae
2518 2622 2793 2687 aliorum
2823 2621 3229 2703 Sanctorum,
3259 2623 3542 2689 Verbum
3566 2627 3810 2693 increa-

2254 2734 2397 2793 tum
2425 2730 2752 2811 cognoscit
2773 2749 2886 2812 per
2915 2730 3295 2813 sapientiam
3321 2737 3601 2797 creatam
3617 2782 3634 2811 ,
3660 2754 3813 2818 quae

2253 2836 2535 2918 disponit
2574 2837 2863 2918 ipsarum
2899 2837 3268 2902 animarum
3308 2841 3620 2920 potentias
3653 2860 3814 2924 cog-

2254 2945 2515 3021 nitivas,
2550 2950 2613 3008 et
2641 2945 2997 3008 conformes
3026 2946 3253 3026 reddit,
3290 2952 3366 3012 ut
3404 2947 3558 3012 illud
3588 2949 3817 3016 lumen

2255 3058 2571 3116 aeternum
2609 3054 2997 3132 cognoscant
3017 3053 3060 3116 ³.
3098 3050 3225 3116 Nec
3258 3053 3441 3118 aliter
3467 3060 3670 3138 potest
3709 3058 3819 3121 in-

2254 3160 2477 3241 telligi.
2515 3159 2849 3237 Quomodo
2879 3161 3056 3223 enim
3095 3166 3299 3243 potest
3342 3164 3559 3227 anima
3587 3165 3816 3231 lumen

2254 3272 2574 3331 aeternum
2625 3283 3044 3347 cognoscere,
3095 3271 3161 3331 et
3214 3268 3569 3334 claritatem
3624 3290 3818 3336 sum-

2258 3393 2431 3438 mam
2474 3375 2745 3452 intueri,
2791 3374 2949 3456 quin
2990 3374 3127 3456 ipsa
3173 3375 3486 3441 efficiatur
3532 3379 3701 3442 clara
3750 3386 3822 3445 et

2255 3483 2622 3546 luminosa?
2646 3482 2883 3545 Anima
2914 3486 3133 3546 autem
3165 3482 3426 3564 Christi,
3460 3486 3616 3567 quia
3652 3492 3747 3551 est
3778 3508 3821 3553 a

2254 3589 2463 3654 Verbo
2499 3592 2853 3670 assumpta,
2881 3592 3196 3670 maiorem
3238 3590 3432 3655 habet
3477 3592 3821 3658 deiformi-

2255 3703 2483 3775 tatem,
2528 3716 2602 3761 ac
2634 3716 2747 3780 per
2772 3698 2896 3761 hoc
2922 3699 3363 3780 perfectiorem
3406 3705 3473 3764 et
3513 3702 3816 3768 eminen-

2256 3806 2483 3869 tiorem
2529 3805 3000 3885 cognitionem,
3057 3825 3257 3887 quam
3311 3807 3528 3890 aliqua
3594 3811 3814 3877 anima

2256 3915 2439 3978 beata
2464 3933 2578 3996 per
2604 3914 2901 3994 gloriam.
2940 3913 3117 3977 Unde
3150 3933 3285 3979 non
3321 3920 3416 3979 est
3440 3916 3816 3999 intelligen-

2256 4021 2435 4099 dum,
2482 4021 2655 4103 quod
2688 4020 2952 4084 seientia
2990 4022 3252 4086 unionis
3297 4022 3733 4106 distinguatur
3771 4046 3816 4090 a

2255 4127 2516 4190 scientia
2541 4126 3126 4209 comprehensionis
3147 4177 3162 4206 ,
3194 4130 3379 4212 quasi
3409 4149 3541 4195 non
3570 4133 3654 4196 sit
3693 4151 3814 4215 per

2256 4235 2534 4317 aliquem
2565 4234 2856 4298 habitum
2896 4236 3216 4313 medium,
3248 4237 3358 4301 sed
3401 4224 3553 4321 quia
3597 4242 3815 4305 excel-

2256 4341 2488 4404 lentior
2518 4346 2581 4403 et
2602 4340 2872 4422 amplior
2898 4342 3289 4407 deiformitas
3312 4348 3376 4407 et
3402 4345 3654 4411 claritas
3678 4349 3813 4412 col-

2256 4449 2383 4513 lata
2420 4453 2516 4512 est
2555 4449 2791 4512 animae
2828 4448 3057 4512 Christi
3097 4468 3180 4513 ex
3222 4451 3344 4515 hoc
3387 4455 3558 4536 quod
3601 4454 3815 4523 Verbo

2257 4559 2441 4624 unita
2465 4562 2590 4638 est,
2631 4576 2828 4641 quam
2859 4577 2943 4622 ex
2966 4559 3090 4623 hoc
3118 4562 3292 4642 quod
3320 4563 3691 4647 simpliciter
3717 4573 3820 4632 est

2256 4667 2461 4730 beata.
2494 4666 2668 4749 Ergo
2711 4668 3129 4732 concedendae
3162 4673 3316 4733 sunt
3352 4672 3632 4737 rationes
3662 4693 3817 4757 pro-

2257 4778 2512 4856 bantes,
2545 4777 2719 4860 quod
2758 4777 2977 4841 anima
3015 4776 3243 4842 Christi
3274 4787 3614 4863 cognoscat
3653 4782 3818 4848 Ver-

2257 4885 2417 4949 bum
2441 4885 2811 4967 cognitione
2850 4885 3064 4968 aliqua
3092 4886 3463 4968 formaliter,
3494 4908 3674 4972 quae,
3706 4892 3819 4955 in-

2259 5010 2479 5076 quam,
2524 5009 2657 5054 non
2696 4996 2789 5054 est
2834 4991 3046 5073 ipsum
3091 4991 3397 5072 Verbum,
3448 4996 3558 5060 sed
3604 4999 3819 5077 gratia

2258 5101 2521 5166 effectus
2544 5098 2759 5177 Verbi,
2790 5117 2990 5180 quam
3006 5097 3291 5165 Verbum
3317 5102 3466 5166 facit
3497 5103 3566 5167 in
3591 5105 3818 5170 anima

2261 5207 2487 5271 Christi
2513 5205 2901 5269 beatissima.

2260 5368 2429 5419 coelum
2449 5405 2464 5430 ,
2490 5366 2579 5415 sed
2599 5365 2659 5415 de
2693 5365 2956 5429 posszbili.
2983 5381 3076 5416 non
3114 5365 3175 5415 de
3200 5368 3352 5429 sacto,
3382 5394 3442 5407 -—
3472 5370 3494 5403 ⁸
3521 5372 3812 5423 concordat

2261 5444 2315 5493 S.
2346 5440 2604 5501 Thomas,
2636 5437 2724 5501 111,
2744 5451 2796 5500 q.
2816 5447 2893 5499 11,
2920 5441 3015 5491 art.
3043 5440 3091 5487 2.
