4185 6288
802 426 926 491 52¹·

805 551 1012 616 tuitus
1073 568 1349 615 summae
1393 551 1557 616 lucis
1599 568 1617 614 ε
1666 567 1829 631 ergo
1876 549 2135 616 videtur
2184 550 2354 632 quod

805 660 964 724 fides
1003 659 1296 724 similiter
1321 660 1619 725 consistat
1653 659 1823 723 circa
1851 676 2084 724 verum
2112 658 2358 723 incom-

808 766 1072 850 plexum
1100 784 1212 849 per
1237 767 1505 833 modum
1534 766 1944 850 incomplexi.

887 879 950 938 4.
982 873 1143 939 Item
1166 892 1311 958 spes
1337 879 1401 939 et
1426 875 1702 940 charitas
1728 879 1879 940 sunt
1906 874 2074 939 circa
2112 891 2216 938 res
2252 872 2355 937 in·

801 981 1194 1063 complexas,
1237 984 1302 1045 et
1342 1000 1457 1065 per
1492 982 1756 1047 modum
1800 980 2354 1063 incomplexionis,

807 1088 960 1173 quia
986 1106 1131 1171 spes
1158 1094 1452 1171 expectat
1475 1090 1964 1170 beatitudinem,
1994 1095 2057 1154 et
2085 1088 2358 1153 charitas

808 1200 983 1261 amat
1012 1196 1212 1260 Deum
1242 1218 1259 1263 t
1291 1214 1449 1277 ergo
1491 1215 1638 1261 cum
1670 1197 1941 1263 virtutes
1979 1195 2356 1277 theologicae

808 1302 980 1367 idem
1020 1302 1298 1367 habeant
1341 1320 1460 1385 pro
1503 1302 1749 1385 objecto
1794 1303 2149 1368 secundum
2192 1321 2354 1383 rem,

809 1410 1063 1475 videtur
1095 1410 1267 1494 quod
1307 1414 1371 1474 et
1413 1411 1551 1493 ipsa
1583 1411 1742 1475 fides
1783 1411 1950 1475 circa
1983 1428 2215 1477 verum
2255 1410 2358 1474 in-

810 1517 1219 1600 complexum
1252 1518 1569 1602 consistat.

892 1628 954 1688 5.
999 1623 1158 1687 Item
1184 1672 1203 1702 ,
1265 1624 1318 1687 si
1379 1624 1537 1690 fides
1585 1623 1870 1688 consistit
1912 1624 2077 1689 circa
2130 1641 2361 1689 verum

809 1730 1245 1814 complexum,
1274 1748 1423 1794 cum
1452 1735 1738 1814 tempore
1769 1730 2081 1814 passionis
2120 1731 2368 1813 paucis-

809 1837 956 1903 simi
1002 1839 1236 1902 scirent
1277 1837 1598 1903 Christum
1642 1840 1803 1922 pati,
1851 1844 1915 1903 et
1958 1840 2026 1902 in
2068 1843 2360 1921 tempore

793 1947 1266 2026 ,incarnationis
1308 1948 1680 2029 paucissimi
1746 1947 1980 2010 scirent
2036 1947 2364 2012 Christum

809 2055 1150 2134 incarnari,
1179 2055 1545 2138 paucissimi
1573 2054 1945 2119 habuissent
1972 2054 2189 2119 fidem.
2220 2055 2366 2120 Cor·

810 2162 1019 2228 nelius
1054 2163 1246 2227 etiam
1282 2162 1476 2227 fidem
1507 2179 1638 2227 non
1666 2161 2023 2239 habuisset,
2052 2163 2167 2246 qui
2209 2181 2356 2228 nes·

811 2271 1016 2336 ciebat
1055 2271 1378 2336 Christum
1422 2290 1557 2335 esse
1594 2272 2026 2351 incarnatum,
2070 2289 2190 2336 nec
2217 2289 2366 2355 pas-

811 2397 960 2444 sum
992 2397 1012 2444 ι
1058 2382 1365 2444 ettamen
1391 2378 1470 2443 de
1495 2378 1603 2444 illo
1633 2380 1876 2461 legitur
1899 2382 1918 2417 ¹
1948 2428 1965 2457 ,
1998 2380 2170 2462 quod
2212 2380 2367 2445 elee-

812 2502 1097 2570 mosynoe
1122 2486 1260 2569 effus
1298 2486 1678 2569 placuerunt
1706 2487 1850 2553 Deo.
1890 2487 2044 2553 Sine
2081 2486 2213 2569 fide
2241 2502 2363 2552 au·

814 2599 970 2672 tem,
1018 2597 1093 2659 ut
1154 2593 1391 2658 dicitur
1416 2593 1440 2628 ¹
1456 2640 1479 2672 ‚
1529 2593 1924 2675 impossibile
1979 2599 2072 2661 est
2112 2593 2363 2676 placere-

812 2703 946 2769 Deo
978 2721 995 2767 ε
1028 2704 1082 2766 si
1109 2719 1271 2783 ergo
1302 2702 1421 2766 ista
1451 2701 1969 2768 inconvenientia
2000 2704 2235 2782 essent,
2267 2701 2369 2764 in-

812 2808 1200 2875 conveniens
1226 2812 1321 2874 est
1345 2828 1581 2892 ponere
1597 2858 1618 2890 ,
1648 2809 1821 2892 quod
1866 2808 2026 2874 fldes
2067 2808 2368 2875 consistat

813 2916 980 2981 circa
1003 2917 1538 3000 complexionem.

1360 3135 1815 3204 CONCLUSIO.

815 3285 969 3343 Fidei
1009 3284 1268 3356 obiectum
1312 3284 1491 3356 quoad
1529 3284 1893 3339 substantiam
1937 3283 2066 3353 fidei
2107 3286 2179 3338 est
2227 3297 2372 3337 com-

881 3377 1105 3449 plexum
1126 3376 1351 3447 proprie
1371 3372 1648 3445 loquendo,
1665 3370 1808 3442 quod
1821 3374 2043 3444 respicit
2083 3371 2370 3442 implicite,

893 3470 946 3522 et
977 3465 1266 3536 mplicite:
1307 3465 1594 3536 implicite,
1623 3478 1731 3518 non
1762 3460 2115 3517 eonem-nendo
2146 3466 2371 3531 tempm3

889 3557 1146 3626 &plicita
1171 3571 1314 3620 vero,
1343 3552 1633 3611 secundum
1674 3550 2086 3607 determinatam
2124 3551 2375 3621 temporis

893 3643 1274 3716 differentiam.

902 3803 1090 3887 Resp.
1122 3803 1203 3867 ad
1228 3821 1370 3885 arg.
1404 3802 1502 3866 Ad
1531 3798 1985 3884 praedictorum
2012 3797 2375 3879 intelligen-

820 3913 976 3976 tiam
1003 3916 1099 3976 est
1123 3913 1507 3990 notandum,
1555 3909 1728 3992 quod
1754 3909 1922 3972 circa
1962 3908 2130 3971 hanc
2155 3924 2374 3989 quaes-

677 4013 739 4056 ὴ·
781 4043 791 4055 ·
821 4019 1063 4084 tionem
1103 4019 1334 4084 diversi
1361 4016 1789 4083 diversimode
1815 4019 2171 4080 senserunt.
2209 4014 2363 4090 Qui-

821 4126 972 4190 dam
1040 4126 1218 4218 enim
1283 4125 1492 4191 dicere
1550 4123 1899 4187 voluerunt
1920 4170 1938 4202 ,
1994 4121 2167 4206 quod
2217 4122 2375 4186 fides

821 4232 1109 4298 consistit
1169 4232 1337 4296 circa
1403 4230 1883 4312 incomplexum
1906 4276 1925 4306 ,
1981 4229 2146 4292 sicut
2212 4229 2378 4293 circa

821 4340 1154 4425 proprium
1190 4339 1515 4422 objectum
1560 4355 1579 4401 z
1608 4341 1672 4402 et
1716 4336 1822 4399 isti
1864 4335 2168 4400 dixerunt
2204 4335 2378 4417 quod

822 4447 1073 4513 articuli
1100 4446 1247 4512 fidei
1278 4464 1410 4510 non
1439 4447 1594 4511 sunt
1625 4441 2081 4522 enunciabilia,
2112 4442 2222 4507 sed
2248 4459 2372 4522 res,

821 4558 1040 4638 utpote
1065 4552 1423 4618 incarnatio
1439 4600 1457 4632 ,
1491 4550 1733 4634 passio,
1763 4552 1828 4613 et
1851 4550 2230 4613 resurrectio
2260 4568 2277 4612 :
2314 4552 2379 4612 et

824 4660 946 4726 ista
984 4660 1247 4743 quidem
1292 4659 1473 4723 omni
1522 4662 1807 4740 tempore
1840 4660 1993 4720 sunt
2035 4656 2282 4736 eadem,
2313 4660 2377 4720 et

825 4770 962 4851 ipsa
990 4767 1169 4833 fides.
1210 4765 1390 4844 Quod
1418 4768 1636 4830 autem
1678 4766 1859 4828 actus
1899 4762 2052 4828 fidei
2098 4766 2380 4827 transeat

823 4892 1020 4957 super
1083 4873 1300 4957 ipsum
1363 4871 1662 4937 credibile
1720 4869 1884 4934 sicut
1941 4887 2137 4953 super
2198 4887 2378 4935 com-

827 4982 1118 5066 plexum,
1149 4982 1275 5045 hoc
1303 4983 1398 5045 est
1436 4984 1693 5062 propter
1730 4978 2049 5044 defectum
2094 4977 2377 5042 intellec-

827 5093 955 5167 tus,
985 5090 1101 5172 qui
1141 5107 1274 5154 non
1317 5090 1523 5171 potest
1558 5088 1768 5151 totum
1809 5084 2079 5169 simplici
2122 5090 2379 5167 aspectu

829 5196 1105 5275 intueri3
1136 5196 1247 5260 sed
1290 5194 1498 5277 primo
1535 5191 1661 5258 hoc
1697 5193 1987 5259 intuetur
2005 5241 2025 5273 ,
2067 5196 2133 5256 et
2163 5195 2380 5275 postea

597 5313 785 5372 lmvrob.
830 5300 1011 5380 illud,
1035 5318 1422 5386 componens
1446 5318 1656 5367 unum
1679 5300 1886 5365 alteri.
1914 5299 2038 5366 Sed
2066 5298 2376 5383 quoniam

898 5428 914 5462 ¹
945 5426 1079 5490 Act„
1108 5439 1161 5489 x,
1188 5428 1231 5479 4.
1251 5451 1311 5464 —
1337 5427 1360 5462 ⁸
1387 5425 1555 5488 Heba,
1581 5437 1656 5491 xi,
1685 5429 1731 5476 6.
1756 5452 1818 5465 -
1838 5424 1860 5461 ⁸
1885 5425 2010 5479 Dist.
2042 5437 2203 5490 nvn,
2236 5439 2286 5491 p.
2319 5434 2376 5474 ιι.

1915 421 2541 490 SENTENTIARUM
2582 425 2730 490 LIB.
2769 425 2877 490 111.

2466 551 2598 633 ipse
2633 570 2926 617 assensus
2967 553 3116 619 fidei
3158 556 3253 617 est
3290 552 3546 635 proprie
3584 568 3776 633 super
3811 568 3954 613 com-

2462 660 2866 743 plexionem3
2918 666 2985 727 et
3025 662 3109 727 ad
3157 661 3609 745 perfectionem
3648 659 3811 739 fidei,
3855 679 3958 725 non

2465 772 2718 833 tantum
2767 772 3016 854 oportet
3069 770 3353 853 cogitare
3405 770 3485 836 de
3532 768 3956 847 incarnatione,

2466 875 2576 939 sed
2639 876 2837 941 etiam
2888 881 3139 962 oportet
3191 877 3445 943 credere
3506 876 3960 940 incarnationem

2458 982 2600 1064 jam
2629 984 2857 1064 fuisse3
2889 986 3031 1051 ideo
3057 986 3358 1051 dixerunt
3386 984 3531 1063 alii,
3561 982 3733 1067 quod
3761 981 3963 1048 articuli
3981 994 4081 1048 cam:

2468 1097 2621 1157 sunt
2679 1093 3106 1159 enunciabilia
3122 1142 3144 1174 ,
3200 1097 3267 1157 et
3305 1092 3476 1176 quod
3533 1092 3694 1157 fides
3734 1089 3965 1154 consistit

2414 1288 2421 1291 -
2469 1201 2637 1265 circa
2664 1200 3098 1283 complexum,
3131 1201 3414 1265 maxime
3445 1204 3596 1264 c'um
3625 1198 3781 1263 fides
3805 1215 3965 1280 quan·

2469 1312 2611 1373 tum
2660 1309 2744 1374 ad
2791 1309 3041 1392 aliquos
3106 1309 3411 1374 articulos
3467 1306 3667 1371 simul
3729 1304 3970 1386 respiciat

2473 1421 2784 1497 creatum,
2827 1422 2892 1483 et
2932 1419 3311 1497 increatum,
3364 1418 3431 1481 et
3471 1416 3549 1481 de
3590 1413 3768 1479 nullo
3804 1415 3969 1477 creato

2473 1525 2669 1608 possit
2692 1543 2826 1590 esse
2854 1526 2980 1590 nisi
3007 1526 3361 1591 secundum
3403 1525 3579 1608 quod
3619 1520 3969 1605 componitur

2472 1633 2593 1714 ipsi
2637 1633 2943 1713 increat0,
2993 1633 3348 1699 secundum
3392 1630 3571 1715 quod
3626 1630 3800 1713 prius
3834 1627 3971 1692 habi·

2472 1745 2616 1803 tum
2642 1744 2735 1804 est
2768 1762 2785 1804 :
2817 1741 2870 1804 si
2900 1758 3057 1822 ergo
3097 1741 3455 1805 intellectus
3484 1737 3647 1802 illud
3681 1755 3808 1801 non
3845 1735 3972 1819 capit

2473 1847 2595 1911 nisi
2626 1866 2740 1931 per
2767 1847 3031 1912 modum
3059 1845 3552 1929 complexionis,
3584 1843 3971 1908 rationabilius

2475 1955 2729 2018 videtur
2756 1954 2914 2019 illud
2947 1971 3204 2036 ponere,
3236 1957 3300 2018 et
3325 1953 3557 2031 dicere,
3580 1950 3750 2033 quod
3769 1949 3971 2013 fldoesit

2475 2063 2645 2126 circa
2690 2081 2919 2127 verum
2962 2061 3392 2144 complexum,
3431 2060 3570 2126 sive
3619 2059 3741 2123 sub
3778 2057 3971 2121 ratione

2475 2170 2815 2252 complexi.
2854 2169 2933 2234 Et
2971 2170 3277 2252 quoniam
3321 2187 3544 2234 errans
3585 2168 3754 2233 circa
3792 2184 3973 2231 verum

2476 2278 2885 2360 complexum
2930 2281 3248 2360 quantum
3278 2276 3359 2340 ad
3394 2276 3815 2342 differentiam
3846 2278 3972 2337 tem·

2474 2386 2648 2469 poris
2691 2385 3058 2469 simpliciter
3094 2384 3416 2468 judicatur
3454 2383 3815 2462 haereticus,
3850 2382 3973 2444 sicut

2477 2495 2529 2556 si
2569 2494 2803 2576 aliquis
2831 2492 3114 2557 crederet
3139 2490 3677 2557 resurrectionem
3707 2491 3839 2572 jam
3872 2488 3971 2551 iac-

2477 2605 2640 2676 tam,
2673 2599 2776 2664 vel
2818 2599 3325 2663 incarnationem
3360 2598 3689 2677 futuram3
3719 2598 3846 2660 ideo
3875 2611 3975 2658 non

2476 2708 2687 2772 solum
2754 2705 3058 2771 dixerunt
3117 2705 3312 2771 fldem
3373 2722 3510 2768 esse
3575 2704 3746 2769 circa
3792 2718 3975 2768 verum

2477 2816 2884 2899 complexum
2900 2863 2921 2894 ,
2971 2815 3078 2878 sed
3128 2815 3325 2877 etiam
3366 2812 3535 2876 circa
3573 2828 3806 2877 verum
3839 2827 3977 2873 com·

2453 2906 2741 3005 'plexum
2767 2921 2889 2985 sub
2919 2920 3338 2986 determinata
3373 2918 3738 2984 differentia
3778 2922 3977 2998 tempo-

2476 3030 2589 3095 riS.
2620 3028 2698 3093 Et
2733 3030 2788 3092 si
2824 3032 2896 3093 tu
2923 3028 3185 3111 objicias
3222 3027 3314 3091 eis
3357 3025 3437 3090 de
3480 3027 3829 3091 mutatione
3865 3022 3975 3086 fidei
4034 3040 4037 3045 '

2478 3140 2736 3220 propter
2792 3136 3213 3202 mutationem
3268 3136 3598 3217 justorum
3657 3130 3977 3199 enunciabi-

2477 3245 2673 3324 lium,
2744 3244 3126 3327 respondent
3187 3242 3540 3306 secundum
3614 3239 3973 3312 Nominum,

2480 3352 2651 3434 quod
2679 3351 3106 3417 enunciabilia
3132 3367 3264 3415 non
3292 3353 3445 3413 sunt
3477 3353 3760 3425 mutata,
3787 3346 3918 3430 quia
3936 3350 3977 3406 te

2478 3478 2615 3523 esse
2643 3477 3009 3536 cursurum,
3040 3470 3098 3522 te
3125 3475 3384 3522 currere
3408 3506 3426 3537 ,
3458 3462 3521 3520 te
3545 3456 3910 3532 cucurrisse,
3930 3453 3980 3514 in

2479 3567 2750 3632 diversis
2798 3566 3193 3649 temporibus
3240 3565 3486 3647 prolata
3536 3564 3713 3628 idem
3771 3561 3979 3643 signifi-

2480 3679 2646 3755 cant,
2673 3679 2738 3739 et
2768 3693 2975 3739 unum
3004 3678 3096 3738 est
3125 3672 3527 3738 enunciabile
3547 3720 3565 3752 ‚
3598 3673 3754 3755 quia
3774 3688 3890 3735 una
3912 3670 3981 3731 est

2478 3801 2580 3847 res
2607 3800 2804 3865 quam
2841 3782 3238 3862 significant,
3270 3784 3334 3845 et
3359 3797 3573 3844 unum
3602 3784 3701 3845 est
3743 3785 3977 3859 tempus.

2483 3908 2597 3974 pro
2643 3908 2774 3971 quo
2820 3889 3233 3972 proferuntur
3276 3909 3293 3952 t
3336 3893 3399 3952 et
3440 3887 3581 3953 ideo
3629 3905 3829 3952 unum
3867 3884 3980 3947 sunt

2479 3998 2832 4062 secundum
2873 4014 3012 4060 rem
3057 4000 3121 4059 et
3164 3995 3502 4059 veritatem
3522 4041 3539 4071 ,
3589 3993 3877 4077 quamvis
3913 3987 3980 4051 vi·

2479 4106 2747 4169 deantur
2772 4103 3075 4167 vocaliter
3102 4119 3238 4166 esse
3274 4101 3552 4167 diversa.
3599 4102 3797 4166 Aliter
3832 4099 3980 4163 etiam

2479 4210 2863 4294 respondent
2914 4232 2927 4272 :
2981 4209 3129 4273 Esto
3148 4259 3166 4289 ,
3219 4210 3394 4292 quod
3438 4209 3560 4272 ista
3606 4202 3982 4273 enunciabilia

2480 4318 2606 4383 sint
2627 4318 2911 4396 diversa3
2941 4318 3098 4400 quia
3121 4320 3337 4381 tamen
3364 4335 3499 4380 una
3521 4321 3619 4380 est
3647 4316 3885 4391 veritas,
3905 4307 3981 4373 cui

2480 4428 2638 4491 fides
2667 4425 2930 4490 assentit
2975 4424 3406 4508 principaliter
3421 4473 3440 4503 ,
3471 4429 3537 4488 et
3574 4424 3817 4489 ratione
3839 4419 3981 4500 cujus

2481 4536 2604 4600 ista
2641 4532 3064 4599 enunciabilia
3103 4532 3301 4596 credit
3344 4554 3361 4595 :
3402 4549 3550 4612 quae
3599 4531 3853 4614 quidem
3886 4539 3982 4589 non

2483 4645 2771 4706 mutatur
2811 4638 3168 4703 secundum
3213 4638 3652 4704 diversitatem
3700 4630 3980 4719 temporis,

2481 4750 2628 4814 licet
2666 4747 2807 4830 ipsa
2843 4746 3275 4811 enunciabilia
3317 4746 3854 4811 diversificentur:
3881 4755 3981 4803 non

2482 4861 2741 4942 propter
2778 4856 2903 4920 hoc
2930 4854 3086 4919 fides
3113 4856 3399 4918 mutatur
3426 4859 3490 4918 et
3526 4854 3976 4921 diversificatur,

2481 4969 2614 5030 imo
2642 4965 2708 5029 in
2741 4965 3007 5029 diversis
3028 4962 3423 5046 temporibus
3442 4963 3598 5027 tides
3623 4981 3754 5027 non
3781 4959 3996 5034 mutan,

2483 5072 2788 5139 consistit.
2821 5070 2947 5137 Sed
2974 5072 3129 5154 quia
3153 5071 3262 5134 illa
3289 5070 3514 5153 positio
3557 5068 3972 5138 Nominalium,
4023 5093 4095 5138 ιφ

2482 5199 2632 5266 quae
2667 5180 2912 5244 dicebat
2956 5176 3381 5243 enunciabilia
3418 5177 3811 5243 diversorum
3850 5177 3969 5236 tem*
3995 5159 4107 5264 ᾗ*

2482 5307 2719 5374 porum
2746 5307 2882 5353 esse
2907 5305 3150 5366 unum,
3178 5288 3606 5351 communiter
3632 5304 3764 5351 non
3786 5295 3971 5366 appm·

2482 5400 2703 5476 batur,
2731 5398 2865 5464 imo
2893 5395 3048 5461 falsa
3086 5396 3220 5473 est,
3266 5392 3435 5458 sicut
3461 5393 3530 5457 in
3574 5393 3779 5476 primo
3811 5387 3974 5454 libr0⁸
