4185 6288
551 1222 758 1270 tuda-0

595 4486 665 4530 Ad
695 4497 803 4542 opp·

1310 798 1670 877 QUAEs'l'lo
1712 798 1792 864 11.

787 967 878 1024 An
897 965 1306 1040 proedoeeinotio
1332 962 1535 1020 ctu-ini
1555 967 1796 1036 respectu
1821 967 2017 1020 πωπω
2044 963 2325 1037 prodati-

1069 1057 1312 1110 natiom's
1338 1056 1412 1110 sit
1436 1057 1616 1122 sorum
1642 1055 1967 1126 &emptoris
1997 1055 2038 1108 ¹.

873 1217 1097 1281 Utrum
1127 1214 1592 1298 praedestinatio
1618 1214 1846 1278 Christi
1873 1218 2165 1297 respectu
2182 1232 2328 1279 nos-

791 1330 907 1390 trae
957 1322 1528 1408 praedestinationis
1554 1323 1636 1385 sit
1661 1322 1869 1386 torma
1897 1322 2283 1404 exemplaris
2305 1344 2323 1400 ;

789 1437 854 1496 et
888 1431 1059 1515 quod
1100 1430 1224 1508 sic,
1252 1429 1542 1494 videtur¹
1576 1450 1593 1492 t
1625 1430 1788 1503 Quos
1835 1427 2331 1511 proedestinavit

789 1541 1142 1618 conformes
1168 1536 1320 1617 fieri
1357 1538 1635 1618 imaqini
1668 1537 1800 1617 filii
1833 1537 1965 1602 sni.
2010 1535 2134 1599 Sed
2172 1535 2329 1599 illud

792 1646 895 1709 cui
925 1645 1108 1709 debet
1129 1661 1231 1708 res
1258 1643 1641 1708 conformari
1681 1648 1746 1707 et
1786 1643 2205 1724 configurari,
2237 1647 2333 1705 est

794 1751 1119 1835 exemplar
1160 1753 1304 1832 ejus
1341 1773 1356 1814 ε
1384 1769 1543 1831 ergo
1569 1751 1623 1813 si
1651 1750 2082 1833 praedesfinati
2108 1767 2333 1813 sumus

797 1864 872 1925 ut
900 1859 1376 1923 conformemur
1401 1855 1679 1936 Christo,
1712 1856 1967 1920 videtur
1993 1856 2165 1938 quod
2195 1858 2335 1939 ejus

797 1966 1264 2050 praedestinatio
1323 1965 1405 2028 sit
1460 1968 1698 2028 nostrae
1764 1963 2334 2046 praedestinationis

797 2074 1181 2156 exemplaris
1205 2073 1390 2136 ratio.

911 2181 1068 2246 ltem
1132 2181 1539 2262 Augustinus
1570 2225 1585 2256 ‚
1636 2178 1716 2244 de
1771 2177 2340 2244 Proedestinatione

800 2292 1186 2356 Sanctorum
1206 2294 1275 2352 ⁸:
1310 2312 1340 2346 α
1367 2286 1932 2351 Pras-clarissimum
1954 2286 2178 2350 lumen
2200 2303 2340 2349 nos-

800 2406 917 2464 trae
972 2397 1543 2480 praedestinationis
1595 2399 1689 2458 est
1735 2394 1917 2458 Joeus
1965 2394 2269 2458 Christus.
2301 2416 2332 2452 n

803 2512 924 2577 Sed
964 2512 1184 2574 lumen
1227 2509 1419 2574 habet
1461 2509 1771 2573 rationem
1812 2507 2243 2588 distinguendi
2281 2511 2341 2568 et

803 2618 1165 2685 notificandi
1207 2637 1223 2681 ε
1264 2618 1315 2680 si
1362 2635 1518 2698 ergo
1575 2617 1696 2678 hoc
1749 2615 2050 2698 competit
2110 2615 2333 2678 formae

803 2725 1152 2808 exemplari
1197 2773 1215 2803 ‚
1293 2724 1548 2788 videtur
1622 2722 1793 2805 quod
1870 2721 2338 2804 praedestinatio

806 2833 1035 2898 Christi
1064 2833 1144 2896 sit
1158 2835 1390 2896 nostrae
1404 2829 1977 2913 praedestinationis
1993 2828 2342 2911 exemplar,

806 2947 868 3007 et
889 2942 1050 3005 ratio
1081 2938 1487 3022 agnoscendi.

888 3048 1044 3113 ltem
1086 3049 1221 3113 vita
1264 3046 1490 3112 Christi
1532 3049 1595 3109 et
1637 3045 1865 3109 modus
1892 3044 2176 3123 vivendi,
2227 3044 2350 3109 fuit

810 3175 1037 3221 norma
1100 3158 1163 3219 et
1233 3155 1559 3236 exemplar
1614 3157 1828 3218 sancte
1884 3151 2145 3217 vivendi
2200 3151 2351 3234 ipsis

811 3262 1113 3329 membris
1141 3261 1366 3326 Christi
1394 3280 1411 3324 ε
1440 3262 1546 3326 sed
1573 3262 1736 3325 sicut
1764 3279 1831 3324 se
1857 3260 2049 3324 habet
2080 3277 2347 3324 conver-

813 3370 973 3436 satio
1005 3370 1081 3434 ad
1115 3369 1665 3434 conversationem
1683 3417 1700 3446 ‚
1743 3368 1831 3431 ita
1860 3386 1928 3431 se
1956 3367 2151 3431 habet
2180 3385 2352 3450 prae-

814 3477 1146 3543 destinatio
1175 3475 1254 3541 ad
1283 3476 1902 3558 praedestinationem
1922 3495 1936 3537 :
1959 3492 2121 3555 ergo
2141 3476 2192 3538 si
2221 3475 2355 3538 vita

815 3604 934 3649 sua
981 3586 1100 3649 ruit
1140 3584 1366 3665 regula
1414 3589 1475 3648 et
1522 3583 1847 3667 exemplar
1889 3586 2126 3647 nostrae
2177 3583 2351 3661 vitaz,

815 3693 954 3777 pari
993 3692 1236 3756 rationo
1283 3692 1745 3774 praedestinatio
1789 3709 1907 3756 sua
1943 3691 2352 3773 praedestina-

818 3799 1009 3864 tionis
1034 3803 1290 3863 nostras.

901 3908 1059 3971 Item
1101 3905 1329 3971 Christi
1375 3904 1704 3986 generatio
1759 3904 1880 3968 ruit
1921 3905 2082 3969 ratio
2133 3924 2355 3969 exem-

821 4014 1012 4099 plaris
1050 4012 1757 4091 omnis.emanationis,
1800 4012 1953 4095 quia
2001 4013 2068 4075 in
2126 4011 2357 4089 Verb0‚

821 4120 993 4204 quod
1033 4120 1200 4184 Deus
1242 4121 1509 4201 genuit,
1538 4119 1758 4184 omnia
1808 4120 2115 4202 disposuit
2151 4138 2167 4184 ε
2204 4138 2361 4201 ergo

825 4228 962 4313 pari
1005 4228 1250 4293 ratione
1306 4230 1445 4310 ejus
1502 4227 1971 4311 praedestinatio
2024 4227 2147 4291 fuit
2198 4227 2359 4291 ratio

824 4336 1206 4420 exemplaris
1233 4335 1442 4400 omnis
1468 4333 2054 4418 praedestinationis.

909 4444 1033 4511 Sed
1085 4447 1304 4510 contra
1357 4450 1415 4508 1.
1477 4442 1681 4526 Super
1720 4441 1876 4505 illud
1925 4447 1948 4483 ⁸
1989 4463 2004 4506 ε
2050 4441 2367 4524 Nunquid

829 4555 1003 4621 nosti
1039 4553 1330 4620 ordinem
1368 4550 1511 4616 caeli
1540 4552 1573 4615 P
1604 4549 1858 4614 Glossa:
1898 4572 1928 4610 α
1958 4548 2153 4613 Nosse
2191 4551 2367 4614 ordi-

830 4680 982 4727 nem
1011 4661 1151 4725 coeli
1185 4663 1280 4723 est
1307 4675 1733 4741 supernarum
1760 4656 2272 4739 dispositionum,
2303 4657 2367 4722 id

831 4774 945 4851 est,
978 4766 1609 4853 praedestinationum
1634 4764 1910 4829 occultas
1931 4765 2370 4847 dispositiones

833 4878 1071 4945 videre.
1105 4897 1135 4936 n
1172 4873 1342 4956 Ergo
1371 4873 1438 4938 in
1466 4872 2124 4956 praedestinationibus
2150 4876 2214 4937 et
2239 4873 2372 4938 dis-

835 4984 1254 5070 positionibus
1310 4983 1403 5046 est
1448 4981 1603 5045 ordo
1656 4984 1718 5044 et
1782 4980 2098 5044 distinctio
2147 5002 2161 5044 :
2216 4998 2371 5062 ergo

836 5092 1278 5175 unusquisque
1304 5088 1790 5172 praedestinatus
1810 5086 2000 5151 hahet
2018 5104 2204 5152 suam
2231 5106 2374 5170 pro-

840 5200 1043 5284 priam
1084 5195 1695 5282 praedestinationem
1731 5194 2091 5259 distinctam
2129 5214 2169 5258 a
2208 5213 2373 5277 prae-

840 5306 1256 5372 destinatione
1297 5302 1524 5368 Christi
1549 5351 1566 5382 ‚
1615 5305 1678 5366 et
1724 5302 1812 5366 sic
1845 5301 1923 5385 (a)
1965 5301 2091 5366 alia
2127 5303 2374 5367 ratione

908 5470 928 5506 ¹
953 5469 1034 5533 Cf.
1064 5467 1206 5519 Alex.
1230 5465 1445 5528 Alensis,
1470 5479 1521 5529 p.
1545 5463 1630 5527 ΙΙΙ,
1659 5477 1712 5529 q.
1733 5474 1805 5527 V1,
1825 5464 2018 5517 memb.
2046 5467 2074 5516 5
2100 5464 2374 5529 ;Stephan.

845 5540 1055 5603 Brutos„
1083 5540 1149 5592 nt
1175 5538 1336 5600 Seni„
1367 5537 1484 5590 dist.
1513 5546 1585 5596 ιι,
1607 5549 1659 5601 q.
1687 5546 1744 5587 11.
1763 5536 1867 5575 -2
1892 5536 2026 5586 Rom.
2067 5547 2190 5598 vlu,
2217 5538 2376 5587 3⁰.-

1811 541 2440 610 smmum
2477 541 2627 609 LIB.
2669 541 2779 609 111.

2432 675 2921 759 praedestinatus
2942 681 3039 742 oet
3064 678 3371 757 Christus,
3392 681 3459 742 et
3483 677 3612 741 alia
3634 677 3743 740 alii
3771 695 3963 759 :ergo

2432 800 2564 847 non
2600 786 2698 847 est
2735 785 3062 868 exemplar
3100 803 3237 850 suae
3281 784 3872 868 praedestinationis,
3900 788 3963 848 et

2431 890 2731 955 aliorum.

2515 997 2673 1063 Item
2716 998 2855 1082 ipsa
2909 998 3379 1082 praedestinatio
3414 999 3579 1063 nihil
3620 999 3794 1064 aliud
3840 1004 3965 1078 est,

2434 1122 2632 1187 quam
2676 1106 3000 1188 praevisio,
3030 1106 3167 1169 sive
3192 1106 3518 1188 dispositio
3544 1107 3868 1189 pertinens
3891 1107 3968 1171 ad

2437 1210 2763 1294 exemplar
2791 1230 2810 1274 ε
2838 1212 2892 1274 si
2918 1231 3076 1292 ergo
3102 1212 3484 1294 exemplaris
3504 1231 3634 1276 non
3652 1219 3748 1277 aet
3763 1232 3973 1278 exem·

2437 1320 2597 1398 plar,
2644 1338 2804 1401 ergo
2842 1320 3411 1403 praedoetinationis
3436 1320 3596 1384 nihil
3628 1325 3724 1385 oet
3748 1340 3972 1386 exem-

2439 1427 2620 1508 plar:
2654 1445 2812 1509 ergo
2836 1427 3400 1511 praedestinationis
3437 1433 3673 1493 nostrae
3711 1448 3846 1494 non
3882 1435 3973 1494 est

2443 1534 2769 1617 exemplar
2797 1534 3261 1617 praedestinatio
3287 1534 3534 1599 Christi.

2523 1641 2680 1706 Item
2708 1659 2854 1725 quae
2884 1647 3035 1706 sunt
3057 1642 3249 1706 simul
3276 1661 3512 1722 unum,
3540 1661 3672 1708 non
3695 1648 3793 1708 est
3820 1645 3976 1709 ratio

2442 1749 2847 1830 exemplandi
2872 1749 3191 1831 reliquum
3219 1773 3234 1813 ε
3266 1751 3375 1814 sed
3408 1767 3634 1815 omnes
3663 1750 3978 1832 praedaeti-

2444 1856 2731 1919 nationes
2775 1857 2967 1921 simul
3023 1862 3088 1921 et
3147 1858 3230 1921 ab
3292 1863 3535 1922 aeterno
3600 1859 3863 1923 ruerunt
3913 1859 3977 1921 in

2445 1968 2657 2026 mente
2701 1963 2918 2028 divina
2959 1986 2975 2028 ε
3024 1982 3182 2045 ergo
3229 1966 3697 2048 praedestinatio
3748 1966 3979 2030 Christi

2445 2070 2811 2134 nullatenus
2876 2073 3084 2155 potuit
3148 2091 3285 2136 esse
3343 2073 3725 2156 exemplaris
3782 2076 3981 2139 torma

2447 2178 3074 2261 praedestinationum
3103 2182 3397 2245 aliarum.

2533 2285 2708 2366 Item,
2736 2288 2790 2351 si
2817 2289 3280 2370 praedestinatio
3301 2290 3531 2353 Christi
3548 2295 3640 2354 est
3658 2291 3984 2374 exemplar

2450 2400 2683 2458 nostrae
2730 2395 3296 2476 praedestinationis
3324 2445 3345 2475 ,
3378 2402 3494 2462 aut
3535 2416 3696 2480 ergo
3736 2400 3987 2463 ratione

2450 2502 2817 2586 principalis
2838 2504 3197 2584 significati,
3231 2508 3344 2568 aut
3364 2505 3608 2570 ratione
3625 2510 3980 2572 connotati:

2452 2612 2505 2675 si
2531 2611 2773 2674 ratione
2792 2611 3155 2693 principalis
3177 2611 3540 2692 significati,
3572 2619 3632 2677 et
3659 2634 3813 2678 cum
3833 2615 3984 2679 illud

2455 2718 2535 2781 sit
2566 2718 2758 2796 DeuS,
2791 2718 2926 2781 sive
2954 2718 3171 2783 divina
3195 2721 3498 2801 essentia,
3526 2723 3749 2787 divina
3774 2742 3980 2787 essen-

2456 2826 2543 2888 tia
2572 2827 2690 2889 erit
2735 2829 3113 2910 exemplata,
3144 2833 3207 2892 et
3229 2830 3317 2893 sic
3337 2829 3506 2894 idem
3525 2831 3646 2894 erit
3671 2834 3985 2915 exempla-

2458 2937 2595 2996 tum
2613 2980 2630 3012 ,
2670 2937 2733 2996 et
2758 2934 3084 3015 exemplar
3109 2936 3447 3017 suiipsius;
3478 2937 3533 2999 si
3560 2939 3814 3002 ratione
3842 2957 3986 3002 oon·

2457 3040 2692 3115 notati,
2727 3044 2950 3103 contra
2983 3061 2998 3102 ε
3031 3038 3373 3123 Exemplar
3416 3044 3714 3124 praecedit
3777 3064 3989 3109 exem-

2459 3148 2744 3230 platum,
2799 3152 2861 3211 et
2898 3166 3031 3212 non
3076 3150 3365 3231 sequitur
3411 3151 3617 3215 illud:
3649 3153 3759 3217 sed
3812 3154 3990 3217 multi

2461 3255 2824 3320 habuerunt
2863 3259 3138 3337 gratiam
3176 3258 3433 3323 finalem
3453 3307 3469 3335 ‚
3501 3279 3649 3342 quae
3682 3265 3779 3325 est
3808 3263 3994 3327 effec-

2461 3366 2565 3426 tus
2595 3364 3161 3445 praedestinationis
3187 3371 3528 3449 antequam
3553 3367 3841 3434 Christus
3860 3390 3992 3433 sus-

2462 3470 2698 3551 ciperet
2742 3472 3019 3552 gratiam
3060 3495 3076 3537 :
3126 3492 3285 3554 ergo
3326 3493 3458 3538 non
3515 3475 3775 3540 videtur
3830 3477 3995 3560 quod

2464 3578 2934 3659 praedestinatio
2951 3580 3177 3643 Christi
3196 3583 3534 3665 cujuslibet
3554 3584 3819 3649 alterius
3839 3602 3997 3667 prae-

2465 3684 2898 3751 destinationis
2918 3687 3110 3751 fuerit
3134 3690 3513 3771 exemplaris
3540 3691 3770 3755 forma.

3008 3944 3458 4014 CONCLUSIO.

2470 4102 2882 4159 praedestinatio
2914 4102 3112 4160 Christi
3138 4120 3247 4161 non
3272 4109 3348 4161 est
3370 4119 3533 4162 causa
3559 4107 3885 4179 amplas-is
3918 4108 4001 4159 in-

2545 4195 2711 4249 terior
2730 4195 2925 4249 nostrae
2945 4195 3357 4266 justificationis
3373 4236 3389 4263 ,
3424 4197 3549 4252 licet
3575 4198 3650 4253 sit
3677 4211 3842 4253 causa
3868 4199 4004 4251 atc-

2542 4285 2657 4337 rior
2685 4284 3008 4355 exemplaris
3044 4284 3309 4340 directiva
3343 4290 3579 4358 respectu
3604 4288 3782 4342 nostri
3809 4285 3872 4341 de
3906 4299 4007 4340 cro-

2544 4367 2728 4424 dendis
2748 4409 2763 4436 ,
2796 4370 3148 4441 expectandis
3177 4375 3230 4425 et
3255 4370 3564 4442 operandis.

2556 4531 2739 4614 Resp.
2771 4534 2849 4597 ad
2891 4552 3033 4615 arg.
3086 4535 3429 4600 Dicendum
3478 4535 3647 4619 quod
3697 4540 3798 4600 est
3840 4533 4003 4616 loqui

2476 4640 2554 4704 de
2586 4640 3134 4721 praedestinatione
3164 4642 3413 4722 Christi,
3446 4646 3508 4707 et
3538 4647 3774 4707 natura
3800 4641 4005 4723 dupli-

2477 4749 2631 4813 citer
2664 4767 2680 4814 ι
2710 4753 2821 4813 aut
2846 4754 3160 4831 quantum
3204 4750 3283 4814 ad
3319 4751 3663 4834 principale
3687 4751 4005 4832 signitica-

2476 4861 2618 4921 tum
2646 4904 2664 4934 ,
2713 4859 2824 4920 aut
2866 4861 3180 4939 quantum
3229 4858 3308 4922 ad
3351 4862 3795 4922 connotatum.
3821 4857 3887 4921 Si
3911 4856 4004 4920 lo-

2479 4982 2759 5051 quamur
2803 4967 3119 5046 quantum
3170 4965 3251 5029 ad
3294 4965 3639 5048 principale
3681 4965 4006 5048 significa-

2478 5080 2616 5139 tum
2643 5123 2661 5154 ‚
2707 5073 2880 5156 quod
2923 5074 3181 5157 quidem
3222 5077 3317 5137 est
3356 5075 3578 5139 divina
3603 5076 3896 5150 essentia,
3925 5072 4005 5135 sic

2481 5184 2659 5249 nulla
2693 5181 3162 5266 praedestinatio
3188 5182 3516 5263 exemplar
3544 5181 3737 5246 habet
3762 5181 3847 5245 ab
3871 5179 4005 5257 alia,

2481 5314 2631 5362 cum
2658 5311 2881 5359 omnes
2905 5313 3113 5358 unum
3140 5293 3291 5372 sint,
3317 5293 3556 5359 scilicet
3573 5293 3795 5359 divina
3809 5309 4004 5357 essen-

2483 5461 2506 5499 ⁸
2531 5462 2681 5523 Aug„
2709 5457 2769 5508 de
2795 5455 3087 5508 Pmdeetin.
3123 5458 3359 5520 sanctor„
3386 5471 3434 5507 c.
3459 5467 3546 5517 ιν,
3573 5470 3627 5508 n.
3654 5458 3738 5507 30.
3764 5481 3825 5494 -—
3849 5452 4001 5516 ⁴10b,

2483 5542 2704 5595 uxvm,
2728 5532 2805 5581 33.
2826 5555 2888 5567 —
2908 5528 2968 5592 (a)
3001 5527 3141 5579 Edit.
3186 5528 3299 5578 Ven.
3323 5528 3435 5580 etsi.
