4185 6288
1182 458 1377 527 msr.
1424 455 1643 526 xxm.
1686 452 1870 523 Aur.
1917 454 1967 520 1.
2012 431 2313 534 QuAEsr.
2360 456 2503 525 lv..

763 666 1213 734 CONCLUSIO.

222 848 382 907 Fides
419 849 482 904 in
521 847 841 905 cercitudine
878 854 1166 921 super-mur
1200 865 1236 905 α
1269 851 1500 906 scientia
1534 866 1651 921 quoe
1694 852 1773 905 est

295 941 436 999 visio
464 940 563 995 Dei
585 941 811 1011 aperta3
840 943 1059 1010 superat
1095 954 1219 995 vero
1246 942 1526 996 scientiam
1553 954 1672 1010 quoe
1699 942 1776 995 est

297 1030 535 1100 monitio
572 1026 855 1084 secundum
895 1031 1100 1084 statum
1135 1030 1242 1084 vioe
1274 1033 1514 1100 respectu
1551 1026 1778 1085 credibi-

303 1123 438 1177 lium
463 1136 480 1175 ε
510 1135 628 1175 cum
653 1119 760 1174 illa
787 1133 910 1174 vero
938 1134 1055 1191 quoe
1085 1123 1161 1174 est
1189 1119 1424 1177 aliorum
1451 1119 1777 1189 coquoscibi-

219 1258 225 1269 .
303 1210 437 1266 lium
459 1212 774 1281 superatur,
813 1210 874 1264 in
909 1209 1230 1264 certitudine
1253 1210 1639 1281 speculationis
1667 1214 1774 1275 esu

299 1303 486 1355 contra
507 1313 629 1354 vero
658 1301 736 1354 est
765 1296 828 1353 de
850 1296 1172 1354 certitudine
1202 1296 1540 1355 adhoesionis.

315 1455 499 1538 Resp.
531 1454 610 1519 ad
650 1472 794 1534 arg.
827 1452 1173 1519 Dicendum
1211 1454 1383 1535 quod
1421 1472 1570 1517 cum
1604 1472 1780 1517 com-

233 1580 540 1645 paramus
577 1560 1019 1626 certitudinem
1046 1560 1195 1624 ssdei
1222 1560 1304 1624 ad
1336 1561 1779 1625 certitudinem

235 1669 539 1748 scientiae‚
568 1672 770 1751 potest
782 1664 1055 1755 intelligi
1078 1667 1433 1750 dupliciter.
1463 1667 1621 1731 Nam
1648 1686 1782 1732 uno

123 1806 132 1813 ·
237 1779 431 1843 modo
457 1777 718 1841 scientia
740 1779 944 1858 potest
968 1776 1090 1841 dici
1118 1782 1336 1860 aperta
1360 1778 1425 1841 et
1462 1781 1633 1840 certa
1677 1777 1780 1840 vi-

233 1886 332 1949 sio
359 1884 467 1949 Dei
490 1885 561 1947 in
584 1882 824 1965 patria:
848 1883 1056 1947 ethoc
1082 1883 1273 1949 modo
1300 1902 1431 1948 non
1458 1885 1554 1947 est
1575 1901 1784 1967 quaes-

235 1992 328 2056 tio
349 2039 368 2069 ‚
417 2009 537 2055 nec
582 1989 852 2055 dubium
896 1987 1054 2072 quin
1098 1990 1362 2053 scientia
1417 1990 1536 2054 isto
1591 1990 1783 2054 modo

235 2098 557 2183 praeceuat
589 2098 661 2161 in
697 2096 1075 2162 certitudine
1113 2097 1317 2178 ipsam
1359 2097 1549 2161 fidem
1575 2145 1593 2176 ‚
1623 2098 1786 2161 sicut

239 2206 452 2289 gloria
499 2204 803 2288 praecellit
847 2203 1123 2284 gratiam
1144 2250 1161 2279 ‚
1213 2209 1277 2266 et
1319 2207 1522 2267 status
1561 2204 1784 2287 patriae

239 2319 478 2379 statum
501 2313 651 2379 viae.
681 2312 823 2377 Alio
848 2313 1040 2376 modo
1064 2312 1300 2376 dicitur
1325 2312 1614 2391 scientia,
1640 2329 1786 2392 cog-

239 2420 403 2486 nitio
426 2438 622 2503 quam
662 2419 807 2501 quis
832 2418 1027 2483 habet
1050 2418 1120 2482 in
1148 2419 1297 2497 via3
1335 2422 1398 2483 et
1435 2420 1558 2482 ista
1584 2420 1789 2501 potest

241 2545 380 2592 esse
405 2525 739 2608 dupliciter
767 2543 785 2588 t
811 2530 923 2589 aut
958 2529 1249 2607 respectu
1293 2525 1552 2589 illorum
1573 2572 1590 2601 ‚
1623 2542 1788 2607 quo-

241 2652 394 2698 rum
421 2635 516 2697 est
540 2632 734 2710 fides;
765 2635 879 2696 aut
901 2635 1196 2713 respectu·
1217 2630 1493 2696 aliorum
1523 2649 1789 2712 cognos-

243 2742 552 2807 cibilium.
599 2740 668 2807 Si
712 2746 1002 2824 respectu
1045 2741 1327 2818 illorum,
1372 2760 1650 2824 quorum
1693 2744 1789 2805 est

243 2850 405 2915 fides
423 2896 442 2929 ‚
487 2849 577 2913 sic
623 2848 993 2930 simpliciter
1036 2848 1353 2930 loquendo
1404 2849 1631 2913 certior
1694 2851 1792 2911 est

245 2956 440 3035 fideS,
471 2973 666 3038 quam
702 2955 984 3019 scientia.
1017 2954 1194 3019 Unde
1227 2957 1281 3019 si
1320 2956 1550 3039 aliquis
1580 2955 1792 3038 philo-

247 3064 601 3147 sophorum
666 3063 991 3143 cognoscit
1043 3061 1319 3144 aliquem
1372 3062 1790 3140 articulorum

248 3169 705 3249 ratiocinand0‚
737 3175 952 3253 utpote
983 3169 1181 3234 Deum
1227 3188 1364 3234 esse
1409 3168 1788 3251 Creatorem,

247 3278 356 3342 vel
391 3276 592 3341 Deum
644 3295 780 3341 esse
831 3281 1397 3356 remuneratorem;
1458 3297 1793 3362 nunquam

249 3386 471 3447 tamen
487 3383 575 3447 ita
593 3384 1111 3449 certitudinaliter
1129 3385 1454 3465 cognoscit
1471 3402 1584 3466 per
1607 3404 1792 3448 suam

252 3492 619 3571 scientiam,
649 3492 815 3557 sicut
851 3510 1048 3557 verus
1090 3491 1296 3556 fidelis
1337 3511 1449 3575 per
1497 3511 1681 3557 suam
1710 3495 1795 3557 ss-

253 3599 424 3664 dem.
454 3597 522 3663 Si
547 3603 762 3664 autem
788 3599 1131 3680 loquamur
1162 3599 1240 3662 de
1277 3600 1541 3663 scientia
1569 3619 1794 3665 secun-

253 3710 422 3776 dum
442 3709 614 3791 quod
654 3714 750 3773 est
773 3707 1075 3790 cognitio
1099 3707 1372 3772 aliorum
1400 3708 1799 3789 cognoscibi-

223 3817 417 3881 'lium
444 3863 463 3893 ‚
509 3816 598 3879 sic
651 3816 928 3899 quodam
980 3814 1172 3879 modo
1228 3814 1458 3880 certior
1503 3819 1600 3879 est
1642 3814 1800 3878 ssdes

256 3942 456 4007 quam
486 3923 767 3998 scientia,
788 3927 854 3987 et
877 3922 1156 4005 quodam
1184 3922 1372 3987 modo
1390 3941 1428 3987 e
1457 3922 1794 3988 contrario.

256 4030 371 4098 Est
395 4031 567 4094 enim
599 4029 909 4096 certitudo
941 4030 1419 4114 speculationis,
1454 4032 1519 4094 et
1542 4033 1640 4094 est
1662 4047 1801 4093 cer-

257 4137 568 4204 certitudo
621 4137 1006 4204 adhaesionis
1047 4138 1091 4200 ¹.
1147 4136 1227 4201 Et
1277 4136 1489 4220 prima
1539 4136 1800 4219 quidem

258 4243 515 4327 respicit
556 4243 984 4323 intellectum;
1029 4245 1306 4309 secunda
1353 4262 1508 4309 vero
1546 4243 1805 4326 respicit

260 4350 478 4435 ipsum
502 4351 826 4418 affectum.
859 4351 927 4416 Si
953 4352 1299 4435 loquamur
1324 4352 1402 4416 de
1429 4351 1803 4416 certitudine

263 4458 683 4538 adhaesionis,
715 4461 805 4547 sic
843 4461 1051 4542 maj0r
1090 4465 1184 4524 est
1223 4461 1533 4525 certitudo
1573 4460 1642 4523 in
1667 4461 1805 4541 ipsa

266 4567 424 4644 fide,
467 4586 665 4652 quam
712 4567 793 4630 sit
834 4567 905 4630 in
952 4567 1173 4631 habitu
1219 4567 1522 4645 scientiae,
1567 4583 1685 4649 pro
1729 4582 1806 4629 eo

265 4673 439 4757 quod
470 4691 622 4739 vera
651 4673 805 4739 fides
834 4673 1045 4754 magis
1071 4673 1217 4737 facit
1241 4673 1566 4737 adhaerere
1593 4672 1805 4754 ipsum

266 4780 631 4844 credentem
675 4780 929 4848 veritati
981 4780 1234 4845 creditae
1261 4826 1282 4857 ‚
1337 4797 1536 4861 quam
1591 4778 1808 4862 aliqua

264 4886 529 4960 scientia
554 4886 740 4952 alicui
761 4886 854 4949 rei
874 4886 1068 4950 scitae.
1093 4884 1399 4951 Videmus
1427 4886 1601 4950 enim
1620 4904 1808 4950 veros

261 4993 483 5060 fideles
536 5012 654 5058 nec
702 5010 814 5075 per
864 4998 1249 5073 argumenta
1271 5041 1289 5072 ,
1337 5011 1456 5058 nec
1507 5011 1622 5076 per
1667 4998 1806 5057 tor-

261 5104 486 5178 menta
503 5149 523 5180 ‚
546 5119 665 5165 nec
694 5118 808 5185 per
830 5099 1262 5164 blandimenta
1283 5100 1577 5165 inclinari
1602 5119 1805 5183 posse,

263 5215 341 5277 ut
373 5208 707 5274 veritatem
748 5225 944 5290 quam
990 5206 1256 5270 credunt
1275 5254 1294 5283 ‚
1322 5207 1546 5271 saltem
1574 5225 1684 5272 ore
1713 5211 1806 5272 te-

261 5336 393 5385 nus
418 5321 663 5398 negent
692 5337 707 5381 :
739 5316 908 5398 quod
934 5331 1127 5378 nemo
1152 5314 1356 5379 sciens
1382 5333 1555 5380 sanae
1577 5315 1811 5382 mentis

330 5447 349 5481 ¹
373 5443 583 5510 Respuit
605 5443 740 5494 hanc
759 5440 1136 5494 distinctionem
1162 5439 1391 5493 Durand.
1413 5441 1515 5508 hic,
1545 5455 1596 5508 q.
1619 5454 1713 5494 vu.

3295 462 3415 528 493

1872 592 2106 657 faceret
2154 612 2272 676 pro
2323 593 2539 677 aliquo
2576 593 2750 678 quod
2792 596 3151 677 cognoscit,
3181 597 3308 662 nisi
3341 599 3412 664 in

1876 704 2193 783 quantum
2220 702 2506 767 doctrina
2529 702 2675 767 fidei
2703 702 2896 766 dictat
2915 722 3046 767 non
3071 721 3206 769 esse
3238 723 3414 770 men-

1876 807 2194 872 tiendum.
2222 807 2469 873 Stultus
2500 809 2691 873 etiam
2719 813 2881 873 esset
2907 815 3237 891 geometra
3256 859 3271 888 ,
3302 813 3415 894 qui

1879 932 1996 996 pro
2040 933 2447 999 quacumque
2492 920 2663 980 certa
2709 915 3108 980 conclusione
3153 935 3419 998 geome-

1881 1022 2023 1086 triae
2082 1024 2347 1087 auderet
2387 1023 2603 1087 subire
2652 1028 2946 1087 mortem.
3004 1022 3181 1087 Unde
3224 1043 3418 1089 verus

1883 1127 2086 1205 fidelis
2107 1177 2127 1207 ‚
2156 1130 2403 1194 etiamsi
2433 1131 2617 1194 sciret
2644 1133 2841 1194 totam
2882 1130 3212 1195 scientiam
3249 1130 3413 1214 phy-

1882 1234 2078 1298 sicam
2094 1284 2110 1311 ,
2135 1237 2346 1300 mallet
2366 1242 2565 1301 totam
2586 1237 2759 1301 illam
2782 1237 3109 1301 scientiam
3130 1238 3416 1321 perdere,

1885 1360 2079 1425 quam
2110 1356 2316 1406 unum
2349 1344 2556 1408 solum
2581 1343 2924 1408 articulum
2952 1345 3285 1425 ignorare,
3316 1346 3421 1409 vel

1885 1470 2125 1534 negare
2148 1501 2165 1530 ,
2204 1453 2360 1518 adeo
2399 1453 2680 1517 adhaeret
2726 1452 2974 1516 veritati
3015 1453 3292 1517 creditae.
3335 1452 3421 1517 De

1887 1560 2262 1624 certitudine
2285 1578 2442 1641 ergo
2459 1545 2839 1624 adhaesionis
2866 1578 3094 1625 verum
3113 1566 3209 1625 est
3228 1561 3422 1625 ssdem

1888 1685 2024 1732 esse
2052 1667 2382 1731 certiorem
2411 1666 2676 1730 scientia
2703 1666 3172 1749 philosophica:
3198 1672 3260 1731 et
3286 1668 3427 1732 haec

1890 1772 2202 1837 certitudo
2231 1773 2482 1855 respicit
2508 1772 2849 1836 veritatem
2872 1777 2936 1835 et
2962 1774 3314 1837 doctrinam
3338 1793 3431 1838 se-

1890 1880 2173 1944 cundum
2193 1880 2491 1963 pietatem
2517 1901 2532 1943 z
2562 1878 2719 1943 etde
2742 1880 2862 1942 hac
2886 1880 3262 1946 certitudine
3285 1900 3432 1945 con-

1891 1985 2161 2050 cludunt
2196 1988 2471 2051 rationes
2508 1986 2587 2049 ad
2622 1986 2899 2069 primam
2928 1992 3171 2069 partem
3201 1986 3426 2053 induc·

1893 2098 1998 2158 tae.
2029 2094 2097 2158 Si
2123 2099 2339 2158 autem
2366 2094 2710 2177 loquamur
2754 2094 2832 2157 de
2868 2095 3243 2159 certitudine
3287 2114 3430 2177 spe-

1894 2200 2267 2278 culationis,
2297 2220 2445 2283 quae
2470 2202 2731 2283 quidem
2769 2201 3029 2283 respicit
3070 2201 3283 2284 ipsum
3324 2202 3432 2266 in-

1893 2308 2214 2372 tellectum
2260 2313 2325 2372 et
2371 2309 2615 2373 nudam
2662 2309 3026 2387 veritatem,
3058 2309 3148 2371 sic
3176 2307 3433 2373 concedi

1897 2419 2102 2497 potest
2145 2416 2315 2499 quod
2357 2417 2565 2497 major
2607 2419 2699 2478 est
2748 2417 3057 2481 certitudo
3109 2418 3174 2479 in
3218 2418 3436 2500 aliqua

1896 2524 2186 2604 scientia,
2217 2542 2413 2606 quam
2444 2524 2513 2586 in
2557 2523 2711 2600 fide,
2744 2542 2861 2606 pro
2888 2542 2964 2588 eo
2999 2525 3168 2607 quod
3206 2525 3437 2608 aliquis

1897 2636 2103 2716 potest
2129 2634 2368 2716 aliquid
2396 2651 2506 2715 per
2533 2632 2864 2697 scientiam
2891 2635 2977 2697 ita
3020 2633 3434 2698 certitudine-

1896 2741 2040 2805 liter
2066 2759 2284 2817 nosse,
2313 2741 2485 2823 quod
2531 2741 2707 2805 nullo
2750 2742 2940 2806 modo
2993 2746 3197 2823 potest
3238 2741 3317 2806 de
3359 2761 3435 2807 eo

1898 2849 2189 2913 dubitare
2212 2898 2229 2928 ,
2259 2867 2377 2913 nec
2417 2850 2632 2931 aliquo
2671 2850 2860 2914 modo
2895 2849 3246 2915 discredere
3267 2899 3289 2930 ,
3323 2870 3436 2915 nec

1900 2957 1967 3019 in
1994 2956 2182 3020 corde
2221 2975 2339 3020 suo
2377 2957 2510 3020 ullo
2563 2958 2749 3021 modo
2789 2958 3248 3036 contradIcere‚
3277 2958 3439 3022 sicut

1901 3067 2073 3147 patet
2100 3064 2180 3126 ·in
2225 3064 2592 3144 cognitione
2635 3065 3025 3146 dignitatum
3048 3115 3065 3144 ,
3096 3070 3159 3130 et
3195 3066 3434 3149 primo-

1901 3191 2050 3236 rum
2078 3173 2560 3256 principiorum.
2594 3173 2671 3238 Et
2711 3175 2831 3238 hoc
2871 3175 3059 3239 modo
3090 3175 3440 3257 procedunt

1903 3279 2181 3343 rationes
2225 3279 2306 3343 ad
2344 3284 2591 3363 partem
2632 3287 3032 3363 sequentem,
3081 3283 3245 3346 sicut
3288 3301 3439 3365 per-

1905 3388 2198 3450 tractanti
2243 3391 2435 3470 patet.
2472 3387 2550 3452 Et
2576 3407 2690 3471 per
2732 3388 2857 3453 hoc
2901 3393 3072 3472 patet
3116 3391 3441 3474 responsio

1906 3495 1985 3560 ad
2013 3497 2429 3578 quaestionem
2461 3498 2869 3579 propositam.
2894 3498 3077 3562 Patet
3098 3499 3289 3564 etiam
3318 3516 3443 3564 res-

1906 3604 2131 3686 ponsio
2158 3605 2240 3668 ad
2281 3605 2527 3687 objecta
2559 3628 2575 3670 1
2610 3607 2961 3689 procedunt
3000 3607 3174 3671 enim
3212 3617 3442 3671 secun-

1907 3712 2064 3777 dum
2085 3713 2366 3777 diversas
2387 3714 2546 3778 vias.
2578 3712 2739 3777 Nam
2762 3714 3038 3778 rationes
3064 3714 3145 3778 ad
3168 3714 3444 3797 primam

1908 3824 2152 3902 partem
2205 3820 2483 3885 inductae
2526 3819 2914 3885 concludunt
2956 3821 3034 3886 de
3072 3822 3445 3889 certitudine

1908 3927 2329 4006 adhaesionis3
2365 3928 2645 3992 rationes
2672 3947 2827 3993 vero
2853 3929 2932 3994 ad
2969 3930 3329 4012 oppositum
3369 3931 3446 3995 de

1910 4033 2287 4100 certitudine
2334 4033 2797 4116 speculationis.
2836 4035 3296 4100 Verumtamen
3338 4056 3446 4101 ra-

1909 4139 2118 4202 tiones
2150 4138 2229 4200 ad
2265 4138 2542 4221 primani
2574 4142 2819 4221 partem
2848 4138 3124 4203 inductae
3156 4139 3450 4205 videntur

1912 4244 2285 4308 concludere
2302 4245 2380 4308 de
2400 4244 2775 4309 certitudine
2797 4245 3264 4328 speculationiS,
3279 4248 3450 4328 quod

1912 4352 2023 4417 illa
2072 4353 2446 4418 certitudine
2502 4353 2583 4416 sit
2631 4354 2788 4416 fides
2847 4354 3076 4418 certior
3126 4355 3387 4419 scientia
3429 4375 3445 4418 ε

1914 4460 2088 4542 quod
2134 4460 2360 4524 falsum
2413 4465 2528 4524 est.
2585 4458 2730 4524 Ideo
2779 4460 3154 4525 tentandum
3217 4465 3310 4526 est
3350 4479 3456 4526 eas

1916 4566 2282 4631 dissolvere.

1999 4680 2059 4736 1.
2095 4673 2190 4736 Ad
2232 4673 2390 4738 illud
2436 4673 2706 4737 verbum
2749 4674 3096 4755 Augustini
3134 4694 3259 4757 quo
3293 4675 3457 4741 dici-

1919 4785 2026 4844 tur
2055 4801 2070 4843 z
2114 4804 2139 4836 ι
2171 4778 2342 4843 Nihil
2372 4785 2465 4844 est
2500 4780 2745 4843 homini
2792 4783 3024 4845 certius
3063 4801 3180 4847 sua
3222 4785 3343 4848 fide
3368 4834 3385 4863 ‚
3415 4808 3446 4845 n

1919 4887 2044 4951 dici
2070 4891 2274 4969 potest
2300 4887 2473 4968 quod
2513 4886 2674 4949 nihil
2712 4887 2860 4949 facit
2900 4887 2979 4950 ad
3017 4889 3410 4971 propositum
3435 4941 3452 4970 ‚

1921 4993 2076 5075 quia
2104 5010 2234 5056 non
2260 4993 2545 5074 loquitur
2573 4994 2651 5056 de
2696 4993 3070 5058 certitudine
3096 5014 3294 5077 quam
3320 4998 3461 5079 quis

1920 5099 2112 5164 habet
2140 5118 2252 5183 per
2268 5100 2487 5180 ssdem,
2514 5101 2622 5165 sed
2645 5119 2840 5183 quam
2859 5102 3008 5184 quis
3024 5102 3216 5168 habet
3234 5104 3311 5169 de
3337 5106 3460 5169 fide

1922 5228 2120 5292 quam
2155 5208 2349 5272 habet
2384 5209 2453 5271 in
2488 5211 2701 5272 mente
2720 5212 2748 5288 g:
2780 5212 2843 5272 et
2875 5208 2983 5273 illa
3018 5216 3112 5274 cst
3156 5214 3463 5279 certitudo

1922 5311 2204 5375 scientiae
2234 5334 2249 5376 :
2290 5311 2407 5376 scit
2452 5310 2626 5374 enim
2672 5310 2868 5375 homo
2892 5311 3096 5377 fidelis
3129 5332 3197 5379 se
3231 5317 3464 5383 habere

1925 5422 2139 5486 fldem.
