4185 6288
756 499 875 560 120

754 629 943 696 Pater
983 635 1051 695 et
1094 629 1294 696 Filius
1309 677 1327 711 ,
1378 632 1443 694 et
1488 627 1761 712 Spiritus
1813 628 2071 692 sanctus
2112 624 2297 690 nullo

756 738 946 804 modo
985 738 1056 802 in
1091 742 1323 802 natura
1350 736 1653 801 differunt
1671 783 1690 814 ‚
1722 734 1785 799 id
1810 738 1907 799 est
1926 782 1945 814 ,
1975 732 2163 799 Pater
2177 782 2199 813 ,
2234 736 2300 797 et

756 845 990 926 Filius,
1029 848 1097 910 et
1127 843 1402 929 Spiritus
1451 846 1709 908 sanctus
1751 843 2058 907 habentes
2097 859 2297 906 unam

755 957 1054 1018 naturam
1098 952 1276 1017 nullo
1314 952 1503 1017 modo
1547 952 1853 1015 differunt
1887 972 1902 1014 :
1936 953 2000 1014 et
2038 949 2161 1014 hoc
2203 952 2301 1013 est

754 1061 1017 1136 falsum,
1070 1061 1226 1144 quia
1273 1059 1489 1139 Pater,
1537 1063 1603 1123 et
1638 1058 1838 1123 Filius
1885 1056 2298 1140 personaliter

755 1167 1093 1247 differunt,
1123 1174 1187 1233 et
1213 1168 1451 1232 habent
1498 1168 1911 1250 proprietates
1948 1165 2294 1230 distinctas.

756 1276 899 1341 Alio
944 1277 1135 1341 modo
1171 1280 1377 1359 potest
1418 1275 1733 1356 intelligi,
1784 1276 1859 1338 ut
1902 1275 1984 1336 sit
2022 1290 2246 1337 sensus
2277 1295 2292 1337 :

756 1381 941 1447 Pater
979 1389 1044 1448 et
1083 1383 1283 1447 Filius
1323 1401 1453 1447 non
1487 1383 1796 1447 differunt
1833 1381 1905 1444 in
1934 1382 2164 1444 natura
2186 1426 2204 1457 ‚
2233 1378 2299 1443 id

756 1495 884 1569 est,
916 1508 1046 1553 non
1073 1490 1378 1554 differunt
1404 1489 1771 1554 diversitate
1813 1490 2064 1551 naturae
2078 1509 2096 1564 ;
2126 1485 2296 1550 nihi-

756 1596 1038 1662 lominus
1062 1602 1277 1660 tamen
1306 1595 1612 1661 differunt
1646 1595 1728 1660 ad
1761 1612 1829 1659 se
1869 1594 2149 1658 invicem
2187 1611 2295 1671 re;

757 1709 821 1770 et
858 1705 939 1769 ab
979 1705 1116 1787 ipsa
1143 1704 1412 1769 essentia
1431 1752 1448 1780 ‚
1479 1703 1582 1768 vel
1611 1706 1836 1767 natura
1864 1700 2169 1766 differunt
2194 1718 2299 1764 ra·—

758 1811 926 1877 tione
942 1860 959 1889 ‚
993 1812 1097 1877 vel
1140 1811 1572 1876 attributione.
1604 1808 1862 1892 Aliquid
1906 1810 2079 1873 enim
2119 1807 2301 1872 attri-

756 1921 980 1987 buitur
1001 1938 1312 2004 personae‚
1339 1918 1512 2002 quod
1541 1937 1671 1984 non
1698 1921 1973 1996 naturae,
1999 1920 2064 1980 et
2088 1934 2125 1980 e
2153 1933 2302 1981 con-

758 2048 962 2095 verso.
998 2029 1076 2094 Et
1101 2029 1241 2094 ideo
1267 2029 1432 2091 sicut
1470 2044 1602 2090 non
1639 2025 1928 2107 sequitur
1960 2040 1978 2084 ε
2016 2046 2048 2083 α
2074 2021 2304 2086 Divina

757 2139 989 2202 natura
1015 2139 1109 2199 est
1134 2135 1203 2199 in
1239 2133 1449 2199 tribus
1475 2132 1760 2216 personis
1791 2150 1807 2194 :
1842 2148 2000 2211 ergo
2032 2146 2303 2212 persona

759 2244 964 2310 Patris
991 2245 1085 2306 est
1122 2242 1190 2305 in
1222 2243 1430 2306 tribus
1451 2240 1740 2323 personis
1767 2256 1942 2316 una;
1973 2260 2004 2297 n
2054 2236 2143 2300 sic
2169 2254 2303 2302 non

758 2352 1091 2435 sequitur:
1133 2374 1164 2412 α
1193 2349 1421 2415 Divina
1450 2350 1682 2412 natura
1714 2346 1861 2410 unit
1886 2345 2036 2425 sibi,
2068 2345 2173 2410 vel
2200 2362 2305 2408 as-

758 2457 955 2524 sumit
1003 2458 1356 2522 humanam
1407 2459 1709 2521 naturam
1759 2476 1775 2517 z
1830 2470 1988 2535 ergo
2032 2469 2305 2536 persona

758 2565 963 2631 Patris
1003 2564 1276 2629 assumit
1308 2582 1327 2628 ς
1359 2587 1390 2622 n
1429 2563 1561 2626 imo
1605 2565 1700 2626 est
1725 2561 1818 2624 ibi
1848 2560 2172 2643 sophisma
2199 2578 2302 2624 ac-

756 2672 1043 2751 cidentiS,
1072 2672 1177 2735 vel
1201 2673 1382 2737 locus
1410 2669 1792 2753 sophisticus
1814 2667 2178 2734 accidentis.

840 2788 899 2847 3.
949 2781 1044 2846 Ad
1085 2780 1243 2845 illud
1269 2780 1442 2863 quod
1470 2778 1767 2861 objicitur
1803 2775 1882 2841 de
1920 2776 2145 2841 divina
2186 2794 2307 2842 na-

758 2894 904 2953 tura
924 2938 942 2968 ‚
972 2888 1144 2971 quod
1174 2892 1269 2952 est
1293 2885 1447 2969 quid
1475 2885 2017 2969 simplicissimum
2036 2933 2054 2960 .,
2085 2884 2306 2949 dicen-

759 2997 915 3062 dum
943 2995 1139 3079 quod,
1165 2995 1465 3077 quamvis
1483 2994 1565 3057 sit
1581 2993 1734 3076 quid
1759 2993 2305 3075 simplicissimum

760 3104 831 3168 in
859 3105 1089 3182 forma,
1118 3102 1308 3168 habet
1333 3101 1801 3167 distinctionem
1825 3105 2044 3165 tamen
2082 3101 2152 3165 in
2184 3101 2305 3185 hy-

760 3212 1150 3297 postasibus,
1181 3211 1321 3276 sive
1352 3211 1422 3274 in
1462 3209 1771 3294 personis.
1816 3210 1977 3274 Cum
2013 3228 2173 3291 ergo
2217 3211 2310 3274 in·

762 3318 1112 3402 telligimus
1152 3316 1393 3400 aliquid
1439 3316 1615 3380 uniri
1658 3315 1878 3396 alicui,
1923 3317 2047 3381 hoc
2086 3334 2309 3400 possu-

762 3407 909 3493 mus
954 3425 1310 3507 intelligere
1357 3429 1470 3488 aut
1511 3428 1827 3506 quantum
1871 3424 1950 3487 ad
1999 3425 2308 3489 unionem

763 3533 1114 3598 secundum
1151 3533 1454 3609 formam,
1500 3534 1615 3595 aut
1647 3534 1962 3613 quantum
1994 3531 2072 3596 ad
2115 3532 2309 3598 unio-

765 3659 917 3705 nem
981 3639 1338 3703 secundum
1403 3637 1827 3720 suppositum.
1889 3637 2038 3703 Dico
2107 3656 2267 3720 ergo
2288 3687 2307 3719 ‚

765 3747 939 3830 quod
965 3747 1020 3809 si
1051 3745 1269 3811 divina
1296 3747 1527 3809 natura
1551 3744 1844 3808 uniretur
1871 3744 2061 3808 alicui
2088 3763 2311 3809 secun·

767 3855 926 3919 dum
968 3854 1265 3928 formam,
1298 3852 1469 3934 quod
1513 3851 1867 3916 necessario
1909 3856 2045 3923 tota
2084 3853 2313 3919 unire-

768 3968 909 4039 tur,
939 3961 1062 4024 hoc
1100 3964 1196 4023 est
1233 3960 1299 4021 in
1326 3958 1606 4041 qualibet
1635 3976 1939 4041 persona,
1974 3978 2126 4024 cum
2152 3942 2311 4025 sim-

768 4067 1114 4151 plicissima
1152 4066 1255 4129 sit.
1304 4064 1426 4130 Se'd
1473 4065 1628 4147 quia
1667 4065 1825 4129 unio
1869 4065 2014 4145 ista,
2064 4067 2169 4130 vel
2209 4086 2310 4131 as-

769 4174 1052 4256 sumptio
1094 4190 1225 4236 non
1265 4175 1359 4235 est
1397 4175 1714 4254 quantum
1759 4171 1840 4234 ad
1888 4171 2196 4236 unionem
2244 4173 2314 4237 in

769 4283 1001 4360 forma,
1030 4282 1139 4346 sed
1167 4284 1480 4365 quantum
1508 4280 1584 4345 ad
1614 4281 1923 4345 unionem
1950 4281 2019 4343 in
2044 4298 2315 4363 persona

772 4396 836 4457 et
858 4392 1214 4476 supposito;
1237 4390 1379 4454 ideo
1404 4406 1539 4454 non
1566 4389 1877 4471 sequitur,
1900 4388 2074 4471 quod
2094 4407 2317 4472 quam-

771 4500 871 4563 vis
913 4501 995 4564 sit
1040 4497 1546 4582 simplicissima,
1578 4496 1751 4580 quod
1788 4501 1922 4562 tota
1964 4496 2044 4561 sit
2087 4497 2311 4577 unita,

772 4608 1123 4673 secundum
1152 4606 1323 4690 quod
1353 4609 1559 4672 totum
1588 4605 1910 4671 distribuit
1940 4623 2057 4688 pro
2097 4623 2315 4689 perso-

772 4717 873 4779 nis
920 4739 937 4780 :
987 4715 1159 4780 unde
1203 4732 1336 4779 non
1375 4712 1548 4779 valet
1593 4730 1926 4797 processus
1972 4713 2079 4778 ille
2098 4762 2117 4794 ,
2163 4713 2318 4796 quia

773 4822 1136 4906 proceditur
1165 4840 1206 4885 a
1247 4819 1647 4903 simplicitate
1686 4822 1938 4885 naturas
1976 4820 2056 4885 ad
2097 4839 2315 4904 perso-

773 4947 1010 4993 narum
1037 4928 1484 5012 pluralitatem.

854 5040 915 5100 4.
951 5036 1048 5101 Ad
1093 5036 1252 5101 illud
1291 5036 1465 5118 quod
1502 5036 1824 5118 objicitur,
1867 5037 2041 5119 quod
2083 5042 2318 5104 natura

777 5148 870 5206 est
911 5141 1067 5206 illud
1084 5189 1101 5221 ,
1134 5143 1207 5205 in
1251 5160 1381 5224 quo
1425 5159 1712 5223 personae
1744 5143 2087 5224 uniuntur,
2120 5162 2312 5226 ergo,

775 5250 914 5332 ipsa
938 5248 1150 5327 unita,
1180 5252 1310 5312 tres
1349 5266 1636 5330 personae
1664 5249 2020 5331 uniuntur,
2049 5256 2145 5330 et,
2178 5252 2319 5336 ipsa

775 5358 1139 5420 assumente
1153 5402 1173 5433 ‚
1202 5359 1577 5433 assumunt3
1608 5356 1949 5422 dicendum
1975 5359 2148 5440 quod
2186 5377 2317 5424 non

775 5473 798 5522 2
839 5483 857 5519 ¹
874 5479 1127 5546 Ansam„
1148 5480 1209 5531 de
1228 5483 1448 5534 Proceu.
1472 5482 1655 5547 Spirit.
1678 5484 1860 5547 sancti,
1886 5499 1935 5534 c.
1960 5496 2087 5550 xvu,
2108 5485 2176 5537 al.
2203 5490 2318 5548 xv1q'

1823 486 2447 557 SENTENTIARHM
2483 487 2637 555 LlB.
2678 487 2790 556 111.

2404 625 2714 708 sequitur.
2760 624 3028 703 Quando
3089 625 3266 690 enim
3335 625 3567 691 dicitur
3623 626 3797 710 quod
3860 626 3944 691 ad

2409 732 2715 797 unionem
2741 733 2882 815 ejus
2900 779 2916 808 ‚
2947 731 3016 796 in
3054 750 3183 815 quo
3233 733 3419 817 plura
3456 731 3811 812 uniuntur,
3842 750 3940 796 se-

2406 838 2626 920 quitur
2645 838 2804 903 unio
2832 838 3116 916 illorum,
3136 839 3260 904 hoc
3286 857 3519 905 verum
3544 842 3661 918 est,
3691 838 3944 922 quando

2407 947 2725 1011 uniuntur
2749 948 3102 1012 secundum
3134 946 3291 1012 illud
3311 996 3329 1026 ‚
3357 950 3424 1012 et
3459 948 3531 1011 in
3564 965 3641 1011 eo
3660 994 3678 1025 ‚
3715 946 3784 1010 in
3818 964 3948 1029 quo

2406 1054 2532 1119 alia
2570 1055 2888 1118 uniuntur
2914 1056 2980 1118 in
3013 1072 3125 1134 eo,
3155 1055 3321 1120 sicut
3345 1060 3440 1119 est
3467 1055 3537 1118 in
3573 1059 3811 1138 puncto
3833 1102 3852 1134 ,
3880 1054 3948 1119 in

2409 1184 2540 1248 quo
2564 1165 2753 1230 lineae
2779 1166 3102 1231 uniuntur
3129 1169 3440 1250 tanquam
3466 1166 3538 1230 in
3566 1167 3862 1246 termino,
3889 1171 3951 1231 et

2408 1274 2541 1355 ipse
2569 1277 2844 1354 punctus
2887 1276 2959 1338 ut
2989 1273 3305 1338 terminus
3338 1277 3546 1356 potest
3578 1272 3688 1338 alii
3730 1272 3901 1338 uniri
3930 1292 3947 1337 ι

2409 1379 2699 1444 similiter
2741 1383 2806 1444 et
2846 1380 2918 1444 in
2963 1381 3200 1458 anima,
3243 1384 3307 1445 et
3346 1381 3418 1443 in
3459 1380 3595 1445 suis
3632 1380 3948 1464 potentiis.

2410 1485 2553 1551 Non
2594 1487 2685 1551 sic
2724 1492 2938 1552 autem
2985 1494 3081 1552 est
3127 1490 3195 1553 in
3241 1489 3565 1573 proposito
3587 1538 3605 1570 ,
3635 1489 3792 1572 quia
3832 1487 3953 1554 illae

2409 1610 2697 1676 personae
2748 1595 3066 1660 uniuntur
3116 1596 3183 1660 in
3233 1600 3468 1660 natura
3512 1599 3833 1678 quantum
3878 1596 3953 1660 ad

2409 1702 2722 1766 unitatem
2766 1703 3124 1768 naturalem
3146 1755 3164 1780 ‚
3196 1704 3331 1768 sive
3369 1704 3770 1768 essentialem
3802 1727 3817 1768 ε
3850 1703 3955 1769 sed

2410 1807 2629 1874 divina
2654 1813 2885 1874 natura
2913 1829 3046 1876 non
3079 1811 3305 1875 unitur
3328 1811 3635 1876 humanae
3664 1811 3734 1875 in
3764 1828 3954 1875 unam

2410 1917 2750 1981 essentiam
2770 1967 2788 1997 ‚
2820 1917 2929 1982 sed
2960 1918 3184 1983 unitur
3223 1918 3291 1981 in
3318 1918 3630 1984 unitatem
3658 1919 3955 2002 hyposta-

2411 2024 2529 2103 sis,
2575 2026 2645 2088 in
2680 2044 2812 2108 qua
2848 2026 3110 2109 quidem
3151 2026 3514 2110 hypostasis
3539 2028 3787 2091 unitate
3819 2027 3953 2090 aliae

2412 2149 2701 2213 personae
2731 2134 2939 2214 magis
2963 2133 3477 2215 distinguuntur,
3503 2153 3707 2217 quam
3732 2153 3952 2201 convc-

2412 2238 2613 2302 niant.
2653 2238 2727 2302 Et
2752 2239 2951 2322 hujus
2986 2240 3355 2325 exemplum
3394 2241 3621 2306 haberi
3648 2245 3853 2325 potest
3889 2243 3951 2305 in
4034 2272 4128 2315 sm

2414 2346 2669 2411 aeternis
2694 2348 3047 2412 rationibus
3072 2349 3428 2413 secundum
3455 2368 3618 2433 quas
3641 2349 3806 2413 Deus
3821 2369 3952 2433 pro-
3977 2336 4093 2393 ΡΜ·

2413 2454 2610 2532 ducit,
2641 2473 2792 2537 quae
2815 2453 3076 2538 quidem
3098 2473 3323 2521 omnes
3351 2475 3561 2521 unum
3595 2456 3844 2521 suntin
3869 2475 3954 2522 es-

2416 2564 2620 2629 sentia
2646 2563 2756 2629 Dei
2795 2567 2859 2628 et
2898 2564 3250 2629 substantia
3281 2587 3296 2629 :
3327 2582 3462 2629 non
3490 2568 3710 2629 tamen
3745 2565 3951 2648 sequi·

2413 2676 2519 2736 tur
2536 2720 2555 2750 ‚
2598 2671 2771 2754 quod
2811 2672 2865 2735 si
2910 2670 3079 2736 Deus
3125 2671 3274 2736 facit
3316 2671 3557 2756 aliquid
3606 2672 3953 2737 secundum

2412 2780 2726 2844 rationem
2773 2797 2975 2845 unam
2988 2827 3009 2859 ‚
3056 2780 3227 2862 quod
3276 2779 3633 2845 secundum
3678 2780 3854 2845 illam
3898 2785 3957 2844 et

2414 2887 2707 2951 eamdem
2733 2887 2918 2952 faciat
2945 2887 3164 2951 omnia
3187 2886 3333 2951 alia.
3381 2886 3559 2951 Unde
3607 2888 3777 2951 idem
3814 2892 3957 2954 sunt

2416 2994 2558 3058 idea
2576 2994 2880 3074 hominiS‚
2900 2998 2964 3059 et
2991 2994 3134 3060 idea
3160 2995 3321 3059 asini
3343 2994 3412 3058 in
3436 2995 3658 3061 divina
3679 2995 3956 3060 substan·

2417 3101 2549 3165 tia:
2581 3119 2732 3167 cum
2760 3105 2973 3168 tamen
3004 3102 3225 3168 divina
3263 3101 3623 3167 substantia
3658 3102 3806 3168 facit
3839 3102 3958 3167 asi-

2415 3226 2603 3287 num,
2636 3226 2769 3273 non
2797 3209 2950 3274 facit
2977 3209 3166 3275 illum
3206 3210 3558 3274 secundum
3601 3210 3812 3275 ideam
3850 3209 3956 3274 ho·

2417 3317 2611 3380 minis
2637 3365 2655 3396 ,
2705 3317 2814 3381 sed
2864 3318 3218 3383 secundum
3272 3318 3481 3381 ideam
3527 3318 3716 3381 asini.
3776 3314 3955 3382 Aliud

2416 3426 2609 3488 etiam
2636 3426 3005 3508 exemplum
3035 3425 3213 3509 ponit
3247 3425 3593 3490 Anselmus
3615 3428 3631 3460 ¹
3663 3426 3733 3488 in
3758 3425 3953 3501 fonte,

2416 3533 2581 3620 rivo.
2611 3537 2675 3597 et
2697 3534 2865 3613 lacu,
2883 3534 2996 3616 qui
3025 3537 3176 3598 sunt
3198 3533 3394 3598 unius
3416 3536 3692 3612 naturae,
3714 3537 3778 3597 et
3800 3548 3957 3596 unus

2415 3640 2561 3705 fluit
2585 3641 2666 3705 ab
2693 3640 2840 3705 ali0.
2887 3640 3065 3704 Unde
3100 3639 3284 3705 Nilus
3309 3640 3541 3704 dicitur
3566 3640 3748 3720 fons,
3776 3643 3839 3703 et
3867 3636 3956 3701 di-

2418 3748 2585 3812 citur
2626 3749 2834 3827 rivus,
2882 3750 2946 3812 et
2988 3747 3223 3812 dicitur
3271 3747 3450 3810 lacus
3498 3768 3514 3809 ε
3561 3750 3629 3811 et
3667 3764 3837 3810 unus
3871 3747 3958 3809 est

2417 3855 2627 3935 Nilus,
2673 3860 2737 3920 et
2775 3874 2908 3921 una
2953 3859 3048 3919 est
3088 3873 3295 3938 aqua,
3341 3859 3406 3919 et
3448 3856 3647 3919 unius
3696 3859 3954 3930 naturae,

2419 3962 2719 4045 quamvis
2748 3981 2882 4026 non
2910 3962 2992 4026 sit
3032 3981 3205 4027 unus
3230 3962 3371 4027 fons
3389 4011 3409 4040 ‚
3455 3967 3520 4026 et
3546 3980 3721 4026 unus
3749 3961 3953 4036 rivuS‚

2420 4074 2482 4133 et
2507 4087 2679 4133 unus
2705 4069 2904 4133 lacus.
2937 4068 3014 4133 Et
3045 4069 3359 4151 contingit
3385 4067 3603 4133 Nilum
3646 4069 3834 4134 etiam
3863 4067 3958 4130 in-

2420 4177 2689 4240 fistulari
2717 4181 2790 4241 ut
2814 4178 2998 4241 rivus
3025 4182 3156 4256 est,
3183 4196 3316 4241 non
3354 4183 3426 4241 ut
3452 4177 3627 4257 som,
3659 4196 3865 4261 neque
3889 4177 3959 4239 ut

2420 4283 2597 4347 lacus
2624 4288 2728 4348 :et
2756 4284 2878 4347 hoc
2904 4288 3020 4363 est,
3050 4284 3204 4367 quia
3225 4285 3523 4367 quamvis
3550 4285 3773 4350 eadem
3800 4300 3957 4366 aqua

2419 4393 2631 4476 primo
2659 4393 2833 4456 sitin
2859 4393 3060 4470 fonte,
3098 4396 3317 4475 postea
3344 4392 3415 4456 in
3448 4394 3625 4471 rivo,
3657 4396 3869 4476 postea
3892 4390 3955 4453 in

2420 4500 2567 4564 lacu
2582 4549 2602 4579 ,
2651 4500 2977 4566 diversum
3032 4504 3249 4564 tamen
3300 4500 3494 4565 habet
3538 4499 3805 4564 modum
3860 4513 3950 4560 ω-

2422 4607 2626 4673 sendi.
2658 4608 2732 4672 ln
2757 4607 2913 4673 ideis
2935 4611 3152 4673 autem
3180 4612 3277 4672 est
3301 4607 3651 4673 multitudo
3676 4606 3952 4688 respectu

2422 4718 2911 4781 connotatorum
2943 4719 3044 4779 :et
3069 4715 3213 4779 haec
3239 4713 3368 4779 duo
3394 4714 3467 4778 in
3495 4713 3732 4779 divinis
3757 4725 3953 4794 perso-

2422 4825 2526 4890 nis
2583 4827 2950 4907 ponuntur,
2999 4822 3295 4888 videlicet
3345 4821 3672 4905 pluralitas
3716 4834 3949 4900 roepec·

2424 4935 2636 5008 tuum,
2656 4936 2721 4995 et
2742 4930 3061 4996 distinctio
3090 4929 3431 4994 modorum
3460 4927 3709 4993 essendi
3736 4925 3816 4989 ab
3836 4920 3950 4987 alio

2423 5043 2487 5103 et
2512 5056 2642 5103 non
2670 5040 2753 5102 ab
2782 5037 2930 5104 alio.
2961 5036 3041 5102 Et
3065 5037 3154 5101 sic
3174 5039 3367 5120 patet,
3397 5035 3569 5119 quod
3596 5053 3730 5099 non
3755 5028 3948 5113 sequi·

2422 5150 2530 5209 tur
2562 5167 2577 5209 ε
2618 5168 2650 5205 α
2676 5145 2903 5211 Divina
2928 5149 3158 5209 natura
3185 5143 3528 5225 assumpsit
3556 5163 3572 5205 ε
3607 5158 3765 5222 ergo
3788 5152 3948 5222 quae-

2423 5253 2575 5317 libet
2620 5271 2892 5336 persona
2929 5252 3297 5336 assumpsit,
3341 5274 3372 5312 n
3409 5253 3669 5335 propter
3706 5244 3946 5312 relatio-

2423 5376 2570 5424 nem
2599 5359 3029 5424 intrinsecam.
3518 5362 3522 5366 ⁴

2509 5470 2569 5531 5.
2616 5465 2710 5531 Ad
2752 5465 2911 5531 illud
2958 5465 3127 5547 quod
3178 5465 3557 5549 opponitur,
3605 5462 3776 5547 quod
3816 5459 3944 5523 haec
