4185 6288
788 427 906 491 306

791 569 884 628 est
910 564 1052 642 Βοὴ
1078 560 1293 624 Glossa
1323 582 1339 625 ε
1375 582 1408 620 α
1428 558 1608 625 Ratio
1629 560 1999 624 substantiae
2023 562 2168 642 ejus
2185 559 2335 623 latet

791 686 1048 733 omnem
1087 672 1443 732 creaturam
1477 689 1492 730 ι
1539 689 1569 726 n
1620 670 1685 732 et
1727 668 1850 732 hoc
1897 667 2090 731 modo
2133 670 2339 750 potest

789 775 913 838 dici
936 773 1209 840 Trinitas
1233 775 1354 839 sibi
1384 775 1498 839 soli
1528 779 1679 839 nota
1705 794 1861 840 esse,
1888 774 2123 852 Quinto
2145 772 2334 838 modo

787 881 879 945 sic
915 904 929 946 :
962 880 1163 946 Nemo
1203 882 1314 947 Dei
1361 883 1779 948 substantiam
1830 883 2044 963 novit,
2072 881 2177 947 vel
2219 880 2337 944 ali-

785 988 941 1071 quid
971 990 1114 1067 tale,
1151 990 1305 1072 quia
1331 1008 1464 1055 non
1493 991 1639 1055 facit
1662 1008 1870 1055 nosse.
1906 989 2248 1056 Matthoeus
2266 988 2285 1024 ¹
2303 1006 2327 1048 ··

789 1095 878 1158 De
904 1094 1012 1160 die
1040 1102 1256 1162 autem
1277 1097 1416 1169 illa,
1440 1105 1501 1165 et
1527 1098 1685 1165 hora
1702 1114 1881 1164 nemo
1904 1101 2107 1178 novit,
2138 1113 2336 1180 neque

789 1203 1078 1285 anqelus,
1104 1207 1221 1268 etc.
1255 1204 1431 1269 Sicut
1459 1206 1644 1271 fovea
1680 1224 1848 1270 caeca
1889 1205 2142 1284 dicitur,
2185 1205 2338 1287 quia

790 1327 923 1374 non
952 1311 1309 1376 manifestat
1335 1313 1508 1394 quod
1530 1313 1724 1378 habet
1751 1315 1821 1378 in
1843 1332 1934 1378 se.
1965 1312 2044 1377 Et
2071 1314 2163 1376 sic
2188 1311 2338 1377 dicit

791 1417 1298 1502 Chrysostomus,
1324 1421 1496 1502 quod
1522 1422 1737 1502 angeli
1773 1441 1908 1487 non
1934 1421 2155 1486 vident
2181 1420 2337 1502 quid

792 1524 874 1588 sit
900 1525 1084 1590 Deus,

873 1638 905 1696 1
955 1637 1018 1697 et
1072 1638 1134 1698 Ξ.
1182 1634 1257 1699 Et
1298 1636 1388 1700 sic
1439 1641 1656 1719 patent
1712 1635 1858 1701 duae
1907 1637 2333 1713 auctoritates,

793 1741 948 1824 quia
992 1741 1198 1824 prima
1237 1745 1437 1807 currit
1470 1744 1825 1809 secundum
1866 1745 2153 1827 primum
2197 1762 2339 1808 mo-

693 1919 702 1930 ,
792 1848 973 1929 dum,
1025 1854 1087 1913 et
1136 1852 1412 1915 secunda
1452 1853 1808 1917 secundum
1852 1857 2155 1937 quartum
2196 1871 2338 1918 mo-

792 1955 970 2035 dum,
999 1956 1101 2020 vel
1127 1957 1451 2039 quintum.
1884 1938 1892 1948 ’

874 2068 912 2126 3
961 2066 1024 2127 et
1049 2069 1110 2126 4.
1142 2065 1241 2128 Ad
1265 2065 1423 2129 illud
1448 2065 1622 2148 quod
1647 2067 1971 2148 objicitur,
1992 2069 2165 2150 quod
2192 2071 2336 2133 tan-

795 2175 935 2235 tum
952 2170 1140 2236 distat
1161 2173 1419 2236 finitum
1437 2173 1517 2236 ab
1535 2173 1811 2251 infinito,
1831 2178 1977 2254 etc.,
1998 2175 2338 2242 dicendum

795 2279 967 2362 quod
1032 2278 1325 2343 distantia
1383 2280 1612 2344 dicitur
1672 2288 1892 2346 contra
1951 2286 2335 2350 convenien-

793 2389 951 2452 tiam
989 2410 1004 2452 ε
1037 2390 1479 2455 convenientia
1516 2395 1734 2455 autem
1775 2392 2105 2458 invenitur
2130 2395 2199 2459 in
2226 2399 2337 2461 tri-

794 2495 945 2577 plici
970 2496 1347 2574 differentia,
1375 2502 1691 2580 quantum
1727 2499 1806 2564 ad
1843 2518 2126 2582 praesens
2157 2505 2340 2568 suffi-

794 2602 899 2667 cit.
961 2603 1071 2668 Est
1124 2604 1298 2669 enim
1362 2605 1805 2669 convenientia
1867 2626 2340 2676 commensura-

795 2710 985 2775 tionis
1009 2759 1027 2788 ,
1078 2711 1213 2776 sive
1249 2711 1705 2793 adaequationis
1722 2761 1743 2792 ,
1793 2717 1857 2778 et
1899 2719 2341 2785 convenientia

794 2818 1289 2902 participationis
1311 2819 1587 2901 alicujus
1604 2823 1985 2903 communis,
2020 2828 2083 2889 et
2112 2844 2340 2892 eonve-

794 2925 1036 2990 nientia
1065 2925 1331 2990 ordinis,
1358 2925 1506 2990 Dico
1534 2944 1713 3007 ergo,
1744 2930 1918 3010 quod
1959 2931 2012 2993 si
2045 2931 2340 2999 distantia

798 3032 1046 3098 dicatur
1079 3049 1193 3114 per
1220 3031 1644 3114 privationem
1685 3035 2144 3102 convenientiae
2172 3040 2340 3105 adae-

796 3139 1116 3223 quationis
1140 3143 1204 3204 et
1227 3139 1746 3222 participationis,
1786 3142 2039 3207 infinita
2077 3150 2173 3212 est
2209 3148 2336 3212 dis·

797 3248 998 3312 tantia
1022 3247 1216 3312 creati
1247 3247 1329 3311 ad
1371 3249 1723 3312 increatum
1738 3297 1755 3326 ,
1798 3249 1964 3314 sicut
1998 3251 2231 3317 infiniti
2258 3255 2340 3319 ad

794 3356 1074 3419 finitum.
1106 3353 1173 3418 Si
1199 3373 1354 3420 vero
1374 3355 1620 3420 dicatur
1645 3357 1942 3423 distantia
1980 3378 2097 3442 per
2130 3362 2339 3444 priva-

794 3464 1035 3528 tionem
1055 3463 1519 3529 convenientiae
1537 3464 1798 3544 ordinis»,
1814 3466 2156 3532 dicendum
2168 3471 2340 3551 quod

793 3571 1024 3636 falsum
1066 3575 1192 3649 est,
1231 3572 1384 3655 quia
1412 3576 1722 3637 creaturae
1757 3573 2122 3641 immediate
2161 3580 2339 3643 ordi-

795 3682 1033 3743 nantur
1043 3679 1125 3743 ad
1143 3678 1344 3744 Deum
1365 3681 1528 3745 sicut
1549 3681 1629 3745 ad
1654 3681 2061 3765 principium,
2089 3689 2155 3748 et
2175 3686 2340 3751 sicut

795 3787 874 3850 ad
916 3788 1133 3867 finem,
1182 3789 1463 3853 maxime
1501 3793 1792 3854 creatura
1828 3791 2155 3856 rationalis
2204 3816 2218 3857 :
2258 3795 2340 3859 ad

795 3896 1146 3978 simplicem
1173 3900 1388 3969 autem
1415 3897 1773 3961 contuitum
1790 3899 2044 3980 sufficit,
2074 3903 2247 3984 quod
2260 3903 2342 3966 sit

795 4004 1241 4069 convenientia
1285 4005 1559 4084 ordinis;
1605 4007 1714 4070 sed
1772 4007 1852 4071 ad
1910 4010 2339 4090 cognitionem

795 4111 1376 4195 comprehensionis
1401 4111 1747 4194 requiritur
1778 4117 2219 4182 convenientia
2245 4137 2341 4184 se-

795 4219 1085 4283 cundum
1125 4218 1471 4301 quamdam
1510 4218 1962 4300 aequalitatem,
2006 4222 2141 4288 sive
2176 4226 2341 4291 adae-

798 4326 1191 4408 quationem.
1236 4325 1313 4389 Et
1347 4325 1489 4390 ideo
1528 4343 1660 4389 non
1707 4328 2017 4409 sequitur,
2071 4332 2244 4412 quod
2287 4334 2340 4396 si

799 4433 1016 4498 anima
1041 4435 1250 4498 creata
1275 4451 1408 4499 non
1446 4433 1643 4516 possit
1675 4435 2210 4516 comprehendere
2236 4441 2337 4503 in-

799 4541 1112 4605 finitatem
1128 4589 1146 4620 ‚
1177 4541 1347 4623 quod
1382 4558 1516 4605 non
1560 4539 1755 4622 possit
1794 4540 2030 4608 intueri
2075 4545 2341 4612 luminis

798 4651 1060 4716 fontem.
1084 4649 1159 4714 Et
1180 4669 1294 4732 per
1305 4650 1427 4715 hoc
1446 4654 1616 4733 patet
1638 4671 1911 4735 sequens
1937 4672 1953 4716 t
1974 4656 2149 4737 quod
2168 4658 2340 4723 enim

801 4758 969 4838 dicit,
1000 4758 1171 4840 quod
1196 4758 1278 4822 ad
1314 4757 1749 4840 cognitionem
1787 4761 2137 4844 requiritur
2177 4766 2339 4829 assi-

799 4866 1040 4930 milatio
1061 4913 1079 4945 ,
1128 4864 1465 4930 dicendum
1515 4868 1687 4948 quod
1721 4886 1855 4932 non
1890 4873 2137 4952 oportet
2169 4873 2340 4955 quod

778 4973 882 5051 2sit
929 4975 1297 5040 assimilatio
1335 4974 1405 5037 in
1443 4978 1675 5039 natura
1700 4975 1885 5040 tertia
1903 5025 1920 5057 ,
1964 4978 2073 5043 sed
2110 4979 2344 5043 sufficit

801 5085 974 5164 quod
1021 5103 1233 5149 unum
1282 5082 1364 5147 sit
1411 5083 1757 5149 similitudo
1826 5086 2085 5152 alterius
2103 5136 2122 5167 ,
2179 5088 2343 5152 sicut

801 5189 1008 5270 primo
1033 5190 1196 5255 libro
1223 5190 1245 5225 ¹
1266 5189 1383 5253 fuit
1407 5190 1921 5256 determinatum.

883 5299 941 5360 5.
991 5296 1089 5361 Ad
1122 5295 1280 5360 illud
1323 5297 1494 5379 quod
1525 5297 1843 5380 objicitur,
1889 5300 2062 5382 quod
2098 5301 2341 5366 excedit

867 5424 887 5459 ¹
909 5422 1114 5485 Matth„
1135 5434 1280 5487 xxrv,
1302 5425 1379 5474 36.
1399 5395 1638 5478 -ῐῦίιῑ,
1670 5437 1707 5489 1,
1738 5437 1798 5476 111
1828 5429 1879 5476 et
1904 5438 2026 5479 xxv.
2042 5453 2106 5468 -
2121 5428 2144 5462 ⁸
2159 5427 2337 5493 Arist„

1872 418 2496 492 SENTENTIARUM
2532 379 2684 488 us.
2730 424 2839 490 111.

2442 560 2705 624 oculum
2728 562 2951 625 lumen
2977 561 3159 641 illud,
3184 561 3526 626 dicendum
3554 561 3723 644 quod
3751 564 3848 626 est
3872 579 3977 626 ex-

2442 666 2728 730 cellentia
2754 683 3171 748 conservans,
3216 672 3282 732 et
3326 672 3420 733 est
3455 668 3826 733 excellentia
3850 687 3984 733 cor-

2442 791 2775 857 rumpens.
2804 774 3192 839 Excellentia
3222 793 3604 840 conservans
3641 780 3737 840 est
3765 776 3833 840 in
3861 776 3982 859 spi·

2443 882 2777 947 ritualibus
2798 931 2816 960 ,
2898 884 3008 947 sed
3102 901 3520 965 corrumpens
3589 884 3659 946 in
3728 883 3983 965 objectis

2444 990 2877 1071 corporalibus
2917 1012 2933 1054 ε
2971 993 3035 1054 et
3062 991 3226 1054 ratio
3270 990 3468 1072 hujus
3495 991 3565 1052 in
3591 991 3799 1072 primo
3827 990 3984 1053 libro

2443 1101 2538 1160 est
2565 1097 2809 1162 reddita
2834 1102 2897 1161 et
2923 1117 2963 1161 a
2983 1102 3162 1180 parte
3189 1098 3441 1179 objecti,
3469 1100 3531 1161 et
3552 1116 3593 1161 a
3617 1102 3795 1180 parte
3816 1095 3982 1161 modi

2444 1204 3020 1286 comprehendendi
3053 1224 3070 1267 t
3104 1207 3169 1268 et
3192 1204 3333 1268 ideo
3359 1222 3491 1268 non
3515 1208 3609 1269 est
3633 1205 3869 1268 simile.

2524 1316 2584 1375 6.
2615 1312 2716 1376 Ad
2759 1313 2915 1376 illud
2946 1312 3117 1394 quod
3159 1312 3482 1395 objicitur,
3518 1312 3692 1395 quod
3730 1312 3985 1376 finitum

2442 1436 2574 1482 non
2606 1422 2809 1501 potest
2836 1437 3033 1501 supra
3059 1419 3408 1496 infinitum,
3439 1419 3781 1483 dicendum
3819 1420 3983 1504 quod

2444 1524 2661 1589 anima
2681 1525 2747 1589 in
2773 1525 3214 1606 cognoscendo
3239 1525 3441 1590 Deum
3472 1525 3615 1609 plus
3642 1531 3738 1591 est
3762 1528 3833 1591 in
3859 1546 3988 1592 sus-

2445 1631 2757 1714 cipiendo,
2786 1650 2984 1714 quam
3013 1632 3081 1694 in
3128 1633 3378 1713 agendo
3410 1655 3425 1694 :
3459 1633 3589 1697 imo
3618 1634 3829 1697 omnis
3878 1653 3988 1717 po-

2444 1739 2641 1804 tentia
2670 1740 2905 1803 animae
2934 1743 3222 1821 respectu
3262 1739 3375 1803 Dei
3420 1757 3488 1804 se
3532 1739 3723 1805 habet
3769 1741 3840 1804 in
3888 1761 3988 1806 ra-
4052 1794 4062 1806 .

2445 1844 2614 1909 tione
2641 1847 2883 1929 passivi
2914 1869 2929 1910 :
2958 1865 3076 1910 nec
3104 1845 3337 1910 dicitur
3358 1847 3638 1927 potentia
3663 1847 3985 1929 cognitiva

2445 1953 2673 2034 active,
2708 1973 2856 2036 quae
2912 1955 2990 2018 de
3040 1973 3159 2019 sua
3211 1954 3453 2018 ratione
3503 1953 3654 2018 dicit
3713 1955 3991 2037 quodam

2445 2064 2636 2127 modo
2685 2064 3070 2145 passionem,
3129 2062 3295 2125 sicut
3337 2062 3488 2125 dicit
3528 2062 3952 2146 Philosophus
3970 2063 3990 2098 ⁸

2444 2174 2508 2233 et
2535 2169 2916 2235 Priscianus,
2941 2169 3088 2234 Ideo
3107 2187 3259 2232 cum
3284 2168 3583 2251 intelligit
3606 2169 3835 2248 Deum,
3862 2190 3987 2235 non

2445 2276 2583 2357 agit
2608 2277 2828 2341 anima
2856 2277 2924 2340 in
2952 2276 3181 2355 Deum,
3212 2276 3323 2340 sed
3349 2275 3515 2339 Deus
3534 2276 3747 2341 influit
3768 2278 3841 2342 in
3865 2277 3992 2342 ani-

2446 2402 2657 2462 mam3
2697 2384 2766 2447 in
2807 2402 2935 2467 qua
2975 2383 3310 2448 influentia
3344 2382 3510 2446 Deus
3552 2384 3993 2450 condescendit

2445 2511 2561 2574 per
2586 2491 2885 2573 gratiam,
2918 2494 2983 2555 et
3024 2490 3241 2554 anima
3284 2488 3591 2569 elevatur,
3632 2495 3695 2555 et
3718 2491 3990 2558 efficitur

2446 2598 2791 2664 deiformis,
2823 2597 2903 2662 Et
2944 2598 3082 2680 ipsa
3107 2597 3494 2661 deiformitas
3529 2602 3625 2661 est
3665 2599 3990 2681 dispositio

2444 2709 2714 2774 reddens
2744 2707 3005 2772 oculum
3032 2707 3267 2770 animae
3284 2710 3508 2788 aptum
3538 2706 3617 2770 ad
3645 2706 3994 2772 videndum

2446 2818 2671 2896 Deum,
2692 2836 2826 2882 non
2845 2817 2997 2900 quia
3009 2815 3156 2880 facit
3173 2816 3778 2898 proportionabilem
3797 2834 3994 2899 quan-

2443 2925 2711 3003 titatem,
2738 2924 2891 3006 quia
2915 2940 3165 3005 semper
3210 2921 3368 2986 illud
3400 2922 3622 2986 lumen
3649 2924 3902 2987 excedit
3926 2924 3995 2986 in

2445 3032 2771 3096 infinitum
2788 3081 2806 3111 ,
2855 3031 2964 3096 sed
3007 3031 3162 3113 quia
3195 3031 3343 3094 facit
3390 3032 3996 3113 proportionabilem

2445 3142 2818 3224 qualitatem
2854 3157 2871 3202 ε
2901 3139 3055 3222 quia
3082 3138 3271 3204 datur
3297 3138 3424 3223 ipsi
3457 3140 3694 3204 animae
3722 3140 3993 3225 aliquid,

2444 3255 2662 3333 utpote
2688 3248 3061 3326 similitudO,
3089 3247 3262 3329 quod
3279 3267 3430 3312 cum
3458 3248 3663 3331 ipsam
3682 3250 3994 3332 animam,

2445 3364 2510 3422 et
2535 3358 2923 3422 intellectum
2953 3356 3186 3421 animae
3207 3403 3224 3433 ,
3269 3374 3420 3420 cum
3454 3356 3578 3421 Deo
3624 3357 3773 3421 facit
3818 3359 3997 3422 simi-

2443 3466 2595 3545 lem,
2621 3465 2827 3530 reddit
2849 3468 2914 3528 et
2939 3463 3425 3545 intelligentem.
3443 3463 3522 3528 Et
3544 3464 3685 3528 situ
3701 3465 3990 3548 objicias,

2446 3573 2618 3655 quod
2642 3573 2792 3637 licet
2815 3573 2979 3637 visio
3019 3576 3083 3636 et
3132 3572 3412 3653 cognitio
3463 3572 3721 3654 incipiat
3763 3591 3806 3636 a
3858 3589 4002 3655 pas·

2446 3682 2649 3759 sione,
2678 3682 3032 3765 completur
3056 3684 3277 3745 tamen
3315 3681 3386 3744 in
3420 3680 3694 3759 actione,
3730 3699 3886 3745 cum
3920 3680 4002 3744 ad

2446 3789 2758 3854 visionem
2796 3788 2926 3854 duo
2963 3794 3380 3868 concurrant,
3425 3789 3696 3873 receptio
3729 3795 3794 3853 et
3820 3789 4002 3871 judi-

2445 3897 2654 3976 cium;
2686 3898 2762 3961 in
2787 3897 2975 3961 illum
3001 3901 3219 3961 autem
3245 3898 3483 3962 fontem
3518 3897 3784 3962 luminis
3818 3897 4004 3962 nulla

2445 4008 2650 4086 potest
2675 4008 2967 4069 creatura
2999 4024 3213 4086 agere,
3246 4005 3555 4087 quoniam
3582 4006 3717 4087 ipse
3747 4024 3788 4068 a
3816 4006 4003 4071 nullo

2446 4116 2650 4194 potest
2673 4112 2803 4195 pati
2834 4134 2850 4176 ε
2883 4109 3173 4178 similiter
3198 4112 3276 4177 de
3308 4112 3416 4177 illo
3442 4114 3613 4177 fonte
3641 4113 3912 4178 luminis
3939 4118 4004 4178 et

2444 4221 2708 4285 veritate
2726 4239 2983 4285 summa
3004 4220 3219 4285 nullus
3253 4224 3458 4302 potest
3488 4220 3801 4302 judicare,
3834 4224 4006 4288 sicut

2446 4328 2596 4392 dicit
2616 4329 3043 4410 AugustinuS,
3074 4328 3151 4394 de
3184 4328 3346 4394 Vera
3374 4328 3725 4410 Relim'one,
3757 4335 3825 4393 et
3863 4331 4006 4414 ipsa

2446 4435 2606 4499 ratio
2634 4435 2857 4515 dictar,
2893 4455 3041 4501 cum
3061 4436 3358 4517 judicans
3382 4436 3594 4519 aliquo
3614 4437 3806 4501 modo
3838 4456 4007 4521 prae-

2445 4544 2644 4608 sideat
2659 4544 2972 4625 J'udicato,
3002 4544 3180 4608 nullo
3201 4544 3389 4608 modo
3416 4544 3670 4608 videtur
3692 4544 4007 4609 sustineri

2446 4671 2661 4735 posse,
2714 4653 2887 4735 quod
2934 4652 3154 4717 anima
3189 4652 3448 4729 Christi,
3476 4653 3581 4717 vel
3613 4653 3738 4716 alia
3780 4654 4008 4717 anima

2446 4760 2631 4825 beata
2655 4761 2981 4826 intueatur
3007 4762 3221 4844 ipsum
3261 4762 3521 4843 superni
3553 4761 3823 4826 luminis
3860 4762 4008 4827 fon-

2445 4874 2617 4934 tem:
2644 4871 2724 4935 ad
2753 4871 2877 4935 hoc
2919 4870 3436 4953 respondendum
3483 4874 3606 4950 est,
3655 4871 3836 4953 quod
3884 4869 4007 4935 etsi

2447 4977 2529 5042 ad
2579 4979 3028 5061 perfectionem
3079 4978 3463 5059 cognitionis
3524 4977 3745 5060 aliquo
3804 4978 4009 5044 modo

2448 5090 2784 5152 concurrat
2808 5105 2940 5151 non
2968 5086 3179 5151 solum
3204 5085 3434 5169 passio,
3460 5085 3567 5150 sed
3588 5086 3782 5149 etiam
3809 5086 4005 5164 actio;

2448 5212 2580 5259 non
2601 5197 2818 5260 tamen
2845 5194 3162 5259 concurrit
3197 5194 3360 5257 actio
3377 5242 3394 5272 ,
3437 5211 3586 5276 quae
3625 5194 3894 5277 quidem
3936 5196 4013 5258 fit

2448 5359 2690 5424 Metaph„
2722 5360 2810 5410 lib.
2838 5361 2898 5414 V,
2930 5362 3067 5410 cont.
3099 5360 3156 5408 ¹7
3166 5374 3184 5421 3
3214 5357 3274 5407 de
3300 5360 3507 5423 Anima,
3536 5363 3674 5409 cont.
3719 5362 3777 5410 ¹2
3808 5362 3865 5410 et
3893 5363 3958 5411 28
3992 5373 4006 5411 2

2452 5446 2481 5480 «
2507 5432 2789 5496 intelligere
2817 5433 2895 5481 est
2917 5429 3178 5494 quoddam
3200 5428 3324 5492 pati.
3352 5446 3381 5476 ι)
