4185 6288
680 410 800 476 “2
1794 409 2420 480 SENTENTIARUM
2457 412 2606 479 LIB.
2651 411 2761 477 111.

680 547 1041 641 eorrumpi,
1073 568 1194 617 nec
1220 548 1468 618 mutari
1492 548 1802 642 potuerit.
1851 547 1982 619 Sed
2024 546 2357 641 quidquid
2393 546 2637 619 horum
2658 569 2891 641 passus
2918 556 3039 638 est,
3070 551 3142 619 in
3168 573 3365 622 carne
3404 573 3636 645 passus
3667 560 3790 624 est.
3835 577 3874 619 ι

681 666 780 735 De
805 665 929 735 hoc
954 664 1152 735 etiam
1180 665 1575 736 Ambrosius
1599 666 1669 735 in
1695 666 1867 735 libro
1895 665 1977 736 de
2013 665 2513 735 lucar-nationis
2553 665 2924 738 Dominicoe
2946 669 3385 738 Sam-amento
3409 670 3515 739 ait
3567 694 3586 737 ε
3627 696 3662 734 ι
3686 669 3884 753 Quod

686 783 891 853 Verbi
949 803 1099 852 caro
1142 784 1517 877 patiebatur
1537 837 1556 871 ,
1616 807 1891 853 manens
1933 784 2004 852 in
2051 805 2248 853 carne
2294 783 2593 852 Verbum
2639 782 2714 852 in
2765 807 2833 853 se
2904 807 3023 877 pro
3092 787 3383 878 corporis
3434 787 3886 878 assumptione

686 899 1032 986 referebat,
1064 909 1140 967 ut
1165 900 1300 993 pati
1326 900 1676 987 diceretur,
1703 901 1863 992 quia
1888 922 2039 970 caro
2065 900 2461 993 patiebatur,
2490 900 2659 967 sicut
2685 900 3001 992 scriptum
3029 909 3125 970 est
3168 900 3193 936 ¹
3221 926 3238 969 ε
3277 902 3540 972 Christo
3573 904 3649 972 in
3684 926 3889 974 came

682 1038 906 1109 passo.
933 1040 972 1079 ι
997 1015 1121 1084 Hic
1144 1015 1441 1105 docetur,
1473 1041 1608 1110 qua
1634 1019 1885 1091 ratione
1913 1018 2092 1088 Deus
2119 1017 2225 1085 vel
2254 1016 2372 1086 Dei
2398 1015 2610 1085 Filius
2637 1039 2865 1109 passus
2905 1018 3008 1086 vel
3054 1026 3360 1088 mortuus
3400 1018 3644 1088 dicitur
3689 1045 3706 1089 :
3751 1042 3889 1090 non

692 1134 853 1225 quia
907 1141 1184 1203 mortem
1236 1136 1511 1203 senserit
1563 1136 1634 1203 in
1687 1143 2015 1227 quantum
2064 1134 2244 1202 Deus
2296 1143 2428 1220 ost,
2495 1133 2610 1202 sed
2679 1133 2839 1225 quia
2885 1155 3035 1203 caro
3084 1135 3147 1203 ei
3202 1135 3391 1205 unita
3445 1144 3711 1206 mortua
3765 1148 3881 1208 est.

696 1248 1077 1319 Secundum
1132 1273 1334 1343 quam
1388 1252 1711 1321 rationem
1763 1251 1921 1321 dicit
1961 1250 2384 1341 Augustinus
2427 1266 2451 1303 ⁸
2508 1275 2525 1318 z
2585 1275 2623 1315 α
2668 1249 2745 1318 Si
2787 1250 2941 1342 quis
2986 1250 3230 1319 dixerit
3283 1261 3482 1344 atque
3536 1253 3891 1323 crediderit

695 1367 944 1437 Filium
989 1366 1109 1436 Dei
1154 1368 1366 1437 Deum
1406 1391 1702 1460 passum,
1746 1368 2098 1437 anathema
2141 1367 2250 1435 sit.
2296 1392 2333 1432 n
2382 1366 2590 1459 Cujus
2625 1366 2784 1435 dicti
2828 1389 3092 1435 causam
3137 1391 3219 1436 ex
3258 1392 3393 1460 qua
3442 1368 3889 1460 intelligentia

697 1483 1018 1552 sumenda
1042 1483 1152 1571 sit,
1182 1483 1481 1576 aperiens
1504 1484 1579 1553 in
1623 1484 1853 1554 eodem
1897 1484 2122 1553 subdit
2165 1508 2183 1551 ε
2232 1509 2269 1549 α
2314 1481 2389 1552 Si
2425 1483 2580 1575 quis
2623 1482 2865 1552 dixerit
2910 1484 3090 1575 quod
3135 1484 3209 1553 in
3246 1485 3543 1578 passione
3582 1485 3886 1556 dolorem

698 1598 1014 1669 sentiebat
1040 1599 1253 1669 Filius
1275 1600 1395 1669 Dei
1420 1600 1617 1687 Deus,
1647 1610 1713 1670 et
1736 1622 1872 1670 non
1899 1623 2052 1669 caro
2075 1608 2337 1669 tantum
2361 1621 2514 1668 cum
2533 1599 2758 1668 anima
2775 1621 2978 1691 quam
2997 1599 3123 1668 sibi
3150 1608 3505 1693 acceperat,
3535 1602 3891 1673 anathema

697 1716 808 1783 sit.
853 1740 890 1781 »
943 1715 1117 1787 Sane
1154 1739 1311 1807 ergo
1351 1715 1481 1785 dici
1516 1724 1724 1808 potest
1766 1717 1944 1809 quod
1984 1725 2285 1786 mortuus
2322 1724 2422 1783 est
2456 1715 2669 1802 Deus,
2712 1724 2780 1785 et
2816 1737 2954 1784 non
3006 1724 3332 1802 mortuus,
3382 1741 3613 1809 passus
3641 1727 3740 1788 est
3774 1718 3890 1787 Dei

697 1832 938 1919 Filius,
966 1840 1032 1901 et
1056 1855 1188 1901 non
1217 1856 1470 1925 passus,
1515 1856 1705 1925 passa
1740 1840 1838 1902 est
1871 1833 2072 1902 tertia
2104 1854 2423 1925 persona,
2463 1842 2528 1901 et
2568 1855 2704 1902 non
2746 1854 2958 1924 passa,
2990 1833 3384 1903 crucifixum
3431 1843 3529 1903 est
3552 1834 3884 1921 Verbum,

702 1958 768 2018 et
815 1971 952 2017 non
1001 1949 1419 2038 crucifixum,
1505 1949 1618 2017 sed
1674 1948 2035 2019 secundum
2085 1949 2361 2019 alteram
2399 1957 2706 2017 naturam
2748 1970 2977 2042 passus
3015 1955 3136 2035 est,
3193 1951 3558 2019 secundum
3611 1951 3888 2021 alteram

702 2065 1145 2159 impassibilis.
1171 2065 1364 2135 Unde
1391 2066 1781 2135 Ambrosius
1830 2071 1854 2107 ⁸
1886 2091 1904 2133 ε
1940 2092 1977 2134 «1
2005 2066 2343 2134 Generalis
2368 2065 2494 2134 ista
2519 2074 2617 2133 est
2644 2065 2808 2133 fidos
2834 2065 2995 2158 quia
3022 2065 3320 2136 Christus
3356 2075 3454 2136 est
3504 2067 3622 2137 Dei
3648 2068 3889 2156 Filius,

703 2192 770 2252 et
793 2191 989 2252 natus
1014 2205 1097 2251 ex
1120 2183 1424 2273 Virgine,
1455 2204 1655 2274 quem
1681 2183 1871 2275 quasi
1897 2183 2231 2272 gigantem
2257 2182 2586 2274 Propheta
2619 2181 2948 2266 describit,
3000 2204 3078 2250 eo
3122 2184 3303 2274 quod
3342 2184 3647 2253 biformis
3686 2184 3895 2275 gemi-

700 2321 938 2393 naeque
963 2308 1215 2370 naturae
1248 2322 1427 2369 unus
1470 2300 1586 2383 sit,
1635 2321 1901 2369 consors
1934 2299 2298 2367 divinitatis
2342 2307 2408 2367 et
2452 2299 2765 2390 eorporis.
2807 2298 2991 2367 Idem
3035 2320 3192 2389 ergo
3240 2301 3613 2392 patiebatur
3649 2309 3718 2370 et
3758 2324 3892 2370 non

701 2416 1096 2509 patiebatur,
1126 2416 1533 2487 moriebatur
1563 2425 1628 2485 et
1653 2438 1788 2485 non
1818 2415 2246 2502 moriebatur,
2275 2415 2716 2508 sepeliebatur
2743 2423 2807 2483 et
2833 2434 2969 2483 non
2996 2415 3457 2507 sepeliebatur,
3510 2418 3895 2507 resurgebat

703 2542 772 2602 et
792 2555 929 2603 non
954 2534 1359 2624 resurgebat.
1391 2533 1801 2622 Resurgebat
1825 2532 2186 2602 secundum
2214 2553 2480 2601 carnem
2504 2584 2523 2620 ,
2552 2552 2705 2624 quae
2748 2539 3013 2602 mortua
3046 2531 3297 2619 fuerat,
3349 2554 3486 2603 non
3529 2533 3896 2604 secundum

709 2648 1030 2739 Verbum,
1058 2650 1238 2743 quod
1265 2649 1443 2741 apud
1470 2650 1686 2720 Deum
1712 2671 1969 2742 semper
1995 2648 2324 2719 manebat.
2356 2673 2395 2714 s

1088 2926 1494 2993 EXPOSITIO
1534 2924 1866 2993 TEXTUS.

923 3106 1044 3157 Post
1065 3100 1312 3169 praedicta
1337 3098 1766 3153 considerandum
1792 3100 1899 3162 est,
1928 3099 2028 3150 etc.

785 3260 998 3343 Supra
1022 3257 1160 3339 egit
1184 3255 1487 3337 Magister
1508 3254 1587 3318 de
1614 3250 2038 3317 sacratissima
2067 3250 2249 3315 Chri·

707 3369 787 3433 sti
828 3367 1157 3451 passione3
1187 3364 1258 3428 in
1295 3363 1418 3428 hae
1455 3379 1611 3426 vero
1637 3364 1816 3443 parte
1843 3360 1981 3441 agit
2008 3359 2086 3424 de
2110 3375 2252 3441 pre·

702 3475 1044 3541 tiosissima
1071 3476 1215 3556 ejus
1243 3473 1472 3546 morte,
1503 3487 1652 3552 quae
1672 3468 1959 3533 consistit
1976 3468 2047 3531 in
2072 3485 2254 3549 sepa·

707 3584 951 3649 ratione
979 3580 1216 3666 animae
1241 3597 1281 3642 a
1303 3594 1515 3641 carne.
1547 3574 1864 3640 Dividitur
1890 3577 2108 3639 autem
2134 3574 2256 3637 ista

706 3710 857 3776 pars
874 3692 944 3754 in
960 3690 1141 3767 duas,
1159 3689 1229 3752 in
1246 3704 1529 3771 quarum
1547 3685 1760 3768 prima
1771 3684 2155 3749 determinat
2174 3682 2257 3748 de

708 3800 847 3883 ipm
871 3797 1304 3881 separatione;
1338 3794 1408 3857 in
1433 3791 1713 3857 secunda
1738 3791 1879 3873 agit
1920 3791 2000 3855 de
2030 3807 2257 3855 conse-

708 3907 1053 3992 quentibus
1076 3906 1283 3988 ipsam
1309 3901 1772 3985 separationem
1789 3949 1807 3979 ,
1838 3900 2003 3964 infra
2028 3901 2051 3936 ⁸
2086 3918 2103 3959 :
2131 3900 2256 3966 Hic

707 4017 1028 4100 quoeritur
1065 4019 1281 4079 utrum
1323 4012 1398 4077 in
1438 4009 1546 4075 illo
1592 4006 1849 4086 triduo,
1878 4011 1999 4070 etc.
2040 4005 2260 4071 Prima

709 4143 861 4209 pars
911 4121 1219 4188 dividitur
1267 4119 1336 4182 in
1384 4117 1543 4182 duas
1578 4118 1789 4199 partes
1810 4162 1830 4192 ,
1870 4113 1937 4177 in
1977 4131 2259 4196 quarum

712 4233 922 4317 prima
951 4230 1092 4312 agit
1114 4228 1192 4293 de
1219 4224 1615 4308 separatione
1649 4222 1883 4286 animae
1907 4239 1947 4284 a
1974 4239 2165 4285 carne
2188 4220 2260 4284 in

714 4337 1187 4423 comparatione
1230 4333 1311 4398 ad
1345 4331 1677 4409 deitatem3
1709 4330 1780 4392 in
1807 4327 2086 4392 secunda
2124 4328 2264 4409 agit

716 4447 797 4513 de
847 4444 1247 4529 separatione
1294 4440 1528 4505 animae
1578 4456 1619 4502 a
1670 4453 1860 4500 carne
1905 4435 2261 4500 secundum

718 4552 1259 4639 comparationem
1299 4547 1467 4612 hanc
1487 4596 1506 4626 ,
1548 4563 1745 4629 quam
1783 4544 2021 4607 habent
2050 4542 2133 4607 ad
2158 4543 2263 4606 in-

717 4665 952 4741 vicem,
977 4661 1069 4726 ibi
1101 4682 1118 4724 z
1149 4655 1494 4725 Decedente
1538 4668 1687 4719 vero
1727 4654 1977 4730 anima,
2012 4654 2266 4716 mortua

717 4777 810 4842 est
866 4770 1112 4837 christi
1153 4781 1323 4832 caro.
1381 4762 1598 4827 Prima
1639 4777 1790 4842 pars
1843 4758 2153 4823 dividitur
2195 4759 2265 4822 in

720 4882 881 4948 duas
899 4880 1131 4961 partes,
1143 4876 1214 4939 in
1229 4890 1510 4956 quarum
1530 4869 1740 4953 prima
1755 4867 2026 4950 inquirit
2042 4872 2267 4932 utrum

720 4990 787 5053 in
802 4989 1009 5052 morte
1025 4982 1245 5048 anima
1259 4981 1366 5046 vel
1394 4997 1542 5045 caro
1562 4979 1647 5043 sit
1668 4980 1957 5060 separata
1971 4995 2014 5040 a
2033 4973 2263 5057 Verbo,

722 5091 1154 5160 determinans
1169 5089 1505 5156 veritatem
1526 5108 1544 5163 ;
1570 5087 1641 5150 in
1659 5084 1938 5150 secunda
1953 5086 2134 5166 parte
2146 5081 2271 5147 hoc

725 5202 1062 5267 confirmat
1095 5215 1212 5282 per
1235 5196 1706 5272 auctoritatem,
1747 5192 1836 5255 ibi
1869 5214 1887 5256 ε
1922 5191 2106 5258 Sicut
2130 5191 2267 5257 Au·

727 5309 1028 5392 quartum
1066 5305 1246 5372 docet
1279 5319 1472 5386 super
1502 5305 1849 5376 loannem,
1888 5304 2006 5362 etc.
2058 5297 2273 5362 Prima

795 5436 813 5476 ⁸
843 5432 1042 5494 Ambra,
1076 5430 1136 5481 de
1169 5432 1362 5481 laeam.
1396 5430 1562 5492 Dum„
1591 5441 1638 5477 c.
1665 5438 1716 5491 V,
1751 5441 1807 5479 n.
1837 5427 1913 5479 Η.
1945 5450 1992 5461 -
2021 5423 2263 5488 ⁸1Pe1r„

2360 2944 2510 3010 pars
2529 2928 2839 2997 dividitur
2864 2930 2934 2995 in
2960 2935 3238 3015 quatuor
3261 2935 3493 3017 partos,
3522 2930 3594 2995 in
3621 2948 3903 3015 quarum

2356 3035 2566 3118 prima
2588 3037 2888 3121 proponit
2914 3039 3218 3122 Magister
3235 3039 3683 3122 quaestionem,
3704 3044 3774 3105 et
3795 3057 3906 3123 op·

2357 3144 2536 3228 ponit
2560 3144 2642 3210 ad
2662 3149 2910 3229 partem
2936 3146 3326 3231 oppositam3
3356 3147 3426 3210 in
3443 3148 3726 3213 secunda
3750 3166 3903 3215 vero

2357 3252 2697 3336 subjungit
2739 3253 3336 3320 determinationem
3371 3303 3389 3333 ‚
3446 3253 3538 3318 ibi
3584 3277 3600 3320 ε
3664 3255 3902 3330 Quibus

2357 3359 2813 3444 respondemus
2846 3362 3058 3440 illam,
3088 3366 3247 3440 etc.;
3301 3363 3371 3426 in
3414 3361 3599 3426 tertia
3634 3364 3907 3429 roeumit

2357 3469 2778 3553 objectionem
2826 3470 3025 3554 partis
3067 3471 3373 3549 adversae,
3405 3469 3500 3534 ibi
3525 3491 3542 3535 ε
3565 3470 3707 3537 Atii
3748 3487 3901 3556 quo·

2359 3594 2481 3660 que
2521 3578 2898 3645 auctoritati
2938 3579 3344 3655 innitantur,
3386 3581 3533 3654 etc.;
3572 3577 3643 3642 in
3675 3582 3908 3661 quarta

2360 3704 2518 3752 vero
2535 3734 2555 3764 ,
2584 3689 2650 3750 et
2684 3686 2916 3751 ultima
2932 3734 2951 3764 ,
2981 3687 3164 3770 ponit
3196 3687 3795 3754 determinationem
3845 3690 3909 3753 et

2361 3792 2825 3876 expositionem
2847 3794 3239 3859 auctoritatis
3262 3794 3565 3873 inductae,
3592 3794 3684 3858 ibi
3712 3818 3730 3861 ε
3759 3797 3908 3870 Qui-

2364 3901 2479 3967 bus
2521 3901 2996 3985 respondemus,
3040 3903 3211 3986 quod
3251 3905 3328 3970 in
3363 3902 3469 3971 his
3508 3902 3744 3984 verbis,
3786 3907 3902 3969 etc.

2365 4009 2840 4076 Subdivisiones
2878 4015 3096 4076 autem
3141 4012 3421 4095 partium
3456 4012 3732 4077 aliarum
3760 4011 3911 4077 satis

2365 4120 2853 4186 manifestantur
2881 4121 2949 4184 in
2978 4120 3207 4184 littera.

3026 4299 3166 4346 DUB.
3210 4300 3256 4345 1.

2834 4420 2999 4471 Nemo
3021 4420 3153 4471 tollit
3179 4433 3294 4470 eam
3311 4457 3327 4483 ,
3351 4423 3447 4470 etc.

2451 4548 2682 4615 Contra
2714 4572 2729 4615 ε
2770 4549 2837 4615 Si
2890 4566 3084 4615 nemo
3136 4549 3341 4633 potuit
3392 4547 3675 4612 animam
3726 4563 3909 4613 suam

2373 4658 2623 4738 tollere,
2652 4675 2844 4724 nemo
2868 4658 3077 4741 potuit
3102 4675 3252 4721 eum
3278 4675 3393 4740 per
3417 4655 3789 4720 violentiam
3816 4670 3912 4719 oc·

2373 4766 2617 4830 cidere:
2648 4783 2810 4846 ergo
2836 4765 2971 4848 ipse
2999 4765 3279 4829 nonfuit
3303 4767 3596 4828 mortuus
3620 4781 3737 4848 per
3760 4763 3911 4828 alie-

2374 4891 2531 4937 nam
2575 4873 2969 4953 violentiam‚
3017 4872 3129 4937 sed
3160 4889 3274 4955 per
3315 4872 3642 4954 propriam
3685 4873 3910 4954 poten-

2376 4981 2532 5046 tiam
2562 4998 2581 5044 :
2609 4997 2772 5060 ergo
2800 4980 2917 5044 ruit
2942 4978 3263 5044 homicida
3282 4979 3383 5043 sui
3411 4978 3635 5060 ipsius.

2457 5086 2645 5169 Resp.
2693 5085 3047 5152 Dicendum
3103 5084 3278 5169 quod
3323 5083 3633 5149 Dominus
3674 5082 3745 5146 in
3798 5081 3913 5145 isto

2377 5195 2578 5260 verbo
2605 5211 2737 5258 non
2759 5193 2905 5260 vult
2928 5191 3265 5259 excludere
3308 5191 3677 5258 violentiam
3709 5187 3908 5254 cruci-

2386 5360 2459 5410 u‘,
2481 5353 2526 5399 t.
2545 5347 2642 5388 -⁸
2671 5351 2827 5414 Aug„
2852 5349 2908 5401 in
2932 5348 3027 5400 ter.
3058 5361 3108 5411 v,
3135 5348 3314 5400 homil.
3338 5360 3424 5413 ιιι,
3448 5347 3508 5398 de
3529 5347 3663 5399 (ἴση.
3691 5346 3829 5396 Dom.
3856 5367 3908 5379 -

2393 5420 2920 5484 umbraclum
2943 5420 3109 5486 Dom,
3132 5435 3181 5473 c.
3205 5429 3328 5485 nn.
3346 5416 3765 5482 ³5,36.-⁸nist.
3782 5424 3907 5468 xxti.
