4185 6288
1218 410 1414 476 ms'r.
1457 409 1674 477 XXVI.
1718 409 1900 476 ΛΒΤ.
1946 411 1995 477 1.
2040 410 2342 489 QUAEST.
2388 412 2463 478 V.

666 495 694 522 Ἰ

262 548 402 626 siti,
449 546 558 611 sed
605 546 797 612 etiam
846 545 1090 611 ratione
1132 545 1401 627 subJecti
1437 567 1452 610 ε
1484 548 1791 629 quoniam

264 673 389 719 una
423 657 519 717 est
556 653 725 717 circa
756 653 1178 732 intellectum,
1209 653 1405 717 altera
1432 670 1588 718 vero
1629 655 1795 718 circa

51 760 239 875 dfiegfjffl·
261 764 578 828 affectum.
610 761 734 826 Sed
762 761 1213 826 attendendum
1245 764 1378 841 est,
1409 762 1578 843 quod
1606 763 1794 825 certi-

67 899 130 927 nzo
162 887 193 926 iz
263 872 415 935 tudo
457 871 625 935 circa
670 869 1062 933 intellectum
1116 869 1311 934 habet
1361 888 1496 934 esse
1540 869 1794 934 duobus

37 955 224 991 malain?-

259 978 483 1044 modiS.
513 976 820 1054 Quaedam
846 977 1021 1041 enim
1054 978 1177 1056 est,
1225 995 1373 1059 quae
1416 977 1561 1041 facit
1605 976 1796 1041 intel-

257 1086 494 1150 lectum
541 1088 865 1168 potentem
910 1085 991 1147 ad
1038 1083 1426 1147 vincendum
1469 1101 1751 1148 errorem
1774 1130 1794 1161 ,

255 1196 319 1257 et
360 1193 442 1257 ad
482 1191 940 1256 excludendam
987 1190 1445 1256 dubitationem
1486 1209 1509 1251 .·
1553 1194 1617 1253 et
1659 1188 1800 1253 talis

257 1299 569 1363 certitudo
593 1303 690 1363 oet
714 1297 1029 1363 certitudo
1054 1297 1205 1361 viae.
1246 1296 1552 1373 Quaedam
1582 1301 1799 1361 autem

261 1411 356 1469 est
380 1404 727 1485 certitudo,
748 1421 896 1487 quae
918 1403 1124 1468 reddit
1149 1402 1539 1468 intellectum
1567 1403 1801 1485 impos-

256 1514 506 1578 sibilem
552 1514 630 1577 ad
671 1530 954 1577 errorem
990 1535 1004 1576 ε
1053 1515 1115 1576 et
1161 1512 1301 1576 haec
1349 1516 1445 1575 est
1489 1510 1801 1575 certitudo

256 1622 506 1704 patriae.
541 1621 661 1686 Per
685 1622 862 1686 bunc
887 1621 1080 1685 etiam
1123 1621 1386 1685 modum
1422 1619 1800 1700 intelligen-

253 1729 415 1793 dum
459 1733 556 1793 est
592 1731 655 1793 et
699 1729 771 1792 in
814 1727 1188 1793 certitudine
1232 1727 1606 1793 affectionis.
1638 1725 1800 1790 Nam

253 1835 560 1919 quaedam
588 1836 679 1900 sie
701 1838 919 1900 firmat
942 1835 1240 1900 affectum
1260 1883 1280 1914 ,
1311 1839 1384 1899 ut
1410 1834 1604 1918 possit
1631 1833 1800 1898 diffl-

252 1945 545 2009 dentiam
575 1962 915 2027 superare;
963 1943 1261 2030 quaedam
1309 1943 1398 2006 sie
1444 1944 1694 2019 firmat,
1731 1946 1806 2005 ut

187 2078 193 2084 ·
254 2071 390 2117 non
429 2053 628 2134 possit
668 2051 987 2116 ullatenus
1014 2050 1338 2129 amoveri,
1366 2051 1469 2114 vel
1494 2050 1801 2114 haesitari.

254 2159 484 2225 Prima
529 2162 624 2223 est
665 2158 797 2241 spei
844 2158 914 2221 in
974 2157 1122 2235 via;
1184 2156 1462 2221 secunda
1512 2162 1606 2220 est
1659 2160 1807 2221 ten-

251 2268 454 2332 tionis
481 2267 553 2332 in
590 2266 817 2349 patria.
863 2264 967 2330 Sic
1003 2283 1162 2345 ergo
1190 2269 1364 2347 patet
1402 2264 1575 2347 quod
1604 2265 1810 2329 virtus

253 2375 391 2459 spei
420 2374 621 2441 habet
646 2372 1089 2437 certitudinem
1134 2371 1204 2435 in
1255 2376 1404 2436 actu
1443 2390 1604 2435 suoi
1638 2375 1810 2454 patet

252 2483 454 2547 etiam
481 2500 631 2566 quae
659 2485 722 2547 et
749 2480 956 2562 qualis
1002 2483 1096 2545 est
1134 2479 1243 2543 illa
1267 2478 1576 2543 certitudo
1595 2526 1612 2558 ‚
1644 2497 1805 2562 quo-

252 2591 440 2655 niam
471 2594 571 2655 est
597 2589 894 2655 differens
920 2607 959 2651 a
987 2586 1359 2651 certitudine
1384 2585 1534 2651 fidei
1552 2635 1570 2665 ,
1592 2591 1656 2650 et
1683 2586 1811 2650 mi-

250 2715 380 2762 nor
420 2702 524 2762 est
552 2714 750 2779 quam
788 2693 1098 2760 certitudo
1141 2693 1370 2774 gloriae
1404 2712 1422 2757 ε
1457 2711 1590 2757 non
1632 2695 1808 2757 enim

251 2811 352 2868 est
376 2803 702 2869 certitudo
729 2805 1050 2884 perpetuae
1073 2800 1642 2884 consummationis
1662 2849 1680 2880 ,
1703 2801 1811 2865 sed

251 2914 359 2995 cuj
369 2911 610 2976 usdam
659 2907 863 2973 virilis
924 2906 1328 2972 adhaesionis.
1384 2907 1810 2973 Concedendae

253 3023 419 3083 sunt
462 3033 627 3099 ergo
666 3015 947 3080 rationes
991 3014 1387 3079 ostendentes
1407 3061 1425 3091 ‚
1455 3014 1625 3098 quod
1671 3032 1815 3097 spes

253 3129 329 3194 in
357 3147 489 3194 suo
518 3128 669 3191 actu
693 3124 884 3190 habet
909 3121 1373 3188 certitudinem.

340 3243 405 3300 1.
441 3236 548 3300 Ad
574 3234 731 3298 illud
772 3249 928 3298 vero
952 3230 1137 3313 -quod
1177 3230 1383 3313 primo
1421 3231 1720 3313 objicitur
1745 3232 1815 3296 in

251 3340 666 3409 contrarium
688 3388 707 3420 ,
740 3339 914 3422 quod
959 3338 1140 3403 nulla
1182 3338 1495 3402 certitudo
1541 3339 1817 3405 habetur

250 3452 336 3517 de
359 3450 624 3516 meritis
650 3453 715 3513 et
744 3448 991 3530 gratia,
1023 3464 1106 3511 ex
1147 3465 1277 3530 qua
1319 3447 1601 3530 procedit
1636 3465 1814 3530 spes,

248 3559 616 3625 dicendum
659 3558 828 3640 quod
849 3605 867 3635 ‚
915 3556 1212 3639 quamvis
1259 3556 1338 3621 de
1394 3555 1640 3620 meritis
1684 3572 1818 3619 non

245 3669 589 3734 habeatur
640 3663 947 3729 certitudo
997 3680 1111 3746 per
1153 3662 1486 3728 scientiam
1540 3680 1826 3728 necessa·

246 3776 429 3841 riam
444 3822 465 3850 ‚
488 3772 715 3838 haberi
736 3774 953 3835 tamen
979 3773 1186 3853 potest
1206 3769 1518 3835 certitudo
1541 3788 1656 3853 per
1679 3788 1820 3852 pro*

247 3883 553 3949 habilem
570 3880 1022 3961 conjecturam,
1045 3880 1108 3941 et
1124 3896 1238 3961 per
1252 3878 1599 3960 quamdam
1619 3877 1822 3961 ipsius

244 3991 458 4055 bonae
488 3986 843 4052 voluntatis
863 3985 1314 4050 confidentiam
1327 4031 1345 4062 ,
1376 4003 1524 4068 quae
1553 4003 1822 4051 consur-

244 4100 358 4181 git
387 4116 482 4162 ex
510 4094 896 4159 conscientia
933 4094 1125 4158 bona.
1167 4093 1419 4158 Puritas
1454 4093 1628 4157 enim
1656 4111 1822 4158 con-

240 4203 561 4271 scientiae
578 4251 598 4282 ‚
650 4218 800 4285 quae
849 4201 1276 4266 introducitur
1329 4219 1444 4284 per
1492 4200 1823 4283 expulsio-

243 4332 418 4380 nem
448 4309 666 4393 culpae
683 4357 702 4390 ,
731 4308 838 4373 dat
862 4308 985 4395 ipsi
1011 4308 1245 4372 animae
1275 4308 1619 4391 quamdam
1648 4327 1826 4373 secu-

240 4422 535 4488 ritatem
564 4419 626 4482 et
661 4415 1104 4482 certitudinem
1150 4415 1229 4479 de
1275 4415 1502 4479 merito
1539 4417 1677 4496 jam
1715 4417 1822 4479 in-

243 4528 548 4603 choate,
579 4527 643 4588 et
680 4541 795 4606 per
837 4540 1232 4606 consequens
1276 4522 1714 4586 certitudinem
1745 4521 1823 4586 de

238 4635 550 4720 praemio
580 4632 1044 4715 consequendo.

332 4750 405 4809 2.
444 4741 553 4807 Ad
596 4741 754 4806 illud
791 4741 962 4823 quod
1012 4740 1332 4823 objicitur,
1375 4762 1407 4801 (ι
1441 4738 1611 4804 Nihil
1660 4758 1823 4823 pen-

235 4856 424 4921 dens
453 4870 547 4917 ex
575 4850 985 4915 vertibilitate
1028 4850 1376 4915 voluntatis
1412 4850 1607 4914 habet
1638 4850 1831 4914 certi-

234 4961 595 5037 tudinem,
612 4980 643 5017 »
670 4957 1008 5022 dicendum
1023 4957 1193 5041 quod
1222 4975 1453 5023 verum
1489 4961 1584 5023 est
1608 4957 1658 5021 si
1687 4975 1829 5021 con-

233 5071 454 5136 sistat
485 5065 559 5129 in
584 5066 721 5147 ipsa
745 5064 1073 5129 voluntate
1090 5065 1159 5128 in
1183 5069 1501 5148 quantum
1531 5066 1831 5131 voluntas

233 5174 585 5244 innititur
611 5172 734 5236 sibi
766 5194 782 5237 ε
816 5172 1395 5239 sedsiconsistatin
1426 5174 1564 5257 ipsa
1594 5175 1830 5239 volun-

233 5293 388 5352 tate
418 5280 791 5346 secundum
830 5280 999 5362 quod
1033 5279 1328 5345 voluntas
1355 5282 1651 5346 innititur
1678 5282 1826 5361 Βθο,

316 5412 335 5446 ¹
372 5404 568 5466 Confi,
596 5404 666 5453 lib
711 5405 797 5466 ΧΙ,
825 5418 872 5453 c.
901 5414 1028 5453 xxx.
1776 5384 1781 5389 ’

3239 383 3242 384 ⁷
3326 431 3442 493 579

1904 548 2018 630 qui
2046 552 2141 612 est
2167 547 2436 612 firmitas
2448 551 2683 629 nostra,
2715 553 3067 617 secuudum
3096 559 3266 639 quod
3297 562 3470 629 dicit

1905 656 2310 737 Augustinus
2367 656 2436 718 in
2496 657 2657 721 libro
2717 657 3198 740 confessionum
3223 672 3265 746 ¹,
3324 671 3445 736 hoc

1906 762 2096 827 modo
2143 765 2352 844 potest
2391 763 2627 827 habere
2653 751 2851 830 robur
2878 772 2942 832 et
2967 771 3441 842 certitudinem:

1907 874 1973 934 et
2008 870 2122 934 tali
2170 870 2361 934 modo
2390 870 2580 935 habet
2605 891 2746 955 spes
2772 877 3111 943 consistere
3138 880 3207 944 in
3233 892 3449 952 nostra

1907 980 2235 1044 voluntate
2280 1001 2294 1043 :
2327 979 2476 1043 facit
2521 981 2692 1044 enim
2744 1002 2898 1064 noS,
2933 1005 3208 1055 summae
3235 992 3449 1058 firmi-

1909 1088 2022 1150 tati
2048 1080 2400 1168 inni'tendo,
2434 1086 2503 1151 in
2534 1089 2673 1171 ipsa
2707 1093 2767 1153 et
2809 1091 2887 1156 de
2925 1093 3065 1176 ipsa
3109 1102 3450 1184 confidere,

1909 1213 1984 1258 ac
2009 1211 2124 1276 per
2150 1194 2273 1258 hoc
2300 1194 2484 1258 nobis
2509 1198 2854 1277 quamdam
2876 1202 3318 1273 certitudinem
3346 1211 3454 1274 tri-

1910 1300 2050 1364 buit
2075 1299 2156 1364 de
2182 1302 2573 1383 assequenda
2598 1303 2823 1368 salute.

1992 1412 2052 1471 3.
2083 1406 2183 1470 Ad
2210 1405 2367 1470 illud
2395 1408 2569 1489 quod
2586 1409 2905 1491 objicitur,
2927 1416 3095 1496 quod
3117 1420 3335 1486 nullus
3360 1430 3457 1490 est

1912 1516 2125 1577 certus
2144 1513 2222 1577 de
2245 1515 2635 1579 assecutione
2650 1516 2824 1581 illius
2837 1519 2953 1597 rei,
2978 1523 3058 1587 ad
3076 1542 3271 1606 quam
3290 1548 3458 1595 nun·

1912 1638 2107 1702 quam
2129 1623 2478 1703 perveniet,
2496 1623 2838 1690 dicendum
2852 1630 3021 1710 quod
3040 1637 3134 1695 est
3147 1637 3457 1704 certitudo

1913 1728 2175 1806 ordiniS,
2197 1733 2259 1794 et
2286 1729 2592 1794 certitudo
2616 1738 2922 1799 eventus:
2944 1755 3094 1803 cum
3121 1758 3278 1823 ergo
3305 1745 3456 1810 dici-

1913 1840 2041 1916 tur,
2060 1837 2234 1920 quod
2251 1857 2394 1920 spes
2409 1837 2597 1903 habet
2615 1841 3052 1910 certitudinem
3067 1848 3136 1912 in
3155 1869 3272 1915 suo
3290 1857 3452 1935 actu,

1915 1941 2253 2008 dicendum
2276 1944 2445 2028 quod
2473 1944 2596 2010 hoc
2622 1951 2718 2011 est
2734 1967 2963 2015 verum
2988 1953 3065 2018 de
3085 1957 3458 2026 certitudine

1917 2049 2158 2113 ordinis
2178 2099 2194 2128 ,
2227 2053 2379 2132 quia
2416 2053 2750 2118 efficaciter
2779 2062 2840 2120 et
2870 2057 3281 2128 infallibiliter
3307 2084 3461 2130 vera

1918 2173 2061 2237 spes
2074 2157 2325 2221 ordinat
2338 2158 2416 2221 ad
2433 2161 2726 2225 salutem.
2756 2162 2877 2228 Sed
2896 2183 3047 2230 cum
3067 2169 3202 2251 ipse
3218 2172 3457 2253 objicit,

1918 2263 2094 2344 quod
2120 2264 2335 2328 nullus
2361 2270 2458 2330 est
2479 2271 2688 2331 certus
2718 2268 2797 2333 de
2826 2288 2901 2334 eo
2929 2274 3101 2354 quod
3132 2295 3263 2342 non
3287 2271 3463 2347 asse-

1920 2370 2162 2452 quitur,
2192 2371 2462 2453 objectio
2488 2374 2690 2437 currit
2723 2376 2799 2441 de
2827 2379 3200 2448 certitudine
3230 2404 3464 2452 secun-

1921 2475 2076 2540 dum
2091 2476 2283 2541 aliam
2303 2477 2747 2560 differentiam,
2769 2500 2915 2565 quae
2933 2486 3193 2567 quidem
3213 2495 3307 2556 est
3324 2511 3464 2558 cer-

1922 2581 2132 2647 titudo
2161 2588 2429 2650 eventus
2458 2607 2475 2649 2
2508 2590 2570 2650 et
2595 2586 2739 2651 ideo
2765 2606 2896 2652 non
2924 2592 3098 2674 cogit
3135 2595 3246 2661 illa
3273 2599 3459 2665 ratio.

2002 2695 2064 2754 4.
2114 2691 2210 2755 Ad
2253 2691 2414 2756 illud
2452 2694 2623 2774 quod
2667 2696 2987 2780 objicitur,
3018 2704 3189 2783 quod
3225 2705 3278 2769 si
3323 2727 3467 2791 spes

1926 2803 2095 2862 certa
2137 2801 2299 2863 esset
2316 2846 2337 2877 ‚
2368 2818 2498 2864 non
2537 2808 2747 2884 posset
2770 2805 2924 2885 falli,
2950 2809 3117 2874 sicut
3142 2831 3260 2877 nec
3285 2817 3462 2899 fides,

1926 2905 2266 2970 dicendum
2295 2907 2490 2990 quod,
2522 2910 2682 2974 sicut
2717 2911 2955 2996 duplex
2985 2920 3080 2980 est
3104 2922 3463 3005 necessitaS,

1926 3014 2164 3079 scilicet
2205 3015 2513 3096 absoluta,
2548 3022 2612 3083 et
2636 3021 3083 3104 conditionata,
3114 3028 3203 3092 sic
3230 3030 3469 3115 duplex

1927 3124 2023 3186 est
2065 3121 2399 3189 certitudo·
2454 3123 2523 3189 Si
2568 3125 2910 3209 loquamur
2961 3131 3038 3197 de
3092 3137 3470 3215 certitudine

1928 3229 2375 3308 conditionata,
2419 3232 2508 3296 sic
2538 3240 2634 3299 est
2669 3235 2740 3299 in
2767 3255 2879 3320 spe
2904 3240 3214 3309 certitudo
3252 3265 3472 3313 neces-

1930 3337 2129 3401 sitatis
2182 3342 2245 3402 et
2297 3340 2753 3407 infallibilitatis
2812 3367 2827 3409 ε
2887 3352 3100 3414 certus
3149 3359 3241 3418 est
3297 3358 3469 3425 enim

1932 3445 2375 3527 unusquisque
2414 3447 2823 3517 infallibiliter
2839 3501 2857 3533 ,
2889 3456 3057 3537 quod
3094 3460 3148 3522 si
3175 3479 3473 3542 perseve-

1931 3553 2403 3645 reveritusque
2441 3554 2510 3618 in
2548 3556 2744 3621 finem
2770 3559 2839 3623 in
2869 3564 3080 3642 gratia
3099 3570 3165 3631 et
3193 3568 3262 3632 in
3288 3569 3473 3637 bonis

1930 3662 2174 3726 meritis
2196 3710 2212 3739 ‚
2245 3663 2416 3744 quod
2457 3664 2533 3728 ad
2563 3666 2833 3732 salutem
2878 3675 3223 3753 perveniet.
3256 3678 3324 3744 Si
3361 3702 3474 3748 au-

1932 3771 2062 3833 tem
2099 3768 2441 3851 loquamur
2486 3772 2562 3836 de
2599 3775 2972 3842 certitudine
3019 3782 3328 3868 absoluta,
3382 3791 3474 3855 sic

1933 3879 2028 3940 est
2068 3876 2138 3938 in
2176 3877 2312 3959 ipsa
2352 3897 2463 3962 spe
2499 3882 2808 3947 certitudo
2837 3871 3291 3967 prob'abilitatis
3316 3918 3331 3961 ε
3360 3898 3473 3981 qui

1933 3984 2106 4046 enim
2133 3984 2367 4050 bonam
2399 3987 2592 4053 habet
2619 3991 3088 4076 conscientiam,
3117 4003 3309 4083 atque
3332 4023 3475 4087 pro-

1932 4092 2242 4174 positum,
2312 4094 2721 4176 probabiliter
2781 4104 2986 4182 potest
3047 4123 3182 4171 esse
3239 4115 3472 4194 certuS,

1933 4201 2102 4283 quod
2159 4218 2349 4283 opera
2401 4221 2483 4266 ex
2535 4204 2648 4268 tali
2697 4207 3025 4274 voluntate
3072 4219 3477 4295 procedentia

1934 4308 2060 4371 sint
2095 4309 2265 4391 apud
2309 4309 2511 4375 Deum
2555 4313 2901 4395 meritoria,
2937 4321 3001 4381 et
3029 4339 3143 4403 per
3171 4324 3293 4390 hoc
3320 4345 3473 4393 con-

1934 4420 2130 4485 fidere
2156 4440 2224 4485 se
2248 4426 2689 4487 assecuturum
2714 4426 2911 4491 vitam
2942 4435 3272 4500 aeternam.
3300 4436 3477 4505 Unde

1934 4510 2124 4609 quod’
2138 4528 2274 4611 ipse
2305 4529 2521 4610 objicit
2553 4531 2631 4612 (a)
2659 4531 2735 4596 de
2765 4533 2873 4598 ina
2899 4538 3278 4623 conditione,
3301 4548 3473 4628 quod

1936 4638 2034 4699 est
2080 4635 2296 4716 dubia,
2328 4641 2391 4701 et
2425 4638 2595 4720 quod
2651 4658 2793 4704 eam
2844 4662 2974 4709 non
3022 4652 3284 4732 apponit
3309 4672 3474 4736 spes,

1936 4742 2277 4808 dicendum
2327 4745 2499 4827 quod
2534 4749 2652 4810 etsi
2696 4767 2841 4831 spes
2867 4770 2996 4817 non
3023 4765 3300 4840 apponat
3335 4779 3476 4827 eam

1936 4868 2050 4932 per
2105 4869 2194 4930 se,
2251 4852 2512 4934 apponit
2568 4872 2712 4917 eam
2764 4859 2975 4923 tamen
3028 4881 3143 4944 per
3186 4868 3480 4949 regulam

1937 4956 2084 5020 fidei
2104 4957 2455 5038 dirigentis.
2476 4957 2555 5024 Et
2573 4961 2726 5025 licet
2749 4963 2941 5029 etiam
2960 4985 3091 5032 non
3119 4970 3199 5035 sit
3215 4979 3482 5043 omnino

1937 5066 2108 5128 certa
2173 5063 2282 5127 illa
2347 5066 2623 5132 conditio
2692 5071 3066 5138 certitudine
3132 5081 3481 5151 manifestae

1937 5170 2249 5251 scientiae‚
2285 5175 2379 5236 est
2419 5177 2634 5238 tamen
2665 5180 2836 5241 certa
2860 5168 3238 5250 certitudine
3261 5193 3479 5273 cujus-

1938 5279 2086 5344 dam
2110 5280 2531 5360 confidentiae‚
2563 5282 2728 5347 sicut
2767 5286 3149 5367 praedictum
3179 5300 3295 5360 est.

2007 5406 2070 5469 (a)
2099 5405 2240 5458 Edit.
2277 5407 2393 5457 Ven-
2424 5410 2571 5472 1753,
2599 5408 2855 5474 objicitur.
