4185 6288
771 467 892 530 290

768 597 858 663 tia
906 596 1133 662 Christi
1176 612 1583 679 quocumque
1632 594 1822 659 modo
1867 596 2032 660 dicta
2076 597 2311 662 habeat

768 706 1111 773 efficaciam
1148 703 1219 767 in
1264 720 1380 768 nos
1394 750 1413 782 ,
1456 720 1587 766 non
1637 706 1854 768 tamen
1897 721 2312 787 quocumque

766 812 1027 877 nomine
1066 811 1254 876 datur
1282 809 1554 890 intelligi
1589 811 1731 890 eJus
1756 810 2033 874 efficacia
2071 810 2142 874 in
2165 829 2309 890 nos,

766 921 877 987 sed
913 919 1123 985 solum
1161 937 1277 1002 per
1314 916 1436 982 hoc
1474 936 1741 998 nomen,
1771 919 1943 1001 quod
1971 922 2066 983 est
2098 920 2308 1000 gratia

765 1029 1002 1111 capitis.
1032 1027 1139 1093 Sic
1176 1026 1348 1091 enim
1387 1025 1758 1090 nominatur
1799 1030 2055 1109 propter
2098 1025 2307 1091 virtu·

764 1138 898 1201 tem
924 1139 989 1201 et
1012 1135 1356 1201 efficaciam
1383 1133 1718 1199 innuendi.

846 1250 906 1308 3.
937 1244 1036 1309 Ad
1061 1242 1219 1307 illud
1245 1242 1415 1324 quod
1442 1241 1772 1323 objicitur,
1803 1240 1975 1323 quod
2010 1258 2311 1305 remane-

764 1357 863 1418 ret
888 1351 1099 1434 gratia
1124 1349 1471 1432 singularis
1504 1366 1828 1431 personae,
1873 1348 1925 1412 si
1963 1348 2308 1432 deponere-

764 1465 872 1526 tur
914 1463 1147 1524 natura
1181 1460 1536 1540 assumpta‘,
1579 1457 1690 1520 sed
1717 1475 1848 1521 non
1894 1456 2103 1538 gratia
2147 1457 2314 1540 capi·

765 1569 880 1648 tia,
910 1566 1248 1633 dicendum
1275 1565 1445 1647 quod
1485 1582 1717 1628 verum
1747 1567 1842 1628 est
1887 1583 1905 1627 ι
1945 1565 2055 1628 sed
2078 1583 2163 1630 ex
2189 1565 2313 1630 hoc

765 1695 897 1741 non
921 1674 1211 1757 sequitur
1228 1720 1245 1750 ,
1272 1672 1444 1755 quod
1471 1671 1680 1754 gratia
1705 1671 1926 1754 capitis
1951 1672 2031 1735 ab
2059 1672 2167 1736 illa
2198 1672 2312 1737 dif-

765 1785 926 1849 ferat
951 1800 1066 1866 per
1090 1780 1451 1858 essentiam,
1482 1778 1590 1842 sed
1618 1796 1848 1845 verum
1879 1782 1974 1842 est
2003 1779 2178 1861 quod
2204 1779 2314 1843 ali-

765 1909 963 1974 quam
1004 1887 1540 1972 comparationem
1596 1889 1660 1950 et
1716 1886 2058 1949 efficaciam
2118 1886 2306 1966 dicit,

764 2018 962 2083 quam
999 2016 1133 2061 non
1159 1999 1320 2061 esset
1347 1994 1613 2077 reperiri
1641 1997 1782 2076 post
1822 1994 2306 2076 separationem.

765 2107 978 2172 Gratia
1022 2105 1195 2170 enim
1240 2103 1481 2186 capitiS,
1525 2118 1672 2184 quae
1710 2101 2058 2165 attenditur
2100 2101 2171 2164 in
2207 2100 2313 2165 in-

764 2216 1028 2281 fluentia
1055 2219 1119 2278 et
1144 2210 1547 2296 praesidentia
1573 2208 1802 2273 Christi
1829 2211 2121 2291 respectu
2144 2209 2309 2274 alio-

762 2343 937 2404 rum,
964 2321 1241 2387 naturali
1268 2318 1489 2385 ordine
1514 2317 1952 2400 praesupponit
1975 2316 2306 2394 unionem,

761 2435 1008 2500 ratione
1035 2433 1219 2514 anus
1242 2429 1349 2493 ille
1378 2427 1573 2491 homo
1611 2428 1874 2490 caeteros
1906 2423 2312 2490 ineffabiliter

762 2541 1096 2606 antecellit.
1350 2533 1360 2541 ’

842 2655 903 2714 4.
953 2647 1050 2713 Ad
1092 2646 1252 2711 illud
1299 2644 1472 2727 quod
1514 2641 1833 2724 objicitur,
1882 2639 2056 2722 quod
2102 2639 2313 2721 gratia

763 2757 1020 2824 unionis
1049 2755 1241 2819 habet
1284 2751 1627 2816 efficaciam
1654 2749 1865 2812 solum
1891 2748 1961 2810 in
1987 2748 2117 2811 flne
2147 2751 2311 2811 tem-

763 2883 996 2952 porum
1012 2913 1032 2943 ,
1078 2860 1417 2928 dicendum
1462 2857 1634 2941 quod
1680 2855 1735 2918 si
1765 2855 2041 2919 efficacia
2083 2854 2312 2935 gratiae

766 2973 1026 3041 unionis
1067 2968 1430 3034 attendatur
1484 2965 1553 3028 in
1604 2964 1725 3028 hoc
1743 3010 1760 3039 ‚
1807 2961 1981 3044 quod
2028 2961 2313 3025 animam

769 3081 998 3149 Christi
1020 3078 1240 3146 reddat
1266 3076 1562 3140 idoneam
1594 3073 1676 3137 ad
1708 3070 2047 3149 unionem,
2081 3088 2312 3135 verum

770 3197 867 3259 est
915 3189 1088 3273 quod
1140 3186 1348 3252 solum
1395 3184 1464 3247 in
1508 3179 1899 3265 plenitudine
1945 3181 2313 3260 temporum

770 3298 1119 3365 efficaciam
1144 3293 1389 3359 hahuit.
1422 3289 1489 3355 Si
1518 3292 1733 3353 autem
1773 3285 2052 3350 efficacia
2088 3284 2316 3365 gratiae

772 3406 1033 3473 unionis
1060 3402 1420 3469 attendatur
1463 3401 1778 3482 quantum
1819 3394 1899 3457 ab
1934 3392 2073 3456 aliis
2110 3391 2318 3456 credi-

771 3521 903 3592 tur,
933 3513 1045 3597 qui
1073 3511 1389 3577 mediante
1430 3506 1537 3570 illa
1566 3503 1692 3568 flde
1724 3501 2157 3585 justificantur
2177 3547 2198 3578 ,
2228 3497 2319 3562 sic

774 3624 1119 3689 efficaciam
1153 3617 1380 3683 habuit
1409 3634 1450 3678 a
1488 3611 1799 3697 principio
1847 3630 1863 3670 ι
1913 3613 1977 3672 et
2013 3608 2138 3672 hoc
2182 3605 2321 3687 ipso

775 3732 986 3816 gratia
1030 3728 1252 3812 capitis
1290 3725 1495 3809 potest
1532 3716 1859 3803 appellari.
1906 3715 1985 3780 Et
2021 3715 2114 3777 sic
2154 3715 2326 3795 patet

777 3840 948 3924 quod
995 3838 1202 3921 gratia
1238 3832 1459 3916 capitis
1501 3826 1855 3893 secundum
1899 3841 2100 3889 unam
2139 3838 2324 3886 suam

778 3946 1230 4029 acceptionem,
1248 3958 1399 4024 quae
1413 3934 1818 4003 communior
1835 3934 1949 4011 est,
1970 3928 2325 3994 secundum

782 4073 966 4121 suam
1004 4050 1343 4118 essentiam
1376 4045 1601 4110 habitu
1642 4059 1774 4105 non
1809 4039 2020 4103 differt
2046 4037 2127 4101 ab
2161 4034 2324 4113 aliia,

782 4162 895 4228 sed
910 4161 1123 4226 solum
1145 4174 1258 4241 per
1286 4150 1850 4236 comparationem,
1870 4150 1945 4210 ut
1968 4144 2185 4210 visum
2208 4145 2325 4207 est.

1307 4386 1666 4469 QUAESTIO
1708 4382 1819 4448 111.

796 4578 891 4635 An
918 4577 1055 4632 Deus
1080 4572 1280 4643 influat
1305 4579 1513 4624 sensum
1534 4564 1597 4617 in
1622 4570 1827 4614 omnem
1856 4555 2161 4609 creaturam
2176 4589 2198 4616 ,
2227 4549 2338 4605 sive

1133 4659 1465 4730 anqelicam,
1497 4654 1608 4709 sive
1636 4650 1926 4705 humanam
1955 4644 1995 4698 ¹.

561 4839 773 4889 tundan-
883 4826 1110 4890 Utrum
1149 4817 1468 4884 mediante
1514 4812 1623 4877 illa
1657 4808 1867 4891 gratia
1915 4804 2076 4869 Deus
2112 4800 2343 4865 influat

802 4952 1064 5001 sensnm
1090 4931 1159 4994 in
1199 4944 1458 4993 omnem
1485 4921 1677 4986 aliam
1702 4920 2060 4982 creaturam
2089 4910 2344 4975 haben-

867 5136 885 5170 ¹
908 5134 986 5197 Cf.
1028 5131 1168 5185 Alex.
1209 5128 1401 5188 Alens„
1424 5139 1476 5189 p.
1514 5123 1602 5185 ΙΙΙ,
1630 5135 1683 5185 q.
1724 5129 1823 5181 ιιι,
1860 5110 2053 5164 memb.
2079 5111 2136 5190 3,
2155 5108 2253 5157 art.
2286 5108 2343 5167 23

806 5211 862 5261 S.
891 5207 1094 5269 Thom.,
1118 5216 1174 5266 p.
1205 5201 1291 5259 111,
1313 5213 1363 5263 q.
1386 5209 1500 5260 vm,
1530 5199 1627 5245 art.
1658 5196 1721 5255 5;
1744 5194 1795 5239 et
1816 5188 1879 5238 ΙΙΙ
1906 5186 2067 5239 Sena,
2087 5180 2205 5262 (Ιιεῐ.
2226 5188 2345 5240 1111,

805 5293 857 5343 q.
888 5289 944 5340 ιι,
969 5280 1064 5325 art.
1087 5277 1136 5337 2,
1161 5286 1210 5335 q.
1241 5283 1287 5334 ι,
1308 5269 1433 5320 etde
1454 5268 1697 5327 Verit.‚q.
1718 5272 1868 5322 xxix,
1892 5259 1987 5307 art.
2009 5256 2036 5302 4
2047 5268 2064 5314 3
2087 5249 2346 5309 Richard„

807 5353 1044 5413 insevit„
1063 5349 1180 5400 diat.
1198 5351 1427 5410 1111‚art.
1448 5348 1498 5407 2,
1519 5357 1568 5406 q.
1585 5336 1858 5402 111;Steph.
1877 5328 2088 5390 Bruler„
2112 5325 2174 5375 ΙΙΙ
2191 5326 2348 5386 sent„

1889 456 2514 536 SENTENTmum
2554 458 2704 526 LIB.
2747 457 2857 526 111.

2416 599 2547 660 tem
2587 596 2888 678 gratiam,
2938 595 3074 660 sive
3115 596 3500 677 angelicam,
3546 599 3685 664 sive
3728 600 3970 666 huma-

2419 720 2606 780 nam;
2640 706 2704 767 et
2743 704 2916 787 quod
2943 704 3056 779 sic,
3092 704 3345 768 videtur
3368 712 3391 744 ¹
3422 727 3437 768 ι
3474 705 3815 789 Proposuit
3841 725 3974 775 om-

2418 813 2539 877 nia
2562 813 2932 878 instaurare
2959 813 3035 876 in
3064 811 3354 891 Christo,
3387 829 3531 895 quoe
3558 817 3633 879 in
3669 815 3846 881 coelis
3866 865 3886 895 ,
3915 823 3975 883 et

2420 935 2563 1000 quoe
2589 921 2664 984 in
2694 921 2886 985 terris
2912 926 3067 986 sunt
3080 938 3108 1000 ;
3140 919 3357 984 Glossa
3392 943 3407 985 :
3440 944 3471 981 «ι
3509 923 3659 995 Quoe
3694 925 3769 988 in
3798 923 3971 989 coelis

2419 1033 2605 1103 sunt,
2636 1026 2701 1091 id
2740 1030 2836 1090 est
2870 1045 3221 1092 numerum
3266 1029 3643 1108 angelorum
3682 1030 3967 1094 diminu-

2420 1136 2562 1198 tum
2589 1134 2894 1216 implere;
2924 1138 2988 1199 et
3017 1152 3160 1217 quoe
3186 1137 3261 1201 in
3291 1138 3504 1215 terris,
3532 1136 3597 1201 id
3630 1142 3724 1201 est
3750 1138 3970 1203 homi-

2419 1259 2556 1319 ne5‚
2595 1243 2707 1324 qui
2739 1261 2856 1327 per
2895 1248 3226 1326 peccatum
3252 1243 3577 1326 depravati
3619 1250 3833 1324 erant,
3866 1265 3969 1311 re-

2420 1367 2682 1414 novare.
2710 1372 2742 1409 »
2779 1347 2903 1415 Sed
2941 1350 3035 1413 illi
3070 1349 3389 1415 mediante
3426 1350 3671 1416 Christo
3707 1371 3969 1417 sensum

2420 1461 2483 1522 et
2510 1461 2759 1522 motum
2786 1459 3163 1541 suscipiunt,
3198 1459 3313 1540 qui
3339 1477 3454 1541 per
3478 1459 3693 1542 ipsum
3720 1461 3969 1524 instau-

2419 1570 2648 1630 rantur
2688 1566 2758 1629 in
2802 1584 2937 1630 esse
2975 1566 3248 1649 perfecto
3288 1589 3304 1630 ι
3336 1585 3494 1648 ergo
3538 1568 3592 1630 si
3634 1567 3776 1632 haec
3817 1573 3971 1632 sunt

2420 1674 2702 1739 coelestia
2720 1677 2784 1739 et
2808 1674 3150 1752 terrestria,
3178 1673 3474 1738 homines
3499 1678 3563 1738 et
3586 1674 3804 1755 angeli
3833 1694 3968 1740 me-

2419 1782 2632 1846 diante
2656 1783 2793 1865 ipso
2821 1782 3173 1865 suscipiunt
3198 1782 3506 1863 gratiam,
3537 1787 3600 1846 et
3623 1783 3836 1864 gratia
3864 1803 3966 1847 ca-

2420 1889 2566 1971 pitis
2595 1890 2666 1952 in
2689 1890 2808 1954 hos
2835 1893 2899 1953 et
2923 1889 3067 1952 illos
3095 1888 3431 1953 redundat.

2502 1997 2661 2060 Item
2704 1997 2896 2078 paulo
2945 2000 3088 2079 post
3127 1995 3408 2059 ibidem⁸
3452 2019 3468 2059 t
3518 1997 3739 2077 Ipsum
3786 1996 3969 2063 dedit

2420 2110 2615 2187 caput
2659 2119 2851 2185 super
2891 2120 3139 2170 omnem
3186 2103 3536 2186 Ecclesiam
3568 2105 3730 2168 :sed
3778 2109 3972 2187 caput

2419 2210 2634 2275 influit
2677 2211 2747 2274 in
2795 2212 3015 2276 omnia
3061 2212 3352 2275 membra
3400 2230 3416 2274 z
3469 2229 3627 2292 ergo
3683 2210 3972 2275 Christus

2420 2316 2618 2383 homo
2643 2337 2758 2401 per
2783 2337 2968 2383 suam
2992 2319 3268 2400 gratiam
3297 2319 3367 2381 in
3394 2321 3593 2382 totam
3626 2317 3971 2382 Ecclesiam

2419 2425 2611 2490 habet
2630 2426 3028 2490 influentiam
3055 2448 3069 2489 ε
3102 2426 3210 2490 sed
3236 2425 3511 2490 Ecclesia
3538 2427 3974 2490 communicat

2420 2552 2569 2599 suas
2597 2534 2963 2599 influentias
3003 2534 3250 2616 angelis
3267 2583 3284 2611 ,
3318 2535 3482 2599 sicut
3525 2535 3761 2599 dicitur
3786 2536 3810 2569 ⁸
3838 2559 3854 2599 ε
3900 2536 3973 2603 Ut

2421 2643 2783 2709 innotescat
2845 2643 3325 2724 principatibus
3344 2691 3365 2721 ,
3418 2648 3480 2709 et
3546 2644 3972 2724 potestatibus

2416 2767 2534 2833 per
2567 2751 2921 2816 Ecclesiam
2965 2749 3381 2830 multiformis
3422 2753 3755 2831 sapientia
3796 2754 3919 2819 Dei
3952 2774 3974 2815 .-

2421 2876 2579 2939 ergo
2604 2858 2863 2923 videtur
2897 2858 3071 2940 quod
3107 2858 3445 2922 influentia
3479 2861 3707 2939 gratiae
3745 2859 3975 2925 Christi

2418 2968 2499 3032 ad
2529 2968 2823 3032 homines
2848 2967 3077 3032 electos
3111 2967 3341 3034 haheat
3369 2969 3648 3033 extendi.

2504 3075 2664 3140 Item
2732 3075 2975 3139 malitia
3041 3074 3345 3159 principis
3387 3076 3798 3140 tenebrarum
3846 3095 3975 3141 non

2419 3189 2678 3250 tantum
2706 3206 2775 3251 se
2801 3185 3082 3251 extendit
3110 3186 3188 3248 ad
3217 3184 3539 3249 daemones
3556 3234 3572 3262 ,
3615 3186 3749 3250 imo
3787 3204 3978 3267 mag-

2423 3311 2576 3357 nam
2623 3291 2974 3357 efficaciam
3034 3293 3226 3356 habet
3282 3292 3363 3356 ad
3422 3293 3755 3369 homines;
3810 3292 3980 3356 unde

2424 3399 2684 3464 illorum
2707 3419 2824 3487 per
2850 3401 3218 3483 superbiam
3243 3400 3514 3463 efficitur
3541 3399 3840 3482 princeps
3876 3420 3890 3462 :
3922 3398 3975 3460 si

2425 3525 2584 3590 ergo
2617 3508 2866 3572 bonitas
2902 3509 3131 3589 gratiae
3160 3507 3387 3571 Christi
3413 3510 3508 3570 est
3534 3506 3737 3570 multo
3762 3505 3977 3570 excel-

2425 3616 2679 3693 lentior,
2709 3620 2772 3678 et
2799 3614 3133 3692 efficacior,
3168 3618 3232 3680 et
3257 3605 3686 3691 communior,
3720 3614 3979 3679 videtur

2428 3723 2598 3805 quod
2636 3723 2718 3786 ad
2744 3740 2970 3787 omnes
3002 3722 3230 3786 electos
3272 3740 3339 3786 se
3372 3722 3672 3786 extendat
3705 3740 3825 3804 per
3850 3723 3982 3785 effl-

2430 3830 2667 3895 caciam
2682 3877 2699 3907 ,
2730 3829 2867 3894 sive
2894 3829 3020 3893 sint
3046 3828 3371 3907 homineS,
3400 3829 3536 3895 sive
3564 3828 3777 3910 angeli
3793 3877 3816 3909 ,
3847 3829 3981 3892 sive

2430 3937 2729 4017 viatores,
2755 3937 2889 4002 sive
2918 3937 3107 4001 beati.

2515 4045 2674 4110 Item
2701 4047 2819 4110 iste
2845 4050 2940 4110 aet
2963 4045 3117 4110 ordo
3143 4045 3383 4111 divinae
3409 4043 3736 4129 sapientiae
3774 4048 3839 4109 et
3881 4044 3978 4108 le-

2437 4155 2564 4237 gis,
2595 4159 2670 4219 ut
2696 4154 2890 4219 dictat
2916 4155 3101 4234 ratio,
3134 4159 3197 4219 et
3223 4155 3366 4219 vult
3394 4153 3729 4236 Dionysius
3748 4154 3791 4232 ‘,
3826 4152 3984 4217 scili-

2439 4266 2539 4327 cet
2575 4263 2802 4328 intima
2841 4262 3060 4327 reduci
3100 4280 3215 4345 per
3252 4262 3493 4338 media,
3523 4263 3587 4325 et
3621 4259 3834 4323 media
3875 4278 3989 4343 per

2441 4388 2741 4454 suprema
2769 4393 2787 4435 ι
2823 4370 2995 4434 unde
3033 4374 3099 4433 et
3131 4369 3348 4452 angeli
3391 4366 3692 4433 ordinum
3732 4366 3991 4430 inferio-

2442 4498 2595 4543 rum
2628 4478 2981 4561 suscipiunt
3014 4476 3431 4560 purgationes
3470 4479 3534 4540 et
3576 4473 3991 4557 perfectiones

2446 4589 2526 4652 ab
2558 4587 2805 4668 angelis
2832 4585 3237 4668 superiorum
3264 4583 3589 4649 ordinum.
3624 4581 3749 4646 Sed
3776 4580 3987 4645 Chris-

2445 4703 2553 4763 tus
2590 4701 2902 4779 estsuper
2933 4713 3154 4760 omnae
3180 4698 3313 4758 tam
3345 4691 3608 4773 angelos
3642 4709 3842 4773 quam
3885 4708 3991 4754 ar-

2449 4804 2793 4886 changelos
2826 4825 2841 4867 :
2874 4802 3046 4869 sedet
3091 4801 3263 4866 enim
3280 4807 3302 4841 ⁸
3344 4816 3389 4865 a
3419 4797 3675 4865 dextris
3716 4798 3840 4862 Dei
3870 4796 3951 4879 (a)
3970 4843 3989 4869 ,

2452 4917 2632 4981 tanto
2659 4911 2881 4979 melior
2905 4909 3153 4993 anqezis
3180 4910 3415 4989 factus,
3438 4908 3676 4989 quanto
3703 4921 3842 4986 proe
3858 4903 3995 4968 illis

2453 5037 2525 5088 sic
2553 5038 2711 5088 habet
2740 5052 2753 5089 :
2788 5053 2817 5084 «
2848 5038 2976 5088 Cum
3002 5034 3140 5085 nulla
3167 5033 3232 5083 sit
3256 5030 3544 5082 hierarchia
3561 5068 3578 5094 ‚
3616 5044 3732 5095 quae
3759 5044 3870 5080 non
3896 5026 3997 5093 pri·

2454 5124 2566 5160 mas
2592 5114 2644 5159 et
2662 5109 2857 5159 medias
2879 5108 3183 5171 ultimasque
3206 5105 3419 5154 virtutes
3443 5103 3631 5153 haheat
3644 5139 3662 5166 ,
3686 5106 3896 5152 sanctus
3923 5112 3997 5149 ar·

2455 5183 2821 5248 changelorum
2862 5181 2989 5231 ordo
3010 5217 3027 5245 ,
3065 5180 3179 5244 jure
3225 5177 3451 5240 quodam
3490 5174 3808 5225 hierarchico
3853 5186 4002 5223 com-

2455 5253 2631 5316 muni,
2674 5251 2945 5302 medietate
2991 5264 3084 5300 sua
3110 5248 3339 5299 continet
3380 5250 3659 5296 extremas.
3692 5263 3719 5294 a
3761 5242 3981 5295 Biblnbu

2458 5340 2597 5376 maae.
2623 5327 2868 5388 Patr-um,
2891 5328 3020 5374 tom.
3045 5324 3109 5381 ll,
3136 5335 3190 5385 p.
3216 5323 3323 5380 171.
3352 5319 3453 5372 col.
3481 5330 3532 5384 ι,
3561 5319 3626 5368 de
3653 5318 3842 5381 interp.
3875 5313 4002 5367 Balt-

809 5427 924 5478 dist.
954 5436 1094 5487 xm„
1128 5435 1180 5486 q.
1225 5432 1298 5471 v1.
1332 5445 1384 5454 —-
1408 5419 1430 5451 ²
1458 5415 1660 5479 EpheS„
1692 5424 1725 5474 ι,
1759 5414 1834 5462 10.
1865 5432 1924 5445 --
1959 5403 1981 5437 ⁸
2001 5399 2155 5454 lbid„
2194 5400 2352 5449 22.-
2460 5396 2711 5449 corderii.
2735 5423 2799 5434 -
2827 5396 2849 5430 ⁸
2876 5394 3048 5456 Helm,
3078 5404 3118 5456 1,
3143 5394 3242 5441 3-4.

806 5499 828 5534 ⁸
846 5496 998 5559 thid„
1021 5507 1103 5559 ιιι,
1125 5496 1200 5544 ¹⁰.
1221 5518 1284 5530 —
1307 5490 1518 5549 ⁸Dion„
1545 5486 1606 5536 de
1631 5481 1828 5534 Coelesti
1853 5478 2001 5539 hier„
2024 5488 2072 5525 c.
2102 5483 2177 5534 lx,
2196 5483 2249 5532 p.
2282 5481 2345 5534 11,

2524 5468 2594 5534 (a)
2633 5467 2798 5531 Vulq„
2822 5466 2887 5517 ad
2911 5466 3146 5516 dextram
3168 5460 3448 5525 maiestatis
3477 5461 3532 5510 in
3561 5460 3796 5511 excelsis.
