4185 6288
1245 456 1441 525 ms‘r.
1483 456 1643 526 xxi.
1691 457 1875 525 ΛΒΤ.
1923 458 2001 525 11.
2049 458 2352 539 QUAEST.
2394 460 2504 527 111.

277 593 396 662 sub
437 593 668 664 Pontio
714 593 960 674 Pilato,
997 595 1397 677 crucifixus,
1436 600 1727 663 mortuus
1751 601 1825 662 et

279 702 563 785 sepultus
580 724 606 767 .·
627 702 751 767 hoc
766 705 984 767 autem
1011 701 1241 769 dicitur
1267 702 1344 768 de
1371 702 1533 769 Filio
1559 703 1669 769 Dei
1686 703 1830 769 uni-

279 810 521 891 genito.
569 809 648 874 Et
689 809 812 874 hoc
857 810 1068 896 ipsum
1107 809 1259 876 dicit
1299 797 1675 876 Ambrosius
1720 829 1830 875 ex·

279 938 518 1005 presse,
545 924 611 986 et
634 920 910 985 habetur
936 938 1153 1005 supra,
1183 919 1331 986 dist.
1363 940 1523 987 xvm
1553 942 1572 986 ε
1611 941 1644 983 α
1670 919 1830 986 Tan-

283 1030 427 1092 tum
469 1027 589 1092 fuit
613 1030 944 1111 peccatum
970 1030 1260 1092 nostrum
1279 1075 1298 1108 ,
1327 1031 1402 1092 ut
1436 1027 1670 1092 salvari
1695 1044 1830 1091 non

281 1151 633 1220 possemus,
662 1134 783 1198 nisi
813 1134 1194 1216 unigenitus
1220 1133 1332 1199 Dei
1372 1133 1575 1199 Filius
1615 1152 1826 1200 more-

278 1246 463 1308 retur
486 1260 605 1327 pro
632 1241 819 1306 nobis
845 1242 1238 1308 debitoribus
1263 1242 1509 1309 mortis.
1537 1265 1568 1302 n

362 1350 524 1416 Item
569 1350 693 1414 hoc
735 1349 950 1433 ipsum
995 1350 1251 1416 videtur
1291 1350 1535 1415 ratione
1570 1366 1588 1413 ε
1631 1348 1830 1415 Carne

277 1458 580 1523 nascente
606 1459 671 1521 et
695 1461 998 1551 concepta
1017 1505 1038 1536 ,
1067 1455 1270 1521 Filius
1310 1456 1416 1521 Dei
1447 1459 1638 1522 natus
1665 1455 1829 1520 dici-

279 1569 390 1630 tur
414 1566 482 1628 et
518 1567 857 1647 conceptus
889 1582 910 1629 ε
939 1582 1098 1648 ergo
1144 1564 1284 1649 pari
1321 1564 1595 1645 ratione,
1640 1582 1831 1629 carne

280 1674 563 1752 mortua,
591 1670 791 1740 Filius
814 1671 926 1737 Dei
952 1672 1139 1739 debet
1162 1673 1291 1737 dici
1319 1677 1635 1738 mortuus.

364 1779 526 1845 Item
575 1779 913 1846 satisfactio
960 1797 1081 1863 pro
1136 1784 1393 1864 peccato
1442 1783 1661 1845 nostro
1712 1778 1834 1843 fuit

278 1906 402 1972 per
424 1886 783 1971 passionem
808 1890 873 1952 et
896 1891 1211 1952 mortem:
1237 1887 1348 1952 sed
1376 1887 1597 1951 nullus
1623 1883 1834 1970 potuit

280 2011 403 2078 pro
464 1997 722 2077 peccato
777 1997 995 2059 nostro
1053 1993 1408 2058 satisfacere
1422 2040 1444 2072 ‚
1492 1991 1617 2055 nisi
1672 1992 1836 2055 esset

279 2100 498 2167 Deus:
529 2119 713 2184 ergo,
742 2102 795 2165 si
821 2119 939 2185 pro
964 2101 1234 2185 peccatis
1262 2100 1496 2164 nostris
1523 2118 1638 2183 per
1663 2116 1836 2164 mor-

278 2212 418 2275 tem
462 2208 640 2272 illam
683 2209 1076 2275 satisfactum
1118 2212 1216 2274 est
1262 2225 1436 2289 vere,
1483 2205 1683 2272 Filius
1724 2204 1835 2271 Dei

277 2315 407 2383 fuit
432 2317 749 2383 mortuus.

382 2428 541 2492 Item
592 2428 752 2491 unio
812 2427 922 2492 illa
982 2426 1130 2491 facit
1192 2424 1836 2491 communicationem

283 2535 671 2602 idiomatum
702 2557 719 2599 ι
750 2533 859 2598 sed
897 2535 1156 2618 propter
1185 2533 1647 2616 separationem
1690 2533 1836 2598 ani-

285 2658 419 2706 mae
459 2660 501 2706 a
542 2659 732 2705 carne
774 2659 1004 2708 verum
1048 2643 1112 2705 et
1153 2641 1586 2706 necessarium
1609 2641 1736 2706 fuit
1759 2641 1838 2705 il·-

282 2750 432 2816 lum
473 2749 806 2815 hominem
850 2748 1013 2814 mori
1047 2771 1061 2814 z
1094 2767 1252 2831 ergo
1293 2767 1446 2814 vere
1466 2797 1485 2828 ,
1516 2752 1580 2813 et
1599 2767 1833 2814 conve-

283 2857 540 2923 nienter
586 2859 794 2940 potest
846 2874 1020 2921 mors
1063 2855 1326 2921 attribui
1355 2855 1464 2919 Dei
1489 2854 1733 2936 Verbo,
1764 2859 1841 2922 ut

286 2964 541 3031 dicatur
580 2963 782 3029 Filius
805 2962 918 3030 Dei
953 2966 1250 3030 mortuus
1287 2966 1351 3027 et
1387 2962 1679 3048 sepultus
1721 2981 1838 3047 pro

288 3072 502 3138 nobis.

47 3208 117 3252 Aa
151 3218 256 3264 opp.
374 3179 496 3246 Sed
525 3182 745 3245 contra
775 3200 792 3245 ε
833 3184 895 3245 1.
939 3178 1346 3262 Augustinus
1385 3177 1534 3243 dicit
1554 3188 1599 3260 ¹,
1627 3184 1691 3244 et
1714 3181 1838 3245 ha-

288 3290 483 3356 betur
520 3287 590 3352 iu
629 3288 860 3368 littera,
902 3286 1021 3352 ult.
1051 3289 1189 3371 capi
1224 3308 1241 3351 ε
1286 3309 1318 3349 α
1345 3285 1414 3352 Si
1437 3287 1583 3371 quis
1607 3288 1840 3354 dixerit

290 3401 489 3481 atque
528 3394 865 3461 crediderit
914 3392 1120 3459 Deum
1173 3412 1459 3478 passum,
1500 3396 1840 3461 anathema

289 3505 400 3570 sit.
450 3525 483 3565 n
531 3501 657 3568 Sed
697 3501 803 3567 cui
846 3519 983 3566 non
1028 3504 1234 3585 potest
1284 3501 1551 3567 attribui
1606 3505 1836 3587 passio,

291 3630 430 3678 non
472 3612 676 3694 potest
712 3607 976 3673 attribui
1017 3626 1192 3672 mors
1234 3626 1252 3672 ε
1298 3608 1353 3673 si
1382 3626 1540 3691 ergo
1586 3628 1725 3676 non
1748 3618 1842 3678 est

293 3717 685 3785 credendum
712 3715 950 3781 Filium
993 3714 1107 3781 Dei
1141 3734 1404 3800 passum
1422 3765 1441 3797 ,
1471 3718 1638 3783 sicut
1661 3719 1836 3801 dicit,

292 3845 434 3894 nou
459 3828 555 3892 est
580 3823 967 3890 credendum
996 3841 1207 3906 neque
1237 3824 1579 3891 dicendum
1607 3826 1842 3894 Filium

294 3934 412 4002 Dei
437 3931 634 3997 fuisse
662 3931 965 3996 mortum.

378 4043 444 4106 Ξ.
488 4038 649 4104 Item
700 4037 1006 4102 idiomata
1048 4034 1245 4120 partis
1299 4057 1432 4106 non
1482 4044 1845 4110 communi-

293 4152 530 4216 cantur
554 4163 845 4230 personae
870 4144 1057 4213 Verbi
1090 4168 1107 4210 ε
1138 4149 1438 4230 quamvis
1481 4150 1658 4214 enim
1698 4171 1845 4218 caro

293 4259 496 4326 fuerit
534 4259 823 4341 separata
867 4255 948 4320 ab
994 4255 1214 4321 anima
1233 4305 1253 4337 ,
1283 4276 1415 4323 non
1459 4262 1672 4325 tamen
1703 4281 1847 4346 pro-

298 4372 444 4454 pter
471 4365 593 4430 boc
630 4363 830 4429 Filius
855 4367 1183 4446 separatus
1210 4364 1331 4429 fuit
1357 4367 1438 4432 ab
1470 4368 1581 4434 illa
1607 4370 1844 4450 anima,

297 4492 502 4560 quam
541 4470 888 4555 assumpsit
936 4493 952 4537 :
1003 4489 1166 4554 ergo
1216 4471 1271 4535 si
1318 4491 1435 4556 per
1487 4478 1848 4559 passionem

300 4581 537 4650 Christi
576 4597 707 4645 non
753 4582 849 4644 est
891 4580 1149 4644 mortua
1175 4578 1300 4644 nisi
1326 4581 1463 4646 sola
1488 4602 1667 4663 caro,
1695 4587 1850 4669 quia

301 4690 524 4756 anima
555 4704 806 4771 semper
846 4685 1057 4766 vixit,
1101 4704 1234 4752 non
1261 4687 1516 4754 videtur
1540 4692 1709 4775 quod
1745 4693 1852 4758 Fi-

300 4798 395 4866 lio
430 4796 543 4862 Dei
577 4813 730 4861 vere
756 4793 954 4879 possit
989 4795 1250 4860 attribui
1277 4814 1451 4862 mors
1485 4817 1503 4863 :
1534 4802 1648 4864 aut
1671 4801 1725 4865 si
1753 4806 1848 4867 at·-

305 4904 620 4971 tribuitur
645 4903 706 4967 ei
745 4919 918 4967 mors
937 4950 958 4981 ,
990 4905 1147 4967 tunc
1176 4907 1270 4968 est
1294 4907 1568 4987 quaestio
1589 4957 1608 4988 ,
1651 4927 1852 4993 quare

309 5025 445 5081 non
471 5011 761 5078 similiter
787 5010 1161 5078 attribuitur
1189 5013 1249 5078 ei
1273 5015 1608 5096 separatio.

391 5125 454 5187 3.
484 5121 645 5186 Item
666 5123 927 5203 propter
952 5120 1451 5202 repugnantiam
1478 5122 1855 5191 idiomatum

306 5230 456 5299 haec
497 5247 633 5295 non
676 5227 983 5311 recipitur
1036 5230 1464 5297 communiter
1506 5250 1525 5299 ε
1584 5256 1615 5296 α
1655 5232 1857 5300 Filius

309 5337 426 5405 Dei
464 5339 560 5402 est
606 5338 901 5402 creatura
930 5355 948 5399 t
976 5355 1009 5394 n
1042 5335 1153 5401 sed
1180 5338 1386 5404 multo
1424 5341 1636 5425 magis
1661 5361 1859 5427 repu-

381 5463 401 5500 ·
420 5464 573 5528 Aug„
600 5473 753 5513 serm.
777 5471 861 5525 111,
884 5461 938 5510 in
955 5474 1088 5511 coena
1111 5461 1328 5515 Domini.

3353 454 3476 525 1⁵53

1933 598 2094 678 gnat
2113 596 2265 662 vitae
2292 614 2487 675 mors,
2517 614 2716 681 quam
2742 594 3013 661 intentio
3041 596 3354 660 creaturae
3380 595 3481 660 in·

1932 707 2199 773 tentioni
2257 696 2566 774 Creatoris
2615 728 2634 773 z
2688 724 2846 790 ergo
2886 707 2944 772 si
2997 706 3197 773 Filius
3238 707 3349 774 Dei
3385 709 3483 774 est

1932 812 2072 896 ipsa
2097 813 2249 895 vita,
2282 814 2534 879 videtur
2555 813 2728 896 quod
2754 813 2933 879 nullo
2960 813 3151 879 modo
3197 812 3279 878 sit
3304 830 3481 880 mors

1934 920 1995 986 ei
2021 921 2445 987 attribuenda.
2738 1006 2739 1009 Ἴ

2014 1032 2076 1092 4.
2120 1027 2280 1092 Item
2303 1077 2320 1107 ‚
2366 1028 2762 1111 quicumque
2811 1027 3045 1093 diceret
3082 1043 3337 1093 summe
3376 1045 3479 1095 sa-

1936 1136 2220 1220 pientem
2248 1155 2384 1201 esse
2428 1135 2720 1213 stultum,
2750 1134 3220 1218 blasphemaret
3250 1155 3268 1201 ε
3297 1135 3484 1201 simi-

1933 1242 2080 1309 liter
2128 1244 2241 1327 qui
2284 1243 2521 1326 diceret
2559 1259 2812 1307 summe
2838 1241 3112 1311 „bonum
3159 1259 3299 1308 esse
3353 1242 3483 1307 ini-

1937 1369 2141 1435 quum
2182 1375 2198 1416 z
2231 1370 2389 1434 ergo
2425 1350 2565 1436 pari
2602 1350 2848 1414 ratione
2894 1351 3009 1434 qui
3036 1351 3187 1417 dicit
3223 1369 3481 1418 summe

1935 1461 2260 1541 potentem
2288 1476 2421 1523 esse
2461 1458 2796 1522 infirmum
2827 1478 2842 1523 ε
2876 1459 2983 1523 sed
3010 1459 3135 1524 hoc
3162 1459 3335 1541 dicit,
3362 1458 3481 1544 qui

1936 1566 2089 1631 dicit
2131 1565 2369 1632 Filium
2406 1567 2518 1632 Dei
2558 1585 2694 1631 esse
2738 1571 3072 1633 mortuum
3112 1591 3130 1634 ι
3177 1587 3335 1652 ergo
3370 1567 3482 1653 qui

1936 1671 2061 1739 hoc
2084 1672 2254 1756 dicit,
2284 1674 2679 1758 blasphemat
2704 1674 2931 1739 Deum.

2482 1850 2935 1920 CONCLUSIO.

1942 1996 2335 2058 eoncedendum
2372 2002 2450 2055 aet
2474 2015 2597 2057 vere
2620 2001 2827 2058 Filium
2854 2002 2957 2058 Dei
2992 2002 3161 2072 tuisse
3185 1980 3482 2073 morttmm,

2012 2104 2123 2145 nou
2164 2088 2445 2146 mumdum
2477 2091 2730 2147 divinam
2763 2094 3055 2164 naturam,
3084 2092 3177 2149 sed
3200 2092 3488 2150 secundm

2012 2180 2305 2236 humanam
2323 2195 2426 2253 per
2451 2180 2774 2239 idiomatum
2803 2184 3359 2241 communicationem.

2022 2314 2208 2402 Resp.
2238 2318 2319 2383 ad
2347 2336 2490 2401 arg.
2520 2319 2872 2385 Dicendum
2898 2320 3071 2403 quod
3099 2322 3340 2405 absque
3376 2321 3492 2388 du-

1942 2424 2049 2491 bio
2078 2426 2554 2492 concedendum
2590 2432 2723 2507 est,
2751 2427 2988 2493 Filium
3025 2428 3137 2494 Dei
3161 2447 3281 2514 pro
3305 2429 3494 2497 nobis

1942 2532 2138 2596 fuisse
2170 2538 2527 2629 mortuum.
2569 2534 2649 2600 Et
2691 2535 2816 2600 hoc
2856 2536 3118 2619 quidem
3163 2537 3288 2602 sibi
3337 2555 3492 2603 vere

1943 2639 2318 2705 attribuitur
2372 2660 2506 2706 non
2563 2643 2922 2708 secundum
2969 2648 3269 2709 naturam
3316 2644 3493 2709 divi-

1941 2765 2129 2825 nam,
2185 2749 2295 2812 sed
2345 2749 2697 2815 secundum
2741 2750 3137 2832 humanam;
3187 2754 3323 2817 n'on
3376 2770 3493 2837 per

1944 2855 2283 2920 essentiam
2306 2903 2325 2936 ,
2374 2859 2490 2920 aut
2534 2875 2649 2940 per
2693 2856 3140 2923 inhaerentiam
3162 2906 3181 2941 ,
3224 2859 3337 2924 sed
3376 2877 3493 2944 per
3580 2876 3589 2883 ·

1945 2962 2326 3027 idiomatum
2391 2964 3031 3029 communicantiam.
3098 2965 3177 3031 Et
3229 2965 3353 3031 hoc
3419 2967 3493 3033 in

1944 3070 2126 3134 nullo
2164 3069 2431 3153 derogat
2464 3070 2702 3136 divinae
2729 3071 3045 3156 majestati
3064 3118 3082 3150 ,
3112 3075 3177 3137 et
3203 3073 3490 3138 multum

1944 3182 2252 3244 consonat
2272 3178 2512 3263 pietati.
2542 3177 2807 3244 Nullum
2834 3178 3009 3244 enim
3037 3181 3314 3246 verbum
3351 3200 3491 3247 ma-

1938 3287 2102 3370 joris
2145 3284 2534 3369 dignationis
2574 3303 2872 3351 resonare
2897 3290 3105 3371 potest
3129 3289 3199 3352 in
3225 3288 3490 3356 auribus

1946 3394 2154 3459 cordis
2194 3392 2508 3471 hominia,
2550 3411 2749 3475 quam
2775 3394 2947 3476 quod
2976 3394 3354 3477 unigenitus
3375 3396 3490 3462 Dei

1946 3501 2148 3567 Filius
2174 3503 2464 3566 mortuus
2507 3500 2700 3565 fuerit
2744 3518 2864 3583 pro
2890 3500 3075 3566 nobis
3103 3501 3493 3568 debitoribus

1948 3609 2194 3675 mortis.
2225 3609 2303 3674 Et
2323 3607 2466 3673 ideo
2500 3626 2634 3673 non
2659 3611 2913 3673 tantum
2951 3613 3047 3673 est
3080 3609 3206 3675 hoc
3230 3610 3496 3675 creden-

1949 3718 2107 3783 dum
2152 3721 2217 3782 et
2266 3715 2680 3781 asserendum
2718 3721 3028 3800 tanquam
3071 3735 3340 3796 verum,
3384 3720 3495 3785 sed

1949 3825 2146 3890 etiam
2177 3823 2685 3907 frequentissime
2709 3822 3142 3888 recolendum.
3173 3824 3252 3889 Et
3278 3842 3496 3892 conce-

1951 3932 2175 3997 dendae
2202 3934 2359 3996 sunt
2383 3930 2661 3996 rationes
2691 3948 2841 4013 quae
2869 3929 2993 3996 hoc
3019 3931 3382 3997 ostendunt.

2033 4045 2063 4105 1
2077 4089 2095 4104 .
2141 4040 2241 4104 Ad
2279 4039 2437 4105 illud
2462 4057 2615 4106 vero
2641 4039 2815 4121 quod
2844 4039 3142 4123 objicitur
3164 4039 3242 4105 de
3268 4041 3497 4107 aucto-

1951 4139 2138 4215 ritate
2181 4147 2554 4232 Augustini,
2580 4146 2734 4211 satis
2760 4145 3213 4212 convenienter
3236 4164 3499 4231 respon-

1953 4255 2058 4322 det
2113 4255 2416 4338 Magister
2441 4254 2509 4318 in
2537 4252 2769 4318 littera.
2821 4252 2964 4319 Non
3007 4254 3183 4319 enim
3227 4252 3501 4319 intendit

1953 4385 2287 4433 removere
2334 4364 2694 4452 passionem
2724 4384 2765 4429 a
2806 4381 3080 4449 persona
3118 4363 3309 4432 Verbi
3336 4364 3500 4430 sim·

1954 4480 2222 4566 pliciter,
2255 4476 2364 4541 sed
2390 4475 2747 4540 secundum
2772 4475 3057 4540 divinam
3091 4475 3414 4539 naturam.

2036 4592 2101 4652 2.
2131 4585 2230 4651 Ad
2259 4582 2417 4649 illud
2444 4582 2615 4665 quod
2641 4581 2964 4665 objicitur,
2994 4580 3167 4664 quod
3200 4578 3504 4645 idiomata

1956 4692 2156 4779 partis
2194 4708 2327 4755 non
2365 4688 2925 4754 communicantur
2957 4701 3250 4772 personae
3288 4684 3502 4766 Verbi,

1957 4799 2302 4868 dicendum
2331 4796 2505 4881 quod
2543 4795 2711 4860 mori
2750 4809 2884 4859 non
2916 4798 3173 4859 tantum
3206 4790 3508 4859 convenit

1960 4906 2142 4975 carni
2163 4955 2183 4986 ‚
2211 4906 2322 4971 sed
2364 4902 2557 4969 etiam
2591 4903 2710 4967 toti
2749 4902 2998 4967 homini
3047 4902 3401 4984 assumpto.
3431 4897 3510 4963 In

1961 5012 2360 5099 separatione
2385 5011 2560 5076 enim
2586 5010 2821 5076 animae
2844 5029 2884 5076 a
2908 5028 3097 5075 carne
3129 5027 3263 5074 non
3298 5007 3511 5072 solum

1963 5123 2242 5190 moritur
2266 5138 2436 5200 carc,
2466 5118 2576 5184 sed
2605 5119 2798 5183 etiam
2822 5120 2995 5182 totus
3017 5117 3234 5183 bomo.
3267 5114 3347 5181 Et
3367 5113 3512 5180 ideo

1965 5231 2131 5302 ratio
2157 5230 2268 5296 illa
2297 5227 2577 5312 procedit
2605 5245 2687 5292 ex
2714 5225 3144 5310 suppositione
3172 5222 3336 5289 falsi.

2049 5341 2112 5404 3.
2141 5334 2240 5402 Ad
2261 5333 2422 5400 illud
2448 5331 2623 5417 quod
2648 5331 2968 5416 objicitur,
2998 5328 3171 5415 quod
3189 5346 3325 5395 non
3340 5341 3516 5393 com·

1968 5444 2382 5515 municantur
2424 5440 2726 5509 idiomata
2767 5438 2882 5507 ubi
2915 5441 3013 5506 est
3055 5433 3507 5523 repugnantia,
