4185 6288
706 450 823 512 622

705 583 918 667 ipsum
938 608 956 665 ;
988 585 1113 649 alio
1161 584 1353 648 modo
1398 602 1513 666 per
1559 584 2087 666 aggregationem
2121 586 2242 648 cir-

702 692 1227 755 cumstantiarum
1252 710 1268 769 ;
1289 691 1475 754 tertio
1493 691 1682 754 modo
1695 709 1776 754 ex
1808 691 2143 756 medietate
2155 691 2250 754 in-

700 801 800 861 ter
827 800 1227 881 superfluum
1269 803 1332 861 et
1366 797 1779 862 diminutum.
1813 798 2028 862 Primo
2056 799 2246 862 modo

703 910 797 967 est
829 904 1043 969 dicere
1062 954 1080 983 ,
1119 904 1292 988 quod
1324 904 1514 968 habet
1541 906 1803 969 modum
1832 907 2041 969 omnis
2068 910 2248 969 actus

699 1013 955 1075 virtutis
1004 1017 1254 1076 creatae.
1307 1010 1528 1075 Omnis
1571 1013 1745 1076 enim
1788 1015 1994 1077 virtus
2037 1018 2246 1076 creata

701 1119 878 1182 finita
918 1124 1014 1182 est
1058 1125 1120 1182 et
1167 1120 1487 1183 limitata:
1520 1126 1581 1185 ει
1630 1122 1769 1185 ideo
1811 1123 2024 1186 omnis
2065 1125 2246 1185 actus

701 1227 845 1307 ejus
887 1227 1198 1290 finitatem
1237 1227 1431 1290 habet
1478 1233 1541 1291 et
1585 1229 1883 1307 modum,
1927 1227 2246 1310 loquendo

698 1332 777 1395 de
827 1333 1196 1397 limitatione
1236 1339 1298 1397 et
1341 1335 1548 1398 fluitat
1589 1338 1671 1412 (α)
1715 1353 1845 1398 non
1891 1334 2245 1398 secundum

699 1438 1178 1520 possibilitatem
1203 1488 1221 1515 ‚
1266 1441 1372 1503 sed
1423 1442 1776 1505 secundum
1824 1445 2062 1505 actum.
2125 1439 2241 1503 Se-

703 1545 916 1610 cundo
966 1566 1120 1611 vero
1168 1548 1357 1612 modo
1401 1552 1496 1611 est
1537 1549 1745 1613 dicere
1794 1549 2061 1612 modum
2106 1565 2245 1611 esse

700 1648 866 1711 circa
907 1655 1120 1713 actum
1159 1651 1413 1714 virtutis
1453 1651 1714 1715 moralis
1759 1654 1823 1715 et
1867 1651 2236 1729 memoriae,

697 1755 850 1837 quia
875 1756 1089 1820 nullus
1115 1764 1292 1820 actus
1337 1758 1799 1837 inlaudabilis,
1831 1758 1951 1821 nisi
1979 1758 2056 1821 ad
2085 1775 2238 1821 eum

698 1867 1083 1926 concurrant
1156 1866 1386 1928 debitae
1460 1866 1971 1929 circumstantias.
2030 1863 2243 1929 Tertio

697 1970 888 2034 modo
931 1975 1027 2034 est
1070 1971 1278 2036 dicere
1318 1972 1488 2054 quod
1526 1973 1792 2035 modum
1835 1971 2027 2035 habet
2065 1977 2245 2035 aetus

698 2080 906 2143 omnis
958 2081 1216 2145 virtutis
1276 2082 1611 2145 cardinalis
1649 2130 1670 2160 ‚
1727 2082 1864 2144 sive
1915 2080 2239 2162 politicae:

698 2204 921 2251 omnae
970 2190 1144 2252 enim
1193 2190 1259 2251 in
1305 2190 1637 2253 medietate
1682 2189 2035 2252 consistunt
2078 2188 2244 2251 inter

701 2295 1103 2376 superfluum
1128 2301 1190 2360 et
1215 2296 1635 2371 diminutum,
1656 2314 1738 2359 ex
1766 2294 1886 2359 hoc
1913 2296 2049 2377 ipso
2072 2296 2244 2377 quod

699 2399 935 2464 habent
963 2402 1284 2482 objectum
1313 2408 1597 2466 creatum
1635 2408 1698 2466 et
1744 2402 2021 2466 finitum.
2068 2404 2238 2478 Quo-

702 2507 879 2571 niam
906 2525 1064 2590 ergo
1093 2510 1367 2573 charitas
1393 2515 1488 2573 est
1516 2511 1723 2573 virtus
1751 2514 1960 2572 creata
1978 2557 1995 2582 ,
2029 2512 2091 2572 et
2118 2509 2245 2572 vir-

697 2619 805 2676 tus
835 2617 1150 2695 gratuita,
1180 2622 1246 2680 et
1271 2619 1475 2681 virtus
1514 2617 1874 2697 theologica
1894 2666 1911 2694 ,
1956 2616 2109 2679 hinc
2151 2619 2245 2679 est

698 2722 867 2803 quod
914 2728 1091 2787 actus
1130 2727 1272 2807 ejus
1313 2725 1582 2789 modum·
1626 2724 1819 2788 habet
1863 2742 1946 2788 ex
1988 2723 2244 2787 virtutis

703 2828 1099 2894 limitatione.
1133 2831 1392 2895 Modum
1434 2832 1626 2895 etiam
1653 2831 1844 2895 habet
1883 2849 1964 2894 ex
1991 2830 2242 2894 debita-

706 2954 853 2998 rum
882 2938 1503 3001 circumstantiarum
1545 2937 1864 3001 additione
1884 2986 1901 3015 ,
1930 2941 2007 3001 ut
2045 2941 2237 3019 patet,

699 3044 853 3126 quia
880 3045 1141 3123 modus,
1175 3046 1287 3126 qui
1314 3050 1409 3109 εει
1436 3045 1602 3109 circa
1636 3050 1849 3109 actum
1877 3045 2238 3123 charitatis,

702 3156 797 3217 est
839 3157 915 3216 ut
959 3154 1104 3235 quis
1151 3153 1374 3234 diligat
1429 3153 1625 3217 Deum
1680 3170 1873 3234 super
1916 3152 2135 3216 omnia
2180 3157 2244 3216 et

703 3266 959 3342 propter
986 3279 1055 3325 se
1082 3279 1164 3323 ex
1197 3264 1329 3324 toto
1375 3260 1593 3338 corde,
1626 3278 1708 3323 ex
1754 3264 1883 3324 tota
1922 3260 2139 3323 anima
2181 3262 2244 3323 et

699 3388 781 3432 ex
808 3371 942 3431 tota
986 3371 1200 3431 mente
1230 3388 1245 3429 :
1281 3368 1389 3431 sed
1431 3368 1699 3432 modum
1745 3366 1965 3445 illum,
1997 3366 2114 3449 qui
2150 3371 2243 3430 est

697 3497 778 3539 ex
815 3475 1152 3539 medietate
1196 3473 1361 3537 inter
1402 3475 1806 3556 superfluum
1851 3478 1914 3538 et
1958 3474 2242 3537 diminu-

701 3591 875 3661 tum,
899 3602 1029 3648 non
1062 3584 1271 3662 habet,
1304 3584 1459 3665 quia
1485 3583 1809 3665 objectum
1836 3584 1978 3665 eJus
2005 3587 2103 3647 est
2123 3583 2243 3646 im-

698 3711 993 3757 mensum
1021 3697 1084 3756 et
1115 3691 1463 3755 infinitum.
1496 3690 1593 3754 Ex
1616 3691 1719 3755 his
1761 3694 1930 3773 patet
1969 3709 2244 3773 respon-

696 3803 790 3865 sio
817 3801 896 3865 ad
933 3800 1354 3883 quaestionem
1384 3800 1771 3881 propositam
1794 3847 1812 3878 ,
1847 3799 2000 3882 quia
2030 3805 2243 3864 motus

696 3909 1053 3974 dilectionis
1097 3908 1166 3971 in
1211 3906 1456 3981 Deum,
1507 3908 1786 3988 quodam
1839 3906 2029 3970 modo
2075 3907 2242 3970 acci-

698 4016 908 4098 piendi
954 4014 1214 4081 modum
1237 4062 1253 4091 ‚
1291 4013 1640 4077 modificari
1683 4014 1911 4089 hahet,
1958 4016 2240 4096 quodam

698 4122 890 4187 modo
919 4140 1074 4185 vero
1121 4120 1411 4184 minime.
1441 4120 1519 4184 Et
1545 4121 1897 4186 secundum
1931 4120 2054 4184 hoc
2090 4140 2237 4186 cur-

700 4235 854 4295 runt
869 4232 1146 4296 rationes
1167 4231 1246 4295 ad
1266 4231 1585 4312 oppositas
1607 4234 1836 4312 partes.
1861 4227 1914 4293 N
1919 4248 2023 4293 am
2043 4231 2238 4295 ratio-

699 4357 815 4402 nes
833 4356 981 4421 quae
1006 4338 1085 4402 ad
1105 4338 1379 4419 primam
1398 4342 1644 4420 partem
1660 4332 2077 4415 inducuntur,
2091 4356 2239 4420 quae

703 4445 1046 4510 ostendunt
1067 4448 1317 4508 motum
1344 4443 1667 4507 charitatis
1689 4443 1925 4508 habere
1946 4445 2238 4526 modum,

704 4552 1093 4618 concludunt
1116 4551 1192 4614 de
1217 4551 1403 4615 modo
1420 4551 1534 4631 qui
1551 4550 2242 4617 consistitinlimitatio·

636 4692 675 4733 ·.
702 4680 788 4726 ne
807 4665 986 4725 actus
1000 4660 1316 4741 quantum
1339 4656 1415 4720 ad
1436 4657 1740 4738 seipsum.
1767 4655 1881 4721 Illa
1901 4662 2117 4723 tamen
2143 4678 2243 4723 ra-

656 4774 676 4785 ”
705 4770 793 4833 tio
815 4770 893 4831 de
909 4765 1216 4847 sapientia
1235 4782 1366 4827 non
1395 4763 1590 4843 cogit,
1606 4762 1760 4845 quia
1776 4763 2085 4846 sapientia
2107 4785 2240 4830 uno

702 4875 891 4939 modo
915 4872 1079 4936 dicta
1106 4874 1200 4934 est
1222 4890 1262 4934 a
1284 4885 1524 4951 sapere,
1547 4870 1671 4933 alio
1687 4871 1876 4937 modo
1907 4872 2072 4937 dicta
2084 4878 2178 4937 est
2202 4894 2241 4938 a

700 4998 924 5064 sapore
946 4999 969 5045 .·
988 4980 1076 5042 ita
1089 4978 1259 5060 quod
1279 4996 1412 5041 uno
1429 4976 1617 5041 modo
1632 4977 1915 5042 consistit
1936 4978 2006 5042 in
2020 4982 2241 5061 cogni-

698 5090 892 5166 tione,
910 5087 1034 5151 alio
1065 5083 1254 5148 modo
1281 5085 1350 5147 in
1388 5083 1739 5149 affectione.
1769 5084 1849 5150 Et
1883 5088 2239 5153 secundum

700 5194 871 5275 quod
891 5191 1172 5256 consistit
1192 5191 1264 5254 in
1289 5190 1621 5255 affectione
1636 5238 1653 5268 ‚
1685 5191 1774 5254 sic
1798 5191 1947 5256 dicit
1973 5193 2240 5259 Bernar-

700 5300 820 5363 dus
837 5297 879 5375 ¹,
897 5298 1070 5379 quod
1082 5297 1354 5361 charitas
1366 5297 2019 5380 crescitinsapientia:
2040 5307 2105 5366 et
2115 5303 2239 5367 hoc

768 5424 782 5458 ¹
807 5424 979 5481 Rern„
997 5419 1057 5468 de
1078 5420 1195 5469 Nat.
1215 5436 1373 5470 amor.
1400 5421 1512 5483 Dei,
1527 5434 1570 5472 c.
1594 5433 1720 5472 11.—·
1738 5424 1801 5485 (a)
1827 5424 1912 5478 Al.
1933 5425 2237 5477 fluitatione.

1821 445 2442 515 SENTENTtARUM
2484 448 2634 515 Lm.
2679 451 2787 517 111.

2355 586 2545 650 modo
2584 604 2717 650 non
2746 587 2940 651 habet
2981 587 3195 652 vitiari
3236 605 3350 670 per
3387 606 3751 653 cxcoesum.
3777 585 3889 651 Se-

2355 692 2640 756 cundum
2669 699 2886 758 autem
2913 694 3085 777 quod
3113 696 3392 759 consistit
3421 695 3486 758 in
3505 695 3886 776 cognitione,

2355 797 2445 860 sic
2480 803 2681 880 potest
2712 800 2926 864 vitiari
2960 819 3073 882 per
3107 819 3439 865 excessum
3467 806 3532 865 et
3563 801 3886 864 curiosita-

2354 909 2483 970 tem
2511 910 3026 989 perscrutationis
3056 927 3074 970 :
3117 910 3224 973 sed
3254 911 3373 973 hoc
3404 908 3596 973 modo
3638 926 3771 973 non
3802 913 3890 972 εει

2353 1014 2646 1096 superior
2686 1015 2764 1079 ad
2812 1016 3187 1080 charitatem
3210 1066 3227 1095 ‚
3272 1034 3391 1080 nec
3436 1015 3546 1078 illa
3585 1015 3881 1095 dignior:

2353 1124 2417 1183 et
2448 1120 2590 1184 ideo
2631 1140 2761 1185 non
2802 1123 3092 1205 sequitur
3117 1123 3287 1205 quod
3325 1127 3541 1187 motus
3574 1121 3888 1186 charitatis

2353 1228 2419 1290 in
2469 1227 2667 1292 Deum
2712 1229 2942 1294 habeat
2987 1231 3284 1305 modum,
3324 1230 3679 1294 secundum
3725 1228 3885 1311 quod

2353 1334 2582 1399 modus
2631 1335 2784 1398 dicit
2834 1336 3121 1400 medium
3173 1337 3342 1401 inter
3383 1337 3789 1419 superfluum
3830 1341 3887 1399 et

2352 1441 2763 1506 diminutum.
2795 1443 2955 1506 Aliae
2992 1462 3149 1508 vero
3180 1449 3310 1508 tres
3354 1445 3635 1507 rationes
3668 1461 3884 1507 verum

2352 1549 2740 1614 concludunt
2770 1569 2787 1612 ε
2816 1554 2880 1613 ει
2905 1550 3049 1614 ideo
3073 1551 3497 1615 concedendae
3520 1555 3696 1615 sunt.

2434 1662 2493 1719 1.
2541 1656 2636 1736 Ad
2687 1658 2968 1721 rationes
3015 1675 3171 1721 vero
3215 1676 3364 1740 quae
3409 1658 3490 1721 ad
3536 1659 3884 1740 oppositum

2352 1763 2781 1841 adducuntur,
2831 1764 3122 1828 similiter
3173 1765 3365 1847 plana
3410 1769 3505 1828 est
3546 1767 3882 1847 responsio.

2353 1867 2514 1932 Nam
2543 1870 2701 1933 illud
2735 1870 3069 1948 Bernardi‚
3097 1870 3177 1935 de
3203 1870 3529 1953 diliymdo
3553 1872 3701 1949 Dec,
3730 1871 3885 1953 quod

2352 1974 2516 2039 Deus
2554 1976 2924 2059 diligendus
2971 1981 3065 2040 est
3109 1977 3246 2041 sine
3292 1978 3519 2057 modo,
3564 1997 3699 2042 non
3742 1977 3886 2041 tollit

2353 2083 2620 2146 modum
2643 2082 2870 2146 debitae
2900 2083 3393 2148 circumstantias
3413 2132 3431 2161 ‚
3453 2085 3558 2148 vel
3586 2085 3879 2148 finitatem

2350 2191 2606 2253 virtutis
2641 2195 2903 2269 creatae3
2936 2191 3043 2254 sed
3092 2191 3215 2256 hoc
3258 2193 3461 2271 tollit,
3492 2192 3668 2274 quod
3702 2210 3878 2255 nemo

2352 2297 2535 2361 debet
2575 2298 2716 2361 sihi·
2741 2300 3094 2362 terminum
3130 2299 3326 2380 juxta
3364 2300 3674 2362 virtutem
3714 2317 3884 2362 suam

2351 2404 2711 2485 praeflgere,
2735 2405 2889 2487 quia
2905 2424 3096 2470 nemo
3116 2410 3319 2488 potest
3350 2406 3676 2488 superflue
3695 2405 3884 2470 Deum

2350 2509 2615 2591 diligere
2638 2560 2654 2589 ‚
2685 2517 2748 2576 et
2791 2513 2878 2576 ita
2916 2515 3126 2579 aufert
3164 2514 3433 2578 modum
3473 2513 3665 2578 tertio
3712 2513 3886 2577 modo

2350 2617 2619 2681 dictum.

2431 2729 2494 2787 2.
2522 2724 2619 2788 Ad
2647 2725 2800 2789 illud
2831 2726 3002 2808 quod
3034 2726 3364 2808 objicitur,
3398 2728 3571 2810 quod
3610 2727 3772 2792 ratio
3796 2727 3887 2791 di-

2350 2830 2590 2911 ligendi
2621 2831 2822 2897 Deum
2852 2838 2945 2897 εει
2970 2833 3219 2897 bonitas
3240 2833 3521 2912 infinita,
3551 2834 3882 2899 dicendum

2350 2938 2523 3020 quod
2562 2938 2706 3003 licet
2746 2940 3019 3004 charitas
3066 2945 3323 3004 moveat
3365 2941 3781 3005 conformiter
3814 2941 3883 3004 ad

2351 3046 2528 3109 illam
2549 3046 2864 3111 rationem
2893 3046 3245 3111 secundum
3269 3048 3442 3129 quod
3473 3052 3704 3130 potest,
3727 3067 3884 3113 nun·

2351 3172 2548 3237 quam
2573 3160 2789 3218 tamen
2815 3158 3019 3236 potest
3040 3155 3245 3219 facere
3272 3156 3590 3238 aequalem
3617 3157 3887 3222 affectio-

2350 3250 2501 3327 nem
2526 3262 2644 3344 ipsi
2676 3284 2691 3325 :
2723 3266 2786 3325 et
2812 3262 2954 3326 ideo
2995 3264 3296 3344 quamvis
3322 3263 3458 3346 ipsa
3496 3284 3757 3330 summa
3782 3267 3889 3330 bo·

2351 3370 2516 3433 nitas
2560 3370 2641 3433 sit
2685 3369 2937 3432 infinita
2964 3418 2982 3448 ,
3028 3388 3161 3433 non
3210 3375 3426 3433 tamen
3473 3376 3736 3455 propter
3778 3373 3890 3438 hoc

2351 3481 2605 3560 oportet
2626 3476 2801 3559 quod
2827 3477 3077 3542 affectio
3102 3477 3426 3541 charitatis
3442 3527 3461 3557 ,
3493 3498 3644 3561 quae
3675 3498 3886 3545 move·

2351 3591 2460 3650 tur
2486 3585 2840 3650 secundum
2879 3585 3085 3664 illam,
3119 3586 3346 3649 habeat
3383 3585 3803 3665 infinitatem,
3832 3594 3889 3651 et

2352 3697 2560 3757 careat
2586 3692 2761 3757 omni
2790 3711 3132 3757 mensura:
3155 3711 3271 3775 pro
3298 3711 3374 3757 eo
3401 3694 3575 3776 quod
3601 3694 3767 3759 sicut
3783 3695 3890 3759 lux

2351 3800 2649 3865 claritatis
2677 3801 2946 3881 divinae,
2980 3821 3177 3884 quam
3206 3820 3432 3865 sumus
3456 3802 3666 3866 visuri
3697 3803 3765 3866 in
3794 3821 3890 3885 pa·

2350 3910 2511 3988 tria,
2550 3909 2738 3973 estin
2774 3927 2841 3973 se
2869 3909 3149 3986 infinita,
3181 3914 3398 3972 tamen
3423 3909 3606 3972 finite
3633 3927 3893 3991 cognos-

2350 4021 2531 4081 cetur
2574 4034 2614 4078 a
2658 4015 2871 4093 nobiS,
2916 4021 2979 4079 et
3023 4016 3272 4079 claritas
3330 4015 3785 4095 cognoscibilis
3826 4016 3888 4079 in

2350 4122 2675 4186 infinitum
2704 4123 2964 4188 excedet
3001 4123 3352 4187 claritatem
3397 4127 3637 4187 nostrae
3664 4124 3885 4204 cogni·

2349 4229 2581 4307 tionis;
2611 4229 2701 4293 sic
2737 4231 2928 4293 etiam
2967 4229 3449 4310 intelligendum
3486 4232 3582 4292 est
3606 4246 3690 4292 ex
3719 4235 3889 4312 parte

2351 4334 2736 4415 affectioniS‚
2767 4337 2938 4417 quod
2978 4335 3179 4399 multo
3226 4336 3435 4416 major
3477 4335 3604 4399 erit
3644 4335 3889 4400 bonitus

2352 4442 2525 4506 illius
2553 4443 2794 4506 summi
2821 4443 2970 4507 boni
2998 4440 3320 4519 amahiIiS,
3350 4459 3547 4524 quam
3581 4442 3666 4506 sit
3700 4443 3890 4508 affec-

2350 4548 2441 4611 tio
2467 4550 2760 4612 amantis,

2431 4660 2492 4720 3.
2524 4655 2622 4719 Ad
2650 4655 2807 4720 illud
2849 4656 3016 4737 quod
3045 4656 3380 4739 objicitur,
3414 4656 3589 4739 quod
3620 4656 3891 4719 charitas

2349 4767 2444 4826 est
2489 4780 2675 4845 aequa
2717 4763 3157 4845 ponderantur,
3193 4763 3534 4827 dicendum
3578 4763 3758 4845 quod
3782 4780 3889 4826 ve—

2350 4888 2500 4933 rum
2528 4874 2624 4934 est
2654 4892 2669 4934 :
2699 4869 2821 4934 hoc
2845 4871 3036 4934 etiam
3062 4889 3292 4933 verum
3333 4874 3461 4948 est,
3496 4869 3670 4951 quod
3692 4870 3767 4932 in
3794 4870 3891 4932 in-

2349 4977 2606 5041 finitum
2625 4976 2773 5059 plus
2796 4976 3001 5058 diligit
3024 4975 3253 5055 Deum,
3276 4994 3472 5057 quam
3495 4979 3886 5040 creaturam:

2349 5083 2458 5149 sed
2484 5087 2700 5149 tamen
2743 5101 2871 5147 non
2912 5088 3169 5166 propter
3194 5081 3319 5146 hoc
3359 5082 3689 5165 sequitur,
3720 5080 3889 5167 quod

2355 5195 2580 5277 diligat
2603 5194 2804 5259 Deum
2831 5194 3095 5260 omnino
3120 5194 3367 5258 infinite
3396 5194 3534 5258 sine
3559 5211 3886 5267 mensura,

2351 5302 2506 5385 quia
2529 5301 2697 5367 linea
2724 5303 2795 5366 in
2820 5300 3150 5366 infinitum
3175 5298 3426 5364 excedit
3453 5303 3801 5384 punctum,
3826 5302 3888 5377 et

2347 5412 2563 5473 tamen
2594 5408 2731 5491 ipsa
2757 5409 2823 5471 in
2852 5425 2919 5471 se
2944 5406 3125 5470 finita
3150 5410 3267 5471 est.
