4185 6288
681 447 801 508 426

678 580 853 645 enim
917 580 1252 664 poenituit3
1325 581 1595 665 angelus
1663 579 2016 646 obstinatus
2078 577 2222 645 fuit.

682 686 887 752 Homo
914 687 1221 768 totaliter,
1249 688 1521 771 angelus
1561 687 2021 771 particulariter
2061 686 2225 750 ceci-

680 795 792 860 dit.
842 794 1048 860 Homo
1075 815 1189 879 per
1213 796 1436 877 alium,
1480 797 1751 880 angelus
1776 814 1891 879 per
1917 793 2221 876 seipsum.

680 901 758 968 Et
782 903 923 968 haec
950 908 1102 970 sunt
1135 924 1284 990 quae
1317 907 1561 970 iaciunt
1595 904 1900 987 angelum
1933 902 2011 966 ad
2040 920 2230 985 repa-

678 1011 990 1076 rationem
1020 1012 1239 1077 minus
1261 1013 1586 1077 idoneum.

760 1122 820 1183 3.
851 1119 947 1183 Ad
990 1119 1149 1184 illud
1189 1120 1362 1203 quod
1391 1119 1725 1203 objicitur,
1757 1117 1929 1201 quod
1957 1134 2086 1182 non
2117 1117 2226 1181 de-

680 1224 812 1289 cuit
838 1224 1040 1291 Deum
1069 1231 1284 1292 tenere
1311 1227 1662 1303 hominem,
1694 1244 1779 1290 ne
1822 1224 2094 1301 caderet,
2124 1223 2226 1288 di-

681 1333 955 1398 cendum
977 1335 1175 1417 quod,
1198 1335 1253 1399 si
1277 1335 1473 1400 homo
1500 1334 1807 1400 voluisset
1830 1336 2021 1410 stare,
2050 1349 2229 1396 nun-

679 1458 874 1522 quam
916 1440 1079 1506 Deus
1117 1441 1555 1525 dereliquisset
1599 1459 1775 1517 eum,
1816 1443 1892 1504 ut
1936 1438 2223 1516 caderet;

679 1546 788 1610 sed
841 1547 994 1630 quia
1046 1551 1212 1611 stare
1266 1546 1503 1626 noluit,
1561 1564 1697 1610 non
1752 1543 1969 1609 debuit
2013 1543 2227 1626 ipsum

681 1672 1061 1719 conservare
1106 1654 1384 1718 invitum
1432 1673 1448 1715 t
1497 1652 1608 1717 sed
1650 1651 1802 1733 quia
1848 1651 2046 1714 homo
2088 1653 2233 1732 post

680 1762 934 1844 lapsum
973 1761 1178 1826 voluit
1206 1779 1575 1843 resurgere,
1605 1760 1749 1824 ideo
1780 1757 1991 1822 decuit
2026 1756 2229 1821 Deum

681 1869 805 1932 sibi
834 1887 1102 1933 manum
1133 1870 1461 1952 porrigere
1491 1888 1509 1932 t
1537 1869 1626 1934 ita
1652 1867 1824 1952 quod
1847 1884 2080 1931 manus
2111 1866 2231 1929 ista

682 1977 762 2041 ad
790 1976 933 2041 illos
975 1996 1042 2041 se
1083 1978 1398 2055 extendit,
1430 1977 1543 2061 qui
1586 1976 1816 2040 volunt
1842 1992 2224 2055 resurgere;

683 2101 812 2147 non
840 2083 921 2148 ad
948 2102 1078 2164 eos,
1110 2084 1223 2167 qui
1256 2084 1487 2149 nolunt
1507 2099 1866 2163 resurgere.

762 2195 824 2254 4.
863 2190 963 2255 Ad
994 2191 1154 2255 illud
1191 2191 1364 2274 quod
1391 2190 1717 2272 obiicitur,
1749 2187 1921 2271 quod
1957 2207 2090 2253 nou
2117 2188 2230 2253 de-

682 2300 780 2361 cet
807 2297 1008 2362 Deum
1052 2298 1257 2363 facere
1294 2302 1514 2363 contra
1545 2315 1730 2362 suam
1751 2297 2067 2380 justitiam
2082 2344 2101 2374 ‚
2131 2295 2226 2360 di-

683 2405 957 2470 cendum
982 2406 1154 2488 quod
1179 2422 1409 2470 verum
1437 2410 1559 2484 est;
1584 2405 1761 2470 decet
1779 2408 1996 2469 tamen
2014 2405 2231 2487 ipsum

682 2511 923 2594 aliquid
950 2512 1156 2577 faeere
1187 2515 1419 2595 praeter
1444 2512 1729 2594 rigorem
1748 2511 2046 2594 Justitiae‚
2077 2511 2233 2594 quia

683 2619 998 2702 reparatio
1024 2619 1296 2684 humani
1323 2621 1578 2703 generis
1600 2638 1734 2685 non
1769 2623 2092 2702 repugnat
2128 2619 2231 2683 di-

684 2725 856 2792 vinae
887 2726 1154 2809 justitiae
1187 2745 1204 2791 :
1243 2729 1638 2792 concurrunt
1666 2726 1840 2791 enim
1885 2726 1952 2789 in
1992 2725 2102 2790 illa
2145 2724 2233 2788 si-

685 2833 824 2897 mul
849 2833 1281 2899 misericordia
1316 2839 1380 2899 et
1416 2834 1651 2900 veritas
1669 2882 1687 2913 ‚
1719 2834 1883 2898 sicut
1911 2833 2233 2897 videbitur

684 2940 871 3005 intra.
902 2940 1083 3006 Unde
1125 2942 1298 3025 quod
1341 2942 1596 3022 dicitur,
1636 2942 1809 3026 quod
1850 2941 2048 3006 homo
2096 2959 2233 3004 me-

686 3048 817 3113 ruit
858 3067 973 3133 per
1016 3053 1348 3131 peccatum
1386 3049 1455 3112 in
1497 3053 1816 3113 aeternum
1860 3049 2140 3131 separari
2195 3067 2235 3112 a

687 3157 837 3236 Deo,
886 3158 1010 3221 hoc
1054 3175 1285 3222 verum
1327 3160 1442 3237 est,
1493 3161 1808 3240 quantum
1853 3161 1950 3221 est
1992 3159 2072 3222 de
2116 3176 2229 3236 se;

687 3269 956 3350 possunt
982 3270 1196 3331 tamen
1226 3266 1352 3331 alia
1382 3266 1611 3331 merita
1635 3266 2054 3345 intervenire,
2085 3286 2234 3350 quae

688 3374 1039 3456 infringent
1066 3374 1241 3437 illam
1270 3373 1729 3454 obligationem
1745 3422 1764 3454 ,
1796 3378 1860 3438 et
1894 3374 1963 3438 in
2000 3375 2236 3457 quibus

687 3482 1045 3547 servabitur
1077 3482 1233 3547 ordo
1263 3480 1526 3564 justitiae
1553 3481 1812 3546 divinae.

770 3594 829 3653 5.
858 3588 956 3653 Ad
995 3588 1151 3654 illud
1177 3588 1348 3671 quod
1377 3588 1677 3672 objicitur
1698 3635 1715 3668 ‚
1746 3588 1916 3670 quod
1943 3607 2056 3671 per
2084 3607 2230 3671 pec-

689 3700 905 3763 catum
947 3698 1184 3762 meruit
1224 3697 1422 3762 homo
1448 3697 1540 3760 ita
1579 3696 1795 3779 puniri
1825 3714 2018 3777 poena
2058 3714 2235 3759 sem-

689 3806 957 3889 piternae
1006 3803 1431 3868 damnationis
1448 3850 1469 3882 ‚
1522 3802 1692 3867 sicut
1736 3820 1925 3885 poena
1974 3803 2198 3866 mortis
2213 3852 2231 3883 ,

690 3913 1031 3978 dicendum
1086 3911 1257 3994 quod
1301 3927 1433 3974 non
1496 3913 1592 3975 est
1634 3909 1840 3973 simile
1888 3932 1904 3974 :
1951 3910 2106 3992 quia
2158 3910 2236 3974 de

693 4038 883 4104 poena
920 4020 1142 4084 mortis
1174 4019 1389 4083 statim
1431 4019 1556 4083 fuit
1593 4018 1909 4083 sententia
1947 4017 2112 4096 lata;
2157 4018 2237 4083 de

691 4145 882 4210 poena
920 4144 1076 4190 vero
1115 4128 1374 4192 aeternae
1400 4126 1823 4192 damnationis
1865 4125 2075 4190 adhuc
2120 4125 2236 4191 dif-

692 4239 895 4302 fertur
918 4236 1251 4302 sententia.
1281 4234 1359 4301 Et
1384 4236 1537 4319 quia
1561 4235 1781 4301 divina
1804 4234 2118 4298 sententia
2142 4239 2238 4299 est

692 4344 1145 4425 irrevocabilis,
1161 4348 1500 4430 postquam
1523 4343 1652 4408 lata
1678 4346 1794 4423 est,
1825 4342 1972 4406 licet
1997 4343 2237 4407 mutari

694 4453 895 4539 possit
919 4454 1229 4521 sententia
1271 4472 1386 4536 per
1426 4452 1826 4536 prophetiam
1871 4451 2235 4534 praedicata,

693 4564 858 4627 sicut
874 4565 1045 4646 patet
1057 4562 1124 4626 in
1150 4562 1339 4639 Iona,
1360 4561 1513 4644 quia
1544 4560 1650 4644 (a),
1681 4565 1829 4624 ante
1854 4577 2050 4642 quam
2078 4559 2240 4623 fera-

696 4675 826 4747 tur.
846 4674 1051 4755 potest
1077 4669 1435 4736 remedium
1463 4666 1768 4746 inveniri;
1794 4665 1935 4731 ideo
1954 4667 2239 4750 reparari

702 4779 912 4864 potuit
934 4798 1144 4863 genus
1169 4779 1538 4844 humanum
1562 4825 1579 4854 ‚
1615 4778 1690 4840 ut
1730 4793 1858 4840 non
1885 4774 2241 4840 incurreret

691 4904 947 4970 poenam
992 4886 1419 4951 damnationis
1460 4884 1865 4967 sempiternae
1910 4882 1981 4946 in
2024 4882 2241 4967 aliqua

691 4996 833 5077 ejus
867 4999 1048 5078 parte
1062 5043 1079 5074 ,
1111 4993 1409 5079 quamvis
1447 5011 1579 5057 non
1619 4992 1810 5056 fuerit
1854 4991 2195 5056 liberatum
2216 5039 2236 5071 ‚
2263 5042 2266 5045 2

694 5106 765 5167 ut
804 5121 936 5167 non
979 5104 1335 5169 incurreret
1371 5119 1628 5185 peenam
1670 5099 1915 5163 mortiS.
1946 5098 2025 5162 Et
2064 5098 2119 5161 si
2167 5101 2241 5162 tu

766 5300 781 5334 ¹
800 5300 882 5362 Cf.
903 5301 957 5350 S.
976 5299 1158 5350 Thom.
1180 5314 1231 5364 p.
1247 5300 1334 5359 ΙΙΙ,
1353 5312 1403 5362 q.
1427 5308 1573 5359 xxvi,
1594 5300 1691 5346 art.
1713 5298 1769 5359 23
1787 5296 1915 5345 etlll
1940 5296 2102 5354 Seni„
2122 5295 2237 5345 dist.

699 5383 788 5431 xx,
809 5384 858 5435 q.
884 5383 938 5434 1,
964 5373 1063 5421 art.
1089 5373 1149 5434 4,
1173 5383 1221 5435 q.
1255 5382 1301 5433 13
1330 5374 1383 5421 et
1409 5370 1584 5433 opusc.
1617 5369 1670 5431 l,
1699 5382 1741 5419 c.
1770 5368 2243 5431 xv113Richardus,

703 5443 765 5493 111
800 5443 959 5504 Seni„
999 5442 1116 5492 dist.
1150 5452 1248 5504 xx,
1280 5455 1329 5506 q.
1365 5440 1573 5504 1113'1'h.
1599 5441 1833 5506 Argent„
1857 5441 1915 5490 111
1942 5441 2103 5502 Sene„
2124 5440 2238 5491 dist.

1792 441 2419 514 SENTENTIARUM
2462 445 2609 511 LIB.
2656 446 2762 512 111.

2336 599 2613 664 quaeras,
2648 601 2848 666 quare
2872 584 3182 649 sententia
3209 584 3331 650 ista
3354 587 3477 652 fuit
3500 587 3652 667 lata,
3684 591 3750 653 et
3773 586 3882 654 illa

2333 687 2557 767 dilata,
2605 708 2754 754 cum
2799 690 2996 755 homo
3037 692 3375 756 meruisset
3421 697 3762 777 utramque
3804 695 3884 759 de

2333 812 2423 873 se,
2454 795 2796 860 dicendum
2828 798 2998 879 quod
3037 799 3370 880 prima‚est
3412 800 3517 865 via
3560 802 3879 883 poeniten-

2333 899 2439 964 tiae
2456 947 2473 979 ,
2497 902 2777 966 secunda
2801 921 2955 967 vero
2978 904 3183 968 aufert
3204 904 3417 970 locum
3440 907 3832 989 poenitentiae
3862 931 3877 971 :

2340 1007 2484 1073 ideo
2529 1028 2663 1074 non
2713 1010 2981 1075 debebat
3033 1013 3311 1076 secunda
3376 1016 3691 1079 sententia
3731 1016 3881 1081 ferri

2334 1118 2556 1181 contra
2572 1116 2923 1198 hominem,
2942 1119 3251 1203 quamdiu
3277 1124 3414 1184 erat
3438 1120 3509 1185 in
3533 1125 3705 1185 statu
3729 1122 3878 1187 viae.

2414 1228 2475 1287 6.
2508 1223 2604 1288 Ad
2644 1224 2803 1288 illud
2833 1224 3003 1308 quod
3033 1225 3332 1309 oincitur
3352 1276 3371 1307 ,
3403 1228 3572 1311 quod
3600 1247 3734 1293 non
3770 1229 3883 1294 de-

2334 1330 2515 1395 cebat
2540 1330 2744 1395 Deum
2782 1332 2990 1397 facere
3027 1338 3248 1397 contra
3283 1334 3574 1399 ordinem
3603 1354 3740 1401 suae
3779 1355 3884 1402 sa·

2335 1436 2615 1518 pientiae,
2657 1438 2997 1503 dicendum
3025 1441 3219 1523 quod,
3267 1460 3477 1523 genus
3520 1442 3885 1508 humanum

2335 1545 2690 1627 reparando
2708 1593 2730 1625 ,
2784 1550 3004 1612 contra
3069 1567 3256 1614 suam
3310 1551 3687 1633 sapientiam
3751 1570 3884 1617 non

2335 1652 2504 1732 fecit,
2551 1655 2708 1736 quia
2747 1673 2830 1718 ex
2878 1655 3187 1737 sapientia
3230 1676 3351 1722 sua
3389 1659 3621 1723 fecerat
3667 1659 3884 1741 ipsum

2335 1762 2779 1842 reparabilem,
2799 1762 3159 1845 praevidens
3173 1766 3314 1847 ejus
3331 1765 3607 1848 lapsum.
3636 1765 3763 1831 Nec
3778 1786 3886 1834 va·

2335 1864 2422 1929 let
2447 1865 2605 1931 illud
2633 1868 2803 1949 quod
2833 1869 3132 1951 objicitur
3173 1870 3246 1954 (b)
3287 1892 3302 1935 :
3340 1894 3372 1933 c
3400 1870 3528 1937 Nec
3552 1873 3764 1938 decuit
3789 1873 3886 1938 fa-

2338 1992 2477 2038 cere
2505 1975 2583 2038 de
2608 1978 2811 2039 stante
2839 1981 2913 2040 ut
2938 1977 3218 2055 caderet,
3240 1996 3398 2061 ergo
3426 1998 3545 2044 nec
3568 1981 3782 2045 decuit
3807 1981 3886 2047 de

2336 2079 2588 2146 labente
2615 2084 2689 2146 ut
2716 2087 3083 2164 resurgeret
3104 2105 3121 2164 ;
3159 2108 3189 2144 n
3214 2086 3367 2168 quia
3384 2088 3682 2171 quamvis
3707 2088 3885 2154 nullo

2338 2188 2620 2272 sapiente
2668 2191 2781 2253 flat
2819 2190 3018 2256 homo
3063 2190 3356 2273 deterior,
3407 2193 3623 2276 aliquo
3667 2199 3884 2260 tamen

2338 2295 2617 2377 sapiente
2647 2301 2851 2379 potest
2877 2299 3015 2363 fleri
3043 2299 3289 2365 melior.
3327 2299 3406 2366 Et
3439 2301 3584 2366 licet
3608 2320 3743 2367 non
3768 2303 3884 2367 de-

2339 2407 2475 2466 ceat
2502 2401 2703 2467 Deum
2730 2404 2808 2470 de
2835 2406 3004 2470 bono
3029 2407 3235 2471 facere
3272 2408 3515 2473 malum
3534 2457 3552 2486 ,
3583 2409 3762 2474 decet
3782 2414 3884 2474 ta-

2339 2526 2492 2574 men
2523 2511 2599 2575 de
2629 2511 2798 2576 malo
2822 2513 3027 2577 faeere
3054 2513 3321 2579 bonum.

2859 2736 3218 2817 QUAESTIO
3262 2737 3341 2802 11.

2343 2900 2436 2958 An
2462 2906 2638 2974 maqis
2665 2907 2970 2975 coum-uerit
2991 2921 3157 2978 qenus
3191 2906 3486 2963 humanum
3511 2910 3764 2979 reparari
3786 2923 3889 2981 per

2495 2996 2956 3063 satisfactionem,
2988 3011 3151 3066 quam
3179 3011 3282 3068 per
3317 2997 3490 3052 aliam
3518 3000 3667 3053 viam
3689 3007 3728 3050 ι.

2424 3154 2651 3220 Utrum
2680 3157 2894 3237 magis
2933 3161 3252 3239 congruat
3278 3175 3487 3240 genus
3522 3158 3888 3225 humanum
3919 3175 4103 3219 ranam.

2340 3264 2621 3346 reparari
2645 3282 2758 3347 per
2784 3265 3294 3345 satisfactionem,
3325 3285 3522 3349 quam
3556 3286 3670 3349 per
3696 3268 3893 3333 aliam

2341 3371 2555 3450 viam;
2603 3378 2665 3436 et
2704 3374 2878 3455 quod
2916 3374 3034 3451 sic,
3074 3374 3427 3440 ostenditur
3470 3393 3584 3458 per
3612 3381 3893 3459 quatuor

2341 3478 2835 3560 suppositioneS,
2870 3498 3149 3562 quarum
3180 3481 3389 3563 prima
3426 3486 3520 3546 est
3544 3483 3686 3547 haec
3719 3507 3736 3549 :
3777 3484 3892 3552 llla

2340 3585 2448 3650 via
2475 3586 2684 3668 magis
2725 3587 3111 3653 conveniens
3151 3588 3272 3652 fuit
3305 3588 3386 3653 ad
3418 3591 3890 3673 reparationem

2342 3693 2614 3758 humani
2670 3694 2926 3775 generis
2945 3743 2961 3771 ‚
3018 3695 3087 3758 in
3141 3714 3272 3778 qua
3318 3697 3533 3777 magis
3595 3703 3893 3764 servatur

2343 3801 2498 3865 ordo
2524 3800 2760 3865 divinae
2786 3801 3073 3883 Justitiae.
3107 3802 3398 3868 Secunda
3431 3809 3525 3868 est
3554 3805 3697 3869 haec
3728 3827 3742 3870 :
3778 3806 3893 3872 Illa

2343 3908 2450 3974 via
2488 3910 2696 3990 magis
2724 3910 3022 3991 congruit
3054 3912 3440 3993 reparationi
3468 3912 3737 3977 humani
3767 3932 3892 3995 ge-

2343 4017 2538 4101 neris»,
2582 4017 2649 4079 in
2696 4036 2827 4100 qua
2867 4017 3075 4099 magis
3120 4022 3415 4082 servatur
3453 4020 3610 4085 ordo
3653 4020 3892 4086 divinae

2344 4125 2694 4208 sapientiae.
2742 4123 2955 4188 Tertia
2999 4127 3095 4187 est
3136 4123 3279 4188 haec
3317 4142 3334 4187 ε
3374 4124 3489 4191 Illa
3527 4126 3638 4191 via
3683 4129 3893 4210 magis

2346 4234 2645 4301 convenit
2693 4235 3078 4319 reparationi
3130 4235 3404 4300 humani
3466 4238 3724 4319 generis
3742 4288 3758 4317 ‚
3819 4240 3890 4304 in

2346 4360 2475 4426 qua
2502 4343 2711 4424 magis
2736 4347 3031 4407 servatur
3057 4343 3461 4425 praesidentia
3495 4344 3731 4412 divinae
3769 4366 3892 4430 po-

2345 4452 2606 4517 testatis.
2640 4450 2877 4530 Quarta
2897 4455 2994 4515 est
3018 4451 3159 4515 haec
3189 4469 3206 4514 ε
3236 4450 3348 4515 Illa
3376 4452 3484 4516 via
3510 4454 3720 4535 magis
3745 4473 3893 4520 oon-

2344 4559 2521 4624 venit
2561 4560 2944 4642 reparationi
2989 4560 3262 4623 humani
3307 4562 3597 4642 geneda,
3650 4562 3719 4625 in
3762 4581 3894 4645 qua

2345 4669 2557 4750 magis
2580 4671 2873 4735 servatur
2887 4654 3384 4732 honorificentia
3402 4667 3641 4733 divinae
3671 4667 3892 4751 Majes-

2343 4778 2511 4842 tatia.

2427 4884 2540 4950 His
2587 4883 3068 4968 praesuppositis
3083 4931 3101 4963 ‚
3149 4883 3447 4964 arguitur
3489 4882 3580 4947 sic
3624 4907 3638 4949 :
3687 4884 3891 4967 Magis

2346 4999 2641 5062 servatur
2674 4995 2829 5060 ordo
2860 4993 3097 5060 divinae
3115 4991 3384 5075 justitiae
3400 5039 3418 5070 ‚
3453 5010 3605 5055 cum
3645 4993 3889 5057 malum

2347 5104 2637 5188 punitur,
2654 5120 2851 5185 quam
2869 5119 3021 5166 cum
3047 5099 3432 5182 relinquitur
3453 5100 3844 5183 impunitum
3867 5124 3884 5165 ;

2349 5292 2438 5343 xx,
2469 5294 2519 5344 q.
2554 5290 2590 5341 1,
2618 5282 2714 5329 art.
2740 5280 2767 5327 3
2789 5292 2807 5341 3
2836 5276 3125 5340 Stephanus
3151 5273 3359 5334 Brulef„
3382 5275 3446 5324 111
3478 5273 3639 5335 Seni„
3658 5275 3777 5326 dist.
3799 5288 3889 5339 xx,

2351 5366 2403 5416 q.
2423 5364 2491 5415 115
2511 5351 2639 5401 Gab.
2663 5348 2808 5406 Biel..
2843 5349 2907 5399 111
2928 5349 3088 5411 Sene„
3110 5346 3227 5397 dist.
3260 5356 3347 5409 xx,
3373 5360 3426 5411 q.
3459 5358 3497 5409 1,
3516 5348 3610 5398 art.
3643 5350 3689 5397 2.

2416 5443 2486 5506 (α)
2519 5441 2601 5493 ΔΙ.
2629 5440 2760 5490 deest
2783 5439 2919 5505 quia.
2951 5466 3002 5475 -
3033 5437 3098 5503 (b)
3132 5436 3212 5490 Al.
3236 5437 3426 5502 objicit.
