4185 6288
1241 481 1622 552 DISTINCT.
1667 479 1847 549 XXX.
1894 477 2078 548 ΛΒΤ.
2123 482 2169 548 Ι.
2216 482 2525 562 QUAEST.
2565 483 2614 548 l.

953 698 1092 744 DUB·
1122 699 1218 744 111.

321 827 554 893 oni-quin
579 839 706 877 vero
735 827 938 891 roganti
963 830 1015 878 et
1049 827 1319 892 poenitenti
1343 840 1451 878 non
1483 825 1691 879 dimittit
1713 860 1726 888 ,
1753 839 1864 877 non

519 897 776 949 existimet
799 912 832 949 a
855 898 1080 956 Domino
1109 912 1203 950 sua
1223 903 1434 963 peccata
1458 897 1659 948 dimitti.

396 1047 626 1113 Contra
677 1067 696 1112 ε
746 1045 1014 1114 Videtur
1075 1048 1430 1113 secundum
1473 1047 1596 1110 hoc
1617 1094 1634 1124 ,
1688 1044 1859 1128 quod

316 1156 526 1221 omnis
552 1154 665 1238 qui
686 1156 898 1220 servat
922 1171 1255 1221 rancorem
1281 1172 1437 1233 erga
1461 1153 1856 1236 proximum,

315 1263 486 1345 quod
512 1264 731 1325 contra
756 1260 1036 1343 seipsum
1063 1264 1201 1326 oret
1233 1283 1249 1325 :
1283 1261 1437 1343 quia
1454 1311 1471 1340 ,
1503 1279 1655 1324 cum
1697 1260 1862 1325 nolit

313 1369 421 1434 alii
449 1369 786 1448 dimittere,
800 1371 940 1451 jam
959 1369 1111 1452 petit
1141 1387 1221 1433 ex
1247 1368 1662 1451 consequenti
1686 1367 1858 1451 quod

310 1494 430 1540 nec
473 1475 638 1541 Deus
687 1476 966 1541 dimittat
1007 1476 1148 1539 sibi.
1201 1475 1276 1540 Et
1323 1476 1437 1558 qui
1486 1476 1643 1558 petit
1686 1474 1858 1558 quod

310 1582 478 1649 Deus
513 1601 648 1647 non
684 1582 993 1660 dimittat,
1022 1586 1240 1666 peccat
1266 1582 1620 1647 mortaliter
1651 1604 1666 1647 :
1697 1600 1855 1663 ergo

305 1691 523 1755 omnis
553 1691 666 1774 qui
692 1695 789 1756 est
818 1692 888 1755 in
916 1709 1201 1771 rancore,
1240 1694 1305 1758 et
1329 1691 1480 1756 dicit
1501 1691 1854 1755 orationem

306 1797 722 1876 dominicam,
750 1798 1005 1864 videtur
1034 1799 1384 1864 mortaliter
1410 1815 1688 1880 peccare.

385 1904 573 1989 Resp.
613 1905 959 1972 Dicendum
1001 1907 1174 1989 quod
1219 1906 1429 1972 omnis
1471 1904 1585 1988 qui
1618 1904 1854 1969 oratio-

303 2030 457 2076 nem
483 2012 871 2077 dominicam
897 2030 979 2077 ex
1006 2012 1193 2078 corde
1220 2012 1404 2091 dicit,
1436 2011 1701 2076 intendit
1739 2029 1853 2094 per

300 2137 448 2184 eam
476 2120 817 2204 impetrare
843 2119 1242 2184 collationem
1269 2121 1587 2184 bonorum
1606 2169 1624 2198 ,
1658 2122 1722 2183 et
1747 2138 1852 2184 re-

298 2228 675 2293 missionem
706 2228 1024 2291 malorum
1056 2247 1072 2291 ε
1106 2232 1170 2292 et
1205 2228 1319 2310 qui
1354 2228 1475 2292 hoc
1515 2228 1783 2292 intendit
1810 2246 1852 2292 a

295 2335 570 2402 Domino
608 2337 875 2421 exequi,
909 2340 1205 2400 constans
1241 2341 1337 2399 est
1361 2336 1532 2418 quod
1564 2340 1677 2400 aut
1713 2353 1848 2418 poe-

291 2445 492 2520 nitet,
545 2448 660 2509 aut
714 2443 1016 2527 proponit
1064 2442 1403 2527 aliquando
1467 2443 1775 2526 poenitere
1827 2463 1844 2506 ε

289 2551 439 2617 licet
470 2570 629 2634 ergo
667 2550 898 2634 aliquis
937 2550 1157 2615 odium
1193 2551 1428 2616 habeat
1448 2597 1465 2627 ,
1499 2554 1717 2615 tamen
1744 2550 1847 2617 di-

288 2664 499 2729 cendo
556 2662 910 2728 orationem
959 2661 1348 2726 dominicam
1397 2680 1529 2726 non
1579 2663 1848 2727 incurrit

287 2771 609 2836 offensam
653 2769 1012 2847 mortalem,
1053 2769 1208 2853 quia
1248 2788 1378 2834 non
1416 2770 1690 2834 intendit
1734 2787 1846 2853 pe-

283 2883 422 2944 tere
448 2879 625 2962 quod
651 2879 763 2942 fiat
786 2877 908 2941 sibi
935 2877 1291 2943 secundum
1330 2877 1566 2941 malam
1606 2878 1842 2962 volun-

285 2990 514 3066 tatem,
543 3004 741 3068 quam
769 3003 942 3049 nunc
969 2985 1184 3065 habet,
1215 2984 1324 3049 sed
1356 2985 1708 3049 secundum
1739 3003 1845 3049 vo-

282 3096 608 3161 luntatem
647 3094 906 3174 bonam,
943 3112 1140 3177 quam
1183 3094 1301 3158 etsi
1349 3097 1500 3159 tunc
1541 3112 1674 3158 non
1719 3093 1842 3159 ha-

282 3204 459 3286 beat,
494 3202 765 3269 intendit
805 3206 1021 3267 tamen
1061 3201 1172 3267 Dei
1220 3202 1461 3266 auxilio
1498 3201 1842 3285 aliquando

282 3312 608 3377 obtinere.
639 3309 706 3374 Si
733 3310 881 3393 quis
907 3313 1122 3374 autem
1148 3309 1324 3373 illam
1361 3310 1710 3375 orationem
1738 3310 1842 3372 di-

280 3423 485 3493 ceret,
534 3434 869 3501 nunquam
916 3434 1275 3499 proponens
1317 3417 1400 3481 ab
1445 3416 1589 3481 odio
1630 3417 1842 3481 fratris

277 3523 609 3600 recedere,
644 3522 939 3605 quamvis
965 3540 1094 3586 non
1120 3521 1473 3586 intenderet
1516 3523 1679 3587 iram
1721 3540 1840 3605 pe-

272 3634 441 3712 tere,
478 3628 731 3713 culpam
760 3632 977 3693 tamen
1004 3647 1190 3693 suam
1219 3628 1457 3711 absque
1494 3629 1692 3694 dubio
1719 3649 1837 3711 ag-

272 3740 613 3820 gravaret.
662 3736 862 3800 Aliter
920 3739 1139 3801 tamen
1188 3740 1396 3818 posset
1445 3736 1564 3800 dici
1592 3786 1609 3816 ‚
1668 3738 1839 3819 quod

271 3846 481 3911 istam
523 3844 876 3909 orationem
916 3845 1175 3927 quando
1216 3844 1446 3927 aliquis
1484 3846 1671 3925 dicit,
1705 3863 1836 3909 non

269 3953 431 4017 dicit
479 3953 548 4015 in
583 3968 853 4035 persona
879 3969 1031 4029 sua,
1062 3951 1171 4015 sed
1198 3952 1266 4013 in
1310 3970 1578 4034 persona
1622 3953 1837 4019 Eccle-

269 4062 421 4141 siae,
450 4061 648 4143 cujus
673 4059 814 4124 vult
840 4077 976 4123 esse
998 4059 1388 4123 membrum.
1419 4059 1498 4125 Et
1519 4067 1834 4144 quantum

265 4169 350 4236 ad
380 4169 517 4234 hoc
547 4185 676 4231 non
702 4166 861 4249 petit
890 4170 1112 4231 contra
1138 4166 1453 4249 seipsum,
1484 4186 1602 4232 nec
1628 4169 1838 4234 inten-

265 4275 456 4339 tione
487 4272 845 4355 principali,
875 4290 993 4336 nec
1023 4290 1105 4336 ex
1134 4274 1566 4356 consequenti.

620 4445 1107 4517 ARTICULUS
1153 4447 1492 4517 UNICUS.

346 4598 458 4663 Ad
491 4595 979 4679 intelligentiam
1018 4597 1220 4681 hujus
1256 4598 1455 4681 partis
1483 4598 1703 4665 incidit
1729 4599 1831 4664 hic

254 4704 554 4792 quaestio
594 4703 675 4769 de
700 4704 1004 4769 charitate
1030 4707 1342 4788 quantum
1380 4707 1460 4771 ad
1497 4708 1830 4790 perfectio-

251 4830 423 4880 nem
477 4812 730 4891 meriti;
762 4816 826 4878 et
867 4812 1032 4877 circa
1058 4812 1180 4877 hoc
1203 4832 1319 4878 sex
1360 4815 1638 4881 breviter
1677 4836 1829 4900 pos—

251 4924 422 4986 sunt
473 4917 678 5000 quaeri
731 4941 747 4983 ι
796 4919 1082 5002 primum
1129 4924 1245 4998 est,
1294 4925 1515 4985 utrum
1560 4923 1707 5005 quis
1748 4942 1830 4988 ex

249 5025 869 5112 quantulacumque
923 5026 1228 5092 charitate
1286 5029 1478 5111 possit
1535 5033 1830 5111 quantae-

248 5151 555 5216 cumque
593 5133 928 5198 tentationi
966 5135 1255 5200 resistere
1272 5184 1289 5214 ,
1321 5154 1402 5198 an
1439 5136 1562 5200 hoc
1599 5136 1680 5201 sit
1717 5156 1830 5202 so-

320 5331 340 5367 ¹
364 5330 459 5393 Cf.
482 5328 729 5379 Alexand.
751 5328 946 5390 Alens„
967 5328 1132 5393 Gonu,
1148 5342 1202 5394 p.
1227 5329 1312 5393 ΙΙΙ,
1334 5330 1450 5381 coll.
1468 5342 1634 5388 Lxxn,
1659 5336 1755 5383 art.
1780 5339 1824 5396 ¹3

246 5401 530 5465 Richard„
561 5402 624 5451 ΙΙΙ
659 5400 818 5459 Seni„
849 5401 968 5450 dist.
995 5412 1149 5467 xxxl,
1167 5416 1217 5466 q.
1243 5404 1599 5466 1¹1;Stephan.
1619 5406 1827 5470 Brulef„

252 5476 323 5525 m
365 5472 668 5537 Sent.,diet.
699 5481 828 5532 xxx,
857 5486 909 5536 q.
936 5485 985 5535 ¹3
1017 5472 1168 5523 Guill.
1201 5472 1384 5526 vorti..
1411 5474 1475 5523 ΙΙΙ
1513 5475 1673 5538 Seni„
1704 5477 1822 5529 dist.

3403 495 3521 556 667

1972 616 2098 681 lius
2158 618 2481 684 charitatis
2551 618 2842 702 perfectae
2876 640 2894 697 ;
2966 622 3323 689 secundum
3389 631 3518 705 est,

1969 731 2196 792 utrum
2236 727 2432 792 homo
2473 727 2541 790 in
2585 728 3171 811 quantulacumque
3216 732 3521 798 charitate

1970 836 2349 899 constitutus
2371 838 2660 900 teneatur
2677 838 2947 899 mortem
2976 854 3092 918 pro
3105 835 3352 903 Christo
3367 841 3518 905 sub—

1969 941 2104 1021 ire3
2139 941 2402 1006 tertium
2439 944 2571 1021 est,
2607 946 2829 1006 utrum
2862 940 3106 1008 habens
3150 944 3523 1011 charitatem

1968 1050 2314 1133 perfectam
2343 1053 2633 1114 teneatur
2659 1067 2734 1113 ea
2760 1066 2906 1133 quae
2936 1055 3087 1114 sunt
3123 1053 3522 1134 perfectionis

1967 1157 2274 1239 implere;
2326 1159 2629 1238 quartum
2685 1160 2779 1221 est
2825 1161 3048 1222 utrum
3096 1176 3340 1238 omne5‚
3387 1164 3517 1224 tam

1967 1264 2226 1348 perfecti
2268 1280 2464 1347 quam
2499 1264 2871 1346 imperfecti,
2913 1268 3255 1330 teneantur
3300 1267 3520 1331 inimi-

1965 1387 2072 1433 cos
2100 1370 2370 1451 diligere
2397 1374 2710 1454 quantum
2741 1371 2820 1434 ad
2845 1371 3179 1451 affectum3
3212 1374 3518 1456 quintum

1965 1480 2079 1556 est,
2127 1481 2345 1541 utrum
2392 1495 2616 1542 omnes
2659 1482 2997 1543 teneantur
3042 1480 3334 1546 inimicos
3382 1483 3519 1549 dili-

1962 1600 2120 1664 gere
2171 1589 2490 1667 quantum
2537 1586 2617 1650 ad
2666 1585 3014 1667 effectum3
3072 1592 3328 1652 sextum
3378 1594 3473 1653 est
3493 1639 3511 1669 ,

1964 1690 2138 1772 quod
2172 1691 2256 1755 sit
2289 1692 2554 1773 meliuS,
2596 1696 2660 1757 et
2704 1694 2967 1776 majoris
3006 1695 3249 1774 meriti,
3289 1699 3510 1761 utrum

1963 1796 2230 1879 diligere
2258 1799 2561 1879 amicum,
2591 1818 2675 1864 an
2703 1801 2971 1882 diligere
2998 1802 3359 1868 inimicum.

2520 2029 2876 2109 QUAESTIO
2919 2033 2967 2096 Ι.

2038 2195 2134 2251 An
2176 2196 2297 2267 quis
2336 2210 2453 2251 cum
2486 2197 2937 2268 quatumcumque
2971 2199 3238 2257 charitate
3269 2206 3441 2274 possit

2185 2289 2620 2356 quantaecumque
2649 2287 2944 2343 tentationi
2970 2291 3211 2346 resistere
3232 2291 3273 2346 ¹.

2037 2443 2267 2509 Utrum
2327 2463 2480 2509 cum
2542 2445 3133 2531 quantulacumque
3198 2450 3504 2518 charitate
3535 2471 3745 2520 ranam.

1955 2550 2152 2632 possit
2180 2551 2337 2641 'quis
2378 2552 2667 2617 resistere
2716 2559 3255 2638 quantaecumque
3300 2563 3507 2624 tenta-

1953 2657 2150 2736 tioni;
2200 2662 2261 2722 et
2324 2659 2497 2740 quod
2560 2659 2688 2737 sic,
2750 2661 3025 2725 videtur.
3076 2662 3283 2746 Super
3344 2665 3503 2731 illud

1956 2763 2194 2828 Psalmi
2212 2768 2235 2801 ²
2270 2787 2285 2831 :
2312 2769 2563 2834 Bonum
2590 2768 2756 2835 milii
2781 2768 2891 2834 lex
2909 2772 3043 2836 oris
3062 2773 3185 2851 tui,
3212 2775 3356 2853 etc„
3372 2773 3503 2839 Au-

1953 2873 2253 2952 gustinus
2274 2873 2296 2908 ⁸
2338 2897 2353 2938 :
2418 2896 2449 2936 α
2494 2874 2649 2939 Plus
2691 2876 2902 2959 diligit
2945 2877 3217 2943 charitas
3258 2880 3460 2945 Deum
3482 2932 3500 2962 ,

1951 2998 2149 3062 quam
2176 2982 2486 3064 cupiditas
2514 2983 2715 3047 millia
2745 2985 2886 3049 auri
2915 2991 2978 3049 et
3004 2988 3281 3067 argenti.
3312 3010 3344 3048 n
3370 2989 3504 3055 Hoc

1952 3093 2046 3154 est
2071 3107 2302 3155 verum
2329 3091 2407 3156 de
2434 3092 3023 3177 quantulacumque
3054 3095 3358 3163 charitate
3390 3118 3406 3164 z
3440 3103 3504 3164 et

1951 3197 2006 3260 si
2056 3197 2180 3262 hoc
2201 3247 2219 3278 ,
2276 3199 2549 3264 charitas
2602 3203 3195 3286 quantulacumque
3257 3208 3503 3273 excedit

1951 3323 2212 3370 omnem
2266 3307 2671 3389 cupiditatem
2716 3327 2835 3374 sua
2882 3311 3122 3375 virtute
3169 3334 3184 3376 :
3238 3314 3292 3376 si
3342 3333 3500 3397 ergo

1951 3414 2328 3494 magnitudo
2364 3416 2726 3480 tentationis
2761 3417 3107 3482 attenditur
3148 3422 3499 3486 secundum

1951 3520 2471 3601 magnitudinem
2499 3523 2883 3605 cupiditatiS,
2903 3525 3160 3590 videtur
3182 3527 3355 3609 quod
3386 3544 3501 3609 per

1949 3624 2612 3707 quantulamcumque
2694 3626 3068 3692 charitatem
3158 3648 3498 3713 possumus

1949 3730 2255 3795 maximas
2281 3733 2615 3797 tentationi
2640 3733 2952 3798 resistere.

2029 3837 2186 3901 Item
2230 3838 2573 3921 Gregorius
2603 3862 2619 3905 ε
2663 3865 2694 3903 α
2722 3841 2956 3906 Debilis
2997 3845 3093 3906 est
3132 3843 3348 3923 hostie,
3381 3846 3496 3926 qui

1946 3963 2076 4010 non
2105 3946 2305 4010 vincit
2331 3947 2452 4010 nisi
2490 3947 2835 4012 volentem.
2868 3971 2899 4009 n
2936 3948 3059 4014 Sed
3085 3950 3492 4032 quantulam-

1945 4070 2228 4135 cumque
2269 4053 2503 4119 habeat
2530 4054 2610 4136 (a)
2641 4054 2836 4119 homo
2864 4056 3265 4135 charitatem,
3305 4057 3497 4123 habet

1944 4178 2076 4242 quo
2096 4164 2300 4243 potest
2325 4161 2489 4227 velle
2515 4178 2645 4226 non
2671 4161 2843 4227 vinci
2874 4184 2889 4225 ε
2923 4181 3080 4244 ergo
3105 4163 3159 4226 si
3188 4182 3302 4246 per
3326 4166 3496 4230 nolle

1944 4272 2114 4335 vinci
2169 4273 2404 4337 resistit
2454 4274 2632 4338 omni
2673 4274 3011 4339 tentationi
3054 4280 3118 4339 et
3160 4278 3490 4357 tentatori,

1943 4379 2197 4445 videtur
2222 4380 2393 4462 quod
2430 4397 2546 4463 per
2587 4381 3246 4466 quantulamcumque
3284 4384 3495 4449 chari·

1941 4492 2137 4553 tatem
2176 4489 2371 4572 possit
2404 4489 2601 4553 homo
2640 4507 2942 4573 superare
2981 4509 3242 4556 omnem
3281 4496 3494 4559 tenta-

1943 4596 2206 4661 tionem.

2024 4702 2183 4766 ltem
2242 4704 2558 4787 potentior
2620 4705 2716 4767 est
2766 4703 3039 4769 charitas
3087 4705 3158 4768 in
3203 4706 3448 4772 bonum
3471 4760 3488 4789 ,

1940 4829 2138 4893 quam
2184 4811 2265 4875 sit
2302 4810 2491 4894 culpa
2530 4811 2598 4873 in
2646 4810 2889 4877 malum
2939 4834 2954 4874 :
3006 4813 3117 4877 sed
3162 4820 3493 4897 peccatum

1941 4916 2207 4980 mortale
2267 4920 2866 5001 quantumcumque
2920 4937 3198 5002 parvum
3260 4925 3493 4990 sufficit

1940 5024 2020 5088 ad
2069 5025 2510 5108 expellendam
2560 5043 2867 5108 magnam
2918 5029 3194 5110 gratiam
3251 5054 3266 5096 ε
3333 5051 3490 5115 ergo

1939 5131 2235 5213 charitaS,
2279 5137 2877 5218 quantumcumque
2916 5155 3117 5219 parva
3153 5140 3270 5221 sit,
3310 5143 3492 5205 suffi-

1939 5240 2113 5304 ciens
2138 5244 2235 5304 est
2259 5240 2549 5305 resistere
2578 5243 2909 5308 tentationi
2939 5246 3263 5312 maximae.

1938 5415 2063 5465 xxx,
2087 5418 2139 5467 q.
2165 5414 2202 5452 1.
2227 5430 2280 5438 -
2304 5404 2325 5436 ²
2353 5402 2484 5454 Psal.
2515 5416 2701 5466 cxv111,
2717 5408 2795 5455 72.
2821 5406 2916 5444 —⁸
2941 5410 3101 5472 Aug„
3123 5410 3310 5462 Enarr.
3328 5414 3381 5461 in
3401 5414 3482 5470 Ps.

1938 5487 2121 5539 cxvm,
2148 5488 2303 5527 serm.
2325 5486 2456 5540 xvu,
2484 5489 2537 5526 n.
2573 5480 2649 5528 tu.
2672 5504 2731 5515 —
2768 5477 2833 5543 (α)
2861 5478 3001 5529 Edit.
3037 5479 3150 5531 Ven.
3189 5481 3363 5537 babet.
