4185 6288
12 1596 141 1636 Ado

1172 471 1548 543 ms'rmc'r.
1590 469 1777 538 xvn.
1822 469 2002 537 ΛΒΤ.
2048 471 2098 537 1.
2143 471 2439 551 QnAEs'r.
2484 473 2532 539 1.
3308 479 3424 542 369

252 613 460 698 primo
507 612 819 695 quaeritur
864 614 1087 677 utrum
1140 611 1210 676 in
1255 609 1500 676 Christo
1548 605 1785 673 ruerint
1891 605 2284 690 hypostases,
2322 608 2429 673 sed
2470 625 2603 673 una
2638 629 2653 671 ε
2687 625 2847 690 ergo
2894 609 2962 671 in
3000 609 3243 674 Christo
3290 629 3423 676 nou

250 723 469 807 plures
501 723 901 800 voluntatem
955 719 1234 786 secundo
1273 737 1429 787 vero
1472 715 1785 800 quaeritur
1892 716 1987 778 est
2037 713 2317 796 reperire
2364 714 2575 799 plures
2625 715 3009 800 hypostases,
3043 734 3161 781 nec
3213 715 3428 801 plures

249 830 331 896 de
361 847 584 895 earum
608 846 881 894 numero
893 832 959 893 et
971 827 1349 893 sufficientia
1370 824 1589 906 ;tertio
1606 839 1784 907 quae-
1892 819 2271 885 voluntates.

250 937 417 1003 titur
467 938 546 1003 de
598 936 858 1003 illarum
901 936 1307 1003 voluntatum
1354 929 1686 1000 concordia
1726 933 1791 993 et

256 1044 709 1110 controversia.

744 1258 1157 1338 QUAES'rlo
1227 1258 1276 1323 l.

331 1421 423 1476 An
452 1420 515 1474 in
545 1414 755 1473 christo
782 1417 953 1484 ruent
978 1416 1325 1472 voluntatum
1348 1409 1651 1484 plin-alitos
1683 1408 1720 1464 ¹.

342 1576 567 1642 Utrum
595 1575 666 1639 in
701 1573 948 1640 Christo
993 1572 1183 1638 tuerit
1207 1569 1610 1638 voluntatum
1650 1567 1793 1650 plu-

262 1683 516 1760 ralitas3
544 1687 611 1747 et
632 1681 803 1764 quod
831 1681 944 1758 sic,
970 1679 1225 1744 videtur
1254 1679 1277 1717 ⁸
1307 1697 1325 1741 ε
1357 1677 1501 1743 Non
1528 1677 1674 1742 veni
1702 1675 1800 1754 ra-

260 1805 399 1856 cere
426 1790 814 1856 voluntatem
838 1784 1192 1865 manased
1217 1784 1609 1852 voluntatem
1638 1781 1796 1862 qius,

262 1899 384 1981 qm·
404 1898 589 1965 misit
615 1913 713 1962 me
743 1915 760 1959 :
791 1913 949 1977 ergo
975 1894 1102 1958 alia
1126 1897 1221 1958 est
1265 1893 1560 1958 voluntas
1602 1889 1804 1973 ipsius

264 2004 520 2083 Christi,
550 2003 675 2067 alia
700 2001 996 2066 voluntas
1021 1999 1331 2064 mittentis
1359 2016 1378 2061 ε
1408 1996 1517 2062 aed
1566 1996 1803 2061 volun-

264 2116 366 2176 tas
388 2109 619 2175 Christi
643 2107 997 2173 secundum
1023 2105 1419 2172 divinitatem
1465 2102 1686 2167 eadem
1713 2105 1807 2165 est

266 2236 423 2284 cum
473 2217 799 2284 voluntate
846 2213 1158 2279 mittentis
1188 2233 1204 2277 t
1233 2230 1390 2294 ergo
1432 2229 1686 2276 necesse
1713 2215 1809 2275 est

266 2324 440 2408 quod
470 2323 756 2388 Christus
805 2320 1101 2386 babuerit
1134 2319 1533 2387 voluntatem
1581 2335 1811 2382 secun-

270 2432 430 2497 dum
469 2431 956 2504 humanitatem,
997 2431 1061 2492 et
1095 2426 1451 2492 secundum
1504 2424 1810 2490 divinita-

273 2545 406 2604 tem
436 2560 452 2601 ε
482 2555 641 2619 ergo
664 2535 897 2601 habuit
915 2534 1131 2618 plures
1156 2532 1542 2597 voluntates.

360 2646 513 2710 item
532 2644 977 2721 Damasoenus,
994 2642 1157 2706 libro
1183 2641 1369 2706 tertio
1396 2641 1419 2676 ⁸
1446 2661 1461 2704 z
1502 2663 1534 2701 ι
1570 2637 1814 2704 Habere

276 2772 428 2820 eum
468 2755 738 2818 dicimus
784 2753 852 2814 in
907 2749 1156 2814 duabus
1206 2747 1456 2812 naturis
1508 2746 1811 2828 duplicia,

274 2878 424 2945 quae
436 2864 588 2926 sunt
605 2859 884 2925 duarum
897 2860 1273 2920 naturarum
1291 2853 1629 2930 naturalia,
1651 2853 1811 2917 duas

275 2968 640 3033 voluntates
662 2963 1003 3041 naturales,
1033 2943 1098 3026 et
1138 2961 1449 3041 divinam,
1479 2963 1542 3024 et
1574 2959 1813 3024 huma-

278 3091 454 3138 nam.
483 3095 513 3135 n

362 3183 542 3263 Item,
570 3179 826 3247 cuilibet
853 3181 1105 3243 naturae
1134 3172 1539 3239 intellectuali
1565 3189 1818 3256 respon·

282 3290 389 3355 det
415 3290 712 3354 voluntas
740 3309 756 3350 ι
784 3286 895 3350 sed
946 3285 1016 3348 iu
1042 3282 1285 3349 Christo
1320 3282 1581 3346 fuerunt
1605 3280 1821 3364 plures

285 3402 534 3462 naturae
576 3392 1050 3472 intellectuales,
1106 3390 1272 3455 sicut
1325 3388 1394 3452 in
1448 3388 1820 3471 praeoeden-

285 3503 453 3567 tibus
477 3505 905 3568 monstratum
955 3502 1051 3563 est
1078 3517 1093 3561 ε
1124 3512 1283 3577 ergo
1324 3495 1542 3578 plures
1584 3495 1815 3560 volun·

285 3613 462 3674 tates.

364 3715 544 3793 item,
579 3713 865 3779 Christus
912 3709 1151 3777 meruit
1182 3706 1331 3774 :sed
1361 3706 1662 3771 meritum
1688 3722 1821 3771 non

286 3827 383 3887 est
449 3822 574 3887 nisi
642 3821 997 3886 secundum
1062 3818 1455 3885 voluntatem
1520 3818 1815 3879 creatam.

286 3929 568 3995 Christus
609 3930 801 3993 etiam
837 3926 1058 3992 omnia
1093 3922 1334 3989 creavit
1383 3944 1399 3986 ε
1432 3920 1541 3986 sed
1585 3922 1818 3986 creatio

286 4055 417 4102 non
459 4041 555 4103 est
611 4036 736 4101 nisi
804 4054 846 4100 a
905 4035 1232 4101 voluntate
1293 4031 1591 4096 increata.
1647 4029 1820 4111 Ergo

284 4144 566 4210 Christus
610 4142 840 4207 habuit
889 4142 1282 4207 voluntatem
1329 4139 1697 4213 increatam,
1757 4140 1822 4202 et

285 4255 560 4316 creatam
592 4271 609 4316 ε
638 4266 797 4331 ergo
823 4248 1047 4313 habuit
1075 4247 1289 4330 plures
1316 4244 1695 4311 voluntates.

58 4398 257 4445 m
370 4358 597 4424 Contra
634 4379 651 4421 ε
683 4362 744 4420 t.
799 4355 1243 4431 Dammana,
1306 4352 1472 4417 libro
1524 4350 1710 4416 tertio
1734 4354 1758 4392 ⁸
1796 4371 1812 4414 :

297 4489 331 4525 α
355 4465 641 4542 Quorum
679 4462 1029 4530 substantia
1069 4466 1165 4526 est
1191 4460 1445 4538 eadem,
1493 4457 1728 4523 barum
1756 4462 1822 4523 et

284 4573 588 4639 voluntas
607 4576 704 4637 est
728 4571 986 4651 eadem3
1019 4574 1083 4635 et
1108 4586 1390 4652 quorum
1425 4566 1677 4632 diversa
1702 4584 1820 4634 vo-

283 4680 521 4758 luntas,
546 4680 785 4746 horum
810 4677 1060 4745 diversa
1084 4676 1435 4742 substantia
1466 4696 1483 4739 t
1513 4674 1621 4739 sed
1650 4674 1819 4740 divi-

278 4805 372 4855 na
395 4793 648 4868 natura,
679 4789 746 4851 at
767 4785 1074 4861 humana,
1117 4783 1439 4848 uniuntur
1482 4781 1552 4846 in
1577 4781 1823 4847 Christo

280 4896 358 4960 in
376 4896 620 4960 unitate
647 4893 1028 4977 hypostasis,
1059 4907 1209 4974 quas
1226 4894 1321 4955 est
1340 4889 1693 4954 substantia
1715 4890 1822 4953 in·

286 5003 571 5085 dividua,
598 5003 687 5067 ita
708 5001 881 5085 quod
906 5002 976 5065 in
1004 4999 1248 5066 Christo
1273 5016 1406 5064 non
1431 5002 1584 5064 sunt
1608 4999 1823 5082 plures

359 5165 379 5202 ¹
401 5165 484 5228 Cf.
499 5164 642 5216 Alex.
663 5163 856 5226 Aleum,
876 5176 929 5231 p.
953 5162 1014 5212 ΙΙΙ
1033 5197 1051 5224 ,
1071 5175 1124 5225 q.
1144 5171 1214 5210 xv
1229 5198 1241 5220 ,
1258 5160 1451 5211 memb.
1471 5164 1491 5210 t
1509 5173 1526 5224 3
1547 5161 1601 5212 S.
1619 5160 1821 5226 Thom.,

288 5249 347 5302 p.
387 5237 483 5299 ΙΙΙ,
510 5250 562 5301 q.
594 5246 759 5298 xvm,
784 5236 880 5283 art.
906 5237 965 5295 ¹3
988 5234 1042 5282 et
1066 5229 1135 5281 111
1161 5230 1321 5292 Seni„
1345 5230 1462 5280 dist.
1487 5242 1618 5295 xvn,
1649 5235 1744 5281 art.
1777 5239 1822 5296 ¹,

294 5320 349 5372 q.
371 5316 422 5370 13
451 5305 585 5357 etde
611 5307 747 5370 Pon,
770 5319 822 5369 q.
851 5315 918 5365 x,
947 5304 1042 5352 art.
1071 5303 1132 5364 ις
1153 5304 1205 5352 et
1226 5301 1290 5352 lv
1320 5304 1491 5352 contra
1514 5300 1685 5356 Gent..
1709 5316 1822 5367 cap.

296 5389 486 5442 mvn
533 5379 733 5438 scotus,
766 5375 829 5424 ΙΙΙ
858 5374 1015 5432 Sent„
1047 5372 1165 5424 dist.
1195 5382 1323 5436 xvu,
1353 5386 1404 5436 q.
1436 5383 1481 5435 13
1516 5371 1825 5433 Richardus,

303 5450 367 5500 ΠΙ
383 5450 544 5512 sent„
561 5449 679 5501 dist.
696 5457 830 5506 xvn,
852 5457 905 5510 q.
927 5455 980 5509 1,-
999 5443 1239 5507 Dus-and,
1264 5443 1329 5492 lu
1354 5441 1514 5500 Serum
1542 5440 1661 5491 dist.
1689 5453 1826 5508 xvu,

621 5553 773 5601 mu.
812 5551 906 5599 Π.

1974 931 2037 991 2.
2072 925 2254 1008 ltem,
2299 929 2596 995 voluntas
2647 929 2796 995 facit
2835 930 3156 996 volentem
3206 951 3223 995 t
3268 948 3427 1014 ergo

1896 1034 2110 1117 plures
2154 1035 2514 1102 voluntates
2565 1037 2804 1101 faciunt
2847 1038 3062 1121 plures
3103 1038 3426 1103 volentes:

1897 1142 2006 1206 sed
2031 1141 2315 1207 Christus
2339 1148 2433 1207 est
2457 1144 2687 1209 unicus
2707 1144 2958 1210 volens:
2986 1163 3143 1228 ergo
3168 1145 3427 1210 unicam

1899 1250 2149 1312 tantum
2178 1247 2404 1314 habuit
2427 1251 2843 1317 voluntatem.

1981 1359 2042 1417 3.
2074 1355 2254 1434 item,
2289 1356 2583 1422 voluntas
2607 1361 2701 1422 est
2717 1358 2872 1423 illud
2899 1359 2968 1422 in
2994 1359 3274 1435 homine,
3305 1377 3416 1442 pe-

1903 1479 2018 1527 nae
2042 1463 2215 1545 quod
2241 1464 2472 1529 residet
2495 1465 2786 1547 regimen
2813 1470 2877 1531 et
2906 1466 3264 1530 dominium
3291 1483 3438 1530 om-

1904 1569 2085 1634 nium
2115 1589 2340 1635 eorum
2358 1590 2506 1655 quae
2533 1576 2823 1653 aguntur
2865 1573 3097 1656 inipso
3119 1576 3181 1637 et
3197 1591 3311 1657 per
3337 1573 3440 1656 ip·-

1905 1693 2050 1740 sum
2085 1699 2100 1740 :
2133 1676 2255 1742 hoc
2281 1683 2498 1744 autem
2527 1679 2592 1743 in
2622 1678 2869 1743 Christo
2896 1698 3028 1745 non
3056 1685 3260 1762 potest
3307 1699 3443 1746 esse

1908 1783 2032 1846 nisi
2073 1801 2282 1848 uuum
2329 1786 2561 1867 solum,
2610 1787 2763 1869 quia
2807 1805 2938 1851 non
2993 1793 3258 1869 possunt
3310 1807 3446 1853 esse

1907 1890 2092 1972 plura
2118 1891 2511 1958 dominantia
2558 1894 2625 1957 in
2663 1913 2795 1958 uno
2837 1898 2900 1958 et
2948 1896 3171 1959 eodem
3207 1897 3446 1978 absque

1909 1999 2341 2063 controversia
2372 2021 2387 2062 t
2419 2017 2575 2081 ergo
2625 2018 2876 2065 necesse
2932 2007 3028 2066 est
3079 2002 3147 2066 in
3204 2002 3449 2068 Christo

1911 2121 2048 2170 esse
2078 2107 2470 2170 voluntatem
2496 2124 2692 2169 unam
2720 2107 2941 2172 solam.

1993 2219 2052 2278 4.
2087 2213 2266 2292 ltem,
2290 2213 2357 2276 in
2385 2212 2629 2278 Christo
2656 2218 2749 2278 est
2780 2218 3032 2278 tantum
3062 2233 3190 2279 una
3234 2234 3453 2298 perso-

1916 2319 2162 2397 nalitaS,
2193 2319 2350 2401 quia
2371 2320 2782 2402 personalitas
2820 2320 2969 2385 dicit
2995 2321 3451 2388 nobilissimam

1917 2425 2339 2491 conditionem
2357 2446 2502 2509 quae
2533 2426 2845 2510 reperitur
2872 2427 2940 2491 in
2972 2428 3323 2492 substantia
3349 2449 3455 2494 ra·

1919 2532 2133 2596 tionali
2197 2556 2211 2598 z
2262 2533 2369 2598 sed
2402 2534 2697 2599 voluntas
2741 2539 2833 2599 est
2876 2535 3343 2600 nobilissimum
3393 2541 3456 2602 et

1918 2656 2293 2721 supremum
2347 2641 2713 2706 substantia}
2749 2643 3070 2707 rationalis
3119 2665 3135 2708 ι
3167 2661 3323 2726 ergo
3377 2644 3457 2708 si-

1920 2752 2030 2811 cut
2078 2746 2144 2808 in
2203 2746 2448 2812 Christo
2497 2751 2592 2812 est
2642 2766 2775 2813 una
2811 2752 3060 2813 tantum
3105 2751 3459 2832 personali-

1922 2857 2040 3023 ἷαε,
2094 2853 2182 2919 ita
2228 2854 2481 2920 videtur
2521 2857 2691 2938 quod
2752 2856 2836 2922 sit
2878 2875 3009 2921 una
3053 2860 3304 2923 tantum
3342 2877 3458 2923 vo-

1948 2964 2153 3025 nutas.

2473 3177 2922 3247 CONCLUSIO.

1927 3355 1992 3408 In
2021 3352 2228 3410 Christo
2260 3369 2374 3410 cum
2409 3354 2595 3426 plures
2620 3359 2831 3412 natum
2864 3358 3181 3429 spirituales
3215 3359 3462 3427 fumat,

1996 3442 2367 3588 {gelzghpslures
2390 3446 2448 3499 in
2488 3459 2544 3500 eo
2570 3448 2914 3518 reperiuntur
2946 3447 3251 3504 voluntates
3291 3451 3340 3505 et
3377 3451 3464 3504 in·

2008 3712 2192 3796 Resp.
2250 3713 2328 3777 ad
2383 3731 2524 3796 arg.
2577 3714 2923 3780 Dicendum
2964 3716 3166 3801 quod,
3196 3736 3342 3783 cum
3397 3719 3466 3788 in

1927 3817 2173 3884 Christo
2194 3821 2323 3885 sint
2348 3821 2561 3903 plures
2574 3824 2820 3886 naturae
2841 3822 3319 3904 intellectualeS,
3353 3828 3460 3891 vi-

1926 3926 2147 3991 delicet
2192 3927 2409 3993 divina
2471 3931 2534 3992 et
2577 3928 2863 3993 humana
2879 3978 2896 4006 ,
2952 3947 3202 3997 necesse
3253 3937 3346 3997 est
3395 3934 3463 4000 in

1929 4032 2176 4099 Christo
2196 4033 2408 4116 plures
2433 4052 2568 4099 esse
2592 4035 2972 4102 voluntates.
3007 4037 3185 4104 Sicut
3209 4041 3380 4105 enim
3396 4041 3463 4105 in

1928 4158 2061 4207 una
2086 4144 2316 4206 natura
2349 4141 2656 4224 corporali
2692 4143 2888 4207 nobili
2914 4144 3041 4221 {ista
3068 4145 3198 4211 duo
3225 4165 3294 4211 se
3320 4166 3465 4213 con-

1928 4247 2336 4328 comitantur,
2383 4247 2670 4313 videlicet
2708 4249 2824 4315 lux
2852 4255 2913 4316 et
2936 4251 3146 4332 calor3
3177 4254 3266 4319 sic
3291 4258 3355 4319 et
3394 4255 3464 4322 in

1929 4359 2159 4420 natura
2210 4354 2521 4438 spirituali
2568 4356 2841 4439 perfecta
2881 4375 3132 4424 necesse
3189 4366 3284 4426 est
3334 4362 3464 4430 duo

1927 4463 2194 4546 reperiri
2218 4462 2321 4527 his
2349 4462 2599 4528 duobus
2626 4467 3218 4548 correspondentia,
3235 4469 3460 4536 videli-

1928 4575 2027 4637 cet
2051 4571 2481 4654 cognitionem
2521 4574 2586 4636 et
2624 4571 3021 4639 affectionem
3054 4596 3070 4641 ε
3103 4577 3212 4642 sed
3247 4579 3465 4660 cogni·

1929 4680 2018 4745 tio
2044 4684 2138 4744 est
2158 4684 2338 4744 actus
2362 4678 2647 4759 rationis,
2677 4685 2742 4744 et
2767 4681 3018 4747 affectio
3031 4689 3208 4750 actus
3233 4686 3461 4753 volun·

1931 4786 2114 4851 tatis:
2149 4803 2298 4851 cum
2323 4802 2480 4867 ergo
2505 4785 2575 4849 in
2603 4784 2848 4854 Christo
2874 4788 3000 4853 sint
3040 4791 3256 4874 plures
3283 4797 3467 4859 natu·

1930 4910 2022 4959 rae
2074 4893 2458 4976 spirituales,
2513 4896 2944 4963 necessarium
2967 4902 3061 4964 est
3100 4899 3168 4965 in
3223 4902 3467 4970 Christo

1930 5017 2166 5084 ponere
2198 5000 2414 5083 plures
2437 5000 2791 5067 intellectus
2818 5008 2884 5068 et
2921 5005 3138 5088 plures
3164 5010 3465 5077 volunta-

1933 5176 1988 5226 q.
2015 5175 2066 5226 13
2106 5162 2406 5214 Franciscus
2431 5163 2495 5213 de
2529 5164 2715 5227 Mayr„
2741 5164 2807 5214 lll
2844 5165 3002 5226 Sena,
3032 5168 3149 5220 diat.
3183 5182 3314 5236 ινιτ,
3338 5187 3391 5240 q.
3419 5187 3469 5241 ¹3

1932 5233 2115 5287 Thom.
2141 5237 2370 5299 Argent„
2394 5235 2458 5285 111
2481 5234 2640 5292 Seni„
2670 5234 2787 5284 dist.
2810 5247 2918 5300 xiv,
2948 5252 2999 5303 q.
3024 5251 3061 5303 1,
3087 5244 3184 5293 art.
3208 5246 3229 5294 1
3252 5260 3270 5308 3
3296 5245 3475 5311 Steph.

1936 5305 2148 5365 Brulef„
2169 5305 2236 5357 lll
2261 5306 2422 5370 Sent„
2442 5305 2700 5364 dietam,
2721 5320 2774 5370 q.
2803 5319 2856 5369 13
2883 5309 3035 5362 Gabr.
3067 5312 3477 5378 Bi01.,1nsent.,

1936 5374 2201 5458 dist'xvn,
2230 5392 2281 5443 q.
2314 5389 2350 5438 ι,
2377 5381 2473 5429 art.
2498 5380 2547 5425 2.
2570 5402 2633 5415 —
2649 5377 2673 5411 ¹
2695 5378 2860 5442 Joam,
2882 5391 2965 5441 vr,
2994 5383 3074 5433 38.
3091 5409 3154 5421 -
3170 5384 3192 5419 ⁸
3215 5387 3480 5453 Damaso„

1928 5444 1988 5494 de
2003 5446 2128 5496 Fide
2144 5448 2359 5513 orthod„
2380 5449 2465 5498 lib.
2493 5448 2579 5509 ΙΙΙ,
2599 5461 2645 5497 c.
2666 5449 2851 5512 x111,iu
2869 5449 3059 5502 flue.—·
3075 5456 3096 5490 δ
3115 5454 3266 5512 lbid..
3287 5474 3332 5509 c.
3351 5472 3439 5509 xlv
3469 5480 3488 5499 ο

3158 5552 3237 5614 24
