<?xml version="1.0" encoding="UTF-8"?>
<!DOCTYPE html PUBLIC "-//W3C//DTD XHTML 1.0 Transitional//EN"
    "http://www.w3.org/TR/xhtml1/DTD/xhtml1-transitional.dtd">
<html xmlns="http://www.w3.org/1999/xhtml" xml:lang="en" lang="en">
 <head>
  <title>
</title>
<meta http-equiv="Content-Type" content="text/html;charset=utf-8" />
  <meta name='ocr-system' content='tesseract 3.04.00' />
  <meta name='ocr-capabilities' content='ocr_page ocr_carea ocr_par ocr_line ocrx_word'/>
</head>
<body>
  <div class='ocr_page' id='page_1' title='image "./srecardinalissb01cargoog_0561.png"; bbox 0 0 4185 6288; ppageno 0'>
   <div class='ocr_carea' id='block_1_1' title="bbox 1532 459 3398 533">
    <p class='ocr_par' dir='ltr' id='par_1_1' title="bbox 1532 459 3398 533">
     <span class='ocr_line' id='line_1_1' title="bbox 1532 459 3398 533; baseline 0.003 -5"><span class='ocrx_word' id='word_1_1' title='bbox 1532 459 1910 530; x_wconf 66' lang='lat' dir='ltr'><strong>msrmc&#39;r.</strong></span> <span class='ocrx_word' id='word_1_2' title='bbox 1953 459 2135 530; x_wconf 82' lang='lat' dir='ltr'><strong>XXV.</strong></span> <span class='ocrx_word' id='word_1_3' title='bbox 3279 470 3398 533; x_wconf 73' lang='lat'><strong>539</strong></span> 
     </span>
    </p>
   </div>
   <div class='ocr_carea' id='block_1_2' title="bbox 214 596 3409 1856">
    <p class='ocr_par' dir='ltr' id='par_1_2' title="bbox 214 596 3409 1737">
     <span class='ocr_line' id='line_1_2' title="bbox 218 596 3397 694; baseline 0.001 -24"><span class='ocrx_word' id='word_1_4' title='bbox 218 597 649 670; x_wconf 84' lang='lat' dir='ltr'><strong>articulorum</strong></span> <span class='ocrx_word' id='word_1_5' title='bbox 707 596 864 668; x_wconf 84' lang='lat' dir='ltr'><strong>fidei</strong></span> <span class='ocrx_word' id='word_1_6' title='bbox 916 598 1279 686; x_wconf 88' lang='lat' dir='ltr'><strong>habebant;</strong></span> <span class='ocrx_word' id='word_1_7' title='bbox 1336 598 1581 687; x_wconf 90' lang='lat' dir='ltr'><strong>velata,</strong></span> <span class='ocrx_word' id='word_1_8' title='bbox 1639 605 1716 667; x_wconf 91' lang='lat' dir='ltr'><strong>ut</strong></span> <span class='ocrx_word' id='word_1_9' title='bbox 1793 598 2225 692; x_wconf 87' lang='lat' dir='ltr'><strong>simplicibus,</strong></span> <span class='ocrx_word' id='word_1_10' title='bbox 2296 600 2542 694; x_wconf 89' lang='lat' dir='ltr'><strong>quibus</strong></span> <span class='ocrx_word' id='word_1_11' title='bbox 2610 602 2975 672; x_wconf 89' lang='lat' dir='ltr'><strong>revelatum</strong></span> <span class='ocrx_word' id='word_1_12' title='bbox 3051 608 3191 671; x_wconf 90' lang='lat' dir='ltr'><strong>erat</strong></span> <span class='ocrx_word' id='word_1_13' title='bbox 3259 623 3397 672; x_wconf 87' lang='lat' dir='ltr'><strong>esse</strong></span> 
     </span>
     <span class='ocr_line' id='line_1_3' title="bbox 218 714 3402 810; baseline 0.002 -27"><span class='ocrx_word' id='word_1_14' title='bbox 218 715 563 802; x_wconf 88' lang='lat' dir='ltr'><strong>credenda,</strong></span> <span class='ocrx_word' id='word_1_15' title='bbox 594 738 745 807; x_wconf 74' lang='lat' dir='ltr'><strong>quae</strong></span> <span class='ocrx_word' id='word_1_16' title='bbox 771 714 1120 784; x_wconf 90' lang='lat' dir='ltr'><strong>credebant</strong></span> <span class='ocrx_word' id='word_1_17' title='bbox 1145 715 1249 784; x_wconf 92' lang='lat' dir='ltr'><strong>illi</strong></span> <span class='ocrx_word' id='word_1_18' title='bbox 1277 714 1557 807; x_wconf 88' lang='lat' dir='ltr'><strong>majores</strong></span> <span class='ocrx_word' id='word_1_19' title='bbox 1582 722 1647 783; x_wconf 88' lang='lat' dir='ltr'><strong>et</strong></span> <span class='ocrx_word' id='word_1_20' title='bbox 1671 714 2009 800; x_wconf 88' lang='lat' dir='ltr'><strong>docebant,</strong></span> <span class='ocrx_word' id='word_1_21' title='bbox 2043 716 2155 785; x_wconf 88' lang='lat' dir='ltr'><strong>sed</strong></span> <span class='ocrx_word' id='word_1_22' title='bbox 2183 739 2414 787; x_wconf 91' lang='lat' dir='ltr'><strong>eorum</strong></span> <span class='ocrx_word' id='word_1_23' title='bbox 2441 717 2921 789; x_wconf 82' lang='lat' dir='ltr'>distinctionem</span> <span class='ocrx_word' id='word_1_24' title='bbox 2950 726 3240 810; x_wconf 89' lang='lat' dir='ltr'><strong>apertam</strong></span> <span class='ocrx_word' id='word_1_25' title='bbox 3266 740 3402 788; x_wconf 89' lang='lat' dir='ltr'><strong>non</strong></span> 
     </span>
     <span class='ocr_line' id='line_1_4' title="bbox 220 830 3403 927; baseline 0.001 -28"><span class='ocrx_word' id='word_1_26' title='bbox 220 831 586 919; x_wconf 89' lang='lat' dir='ltr'><strong>habebant;</strong></span> <span class='ocrx_word' id='word_1_27' title='bbox 618 832 786 901; x_wconf 87' lang='lat' dir='ltr'><strong>sicut</strong></span> <span class='ocrx_word' id='word_1_28' title='bbox 811 839 875 900; x_wconf 87' lang='lat' dir='ltr'><strong>et</strong></span> <span class='ocrx_word' id='word_1_29' title='bbox 902 832 972 900; x_wconf 90' lang='lat' dir='ltr'><strong>in</strong></span> <span class='ocrx_word' id='word_1_30' title='bbox 1002 832 1286 901; x_wconf 76' lang='lat' dir='ltr'><strong>Ecclesia</strong></span> <span class='ocrx_word' id='word_1_31' title='bbox 1313 832 1525 924; x_wconf 84' lang='lat' dir='ltr'><strong>aliqui</strong></span> <span class='ocrx_word' id='word_1_32' title='bbox 1551 830 1773 901; x_wconf 91' lang='lat' dir='ltr'><strong>minus</strong></span> <span class='ocrx_word' id='word_1_33' title='bbox 1797 854 2061 925; x_wconf 78' lang='lat' dir='ltr'><strong>capaces</strong></span> <span class='ocrx_word' id='word_1_34' title='bbox 2087 842 2242 902; x_wconf 90' lang='lat' dir='ltr'><strong>sunt</strong></span> <span class='ocrx_word' id='word_1_35' title='bbox 2260 885 2280 922; x_wconf 95' lang='lat'>‚</span> <span class='ocrx_word' id='word_1_36' title='bbox 2328 833 2449 927; x_wconf 89' lang='lat' dir='ltr'><strong>qui</strong></span> <span class='ocrx_word' id='word_1_37' title='bbox 2495 834 2805 904; x_wconf 79' lang='lat' dir='ltr'><strong>articulos</strong></span> <span class='ocrx_word' id='word_1_38' title='bbox 2833 833 3134 926; x_wconf 86' lang='lat' dir='ltr'><strong>Symboli</strong></span> <span class='ocrx_word' id='word_1_39' title='bbox 3175 833 3403 903; x_wconf 88' lang='lat' dir='ltr'><strong>distin-</strong></span> 
     </span>
     <span class='ocr_line' id='line_1_5' title="bbox 218 927 3401 1043; baseline 0.001 -27"><span class='ocrx_word' id='word_1_40' title='bbox 218 970 423 1037; x_wconf 87' lang='lat' dir='ltr'><strong>guere</strong></span> <span class='ocrx_word' id='word_1_41' title='bbox 449 957 515 1018; x_wconf 92' lang='lat' dir='ltr'><strong>et</strong></span> <span class='ocrx_word' id='word_1_42' title='bbox 556 948 886 1038; x_wconf 84' lang='lat' dir='ltr'><strong>assignare</strong></span> <span class='ocrx_word' id='word_1_43' title='bbox 925 972 1060 1017; x_wconf 89' lang='lat' dir='ltr'><strong>non</strong></span> <span class='ocrx_word' id='word_1_44' title='bbox 1104 949 1350 1033; x_wconf 89' lang='lat' dir='ltr'><strong>valent,</strong></span> <span class='ocrx_word' id='word_1_45' title='bbox 1401 953 1624 1016; x_wconf 89' lang='lat' dir='ltr'><strong>omnia</strong></span> <span class='ocrx_word' id='word_1_46' title='bbox 1672 927 1892 1017; x_wconf 83' lang='lat' dir='ltr'><strong>tamen</strong></span> <span class='ocrx_word' id='word_1_47' title='bbox 1938 949 2217 1018; x_wconf 89' lang='lat' dir='ltr'><strong>credunt</strong></span> <span class='ocrx_word' id='word_1_48' title='bbox 2263 973 2414 1042; x_wconf 80' lang='lat' dir='ltr'><strong>quae</strong></span> <span class='ocrx_word' id='word_1_49' title='bbox 2458 951 2527 1019; x_wconf 90' lang='lat' dir='ltr'><strong>in</strong></span> <span class='ocrx_word' id='word_1_50' title='bbox 2553 949 2871 1043; x_wconf 89' lang='lat' dir='ltr'><strong>Symbolo</strong></span> <span class='ocrx_word' id='word_1_51' title='bbox 2914 950 3332 1021; x_wconf 90' lang='lat' dir='ltr'><strong>continentur</strong></span> <span class='ocrx_word' id='word_1_52' title='bbox 3385 975 3401 1018; x_wconf 73' lang='grc' dir='ltr'><strong><em>ε</em></strong></span> 
     </span>
     <span class='ocr_line' id='line_1_6' title="bbox 217 1063 3409 1158; baseline 0.001 -26"><span class='ocrx_word' id='word_1_53' title='bbox 217 1064 495 1133; x_wconf 90' lang='lat' dir='ltr'><strong>credunt</strong></span> <span class='ocrx_word' id='word_1_54' title='bbox 520 1065 696 1133; x_wconf 89' lang='lat' dir='ltr'><strong>enim</strong></span> <span class='ocrx_word' id='word_1_55' title='bbox 728 1088 876 1158; x_wconf 65' lang='lat' dir='ltr'><strong>quae</strong></span> <span class='ocrx_word' id='word_1_56' title='bbox 920 1065 1262 1153; x_wconf 86' lang='lat' dir='ltr'><strong>ignorant,</strong></span> <span class='ocrx_word' id='word_1_57' title='bbox 1297 1063 1610 1132; x_wconf 89' lang='lat' dir='ltr'><strong>habentes</strong></span> <span class='ocrx_word' id='word_1_58' title='bbox 1651 1064 1852 1133; x_wconf 88' lang='lat' dir='ltr'><strong>fidem</strong></span> <span class='ocrx_word' id='word_1_59' title='bbox 1895 1065 2176 1134; x_wconf 83' lang='lat' dir='ltr'><strong>velatam</strong></span> <span class='ocrx_word' id='word_1_60' title='bbox 2221 1066 2292 1150; x_wconf 82' lang='lat' dir='ltr'><strong>in</strong></span> <span class='ocrx_word' id='word_1_61' title='bbox 2345 1065 2676 1158; x_wconf 73' lang='lat' dir='ltr'><strong>mysterio.</strong></span> <span class='ocrx_word' id='word_1_62' title='bbox 2726 1067 2826 1134; x_wconf 91' lang='lat' dir='ltr'><strong>Ita</strong></span> <span class='ocrx_word' id='word_1_63' title='bbox 2871 1073 2936 1134; x_wconf 88' lang='lat' dir='ltr'><strong>et</strong></span> <span class='ocrx_word' id='word_1_64' title='bbox 2973 1073 3133 1135; x_wconf 87' lang='lat' dir='ltr'><strong>tunc</strong></span> <span class='ocrx_word' id='word_1_65' title='bbox 3188 1067 3409 1140; x_wconf 87' lang='lat' dir='ltr'><strong>minus</strong></span> 
     </span>
     <span class='ocr_line' id='line_1_7' title="bbox 217 1180 3405 1274; baseline 0.001 -25"><span class='ocrx_word' id='word_1_66' title='bbox 217 1203 482 1272; x_wconf 83' lang='lat' dir='ltr'><strong>capaces</strong></span> <span class='ocrx_word' id='word_1_67' title='bbox 507 1204 588 1250; x_wconf 84' lang='lat' dir='ltr'><strong>ex</strong></span> <span class='ocrx_word' id='word_1_68' title='bbox 618 1182 1017 1250; x_wconf 82' lang='lat' dir='ltr'><strong>revelatione</strong></span> <span class='ocrx_word' id='word_1_69' title='bbox 1053 1181 1180 1248; x_wconf 90' lang='lat' dir='ltr'><strong>sibi</strong></span> <span class='ocrx_word' id='word_1_70' title='bbox 1222 1181 1390 1248; x_wconf 87' lang='lat' dir='ltr'><strong>facta</strong></span> <span class='ocrx_word' id='word_1_71' title='bbox 1438 1180 1798 1272; x_wconf 89' lang='lat' dir='ltr'><strong>majoribus</strong></span> <span class='ocrx_word' id='word_1_72' title='bbox 1832 1181 2158 1251; x_wconf 89' lang='lat' dir='ltr'><strong>credendo</strong></span> <span class='ocrx_word' id='word_1_73' title='bbox 2202 1182 2603 1252; x_wconf 87' lang='lat' dir='ltr'><strong>inhaerebant</strong></span> <span class='ocrx_word' id='word_1_74' title='bbox 2626 1235 2644 1268; x_wconf 93' lang='lat'><strong>,</strong></span> <span class='ocrx_word' id='word_1_75' title='bbox 2696 1182 2936 1274; x_wconf 90' lang='lat' dir='ltr'><strong>quihus</strong></span> <span class='ocrx_word' id='word_1_76' title='bbox 2976 1183 3174 1252; x_wconf 90' lang='lat' dir='ltr'><strong>fidem</strong></span> <span class='ocrx_word' id='word_1_77' title='bbox 3216 1206 3405 1253; x_wconf 91' lang='lat' dir='ltr'><strong>suam</strong></span> 
     </span>
     <span class='ocr_line' id='line_1_8' title="bbox 216 1295 3403 1391; baseline 0 -24"><span class='ocrx_word' id='word_1_78' title='bbox 216 1297 408 1388; x_wconf 84' lang='lat' dir='ltr'><strong>quasi</strong></span> <span class='ocrx_word' id='word_1_79' title='bbox 460 1297 975 1366; x_wconf 81' lang='lat' dir='ltr'><strong>committebant.</strong></span> <span class='ocrx_word' id='word_1_80' title='bbox 1009 1296 1201 1364; x_wconf 87' lang='lat' dir='ltr'><strong>Unde</strong></span> <span class='ocrx_word' id='word_1_81' title='bbox 1253 1295 1380 1365; x_wconf 87' lang='lat' dir='ltr'><strong>Job</strong></span> <span class='ocrx_word' id='word_1_82' title='bbox 1407 1308 1427 1344; x_wconf 86' lang='lat'><strong>¹</strong></span> <span class='ocrx_word' id='word_1_83' title='bbox 1463 1321 1479 1364; x_wconf 89' lang='lat'><strong>:</strong></span> <span class='ocrx_word' id='word_1_84' title='bbox 1536 1300 1740 1366; x_wconf 86' lang='lat' dir='ltr'><strong>Boves</strong></span> <span class='ocrx_word' id='word_1_85' title='bbox 1797 1298 2111 1382; x_wconf 80' lang='lat' dir='ltr'><strong>arabant,</strong></span> <span class='ocrx_word' id='word_1_86' title='bbox 2172 1311 2235 1366; x_wconf 82' lang='lat' dir='ltr'><strong>et</strong></span> <span class='ocrx_word' id='word_1_87' title='bbox 2286 1301 2494 1366; x_wconf 81' lang='lat' dir='ltr'><strong>asinoe</strong></span> <span class='ocrx_word' id='word_1_88' title='bbox 2536 1299 2985 1390; x_wconf 77' lang='lat' dir='ltr'><strong>pascebantur</strong></span> <span class='ocrx_word' id='word_1_89' title='bbox 3025 1301 3235 1391; x_wconf 75' lang='lat' dir='ltr'><strong>juxta</strong></span> <span class='ocrx_word' id='word_1_90' title='bbox 3276 1323 3403 1368; x_wconf 82' lang='lat' dir='ltr'><strong>eos.</strong></span> 
     </span>
     <span class='ocr_line' id='line_1_9' title="bbox 216 1413 3409 1509; baseline 0.001 -28"><span class='ocrx_word' id='word_1_91' title='bbox 216 1413 562 1504; x_wconf 85' lang='lat' dir='ltr'><strong>Simplices</strong></span> <span class='ocrx_word' id='word_1_92' title='bbox 613 1422 679 1481; x_wconf 92' lang='lat' dir='ltr'><strong>et</strong></span> <span class='ocrx_word' id='word_1_93' title='bbox 736 1413 1021 1482; x_wconf 88' lang='lat' dir='ltr'><strong>minores</strong></span> <span class='ocrx_word' id='word_1_94' title='bbox 1072 1422 1228 1481; x_wconf 89' lang='lat' dir='ltr'><strong>sunt</strong></span> <span class='ocrx_word' id='word_1_95' title='bbox 1269 1413 1466 1482; x_wconf 80' lang='lat' dir='ltr'><strong>asinae</strong></span> <span class='ocrx_word' id='word_1_96' title='bbox 1504 1421 1837 1505; x_wconf 87' lang='lat' dir='ltr'><strong>pascentes</strong></span> <span class='ocrx_word' id='word_1_97' title='bbox 1878 1416 2073 1504; x_wconf 84' lang='lat' dir='ltr'><strong>juxta</strong></span> <span class='ocrx_word' id='word_1_98' title='bbox 2115 1414 2314 1482; x_wconf 89' lang='lat' dir='ltr'><strong>boves</strong></span> <span class='ocrx_word' id='word_1_99' title='bbox 2338 1467 2355 1499; x_wconf 92' lang='lat'><strong>,</strong></span> <span class='ocrx_word' id='word_1_100' title='bbox 2404 1414 2564 1506; x_wconf 88' lang='lat' dir='ltr'><strong>quia</strong></span> <span class='ocrx_word' id='word_1_101' title='bbox 2625 1414 2996 1506; x_wconf 85' lang='lat' dir='ltr'><strong>humilitate</strong></span> <span class='ocrx_word' id='word_1_102' title='bbox 3049 1417 3409 1509; x_wconf 90' lang='lat' dir='ltr'><strong>majoribus</strong></span> 
     </span>
     <span class='ocr_line' id='line_1_10' title="bbox 214 1517 3408 1624; baseline 0.001 -25"><span class='ocrx_word' id='word_1_103' title='bbox 214 1528 611 1599; x_wconf 79' lang='lat' dir='ltr'><strong>adhaerendo</strong></span> <span class='ocrx_word' id='word_1_104' title='bbox 639 1581 658 1614; x_wconf 89' lang='lat'><strong>,</strong></span> <span class='ocrx_word' id='word_1_105' title='bbox 706 1529 777 1596; x_wconf 90' lang='lat' dir='ltr'><strong>in</strong></span> <span class='ocrx_word' id='word_1_106' title='bbox 822 1529 1134 1620; x_wconf 88' lang='lat' dir='ltr'><strong>mysterio</strong></span> <span class='ocrx_word' id='word_1_107' title='bbox 1184 1528 1569 1615; x_wconf 90' lang='lat' dir='ltr'><strong>credebant,</strong></span> <span class='ocrx_word' id='word_1_108' title='bbox 1618 1552 1769 1621; x_wconf 82' lang='lat' dir='ltr'><strong>quae</strong></span> <span class='ocrx_word' id='word_1_109' title='bbox 1805 1529 1908 1597; x_wconf 90' lang='lat' dir='ltr'><strong>illi</strong></span> <span class='ocrx_word' id='word_1_110' title='bbox 1952 1530 2022 1598; x_wconf 91' lang='lat' dir='ltr'><strong>in</strong></span> <span class='ocrx_word' id='word_1_111' title='bbox 2066 1530 2374 1622; x_wconf 88' lang='lat' dir='ltr'><strong>mysterio</strong></span> <span class='ocrx_word' id='word_1_112' title='bbox 2418 1530 2774 1616; x_wconf 89' lang='lat' dir='ltr'><strong>docebant,</strong></span> <span class='ocrx_word' id='word_1_113' title='bbox 2821 1531 3037 1624; x_wconf 89' lang='lat' dir='ltr'><strong>qualis</strong></span> <span class='ocrx_word' id='word_1_114' title='bbox 3078 1517 3246 1602; x_wconf 82' lang='lat' dir='ltr'><strong>forte</strong></span> <span class='ocrx_word' id='word_1_115' title='bbox 3278 1533 3408 1602; x_wconf 82' lang='lat' dir='ltr'><strong>fuit</strong></span> 
     </span>
     <span class='ocr_line' id='line_1_11' title="bbox 215 1644 880 1737; baseline 0 -25"><span class='ocrx_word' id='word_1_116' title='bbox 215 1644 418 1713; x_wconf 92' lang='lat' dir='ltr'><strong>vidua</strong></span> <span class='ocrx_word' id='word_1_117' title='bbox 450 1645 810 1737; x_wconf 89' lang='lat' dir='ltr'><strong>Sareptana</strong></span> <span class='ocrx_word' id='word_1_118' title='bbox 834 1657 880 1712; x_wconf 80' lang='lat'><strong>².</strong></span> 
     </span>
    </p>

    <p class='ocr_par' dir='ltr' id='par_1_3' title="bbox 303 1761 3392 1856">
     <span class='ocr_line' id='line_1_12' title="bbox 303 1761 3392 1856; baseline 0.001 -26"><span class='ocrx_word' id='word_1_119' title='bbox 303 1761 433 1830; x_wconf 88' lang='lat' dir='ltr'><strong>Sed</strong></span> <span class='ocrx_word' id='word_1_120' title='bbox 461 1765 784 1854; x_wconf 80' lang='lat' dir='ltr'><strong>quaeritur</strong></span> <span class='ocrx_word' id='word_1_121' title='bbox 803 1815 821 1848; x_wconf 92' lang='lat'><strong>,</strong></span> <span class='ocrx_word' id='word_1_122' title='bbox 853 1785 1004 1832; x_wconf 90' lang='lat' dir='ltr'><strong>cum</strong></span> <span class='ocrx_word' id='word_1_123' title='bbox 1033 1762 1174 1832; x_wconf 92' lang='lat' dir='ltr'><strong>sine</strong></span> <span class='ocrx_word' id='word_1_124' title='bbox 1201 1762 1331 1832; x_wconf 88' lang='lat' dir='ltr'><strong>fide</strong></span> <span class='ocrx_word' id='word_1_125' title='bbox 1362 1762 1736 1834; x_wconf 86' lang='lat' dir='ltr'><strong>Mediatoris</strong></span> <span class='ocrx_word' id='word_1_126' title='bbox 1761 1763 2051 1856; x_wconf 85' lang='lat' dir='ltr'><strong>antiquis</strong></span> <span class='ocrx_word' id='word_1_127' title='bbox 2078 1787 2213 1833; x_wconf 90' lang='lat' dir='ltr'><strong>non</strong></span> <span class='ocrx_word' id='word_1_128' title='bbox 2241 1763 2439 1833; x_wconf 83' lang='lat' dir='ltr'><strong>fuerit</strong></span> <span class='ocrx_word' id='word_1_129' title='bbox 2470 1763 2670 1849; x_wconf 89' lang='lat' dir='ltr'><strong>salus,</strong></span> <span class='ocrx_word' id='word_1_130' title='bbox 2703 1765 2870 1833; x_wconf 87' lang='lat' dir='ltr'><strong>sicut</strong></span> <span class='ocrx_word' id='word_1_131' title='bbox 2898 1787 3017 1833; x_wconf 89' lang='lat' dir='ltr'><strong>nec</strong></span> <span class='ocrx_word' id='word_1_132' title='bbox 3040 1765 3392 1852; x_wconf 83' lang='lat' dir='ltr'><strong>modernis,</strong></span> 
     </span>
    </p>
   </div>
   <div class='ocr_carea' id='block_1_3' title="bbox 212 1879 3492 1973">
    <p class='ocr_par' dir='ltr' id='par_1_4' title="bbox 212 1879 3492 1973">
     <span class='ocr_line' id='line_1_13' title="bbox 212 1879 3492 1973; baseline 0.002 -28"><span class='ocrx_word' id='word_1_133' title='bbox 212 1886 441 1946; x_wconf 89' lang='lat' dir='ltr'><strong>utrum</strong></span> <span class='ocrx_word' id='word_1_134' title='bbox 473 1879 835 1970; x_wconf 85' lang='lat' dir='ltr'><strong>oportuerit</strong></span> <span class='ocrx_word' id='word_1_135' title='bbox 861 1879 1010 1948; x_wconf 89' lang='lat' dir='ltr'><strong>illos</strong></span> <span class='ocrx_word' id='word_1_136' title='bbox 1038 1880 1297 1948; x_wconf 88' lang='lat' dir='ltr'><strong>eredere</strong></span> <span class='ocrx_word' id='word_1_137' title='bbox 1326 1879 1549 1947; x_wconf 90' lang='lat' dir='ltr'><strong>omnia</strong></span> <span class='ocrx_word' id='word_1_138' title='bbox 1575 1879 1693 1947; x_wconf 87' lang='lat' dir='ltr'><strong>illa</strong></span> <span class='ocrx_word' id='word_1_139' title='bbox 1717 1879 1798 1947; x_wconf 91' lang='lat' dir='ltr'><strong>de</strong></span> <span class='ocrx_word' id='word_1_140' title='bbox 1825 1879 2207 1965; x_wconf 89' lang='lat' dir='ltr'><strong>Mediatore,</strong></span> <span class='ocrx_word' id='word_1_141' title='bbox 2240 1902 2391 1973; x_wconf 79' lang='lat' dir='ltr'><strong>quae</strong></span> <span class='ocrx_word' id='word_1_142' title='bbox 2411 1903 2588 1949; x_wconf 91' lang='lat' dir='ltr'><strong>nunc</strong></span> <span class='ocrx_word' id='word_1_143' title='bbox 2614 1880 2964 1949; x_wconf 89' lang='lat' dir='ltr'><strong>credimus.</strong></span> <span class='ocrx_word' id='word_1_144' title='bbox 2987 1880 3394 1962; x_wconf 85' lang='lat' dir='ltr'><strong>Quibusdam</strong></span> <span class='ocrx_word' id='word_1_145' title='bbox 3441 1908 3492 1938; x_wconf 76' lang='lat' dir='ltr'><strong>ve</strong></span> 
     </span>
    </p>
   </div>
   <div class='ocr_carea' id='block_1_4' title="bbox 209 1994 3395 2087">
    <p class='ocr_par' dir='ltr' id='par_1_5' title="bbox 209 1994 3395 2087">
     <span class='ocr_line' id='line_1_14' title="bbox 209 1994 3395 2087; baseline 0.001 -25"><span class='ocrx_word' id='word_1_146' title='bbox 209 1994 496 2082; x_wconf 86' lang='lat' dir='ltr'><strong>videtur,</strong></span> <span class='ocrx_word' id='word_1_147' title='bbox 560 1995 740 2087; x_wconf 91' lang='lat' dir='ltr'><strong>quod</strong></span> <span class='ocrx_word' id='word_1_148' title='bbox 790 1995 1114 2064; x_wconf 87' lang='lat' dir='ltr'><strong>suffecerit</strong></span> <span class='ocrx_word' id='word_1_149' title='bbox 1159 1995 1292 2064; x_wconf 90' lang='lat' dir='ltr'><strong>illis</strong></span> <span class='ocrx_word' id='word_1_150' title='bbox 1338 2004 1624 2087; x_wconf 89' lang='lat' dir='ltr'><strong>quatuor</strong></span> <span class='ocrx_word' id='word_1_151' title='bbox 1662 2002 1919 2064; x_wconf 88' lang='lat' dir='ltr'><strong>tantum</strong></span> <span class='ocrx_word' id='word_1_152' title='bbox 1969 1996 2265 2083; x_wconf 90' lang='lat' dir='ltr'><strong>credere,</strong></span> <span class='ocrx_word' id='word_1_153' title='bbox 2315 1996 2558 2065; x_wconf 91' lang='lat' dir='ltr'><strong>scilicet</strong></span> <span class='ocrx_word' id='word_1_154' title='bbox 2597 1997 3029 2084; x_wconf 85' lang='lat' dir='ltr'><strong>nativitatem,</strong></span> <span class='ocrx_word' id='word_1_155' title='bbox 3080 2005 3356 2066; x_wconf 89' lang='lat' dir='ltr'><strong>mortem</strong></span> <span class='ocrx_word' id='word_1_156' title='bbox 3379 2049 3395 2081; x_wconf 95' lang='lat'><strong>,</strong></span> 
     </span>
    </p>
   </div>
   <div class='ocr_carea' id='block_1_5' title="bbox 209 2111 3468 2204">
    <p class='ocr_par' dir='ltr' id='par_1_6' title="bbox 209 2111 3468 2204">
     <span class='ocr_line' id='line_1_15' title="bbox 209 2111 3468 2204; baseline 0.001 -27"><span class='ocrx_word' id='word_1_157' title='bbox 209 2111 787 2196; x_wconf 88' lang='lat' dir='ltr'><strong>resurrectionem,</strong></span> <span class='ocrx_word' id='word_1_158' title='bbox 861 2122 923 2180; x_wconf 87' lang='lat' dir='ltr'><strong>et</strong></span> <span class='ocrx_word' id='word_1_159' title='bbox 982 2111 1340 2180; x_wconf 88' lang='lat' dir='ltr'><strong>adventum</strong></span> <span class='ocrx_word' id='word_1_160' title='bbox 1397 2112 1479 2180; x_wconf 88' lang='lat' dir='ltr'><strong>ad</strong></span> <span class='ocrx_word' id='word_1_161' title='bbox 1535 2111 1917 2203; x_wconf 89' lang='lat' dir='ltr'><strong>judicium:</strong></span> <span class='ocrx_word' id='word_1_162' title='bbox 1981 2112 2159 2204; x_wconf 90' lang='lat' dir='ltr'><strong>quod</strong></span> <span class='ocrx_word' id='word_1_163' title='bbox 2219 2136 2300 2182; x_wconf 84' lang='lat' dir='ltr'><strong>ex</strong></span> <span class='ocrx_word' id='word_1_164' title='bbox 2352 2112 2698 2204; x_wconf 77' lang='lat' dir='ltr'><strong>praemissis</strong></span> <span class='ocrx_word' id='word_1_165' title='bbox 2759 2114 2974 2182; x_wconf 90' lang='lat' dir='ltr'><strong>verbis</strong></span> <span class='ocrx_word' id='word_1_166' title='bbox 3045 2114 3401 2203; x_wconf 82' lang='lat' dir='ltr'><strong>Augustini</strong></span> <span class='ocrx_word' id='word_1_167' title='bbox 3446 2158 3468 2188; x_wconf 54' lang='grc' dir='ltr'><strong>ο</strong></span> 
     </span>
    </p>
   </div>
   <div class='ocr_carea' id='block_1_6' title="bbox 209 2226 3411 3136">
    <p class='ocr_par' dir='ltr' id='par_1_7' title="bbox 209 2226 3411 3136">
     <span class='ocr_line' id='line_1_16' title="bbox 209 2226 3405 2319; baseline 0.002 -25"><span class='ocrx_word' id='word_1_168' title='bbox 209 2226 571 2315; x_wconf 89' lang='lat' dir='ltr'><strong>colligunt,</strong></span> <span class='ocrx_word' id='word_1_169' title='bbox 617 2227 734 2295; x_wconf 92' lang='lat' dir='ltr'><strong>ubi</strong></span> <span class='ocrx_word' id='word_1_170' title='bbox 777 2227 901 2295; x_wconf 90' lang='lat' dir='ltr'><strong>ista</strong></span> <span class='ocrx_word' id='word_1_171' title='bbox 946 2234 1233 2319; x_wconf 90' lang='lat' dir='ltr'><strong>quatuor</strong></span> <span class='ocrx_word' id='word_1_172' title='bbox 1270 2227 1511 2318; x_wconf 88' lang='lat' dir='ltr'><strong>posuit.</strong></span> <span class='ocrx_word' id='word_1_173' title='bbox 1556 2227 1724 2297; x_wconf 89' lang='lat' dir='ltr'><strong>Aliis</strong></span> <span class='ocrx_word' id='word_1_174' title='bbox 1767 2236 1987 2296; x_wconf 90' lang='lat' dir='ltr'><strong>autem</strong></span> <span class='ocrx_word' id='word_1_175' title='bbox 2031 2228 2294 2297; x_wconf 86' lang='lat' dir='ltr'><strong>videtur</strong></span> <span class='ocrx_word' id='word_1_176' title='bbox 2336 2227 2559 2296; x_wconf 86' lang='lat' dir='ltr'><strong>habita</strong></span> <span class='ocrx_word' id='word_1_177' title='bbox 2604 2228 2734 2297; x_wconf 91' lang='lat' dir='ltr'><strong>fide</strong></span> <span class='ocrx_word' id='word_1_178' title='bbox 2786 2228 3163 2313; x_wconf 87' lang='lat' dir='ltr'><strong>Trinitatis,</strong></span> <span class='ocrx_word' id='word_1_179' title='bbox 3213 2229 3279 2296; x_wconf 93' lang='lat' dir='ltr'><strong>id</strong></span> <span class='ocrx_word' id='word_1_180' title='bbox 3325 2229 3405 2299; x_wconf 89' lang='lat' dir='ltr'><strong>de</strong></span> 
     </span>
     <span class='ocr_line' id='line_1_17' title="bbox 210 2341 3404 2433; baseline 0.001 -23"><span class='ocrx_word' id='word_1_181' title='bbox 210 2342 522 2433; x_wconf 89' lang='lat' dir='ltr'><strong>mysterio</strong></span> <span class='ocrx_word' id='word_1_182' title='bbox 549 2341 1016 2411; x_wconf 88' lang='lat' dir='ltr'><strong>incarnationis</strong></span> <span class='ocrx_word' id='word_1_183' title='bbox 1043 2342 1199 2412; x_wconf 91' lang='lat' dir='ltr'><strong>fidei</strong></span> <span class='ocrx_word' id='word_1_184' title='bbox 1227 2344 1588 2429; x_wconf 87' lang='lat' dir='ltr'><strong>suffecisse,</strong></span> <span class='ocrx_word' id='word_1_185' title='bbox 1620 2352 1695 2412; x_wconf 91' lang='lat' dir='ltr'><strong>ut</strong></span> <span class='ocrx_word' id='word_1_186' title='bbox 1739 2343 1859 2412; x_wconf 90' lang='lat' dir='ltr'><strong>Dei</strong></span> <span class='ocrx_word' id='word_1_187' title='bbox 1893 2344 2107 2413; x_wconf 88' lang='lat' dir='ltr'><strong>Filius</strong></span> <span class='ocrx_word' id='word_1_188' title='bbox 2154 2344 2528 2413; x_wconf 89' lang='lat' dir='ltr'><strong>crederetur</strong></span> <span class='ocrx_word' id='word_1_189' title='bbox 2575 2346 2943 2415; x_wconf 88' lang='lat' dir='ltr'><strong>nasciturus</strong></span> <span class='ocrx_word' id='word_1_190' title='bbox 2987 2343 3068 2413; x_wconf 90' lang='lat' dir='ltr'><strong>de</strong></span> <span class='ocrx_word' id='word_1_191' title='bbox 3110 2345 3404 2432; x_wconf 90' lang='lat' dir='ltr'><strong>homine,</strong></span> 
     </span>
     <span class='ocr_line' id='line_1_18' title="bbox 210 2457 3409 2554; baseline 0.002 -30"><span class='ocrx_word' id='word_1_192' title='bbox 210 2466 275 2525; x_wconf 92' lang='lat' dir='ltr'><strong>et</strong></span> <span class='ocrx_word' id='word_1_193' title='bbox 293 2457 748 2550; x_wconf 86' lang='lat' dir='ltr'><strong>judicaturus:</strong></span> <span class='ocrx_word' id='word_1_194' title='bbox 778 2458 1002 2550; x_wconf 92' lang='lat' dir='ltr'><strong>quide</strong></span> <span class='ocrx_word' id='word_1_195' title='bbox 1026 2460 1278 2529; x_wconf 87' lang='lat' dir='ltr'><strong>Joanne</strong></span> <span class='ocrx_word' id='word_1_196' title='bbox 1303 2459 1599 2551; x_wconf 88' lang='lat' dir='ltr'><strong>Baptista</strong></span> <span class='ocrx_word' id='word_1_197' title='bbox 1628 2461 2098 2530; x_wconf 89' lang='lat' dir='ltr'><strong>documentum</strong></span> <span class='ocrx_word' id='word_1_198' title='bbox 2127 2461 2328 2554; x_wconf 90' lang='lat' dir='ltr'><strong>hujus</strong></span> <span class='ocrx_word' id='word_1_199' title='bbox 2371 2462 2466 2529; x_wconf 89' lang='lat' dir='ltr'><strong>rei</strong></span> <span class='ocrx_word' id='word_1_200' title='bbox 2511 2470 2891 2547; x_wconf 89' lang='lat' dir='ltr'><strong>assumunt,</strong></span> <span class='ocrx_word' id='word_1_201' title='bbox 2923 2461 3042 2554; x_wconf 92' lang='lat' dir='ltr'><strong>qui</strong></span> <span class='ocrx_word' id='word_1_202' title='bbox 3083 2462 3164 2530; x_wconf 94' lang='lat' dir='ltr'><strong>de</strong></span> <span class='ocrx_word' id='word_1_203' title='bbox 3198 2471 3409 2531; x_wconf 88' lang='lat' dir='ltr'><strong>morte</strong></span> 
     </span>
     <span class='ocr_line' id='line_1_19' title="bbox 209 2572 3409 2670; baseline 0.001 -28"><span class='ocrx_word' id='word_1_204' title='bbox 209 2572 453 2642; x_wconf 81' lang='lat' dir='ltr'><strong>Christi</strong></span> <span class='ocrx_word' id='word_1_205' title='bbox 476 2581 541 2642; x_wconf 92' lang='lat' dir='ltr'><strong>et</strong></span> <span class='ocrx_word' id='word_1_206' title='bbox 564 2574 876 2644; x_wconf 88' lang='lat' dir='ltr'><strong>descensu</strong></span> <span class='ocrx_word' id='word_1_207' title='bbox 917 2577 1001 2644; x_wconf 91' lang='lat' dir='ltr'><strong>ad</strong></span> <span class='ocrx_word' id='word_1_208' title='bbox 1037 2576 1280 2645; x_wconf 83' lang='lat' dir='ltr'><strong>inferos</strong></span> <span class='ocrx_word' id='word_1_209' title='bbox 1314 2575 1387 2644; x_wconf 90' lang='lat' dir='ltr'><strong>in</strong></span> <span class='ocrx_word' id='word_1_210' title='bbox 1423 2577 1783 2666; x_wconf 88' lang='lat' dir='ltr'><strong>Evangelio</strong></span> <span class='ocrx_word' id='word_1_211' title='bbox 1829 2576 2159 2645; x_wconf 83' lang='lat' dir='ltr'><strong>dubitasse</strong></span> <span class='ocrx_word' id='word_1_212' title='bbox 2206 2577 2490 2663; x_wconf 91' lang='lat' dir='ltr'><strong>videtur,</strong></span> <span class='ocrx_word' id='word_1_213' title='bbox 2537 2579 2899 2646; x_wconf 88' lang='lat' dir='ltr'><strong>secundum</strong></span> <span class='ocrx_word' id='word_1_214' title='bbox 2939 2578 3409 2670; x_wconf 84' lang='lat' dir='ltr'><strong>expositionem</strong></span> 
     </span>
     <span class='ocr_line' id='line_1_20' title="bbox 213 2689 3411 2786; baseline 0.001 -26"><span class='ocrx_word' id='word_1_215' title='bbox 213 2690 513 2770; x_wconf 69' lang='lat' dir='ltr'><strong>Gregorii</strong></span> <span class='ocrx_word' id='word_1_216' title='bbox 567 2689 591 2722; x_wconf 82' lang='lat'>⁸</span> <span class='ocrx_word' id='word_1_217' title='bbox 623 2743 640 2774; x_wconf 92' lang='lat'><strong>,</strong></span> <span class='ocrx_word' id='word_1_218' title='bbox 697 2691 962 2782; x_wconf 88' lang='lat' dir='ltr'><strong>quando</strong></span> <span class='ocrx_word' id='word_1_219' title='bbox 1017 2691 1447 2781; x_wconf 85' lang='lat' dir='ltr'><strong>interrogavit</strong></span> <span class='ocrx_word' id='word_1_220' title='bbox 1488 2715 1604 2782; x_wconf 89' lang='lat' dir='ltr'><strong>per</strong></span> <span class='ocrx_word' id='word_1_221' title='bbox 1648 2693 2003 2786; x_wconf 88' lang='lat' dir='ltr'><strong>discipulos</strong></span> <span class='ocrx_word' id='word_1_222' title='bbox 2044 2718 2060 2759; x_wconf 75' lang='grc' dir='ltr'><strong><em>ε</em></strong></span> <span class='ocrx_word' id='word_1_223' title='bbox 2117 2696 2210 2762; x_wconf 83' lang='lat' dir='ltr'><strong>Tu</strong></span> <span class='ocrx_word' id='word_1_224' title='bbox 2263 2717 2327 2763; x_wconf 80' lang='lat' dir='ltr'><strong>es</strong></span> <span class='ocrx_word' id='word_1_225' title='bbox 2382 2696 2496 2786; x_wconf 76' lang='lat' dir='ltr'><strong>qui</strong></span> <span class='ocrx_word' id='word_1_226' title='bbox 2537 2707 2851 2764; x_wconf 80' lang='lat' dir='ltr'><strong>venturus</strong></span> <span class='ocrx_word' id='word_1_227' title='bbox 2901 2718 3004 2779; x_wconf 83' lang='lat' dir='ltr'><strong>es,</strong></span> <span class='ocrx_word' id='word_1_228' title='bbox 3056 2718 3148 2763; x_wconf 83' lang='lat' dir='ltr'><strong>cm</strong></span> <span class='ocrx_word' id='word_1_229' title='bbox 3198 2696 3411 2763; x_wconf 84' lang='lat' dir='ltr'><strong>alium</strong></span> 
     </span>
     <span class='ocr_line' id='line_1_21' title="bbox 217 2806 3411 2899; baseline 0.001 -24"><span class='ocrx_word' id='word_1_230' title='bbox 217 2811 683 2899; x_wconf 72' lang='lat' dir='ltr'><strong>expectamus?</strong></span> <span class='ocrx_word' id='word_1_231' title='bbox 716 2832 750 2871; x_wconf 82' lang='grc'>»</span> <span class='ocrx_word' id='word_1_232' title='bbox 783 2807 971 2898; x_wconf 90' lang='lat' dir='ltr'><strong>quasi</strong></span> <span class='ocrx_word' id='word_1_233' title='bbox 1010 2806 1252 2875; x_wconf 89' lang='lat' dir='ltr'><strong>diceret</strong></span> <span class='ocrx_word' id='word_1_234' title='bbox 1282 2832 1298 2875; x_wconf 90' lang='lat'>:</span> <span class='ocrx_word' id='word_1_235' title='bbox 1328 2807 1415 2874; x_wconf 89' lang='lat' dir='ltr'><strong>Es</strong></span> <span class='ocrx_word' id='word_1_236' title='bbox 1442 2814 1514 2875; x_wconf 87' lang='lat' dir='ltr'><strong>tu</strong></span> <span class='ocrx_word' id='word_1_237' title='bbox 1544 2830 1659 2899; x_wconf 88' lang='lat' dir='ltr'><strong>per</strong></span> <span class='ocrx_word' id='word_1_238' title='bbox 1699 2816 1760 2876; x_wconf 90' lang='lat' dir='ltr'><strong>te</strong></span> <span class='ocrx_word' id='word_1_239' title='bbox 1794 2808 2013 2899; x_wconf 91' lang='lat' dir='ltr'><strong>ipsum</strong></span> <span class='ocrx_word' id='word_1_240' title='bbox 2059 2809 2489 2880; x_wconf 87' lang='lat' dir='ltr'><strong>descensurus</strong></span> <span class='ocrx_word' id='word_1_241' title='bbox 2524 2812 2609 2881; x_wconf 89' lang='lat' dir='ltr'><strong>ad</strong></span> <span class='ocrx_word' id='word_1_242' title='bbox 2652 2811 2985 2880; x_wconf 80' lang='lat' dir='ltr'><strong>infernum</strong></span> <span class='ocrx_word' id='word_1_243' title='bbox 3007 2864 3025 2897; x_wconf 95' lang='lat'><strong>,</strong></span> <span class='ocrx_word' id='word_1_244' title='bbox 3076 2834 3162 2879; x_wconf 91' lang='lat' dir='ltr'><strong>an</strong></span> <span class='ocrx_word' id='word_1_245' title='bbox 3203 2811 3411 2879; x_wconf 91' lang='lat' dir='ltr'><strong>alium</strong></span> 
     </span>
     <span class='ocr_line' id='line_1_22' title="bbox 218 2922 3408 3016; baseline 0 -24"><span class='ocrx_word' id='word_1_246' title='bbox 218 2923 302 2992; x_wconf 91' lang='lat' dir='ltr'><strong>ad</strong></span> <span class='ocrx_word' id='word_1_247' title='bbox 330 2923 471 2992; x_wconf 85' lang='lat' dir='ltr'><strong>haec</strong></span> <span class='ocrx_word' id='word_1_248' title='bbox 497 2931 903 2992; x_wconf 89' lang='lat' dir='ltr'><strong>sacramenta</strong></span> <span class='ocrx_word' id='word_1_249' title='bbox 945 2924 1315 2992; x_wconf 67' lang='lat' dir='ltr'><strong>missurus?</strong></span> <span class='ocrx_word' id='word_1_250' title='bbox 1345 2922 1631 3005; x_wconf 88' lang='lat' dir='ltr'><strong>Quidam</strong></span> <span class='ocrx_word' id='word_1_251' title='bbox 1662 2933 1878 2994; x_wconf 89' lang='lat' dir='ltr'><strong>tamen</strong></span> <span class='ocrx_word' id='word_1_252' title='bbox 1906 2925 2138 2994; x_wconf 87' lang='lat' dir='ltr'><strong>dicunt</strong></span> <span class='ocrx_word' id='word_1_253' title='bbox 2163 2949 2316 2994; x_wconf 89' lang='lat' dir='ltr'><strong>eum</strong></span> <span class='ocrx_word' id='word_1_254' title='bbox 2345 2949 2478 2995; x_wconf 89' lang='lat' dir='ltr'><strong>non</strong></span> <span class='ocrx_word' id='word_1_255' title='bbox 2517 2927 2846 2995; x_wconf 89' lang='lat' dir='ltr'><strong>dubitasse</strong></span> <span class='ocrx_word' id='word_1_256' title='bbox 2888 2928 2968 2995; x_wconf 91' lang='lat' dir='ltr'><strong>de</strong></span> <span class='ocrx_word' id='word_1_257' title='bbox 3012 2927 3408 3016; x_wconf 73' lang='lat' dir='ltr'><strong>ignorantia»</strong></span> 
     </span>
     <span class='ocr_line' id='line_1_23' title="bbox 210 3038 3410 3136; baseline 0.001 -27"><span class='ocrx_word' id='word_1_258' title='bbox 210 3038 325 3109; x_wconf 82' lang='lat' dir='ltr'><strong>sed</strong></span> <span class='ocrx_word' id='word_1_259' title='bbox 353 3040 434 3108; x_wconf 91' lang='lat' dir='ltr'><strong>de</strong></span> <span class='ocrx_word' id='word_1_260' title='bbox 463 3041 722 3130; x_wconf 87' lang='lat' dir='ltr'><strong>pietate,</strong></span> <span class='ocrx_word' id='word_1_261' title='bbox 756 3039 822 3107; x_wconf 91' lang='lat' dir='ltr'><strong>id</strong></span> <span class='ocrx_word' id='word_1_262' title='bbox 850 3048 970 3126; x_wconf 89' lang='lat' dir='ltr'><strong>est,</strong></span> <span class='ocrx_word' id='word_1_263' title='bbox 1000 3040 1302 3108; x_wconf 90' lang='lat' dir='ltr'><strong>dubitare</strong></span> <span class='ocrx_word' id='word_1_264' title='bbox 1328 3063 1396 3108; x_wconf 91' lang='lat' dir='ltr'><strong>se</strong></span> <span class='ocrx_word' id='word_1_265' title='bbox 1422 3040 1777 3109; x_wconf 88' lang='lat' dir='ltr'><strong>ostendisse</strong></span> <span class='ocrx_word' id='word_1_266' title='bbox 1815 3065 1830 3108; x_wconf 92' lang='lat'><strong>:</strong></span> <span class='ocrx_word' id='word_1_267' title='bbox 1860 3065 1993 3110; x_wconf 90' lang='lat' dir='ltr'><strong>non</strong></span> <span class='ocrx_word' id='word_1_268' title='bbox 2038 3044 2200 3135; x_wconf 87' lang='lat' dir='ltr'><strong>quia</strong></span> <span class='ocrx_word' id='word_1_269' title='bbox 2237 3043 2678 3133; x_wconf 87' lang='lat' dir='ltr'><strong>ignoraverit,</strong></span> <span class='ocrx_word' id='word_1_270' title='bbox 2727 3043 2839 3111; x_wconf 90' lang='lat' dir='ltr'><strong>sed</strong></span> <span class='ocrx_word' id='word_1_271' title='bbox 2885 3044 3137 3136; x_wconf 86' lang='lat' dir='ltr'><strong>pietatis</strong></span> <span class='ocrx_word' id='word_1_272' title='bbox 3174 3044 3410 3112; x_wconf 83' lang='lat' dir='ltr'><strong>affectu</strong></span> 
     </span>
    </p>
   </div>
   <div class='ocr_carea' id='block_1_7' title="bbox 212 3155 2672 3249">
    <p class='ocr_par' dir='ltr' id='par_1_8' title="bbox 212 3155 2672 3249">
     <span class='ocr_line' id='line_1_24' title="bbox 212 3155 2672 3249; baseline 0.002 -25"><span class='ocrx_word' id='word_1_273' title='bbox 212 3178 623 3247; x_wconf 90' lang='lat' dir='ltr'><strong>compassum</strong></span> <span class='ocrx_word' id='word_1_274' title='bbox 651 3178 787 3224; x_wconf 88' lang='lat' dir='ltr'><strong>esse</strong></span> <span class='ocrx_word' id='word_1_275' title='bbox 815 3156 1097 3241; x_wconf 89' lang='lat' dir='ltr'><strong>Christo,</strong></span> <span class='ocrx_word' id='word_1_276' title='bbox 1130 3166 1194 3225; x_wconf 91' lang='lat' dir='ltr'><strong>et</strong></span> <span class='ocrx_word' id='word_1_277' title='bbox 1220 3157 1363 3249; x_wconf 90' lang='lat' dir='ltr'><strong>ejus</strong></span> <span class='ocrx_word' id='word_1_278' title='bbox 1391 3155 1833 3227; x_wconf 89' lang='lat' dir='ltr'><strong>humilitatem</strong></span> <span class='ocrx_word' id='word_1_279' title='bbox 1861 3158 2255 3229; x_wconf 90' lang='lat' dir='ltr'><strong>admirando</strong></span> <span class='ocrx_word' id='word_1_280' title='bbox 2282 3160 2672 3230; x_wconf 88' lang='lat' dir='ltr'><strong>insinuasse.</strong></span> 
     </span>
    </p>
   </div>
   <div class='ocr_carea' id='block_1_8' title="bbox 305 3270 3516 3366">
    <p class='ocr_par' dir='ltr' id='par_1_9' title="bbox 305 3270 3516 3366">
     <span class='ocr_line' id='line_1_25' title="bbox 305 3270 3516 3366; baseline 0.003 -27"><span class='ocrx_word' id='word_1_281' title='bbox 305 3270 487 3343; x_wconf 91' lang='lat' dir='ltr'><strong>Solet</strong></span> <span class='ocrx_word' id='word_1_282' title='bbox 515 3275 712 3341; x_wconf 87' lang='lat' dir='ltr'><strong>etiam</strong></span> <span class='ocrx_word' id='word_1_283' title='bbox 739 3274 945 3366; x_wconf 79' lang='lat' dir='ltr'><strong>quaeri</strong></span> <span class='ocrx_word' id='word_1_284' title='bbox 973 3274 1052 3343; x_wconf 92' lang='lat' dir='ltr'><strong>de</strong></span> <span class='ocrx_word' id='word_1_285' title='bbox 1079 3274 1408 3361; x_wconf 91' lang='lat' dir='ltr'><strong>Cornelio,</strong></span> <span class='ocrx_word' id='word_1_286' title='bbox 1439 3283 1669 3342; x_wconf 92' lang='lat' dir='ltr'><strong>utrum</strong></span> <span class='ocrx_word' id='word_1_287' title='bbox 1696 3275 1892 3344; x_wconf 90' lang='lat' dir='ltr'><strong>fidem</strong></span> <span class='ocrx_word' id='word_1_288' title='bbox 1936 3275 2405 3346; x_wconf 90' lang='lat' dir='ltr'><strong>incarnationis</strong></span> <span class='ocrx_word' id='word_1_289' title='bbox 2444 3278 2782 3364; x_wconf 89' lang='lat' dir='ltr'><strong>habuerit,</strong></span> <span class='ocrx_word' id='word_1_290' title='bbox 2827 3302 2978 3348; x_wconf 91' lang='lat' dir='ltr'><strong>cum</strong></span> <span class='ocrx_word' id='word_1_291' title='bbox 3024 3280 3273 3350; x_wconf 90' lang='lat' dir='ltr'><strong>dictum</strong></span> <span class='ocrx_word' id='word_1_292' title='bbox 3311 3287 3407 3350; x_wconf 91' lang='lat' dir='ltr'><strong>est</strong></span> <span class='ocrx_word' id='word_1_293' title='bbox 3495 3290 3516 3319; x_wconf 79' lang='lat'>⁰</span> 
     </span>
    </p>
   </div>
   <div class='ocr_carea' id='block_1_9' title="bbox 205 3390 3412 4766">
    <p class='ocr_par' dir='ltr' id='par_1_10' title="bbox 205 3390 3412 4766">
     <span class='ocr_line' id='line_1_26' title="bbox 209 3390 3405 3484; baseline 0.003 -26"><span class='ocrx_word' id='word_1_294' title='bbox 209 3390 276 3458; x_wconf 90' lang='lat' dir='ltr'><strong>ei</strong></span> <span class='ocrx_word' id='word_1_295' title='bbox 304 3411 420 3481; x_wconf 92' lang='lat' dir='ltr'><strong>per</strong></span> <span class='ocrx_word' id='word_1_296' title='bbox 443 3390 776 3478; x_wconf 84' lang='lat' dir='ltr'><strong>Angelum</strong></span> <span class='ocrx_word' id='word_1_297' title='bbox 807 3395 829 3430; x_wconf 69' lang='lat'>‘</span> <span class='ocrx_word' id='word_1_298' title='bbox 858 3415 874 3458; x_wconf 72' lang='grc' dir='ltr'>ε</span> <span class='ocrx_word' id='word_1_299' title='bbox 907 3393 1210 3484; x_wconf 83' lang='lat' dir='ltr'><strong>Acceptoe</strong></span> <span class='ocrx_word' id='word_1_300' title='bbox 1238 3403 1393 3459; x_wconf 80' lang='lat' dir='ltr'><strong>sunt</strong></span> <span class='ocrx_word' id='word_1_301' title='bbox 1436 3392 1862 3484; x_wconf 66' lang='lat' dir='ltr'><strong>eleemosynae</strong></span> <span class='ocrx_word' id='word_1_302' title='bbox 1891 3404 2043 3474; x_wconf 83' lang='lat' dir='ltr'><strong>tuae,</strong></span> <span class='ocrx_word' id='word_1_303' title='bbox 2079 3405 2144 3461; x_wconf 82' lang='lat' dir='ltr'><strong>ct</strong></span> <span class='ocrx_word' id='word_1_304' title='bbox 2172 3394 2506 3463; x_wconf 75' lang='lat' dir='ltr'><strong>exauditoe</strong></span> <span class='ocrx_word' id='word_1_305' title='bbox 2550 3407 2705 3464; x_wconf 81' lang='lat' dir='ltr'><strong>sunt</strong></span> <span class='ocrx_word' id='word_1_306' title='bbox 2749 3397 3077 3466; x_wconf 82' lang='lat' dir='ltr'><strong>orationes</strong></span> <span class='ocrx_word' id='word_1_307' title='bbox 3127 3410 3282 3466; x_wconf 81' lang='lat' dir='ltr'><strong>tuoe.</strong></span> <span class='ocrx_word' id='word_1_308' title='bbox 3332 3396 3405 3466; x_wconf 91' lang='lat' dir='ltr'><strong>Si</strong></span> 
     </span>
     <span class='ocr_line' id='line_1_27' title="bbox 212 3505 3404 3604; baseline 0.002 -30"><span class='ocrx_word' id='word_1_309' title='bbox 212 3505 392 3574; x_wconf 89' lang='lat' dir='ltr'><strong>enim</strong></span> <span class='ocrx_word' id='word_1_310' title='bbox 423 3505 622 3575; x_wconf 90' lang='lat' dir='ltr'><strong>fidem</strong></span> <span class='ocrx_word' id='word_1_311' title='bbox 650 3507 1115 3576; x_wconf 87' lang='lat' dir='ltr'><strong>incarnationis</strong></span> <span class='ocrx_word' id='word_1_312' title='bbox 1138 3532 1276 3577; x_wconf 90' lang='lat' dir='ltr'><strong>non</strong></span> <span class='ocrx_word' id='word_1_313' title='bbox 1301 3509 1605 3594; x_wconf 89' lang='lat' dir='ltr'><strong>habebat,</strong></span> <span class='ocrx_word' id='word_1_314' title='bbox 1639 3517 1796 3577; x_wconf 90' lang='lat' dir='ltr'><strong>tunc</strong></span> <span class='ocrx_word' id='word_1_315' title='bbox 1824 3532 1979 3598; x_wconf 88' lang='lat' dir='ltr'><strong>ergo</strong></span> <span class='ocrx_word' id='word_1_316' title='bbox 2007 3511 2148 3579; x_wconf 89' lang='lat' dir='ltr'><strong>sine</strong></span> <span class='ocrx_word' id='word_1_317' title='bbox 2178 3510 2308 3580; x_wconf 92' lang='lat' dir='ltr'><strong>fide</strong></span> <span class='ocrx_word' id='word_1_318' title='bbox 2334 3512 2802 3582; x_wconf 89' lang='lat' dir='ltr'><strong>incarnationis</strong></span> <span class='ocrx_word' id='word_1_319' title='bbox 2828 3522 2967 3582; x_wconf 90' lang='lat' dir='ltr'><strong>erat</strong></span> <span class='ocrx_word' id='word_1_320' title='bbox 3012 3507 3103 3581; x_wconf 70' lang='lat' dir='ltr'><strong>in⁴</strong></span> <span class='ocrx_word' id='word_1_321' title='bbox 3123 3513 3404 3604; x_wconf 88' lang='lat' dir='ltr'><strong>justitia,</strong></span> 
     </span>
     <span class='ocr_line' id='line_1_28' title="bbox 209 3621 3410 3717; baseline 0.002 -26"><span class='ocrx_word' id='word_1_322' title='bbox 209 3621 378 3714; x_wconf 88' lang='lat' dir='ltr'><strong>quia</strong></span> <span class='ocrx_word' id='word_1_323' title='bbox 408 3622 488 3691; x_wconf 94' lang='lat' dir='ltr'><strong>de</strong></span> <span class='ocrx_word' id='word_1_324' title='bbox 514 3622 634 3691; x_wconf 90' lang='lat' dir='ltr'><strong>illo</strong></span> <span class='ocrx_word' id='word_1_325' title='bbox 659 3623 976 3716; x_wconf 87' lang='lat' dir='ltr'><strong>scriptum</strong></span> <span class='ocrx_word' id='word_1_326' title='bbox 1004 3632 1100 3693; x_wconf 89' lang='lat' dir='ltr'><strong>est</strong></span> <span class='ocrx_word' id='word_1_327' title='bbox 1126 3636 1147 3670; x_wconf 80' lang='lat'>⁸</span> <span class='ocrx_word' id='word_1_328' title='bbox 1170 3678 1186 3710; x_wconf 94' lang='lat'><strong>,</strong></span> <span class='ocrx_word' id='word_1_329' title='bbox 1227 3625 1405 3717; x_wconf 90' lang='lat' dir='ltr'><strong>quod</strong></span> <span class='ocrx_word' id='word_1_330' title='bbox 1427 3626 1656 3716; x_wconf 83' lang='lat' dir='ltr'><strong>justus</strong></span> <span class='ocrx_word' id='word_1_331' title='bbox 1693 3638 1837 3694; x_wconf 81' lang='lat' dir='ltr'><strong>erat</strong></span> <span class='ocrx_word' id='word_1_332' title='bbox 1879 3638 1943 3694; x_wconf 85' lang='lat' dir='ltr'><strong>et</strong></span> <span class='ocrx_word' id='word_1_333' title='bbox 1986 3627 2226 3695; x_wconf 82' lang='lat' dir='ltr'><strong>timens</strong></span> <span class='ocrx_word' id='word_1_334' title='bbox 2264 3629 2498 3697; x_wconf 80' lang='lat' dir='ltr'><strong>Deum.</strong></span> <span class='ocrx_word' id='word_1_335' title='bbox 2557 3627 2628 3697; x_wconf 92' lang='lat' dir='ltr'><strong>Si</strong></span> <span class='ocrx_word' id='word_1_336' title='bbox 2674 3651 2829 3696; x_wconf 87' lang='lat' dir='ltr'><strong>vero</strong></span> <span class='ocrx_word' id='word_1_337' title='bbox 2870 3628 3068 3698; x_wconf 89' lang='lat' dir='ltr'><strong>fidem</strong></span> <span class='ocrx_word' id='word_1_338' title='bbox 3110 3629 3410 3699; x_wconf 89' lang='lat' dir='ltr'><strong>incarna-</strong></span> 
     </span>
     <span class='ocr_line' id='line_1_29' title="bbox 213 3737 3412 3837; baseline 0.003 -32"><span class='ocrx_word' id='word_1_339' title='bbox 213 3737 420 3806; x_wconf 83' lang='lat' dir='ltr'><strong>tionis</strong></span> <span class='ocrx_word' id='word_1_340' title='bbox 447 3738 761 3824; x_wconf 91' lang='lat' dir='ltr'><strong>habebat‚</strong></span> <span class='ocrx_word' id='word_1_341' title='bbox 809 3740 891 3808; x_wconf 91' lang='lat' dir='ltr'><strong>ad</strong></span> <span class='ocrx_word' id='word_1_342' title='bbox 937 3740 1098 3831; x_wconf 89' lang='lat' dir='ltr'><strong>quid</strong></span> <span class='ocrx_word' id='word_1_343' title='bbox 1138 3763 1294 3831; x_wconf 88' lang='lat' dir='ltr'><strong>ergo</strong></span> <span class='ocrx_word' id='word_1_344' title='bbox 1340 3741 1575 3809; x_wconf 89' lang='lat' dir='ltr'><strong>missus</strong></span> <span class='ocrx_word' id='word_1_345' title='bbox 1621 3752 1716 3810; x_wconf 92' lang='lat' dir='ltr'><strong>est</strong></span> <span class='ocrx_word' id='word_1_346' title='bbox 1752 3743 1832 3811; x_wconf 92' lang='lat' dir='ltr'><strong>ad</strong></span> <span class='ocrx_word' id='word_1_347' title='bbox 1874 3766 2028 3811; x_wconf 87' lang='lat' dir='ltr'><strong>eum</strong></span> <span class='ocrx_word' id='word_1_348' title='bbox 2060 3743 2338 3813; x_wconf 76' lang='lat' dir='ltr'><strong>Petrus?</strong></span> <span class='ocrx_word' id='word_1_349' title='bbox 2386 3742 2558 3813; x_wconf 91' lang='lat' dir='ltr'><strong>Sane</strong></span> <span class='ocrx_word' id='word_1_350' title='bbox 2594 3745 2721 3813; x_wconf 90' lang='lat' dir='ltr'><strong>dici</strong></span> <span class='ocrx_word' id='word_1_351' title='bbox 2760 3753 3003 3837; x_wconf 90' lang='lat' dir='ltr'><strong>potest,</strong></span> <span class='ocrx_word' id='word_1_352' title='bbox 3044 3769 3200 3815; x_wconf 91' lang='lat' dir='ltr'><strong>eum</strong></span> <span class='ocrx_word' id='word_1_353' title='bbox 3242 3746 3412 3816; x_wconf 89' lang='lat' dir='ltr'><strong>sicut</strong></span> 
     </span>
     <span class='ocr_line' id='line_1_30' title="bbox 208 3853 3407 3955; baseline 0.003 -34"><span class='ocrx_word' id='word_1_354' title='bbox 208 3853 415 3921; x_wconf 89' lang='lat' dir='ltr'><strong>fidem</strong></span> <span class='ocrx_word' id='word_1_355' title='bbox 469 3854 832 3941; x_wconf 86' lang='lat' dir='ltr'><strong>Trinitatis,</strong></span> <span class='ocrx_word' id='word_1_356' title='bbox 888 3856 980 3925; x_wconf 88' lang='lat' dir='ltr'><strong>ita</strong></span> <span class='ocrx_word' id='word_1_357' title='bbox 1023 3865 1088 3925; x_wconf 88' lang='lat' dir='ltr'><strong>et</strong></span> <span class='ocrx_word' id='word_1_358' title='bbox 1131 3857 1600 3925; x_wconf 86' lang='lat' dir='ltr'><strong>incarnationis</strong></span> <span class='ocrx_word' id='word_1_359' title='bbox 1644 3858 1948 3926; x_wconf 89' lang='lat' dir='ltr'><strong>habuisse</strong></span> <span class='ocrx_word' id='word_1_360' title='bbox 1993 3859 2113 3927; x_wconf 93' lang='lat' dir='ltr'><strong>Dei</strong></span> <span class='ocrx_word' id='word_1_361' title='bbox 2161 3860 2597 3945; x_wconf 84' lang='lat' dir='ltr'><strong>revelatione3</strong></span> <span class='ocrx_word' id='word_1_362' title='bbox 2649 3861 2761 3929; x_wconf 91' lang='lat' dir='ltr'><strong>sed</strong></span> <span class='ocrx_word' id='word_1_363' title='bbox 2806 3861 3220 3930; x_wconf 87' lang='lat' dir='ltr'><strong>incarnatum</strong></span> <span class='ocrx_word' id='word_1_364' title='bbox 3267 3863 3407 3955; x_wconf 88' lang='lat' dir='ltr'><strong>jam</strong></span> 
     </span>
     <span class='ocr_line' id='line_1_31' title="bbox 211 3971 3406 4069; baseline 0.003 -30"><span class='ocrx_word' id='word_1_365' title='bbox 211 3992 356 4039; x_wconf 88' lang='lat' dir='ltr'><strong>esse</strong></span> <span class='ocrx_word' id='word_1_366' title='bbox 399 3971 517 4039; x_wconf 91' lang='lat' dir='ltr'><strong>Dei</strong></span> <span class='ocrx_word' id='word_1_367' title='bbox 562 3971 810 4040; x_wconf 91' lang='lat' dir='ltr'><strong>Filium</strong></span> <span class='ocrx_word' id='word_1_368' title='bbox 855 3972 1183 4061; x_wconf 88' lang='lat' dir='ltr'><strong>ignorasse</strong></span> <span class='ocrx_word' id='word_1_369' title='bbox 1239 3998 1254 4040; x_wconf 93' lang='lat'><strong>:</strong></span> <span class='ocrx_word' id='word_1_370' title='bbox 1294 3981 1360 4042; x_wconf 92' lang='lat' dir='ltr'><strong>et</strong></span> <span class='ocrx_word' id='word_1_371' title='bbox 1402 3973 1549 4042; x_wconf 92' lang='lat' dir='ltr'><strong>ideo</strong></span> <span class='ocrx_word' id='word_1_372' title='bbox 1593 3972 1830 4043; x_wconf 90' lang='lat' dir='ltr'><strong>missus</strong></span> <span class='ocrx_word' id='word_1_373' title='bbox 1875 3982 1970 4042; x_wconf 91' lang='lat' dir='ltr'><strong>est</strong></span> <span class='ocrx_word' id='word_1_374' title='bbox 2016 3975 2098 4044; x_wconf 91' lang='lat' dir='ltr'><strong>ad</strong></span> <span class='ocrx_word' id='word_1_375' title='bbox 2150 3998 2304 4044; x_wconf 90' lang='lat' dir='ltr'><strong>eum</strong></span> <span class='ocrx_word' id='word_1_376' title='bbox 2351 3977 2626 4063; x_wconf 76' lang='lat' dir='ltr'><strong>PetruS,</strong></span> <span class='ocrx_word' id='word_1_377' title='bbox 2676 3985 2751 4045; x_wconf 91' lang='lat' dir='ltr'><strong>ut</strong></span> <span class='ocrx_word' id='word_1_378' title='bbox 2796 3977 2934 4069; x_wconf 89' lang='lat' dir='ltr'><strong>jam</strong></span> <span class='ocrx_word' id='word_1_379' title='bbox 3004 3986 3234 4046; x_wconf 88' lang='lat' dir='ltr'><strong>natum</strong></span> <span class='ocrx_word' id='word_1_380' title='bbox 3286 3979 3406 4049; x_wconf 91' lang='lat' dir='ltr'><strong>Dei</strong></span> 
     </span>
     <span class='ocr_line' id='line_1_32' title="bbox 208 4086 3402 4185; baseline 0.003 -30"><span class='ocrx_word' id='word_1_381' title='bbox 208 4086 465 4155; x_wconf 88' lang='lat' dir='ltr'><strong>Filium</strong></span> <span class='ocrx_word' id='word_1_382' title='bbox 499 4088 561 4156; x_wconf 90' lang='lat' dir='ltr'><strong>ei</strong></span> <span class='ocrx_word' id='word_1_383' title='bbox 587 4088 1041 4172; x_wconf 86' lang='lat' dir='ltr'><strong>annunciaret,</strong></span> <span class='ocrx_word' id='word_1_384' title='bbox 1073 4096 1138 4156; x_wconf 92' lang='lat' dir='ltr'><strong>et</strong></span> <span class='ocrx_word' id='word_1_385' title='bbox 1163 4100 1646 4158; x_wconf 90' lang='lat' dir='ltr'><strong>sacramentum</strong></span> <span class='ocrx_word' id='word_1_386' title='bbox 1675 4092 2187 4180; x_wconf 86' lang='lat' dir='ltr'><strong>regenerationis</strong></span> <span class='ocrx_word' id='word_1_387' title='bbox 2213 4094 2273 4161; x_wconf 92' lang='lat' dir='ltr'><strong>ei</strong></span> <span class='ocrx_word' id='word_1_388' title='bbox 2300 4092 2643 4162; x_wconf 82' lang='lat' dir='ltr'><strong>conferret.</strong></span> <span class='ocrx_word' id='word_1_389' title='bbox 2677 4094 2973 4163; x_wconf 86' lang='lat' dir='ltr'><strong>Habebat</strong></span> <span class='ocrx_word' id='word_1_390' title='bbox 3004 4118 3159 4185; x_wconf 88' lang='lat' dir='ltr'><strong>ergo</strong></span> <span class='ocrx_word' id='word_1_391' title='bbox 3203 4095 3402 4166; x_wconf 88' lang='lat' dir='ltr'><strong>fidem</strong></span> 
     </span>
     <span class='ocr_line' id='line_1_33' title="bbox 213 4203 3405 4303; baseline 0.004 -33"><span class='ocrx_word' id='word_1_392' title='bbox 213 4203 716 4290; x_wconf 80' lang='lat' dir='ltr'><strong>incarnationiS,</strong></span> <span class='ocrx_word' id='word_1_393' title='bbox 746 4204 856 4272; x_wconf 90' lang='lat' dir='ltr'><strong>sed</strong></span> <span class='ocrx_word' id='word_1_394' title='bbox 886 4228 971 4273; x_wconf 91' lang='lat' dir='ltr'><strong>an</strong></span> <span class='ocrx_word' id='word_1_395' title='bbox 1000 4205 1192 4290; x_wconf 88' lang='lat' dir='ltr'><strong>facta,</strong></span> <span class='ocrx_word' id='word_1_396' title='bbox 1226 4206 1332 4274; x_wconf 93' lang='lat' dir='ltr'><strong>vel</strong></span> <span class='ocrx_word' id='word_1_397' title='bbox 1376 4207 1601 4275; x_wconf 87' lang='lat' dir='ltr'><strong>futura</strong></span> <span class='ocrx_word' id='word_1_398' title='bbox 1640 4216 1840 4294; x_wconf 89' lang='lat' dir='ltr'><strong>esset,</strong></span> <span class='ocrx_word' id='word_1_399' title='bbox 1898 4231 2031 4277; x_wconf 92' lang='lat' dir='ltr'><strong>non</strong></span> <span class='ocrx_word' id='word_1_400' title='bbox 2078 4221 2351 4279; x_wconf 88' lang='lat' dir='ltr'><strong>noverat</strong></span> <span class='ocrx_word' id='word_1_401' title='bbox 2399 4236 2414 4278; x_wconf 75' lang='grc' dir='ltr'><strong><em>ε</em></strong></span> <span class='ocrx_word' id='word_1_402' title='bbox 2457 4221 2521 4281; x_wconf 87' lang='lat' dir='ltr'><strong>et</strong></span> <span class='ocrx_word' id='word_1_403' title='bbox 2564 4212 2657 4280; x_wconf 89' lang='lat' dir='ltr'><strong>ita</strong></span> <span class='ocrx_word' id='word_1_404' title='bbox 2701 4235 2817 4303; x_wconf 91' lang='lat' dir='ltr'><strong>per</strong></span> <span class='ocrx_word' id='word_1_405' title='bbox 2857 4211 3057 4280; x_wconf 91' lang='lat' dir='ltr'><strong>fidem</strong></span> <span class='ocrx_word' id='word_1_406' title='bbox 3103 4213 3286 4282; x_wconf 89' lang='lat' dir='ltr'><strong>venit</strong></span> <span class='ocrx_word' id='word_1_407' title='bbox 3323 4214 3405 4282; x_wconf 91' lang='lat' dir='ltr'><strong>ad</strong></span> 
     </span>
     <span class='ocr_line' id='line_1_34' title="bbox 208 4322 3403 4419; baseline 0.003 -30"><span class='ocrx_word' id='word_1_408' title='bbox 208 4342 443 4412; x_wconf 89' lang='lat' dir='ltr'><strong>opera,</strong></span> <span class='ocrx_word' id='word_1_409' title='bbox 476 4332 540 4389; x_wconf 91' lang='lat' dir='ltr'><strong>et</strong></span> <span class='ocrx_word' id='word_1_410' title='bbox 568 4343 682 4413; x_wconf 91' lang='lat' dir='ltr'><strong>per</strong></span> <span class='ocrx_word' id='word_1_411' title='bbox 705 4343 902 4413; x_wconf 89' lang='lat' dir='ltr'><strong>opera</strong></span> <span class='ocrx_word' id='word_1_412' title='bbox 929 4322 1215 4413; x_wconf 90' lang='lat' dir='ltr'><strong>amplius</strong></span> <span class='ocrx_word' id='word_1_413' title='bbox 1238 4322 1553 4393; x_wconf 90' lang='lat' dir='ltr'><strong>solidatus</strong></span> <span class='ocrx_word' id='word_1_414' title='bbox 1575 4332 1671 4392; x_wconf 90' lang='lat' dir='ltr'><strong>est</strong></span> <span class='ocrx_word' id='word_1_415' title='bbox 1700 4325 1770 4392; x_wconf 90' lang='lat' dir='ltr'><strong>in</strong></span> <span class='ocrx_word' id='word_1_416' title='bbox 1799 4324 1954 4396; x_wconf 89' lang='lat' dir='ltr'><strong>fide.</strong></span> <span class='ocrx_word' id='word_1_417' title='bbox 1998 4352 2032 4391; x_wconf 76' lang='grc' dir='ltr'><strong>ι(</strong></span> <span class='ocrx_word' id='word_1_418' title='bbox 2068 4326 2199 4396; x_wconf 90' lang='lat' dir='ltr'><strong>Per</strong></span> <span class='ocrx_word' id='word_1_419' title='bbox 2237 4327 2437 4396; x_wconf 90' lang='lat' dir='ltr'><strong>fidem</strong></span> <span class='ocrx_word' id='word_1_420' title='bbox 2482 4328 2695 4414; x_wconf 89' lang='lat' dir='ltr'><strong>enim,</strong></span> <span class='ocrx_word' id='word_1_421' title='bbox 2738 4335 2812 4395; x_wconf 92' lang='lat' dir='ltr'><strong>ut</strong></span> <span class='ocrx_word' id='word_1_422' title='bbox 2847 4328 2939 4396; x_wconf 92' lang='lat' dir='ltr'><strong>ait</strong></span> <span class='ocrx_word' id='word_1_423' title='bbox 2969 4328 3332 4419; x_wconf 75' lang='lat' dir='ltr'><strong>&#39;Gregorius</strong></span> <span class='ocrx_word' id='word_1_424' title='bbox 3354 4329 3403 4416; x_wconf 81' lang='lat'><strong>⁸,</strong></span> 
     </span>
     <span class='ocr_line' id='line_1_35' title="bbox 207 4437 3405 4537; baseline 0.003 -32"><span class='ocrx_word' id='word_1_425' title='bbox 207 4437 489 4505; x_wconf 88' lang='lat' dir='ltr'><strong>venitur</strong></span> <span class='ocrx_word' id='word_1_426' title='bbox 527 4437 609 4506; x_wconf 91' lang='lat' dir='ltr'><strong>ad</strong></span> <span class='ocrx_word' id='word_1_427' title='bbox 650 4460 870 4529; x_wconf 84' lang='lat' dir='ltr'><strong>opera.</strong></span> <span class='ocrx_word' id='word_1_428' title='bbox 925 4463 960 4503; x_wconf 80' lang='lat'>»</span> <span class='ocrx_word' id='word_1_429' title='bbox 998 4438 1343 4509; x_wconf 89' lang='lat' dir='ltr'><strong>Cornelius</strong></span> <span class='ocrx_word' id='word_1_430' title='bbox 1378 4438 1576 4508; x_wconf 89' lang='lat' dir='ltr'><strong>etiam</strong></span> <span class='ocrx_word' id='word_1_431' title='bbox 1616 4463 1731 4532; x_wconf 86' lang='lat' dir='ltr'><strong>per</strong></span> <span class='ocrx_word' id='word_1_432' title='bbox 1771 4441 1968 4511; x_wconf 88' lang='lat' dir='ltr'><strong>fidem</strong></span> <span class='ocrx_word' id='word_1_433' title='bbox 2018 4444 2199 4512; x_wconf 86' lang='lat' dir='ltr'><strong>venit</strong></span> <span class='ocrx_word' id='word_1_434' title='bbox 2246 4444 2327 4513; x_wconf 92' lang='lat' dir='ltr'><strong>ad</strong></span> <span class='ocrx_word' id='word_1_435' title='bbox 2383 4467 2580 4537; x_wconf 87' lang='lat' dir='ltr'><strong>opera</strong></span> <span class='ocrx_word' id='word_1_436' title='bbox 2630 4469 2645 4512; x_wconf 73' lang='grc' dir='ltr'>ε</span> <span class='ocrx_word' id='word_1_437' title='bbox 2697 4444 2906 4513; x_wconf 90' lang='lat' dir='ltr'><strong>Deum</strong></span> <span class='ocrx_word' id='word_1_438' title='bbox 2962 4444 3139 4514; x_wconf 91' lang='lat' dir='ltr'><strong>enim</strong></span> <span class='ocrx_word' id='word_1_439' title='bbox 3192 4468 3405 4514; x_wconf 91' lang='lat' dir='ltr'><strong>unum</strong></span> 
     </span>
     <span class='ocr_line' id='line_1_36' title="bbox 207 4552 3401 4653; baseline 0.003 -34"><span class='ocrx_word' id='word_1_440' title='bbox 207 4552 546 4637; x_wconf 86' lang='lat' dir='ltr'><strong>credebat,</strong></span> <span class='ocrx_word' id='word_1_441' title='bbox 574 4554 687 4622; x_wconf 92' lang='lat' dir='ltr'><strong>sed</strong></span> <span class='ocrx_word' id='word_1_442' title='bbox 713 4553 962 4623; x_wconf 88' lang='lat' dir='ltr'><strong>Filium</strong></span> <span class='ocrx_word' id='word_1_443' title='bbox 990 4555 1133 4645; x_wconf 88' lang='lat' dir='ltr'><strong>ejus</strong></span> <span class='ocrx_word' id='word_1_444' title='bbox 1158 4556 1484 4625; x_wconf 88' lang='lat' dir='ltr'><strong>nesciebat</strong></span> <span class='ocrx_word' id='word_1_445' title='bbox 1508 4556 1946 4627; x_wconf 89' lang='lat' dir='ltr'><strong>incarnatum.</strong></span> <span class='ocrx_word' id='word_1_446' title='bbox 1978 4559 2109 4627; x_wconf 90' lang='lat' dir='ltr'><strong>Per</strong></span> <span class='ocrx_word' id='word_1_447' title='bbox 2137 4561 2334 4629; x_wconf 87' lang='lat' dir='ltr'><strong>fidem</strong></span> <span class='ocrx_word' id='word_1_448' title='bbox 2361 4562 2754 4653; x_wconf 90' lang='lat' dir='ltr'><strong>placuerunt</strong></span> <span class='ocrx_word' id='word_1_449' title='bbox 2780 4561 2912 4630; x_wconf 91' lang='lat' dir='ltr'><strong>Deo</strong></span> <span class='ocrx_word' id='word_1_450' title='bbox 2949 4583 3146 4653; x_wconf 91' lang='lat' dir='ltr'><strong>opera</strong></span> <span class='ocrx_word' id='word_1_451' title='bbox 3193 4563 3337 4651; x_wconf 74' lang='lat' dir='ltr'><strong>eJus</strong></span> <span class='ocrx_word' id='word_1_452' title='bbox 3384 4586 3401 4629; x_wconf 73' lang='grc' dir='ltr'><strong>ε</strong></span> 
     </span>
     <span class='ocr_line' id='line_1_37' title="bbox 205 4668 3407 4766; baseline 0.002 -28"><span class='ocrx_word' id='word_1_453' title='bbox 205 4668 379 4738; x_wconf 81' lang='lat' dir='ltr'><strong>Sine</strong></span> <span class='ocrx_word' id='word_1_454' title='bbox 398 4668 538 4760; x_wconf 80' lang='lat' dir='ltr'><strong>fide</strong></span> <span class='ocrx_word' id='word_1_455' title='bbox 565 4671 742 4740; x_wconf 89' lang='lat' dir='ltr'><strong>enim</strong></span> <span class='ocrx_word' id='word_1_456' title='bbox 767 4669 789 4703; x_wconf 84' lang='lat'>⁷</span> <span class='ocrx_word' id='word_1_457' title='bbox 817 4672 1216 4764; x_wconf 79' lang='lat' dir='ltr'><strong>impossibile</strong></span> <span class='ocrx_word' id='word_1_458' title='bbox 1240 4685 1334 4743; x_wconf 80' lang='lat' dir='ltr'><strong>est</strong></span> <span class='ocrx_word' id='word_1_459' title='bbox 1360 4673 1649 4765; x_wconf 84' lang='lat' dir='ltr'><strong>aliquem</strong></span> <span class='ocrx_word' id='word_1_460' title='bbox 1671 4675 2131 4765; x_wconf 82' lang='lat' dir='ltr'><strong>placere&#39;Deo.</strong></span> <span class='ocrx_word' id='word_1_461' title='bbox 2187 4702 2221 4740; x_wconf 67' lang='lat'><strong>&gt;³</strong></span> <span class='ocrx_word' id='word_1_462' title='bbox 2258 4677 2675 4766; x_wconf 89' lang='lat' dir='ltr'><strong>Augustinus</strong></span> <span class='ocrx_word' id='word_1_463' title='bbox 2703 4698 2858 4745; x_wconf 91' lang='lat' dir='ltr'><strong>vero</strong></span> <span class='ocrx_word' id='word_1_464' title='bbox 2886 4676 3040 4744; x_wconf 91' lang='lat' dir='ltr'><strong>dicit</strong></span> <span class='ocrx_word' id='word_1_465' title='bbox 3085 4680 3106 4715; x_wconf 85' lang='lat'><strong>⁸</strong></span> <span class='ocrx_word' id='word_1_466' title='bbox 3141 4701 3157 4744; x_wconf 72' lang='grc' dir='ltr'><strong><em>ε</em></strong></span> <span class='ocrx_word' id='word_1_467' title='bbox 3189 4702 3224 4743; x_wconf 73' lang='grc' dir='ltr'><strong>α</strong></span> <span class='ocrx_word' id='word_1_468' title='bbox 3251 4676 3407 4746; x_wconf 89' lang='lat' dir='ltr'><strong>Cor-</strong></span> 
     </span>
    </p>
   </div>
   <div class='ocr_carea' id='block_1_10' title="bbox 207 4784 3445 4885">
    <p class='ocr_par' dir='ltr' id='par_1_11' title="bbox 207 4784 3445 4885">
     <span class='ocr_line' id='line_1_38' title="bbox 207 4784 3445 4885; baseline 0.003 -33"><span class='ocrx_word' id='word_1_469' title='bbox 207 4784 396 4853; x_wconf 90' lang='lat' dir='ltr'><strong>nelio</strong></span> <span class='ocrx_word' id='word_1_470' title='bbox 446 4786 693 4855; x_wconf 90' lang='lat' dir='ltr'><strong>dictum</strong></span> <span class='ocrx_word' id='word_1_471' title='bbox 741 4810 877 4856; x_wconf 90' lang='lat' dir='ltr'><strong>esse</strong></span> <span class='ocrx_word' id='word_1_472' title='bbox 915 4811 1032 4879; x_wconf 90' lang='lat' dir='ltr'><strong>per</strong></span> <span class='ocrx_word' id='word_1_473' title='bbox 1056 4788 1390 4878; x_wconf 89' lang='lat' dir='ltr'><strong>Angelum</strong></span> <span class='ocrx_word' id='word_1_474' title='bbox 1435 4795 1457 4829; x_wconf 79' lang='lat'>⁹</span> <span class='ocrx_word' id='word_1_475' title='bbox 1495 4815 1510 4858; x_wconf 73' lang='grc' dir='ltr'>ε</span> <span class='ocrx_word' id='word_1_476' title='bbox 1568 4791 1866 4882; x_wconf 78' lang='lat' dir='ltr'><strong>Acceptoe</strong></span> <span class='ocrx_word' id='word_1_477' title='bbox 1907 4804 2064 4861; x_wconf 81' lang='lat' dir='ltr'><strong>sunt</strong></span> <span class='ocrx_word' id='word_1_478' title='bbox 2106 4793 2525 4885; x_wconf 60' lang='lat' dir='ltr'><strong>elemosynae</strong></span> <span class='ocrx_word' id='word_1_479' title='bbox 2569 4806 2730 4877; x_wconf 82' lang='lat' dir='ltr'><strong>tuoe,</strong></span> <span class='ocrx_word' id='word_1_480' title='bbox 2776 4805 2841 4861; x_wconf 85' lang='lat' dir='ltr'><strong>et</strong></span> <span class='ocrx_word' id='word_1_481' title='bbox 2875 4793 3204 4863; x_wconf 76' lang='lat' dir='ltr'><strong>orationes</strong></span> <span class='ocrx_word' id='word_1_482' title='bbox 3246 4805 3401 4881; x_wconf 83' lang='lat' dir='ltr'><strong>tuae,</strong></span> <span class='ocrx_word' id='word_1_483' title='bbox 3435 4799 3445 4808; x_wconf 81' lang='grc'><strong><em>’</em></strong></span> 
     </span>
    </p>
   </div>
   <div class='ocr_carea' id='block_1_11' title="bbox 208 4904 3406 5386">
    <p class='ocr_par' dir='ltr' id='par_1_12' title="bbox 208 4904 3406 5014">
     <span class='ocr_line' id='line_1_39' title="bbox 208 4904 3406 5014; baseline 0.002 -42"><span class='ocrx_word' id='word_1_484' title='bbox 208 4909 576 4995; x_wconf 87' lang='lat' dir='ltr'><strong>antequam</strong></span> <span class='ocrx_word' id='word_1_485' title='bbox 602 4904 675 4972; x_wconf 92' lang='lat' dir='ltr'><strong>in</strong></span> <span class='ocrx_word' id='word_1_486' title='bbox 709 4904 1045 4974; x_wconf 87' lang='lat' dir='ltr'><strong>Christum</strong></span> <span class='ocrx_word' id='word_1_487' title='bbox 1080 4907 1370 4977; x_wconf 89' lang='lat' dir='ltr'><strong>crederet</strong></span> <span class='ocrx_word' id='word_1_488' title='bbox 1423 4935 1438 4977; x_wconf 72' lang='grc' dir='ltr'><strong><em>ε</em></strong></span> <span class='ocrx_word' id='word_1_489' title='bbox 1481 4929 1600 4976; x_wconf 90' lang='lat' dir='ltr'><strong>nec</strong></span> <span class='ocrx_word' id='word_1_490' title='bbox 1641 4916 1860 4977; x_wconf 88' lang='lat' dir='ltr'><strong>tamen</strong></span> <span class='ocrx_word' id='word_1_491' title='bbox 1905 4909 2045 4976; x_wconf 90' lang='lat' dir='ltr'><strong>sine</strong></span> <span class='ocrx_word' id='word_1_492' title='bbox 2081 4909 2306 5001; x_wconf 88' lang='lat' dir='ltr'><strong>aliqua</strong></span> <span class='ocrx_word' id='word_1_493' title='bbox 2327 4908 2470 5014; x_wconf 23' lang='lat' dir='ltr'><strong>,fide</strong></span> <span class='ocrx_word' id='word_1_494' title='bbox 2520 4908 2803 4978; x_wconf 89' lang='lat' dir='ltr'><strong>donabat</strong></span> <span class='ocrx_word' id='word_1_495' title='bbox 2846 4916 2908 4978; x_wconf 88' lang='lat' dir='ltr'><strong>et</strong></span> <span class='ocrx_word' id='word_1_496' title='bbox 2947 4909 3195 4978; x_wconf 90' lang='lat' dir='ltr'><strong>orabat.</strong></span> <span class='ocrx_word' id='word_1_497' title='bbox 3235 4908 3406 4979; x_wconf 91' lang='lat' dir='ltr'><strong>Nam</strong></span> 
     </span>
    </p>

    <p class='ocr_par' dir='ltr' id='par_1_13' title="bbox 208 5020 3401 5118">
     <span class='ocr_line' id='line_1_40' title="bbox 208 5020 3401 5118; baseline 0.003 -32"><span class='ocrx_word' id='word_1_498' title='bbox 208 5020 553 5110; x_wconf 87' lang='lat' dir='ltr'><strong>quomodo</strong></span> <span class='ocrx_word' id='word_1_499' title='bbox 578 5020 924 5090; x_wconf 86' lang='lat' dir='ltr'><strong>invocabat</strong></span> <span class='ocrx_word' id='word_1_500' title='bbox 964 5023 1035 5089; x_wconf 89' lang='lat' dir='ltr'><strong>in</strong></span> <span class='ocrx_word' id='word_1_501' title='bbox 1076 5044 1275 5114; x_wconf 89' lang='lat' dir='ltr'><strong>quem</strong></span> <span class='ocrx_word' id='word_1_502' title='bbox 1312 5046 1447 5091; x_wconf 90' lang='lat' dir='ltr'><strong>non</strong></span> <span class='ocrx_word' id='word_1_503' title='bbox 1500 5024 1842 5093; x_wconf 72' lang='lat' dir='ltr'><strong>credebat?</strong></span> <span class='ocrx_word' id='word_1_504' title='bbox 1884 5024 2012 5094; x_wconf 90' lang='lat' dir='ltr'><strong>Sed</strong></span> <span class='ocrx_word' id='word_1_505' title='bbox 2052 5025 2108 5092; x_wconf 91' lang='lat' dir='ltr'><strong>si</strong></span> <span class='ocrx_word' id='word_1_506' title='bbox 2153 5035 2367 5118; x_wconf 89' lang='lat' dir='ltr'><strong>posset</strong></span> <span class='ocrx_word' id='word_1_507' title='bbox 2405 5026 2545 5094; x_wconf 90' lang='lat' dir='ltr'><strong>sine</strong></span> <span class='ocrx_word' id='word_1_508' title='bbox 2590 5025 2722 5094; x_wconf 90' lang='lat' dir='ltr'><strong>fide</strong></span> <span class='ocrx_word' id='word_1_509' title='bbox 2749 5024 2991 5094; x_wconf 89' lang='lat' dir='ltr'><strong>Christi</strong></span> <span class='ocrx_word' id='word_1_510' title='bbox 3017 5048 3153 5094; x_wconf 86' lang='lat' dir='ltr'><strong>esse</strong></span> <span class='ocrx_word' id='word_1_511' title='bbox 3200 5024 3401 5111; x_wconf 89' lang='lat' dir='ltr'><strong>salus,</strong></span> 
     </span>
    </p>

    <p class='ocr_par' dir='ltr' id='par_1_14' title="bbox 210 5130 3405 5386">
     <span class='ocr_line' id='line_1_41' title="bbox 210 5130 3405 5235; baseline 0.002 -28"><span class='ocrx_word' id='word_1_512' title='bbox 210 5150 358 5207; x_wconf 86' lang='lat' dir='ltr'><strong>non</strong></span> <span class='ocrx_word' id='word_1_513' title='bbox 397 5137 480 5207; x_wconf 88' lang='lat' dir='ltr'><strong>ad</strong></span> <span class='ocrx_word' id='word_1_514' title='bbox 527 5160 680 5206; x_wconf 91' lang='lat' dir='ltr'><strong>eum</strong></span> <span class='ocrx_word' id='word_1_515' title='bbox 724 5138 1095 5207; x_wconf 86' lang='lat' dir='ltr'><strong>mitteretur</strong></span> <span class='ocrx_word' id='word_1_516' title='bbox 1141 5139 1528 5210; x_wconf 90' lang='lat' dir='ltr'><strong>architectus</strong></span> <span class='ocrx_word' id='word_1_517' title='bbox 1570 5141 1872 5211; x_wconf 72' lang='lat' dir='ltr'><strong>Ecclesiae</strong></span> <span class='ocrx_word' id='word_1_518' title='bbox 1924 5141 2182 5211; x_wconf 90' lang='lat' dir='ltr'><strong>Petrus.</strong></span> <span class='ocrx_word' id='word_1_519' title='bbox 2245 5169 2278 5207; x_wconf 83' lang='lat'>»</span> <span class='ocrx_word' id='word_1_520' title='bbox 2341 5141 2625 5211; x_wconf 88' lang='lat' dir='ltr'><strong>Attende</strong></span> <span class='ocrx_word' id='word_1_521' title='bbox 2671 5142 2831 5235; x_wconf 92' lang='lat' dir='ltr'><strong>quid</strong></span> <span class='ocrx_word' id='word_1_522' title='bbox 2891 5130 3024 5228; x_wconf 91' lang='lat' dir='ltr'><strong>ait,</strong></span> <span class='ocrx_word' id='word_1_523' title='bbox 3080 5142 3218 5210; x_wconf 91' lang='lat' dir='ltr'><strong>sine</strong></span> <span class='ocrx_word' id='word_1_524' title='bbox 3273 5141 3405 5212; x_wconf 89' lang='lat' dir='ltr'><strong>fide</strong></span> 
     </span>
     <span class='ocr_line' id='line_1_42' title="bbox 288 5318 3405 5386; baseline 0.003 -22"><span class='ocrx_word' id='word_1_525' title='bbox 288 5318 442 5374; x_wconf 68' lang='lat'>110⁶.</span> <span class='ocrx_word' id='word_1_526' title='bbox 478 5331 515 5373; x_wconf 87' lang='lat'><strong>1.</strong></span> <span class='ocrx_word' id='word_1_527' title='bbox 562 5321 631 5369; x_wconf 83' lang='grc'><strong>’4.</strong></span> <span class='ocrx_word' id='word_1_528' title='bbox 659 5344 721 5357; x_wconf 94' lang='lat'>-</span> <span class='ocrx_word' id='word_1_529' title='bbox 751 5319 864 5367; x_wconf 67' lang='grc' dir='ltr'><strong>*ΙΙΙ</strong></span> <span class='ocrx_word' id='word_1_530' title='bbox 899 5318 1880 5385; x_wconf 69' lang='lat' dir='ltr'><strong>Re9„xv11‚9.-³.‚Gregin12·‚zech</strong></span> <span class='ocrx_word' id='word_1_531' title='bbox 1912 5320 2056 5372; x_wconf 90' lang='lat' dir='ltr'><strong>hom.</strong></span> <span class='ocrx_word' id='word_1_532' title='bbox 2087 5334 2121 5383; x_wconf 78' lang='grc' dir='ltr'><em>ι,</em></span> <span class='ocrx_word' id='word_1_533' title='bbox 2152 5325 2269 5373; x_wconf 88' lang='lat' dir='ltr'><strong>ante</strong></span> <span class='ocrx_word' id='word_1_534' title='bbox 2299 5323 2467 5375; x_wconf 74' lang='lat' dir='ltr'><strong>med:</strong></span> <span class='ocrx_word' id='word_1_535' title='bbox 2500 5337 2553 5370; x_wconf 81' lang='lat' dir='ltr'><strong>m</strong></span> <span class='ocrx_word' id='word_1_536' title='bbox 2581 5323 2796 5386; x_wconf 78' lang='lat' dir='ltr'><strong>Evanq,</strong></span> <span class='ocrx_word' id='word_1_537' title='bbox 2823 5321 2965 5373; x_wconf 89' lang='lat' dir='ltr'><strong>hom</strong></span> <span class='ocrx_word' id='word_1_538' title='bbox 2984 5322 3405 5386; x_wconf 82' lang='lat' dir='ltr'><strong>v1,inprinc.—</strong></span> 
     </span>
    </p>
   </div>
   <div class='ocr_carea' id='block_1_12' title="bbox 212 5360 3404 5528">
    <p class='ocr_par' dir='ltr' id='par_1_15' title="bbox 212 5360 3404 5513">
     <span class='ocr_line' id='line_1_43' title="bbox 212 5360 3404 5459; baseline 0.002 -18"><span class='ocrx_word' id='word_1_539' title='bbox 212 5391 400 5454; x_wconf 51' lang='lat' dir='ltr'><strong>*Actq</strong></span> <span class='ocrx_word' id='word_1_540' title='bbox 426 5402 480 5451; x_wconf 81' lang='lat' dir='ltr'><strong>x,</strong></span> <span class='ocrx_word' id='word_1_541' title='bbox 506 5391 630 5440; x_wconf 87' lang='grc'><strong>4.-</strong></span> <span class='ocrx_word' id='word_1_542' title='bbox 651 5389 854 5451; x_wconf 73' lang='lat' dir='ltr'><strong>⁸1bid„</strong></span> <span class='ocrx_word' id='word_1_543' title='bbox 880 5391 928 5437; x_wconf 80' lang='lat'><strong>2.</strong></span> <span class='ocrx_word' id='word_1_544' title='bbox 955 5415 1017 5424; x_wconf 91' lang='lat'>—</span> <span class='ocrx_word' id='word_1_545' title='bbox 1040 5387 1261 5453; x_wconf 72' lang='lat' dir='ltr'><strong>‘Greg.,</strong></span> <span class='ocrx_word' id='word_1_546' title='bbox 1283 5405 1335 5440; x_wconf 81' lang='lat' dir='ltr'><strong>m</strong></span> <span class='ocrx_word' id='word_1_547' title='bbox 1362 5389 1558 5448; x_wconf 64' lang='lat' dir='ltr'><strong>Ezech„</strong></span> <span class='ocrx_word' id='word_1_548' title='bbox 1586 5392 1725 5445; x_wconf 84' lang='lat' dir='ltr'><strong>hom.</strong></span> <span class='ocrx_word' id='word_1_549' title='bbox 1758 5404 1867 5455; x_wconf 73' lang='lat' dir='ltr'><strong>xix,</strong></span> <span class='ocrx_word' id='word_1_550' title='bbox 1896 5397 2013 5443; x_wconf 83' lang='lat' dir='ltr'><strong>ante</strong></span> <span class='ocrx_word' id='word_1_551' title='bbox 2042 5394 2259 5444; x_wconf 87' lang='lat' dir='ltr'><strong>med.—</strong></span> <span class='ocrx_word' id='word_1_552' title='bbox 2279 5360 2498 5459; x_wconf 51' lang='grc' dir='ltr'><em>ΊΗεὸᾹ,</em></span> <span class='ocrx_word' id='word_1_553' title='bbox 2527 5406 2600 5456; x_wconf 78' lang='lat'><strong>11,</strong></span> <span class='ocrx_word' id='word_1_554' title='bbox 2628 5396 2676 5445; x_wconf 84' lang='lat'><strong>5.</strong></span> <span class='ocrx_word' id='word_1_555' title='bbox 2695 5393 2984 5458; x_wconf 78' lang='lat' dir='ltr'><strong>—⁸Aug.,</strong></span> <span class='ocrx_word' id='word_1_556' title='bbox 3011 5393 3071 5443; x_wconf 85' lang='lat' dir='ltr'><strong>de</strong></span> <span class='ocrx_word' id='word_1_557' title='bbox 3109 5386 3404 5446; x_wconf 46' lang='lat' dir='ltr'><strong>Proedestissn</strong></span> 
     </span>
     <span class='ocr_line' id='line_1_44' title="bbox 215 5460 1221 5528; baseline -0.001 -17"><span class='ocrx_word' id='word_1_558' title='bbox 215 5466 401 5528; x_wconf 65' lang='lat' dir='ltr'><strong>sanct„</strong></span> <span class='ocrx_word' id='word_1_559' title='bbox 429 5475 475 5511; x_wconf 90' lang='lat' dir='ltr'><strong>c.</strong></span> <span class='ocrx_word' id='word_1_560' title='bbox 506 5472 600 5521; x_wconf 79' lang='lat' dir='ltr'><strong>vn</strong></span> <span class='ocrx_word' id='word_1_561' title='bbox 626 5463 866 5512; x_wconf 81' lang='lat' dir='ltr'><strong>n.12.-</strong></span> <span class='ocrx_word' id='word_1_562' title='bbox 886 5460 1060 5513; x_wconf 65' lang='lat' dir='ltr'><strong>⁹Act„</strong></span> <span class='ocrx_word' id='word_1_563' title='bbox 1091 5471 1141 5520; x_wconf 87' lang='lat' dir='ltr'><strong>x,</strong></span> <span class='ocrx_word' id='word_1_564' title='bbox 1173 5462 1221 5510; x_wconf 91' lang='grc'><strong>4.</strong></span> 
     </span>
    </p>
   </div>
  </div>
 </body>
</html>
