4185 6288
1323 475 1519 543 DlST.
1564 475 1747 544 XXV.
1794 459 1977 542 ΛΒΤ.
2026 473 2106 540 11.
2148 473 2452 556 QUAEST.
2495 476 2546 542 1.

328 618 648 700 quantum
691 612 771 679 ad
832 610 1211 677 assentiendi
1265 611 1836 695 promptitudinem
1856 661 1876 691 ‚

326 740 459 788 non
474 724 693 787 tamen
718 719 1049 803 aequaliter
1073 736 1141 782 se
1167 718 1407 782 habent
1432 722 1750 802 quantum
1799 719 1879 783 ad

325 823 832 890 instructionem.
865 820 1046 898 Quod
1084 821 1259 886 enim
1302 822 1697 905 frequentius
1728 840 1880 886 ver-

325 936 503 997 satur
540 934 689 996 ante
733 928 951 994 oculos
999 932 1064 993 et
1110 928 1179 991 in
1222 928 1491 993 auribus
1520 929 1785 993 rudium
1814 933 1879 994 et

324 1038 732 1123 simplicium,
761 1036 996 1102 melius
1022 1036 1253 1100 abillis
1279 1037 1527 1120 capitur
1556 1040 1620 1101 et
1645 1037 1878 1102 retine-
1958 1034 1962 1039 ’

321 1150 434 1211 tur
464 1169 479 1212 :
512 1151 577 1211 et
612 1144 811 1228 aliqui
854 1143 1104 1208 articuli
1131 1148 1286 1207 sunt
1324 1144 1729 1226 huJusmodi‚
1761 1143 1875 1234 qui

320 1252 412 1318 ita
473 1253 958 1336 frequentantur
984 1298 1002 1328 ‚
1054 1250 1218 1315 sicut
1269 1256 1363 1315 est
1415 1250 1494 1316 de
1544 1251 1875 1316 nativitate

322 1357 551 1426 Christi
568 1407 590 1439 ‚
618 1361 684 1424 et
705 1358 997 1442 passione
1019 1405 1038 1437 ,
1069 1361 1133 1422 et
1157 1357 1473 1422 similibus
1494 1407 1511 1437 ‚
1539 1358 1713 1442 quod
1741 1376 1875 1422 non

188 1469 196 1478 '
318 1468 587 1550 possunt
635 1464 924 1548 ignorari
966 1463 1105 1529 sine
1145 1464 1332 1547 culpa
1377 1463 1797 1548 negligentiae
1850 1483 1870 1529 ι

318 1577 451 1640 non
476 1574 565 1639 sic
592 1576 810 1640 autem
844 1578 940 1639 est
979 1572 1059 1638 de
1095 1574 1399 1637 omnihus
1424 1574 1563 1637 aliis
1584 1622 1603 1653 ,
1632 1575 1696 1638 et
1728 1572 1872 1638 ideo

319 1687 454 1746 'non
476 1682 724 1765 oportet
748 1698 973 1745 omnes
1001 1679 1334 1762 aequaliter
1349 1680 1641 1764 explicite
1674 1679 1868 1745 credi.

261 1829 265 1834 ·
318 1786 626 1866 Quamvis
664 1787 844 1852 enim
875 1787 1135 1852 habitus
1168 1786 1319 1852 fidei
1346 1788 1427 1853 sit
1457 1806 1573 1871 per
1600 1786 1867 1851 infusio-

57 3874 272 3923 Fundun
283 3906 290 3912 .

324 1911 500 1973 nem,
527 1893 864 1980 explicatio
886 1899 1106 1962 tamen
1150 1900 1245 1962 est
1287 1914 1403 1981 per
1425 1891 1778 1961 doctrinam
1809 1898 1873 1959 et

329 2001 808 2068 instructionem
823 2052 842 2084 ‚
870 2003 952 2069 ad
978 2023 1176 2088 quam
1197 2024 1328 2070 non
1370 2021 1593 2071 omnes
1616 2002 1871 2069 articuli

319 2126 390 2174 se
417 2109 655 2175 habent
682 2111 1107 2178 uniformiter.

761 2352 1250 2425 ARTICULUS
1295 2354 1381 2424 Π.

400 2541 870 2626 Consequenter
904 2541 1222 2625 quaeritur
1265 2541 1345 2606 de
1388 2541 1671 2624 profectu
1717 2539 1868 2606 fidei

319 2648 677 2714 secundum
705 2649 1137 2716 diversitatem
1164 2653 1530 2732 temporum
1553 2670 1574 2729 ;
1608 2651 1670 2711 et
1698 2648 1867 2711 circa

319 2756 445 2822 hoc
485 2761 871 2842 quaeruntur
911 2757 1035 2821 tria
1082 2778 1097 2819 ε
1150 2756 1395 2839 primo,
1446 2760 1668 2820 utrum
1708 2755 1867 2820 fides

319 2865 596 2930 creverit
618 2867 936 2948 quantum
961 2864 1042 2929 ad
1070 2863 1531 2929 credendorum
1568 2862 1863 2927 multitu-

317 2972 571 3051 dinem;
614 2972 924 3050 secund0‚
974 2973 1193 3035 utrum
1234 2970 1505 3035 creverit
1543 2973 1863 3053 quantum

316 3078 396 3144 ad
448 3078 719 3143 luminis
770 3077 1292 3163 plenitudinem;
1347 3076 1533 3142 tertio
1550 3124 1573 3157 ‚
1636 3080 1859 3142 utrum

316 3186 655 3270 profecerit
699 3188 1020 3270 quantum
1061 3184 1141 3251 ad
1182 3185 1572 3266 cognitionis
1597 3186 1866 3252 certitu-

317 3291 558 3357 dinem.

861 3498 1219 3579 QUAESTIO
1264 3501 1314 3566 1.

316 3672 547 3743 Aufida
565 3673 791 3729 creverit
809 3670 990 3743 quoad
1008 3669 1380 3729 credendorum
1405 3670 1810 3729 multitudinem
1823 3680 1863 3727 ¹.

400 3829 631 3898 Utrum
660 3832 820 3896 fides
858 3831 1132 3897 creverit
1157 3831 1261 3897 vel
1296 3830 1633 3915 profecerit
1657 3848 1867 3913 quan-

324 3942 465 4002 tum
484 3938 564 4003 ad
587 3939 1048 4005 credendorum
1067 3937 1581 4017 multitudinem3
1606 3942 1669 4003 et
1694 3937 1868 4021 quod

323 4044 437 4123 sic,
462 4044 718 4110 videtur
734 4047 757 4081 ³
784 4044 1067 4113 :Nomen
1093 4061 1302 4111 meum
1320 4044 1584 4112 Adonai
1607 4060 1740 4111 non
1764 4045 1869 4111 in-

262 4233 270 4241 ,
322 4149 549 4219 dicavi
589 4153 683 4218 eis
710 4171 733 4217 .·
764 4169 923 4235 ergo
955 4170 1039 4216 ex
1064 4151 1189 4217 hoc
1227 4154 1410 4217 textu
1447 4154 1620 4235 patet
1639 4199 1657 4231 ‚
1693 4150 1867 4234 quod

321 4259 562 4343 aliquid
583 4260 1032 4342 cognoverunt
1057 4263 1268 4342 patres
1298 4262 1634 4341 sequentes
1648 4307 1665 4337 ‚
1694 4259 1866 4342 quod

320 4385 453 4432 non
498 4371 947 4450 cognoverunt
988 4367 1415 4451 praecedentes
1434 4416 1450 4447 ‚
1481 4367 1633 4452 quia
1680 4385 1867 4432 reve-

317 4472 478 4539 lavit
522 4473 830 4539 Dominus
872 4470 1112 4558 Moysi,
1156 4474 1332 4557 quod
1380 4491 1512 4538 non
1559 4473 1868 4540 revelavit

318 4579 610 4664 patribus
654 4600 672 4644 ι
717 4598 876 4661 ergo
921 4580 1180 4647 videtur
1221 4579 1390 4664 quod
1441 4581 1597 4645 fides
1648 4583 1866 4645 nostra

318 4687 559 4771 aliquid
585 4689 925 4769 cognoscat
958 4704 1136 4752 nunc
1150 4736 1168 4768 ,
1198 4687 1370 4770 quod
1412 4687 1569 4753 fides
1605 4691 1863 4770 patrum

319 4812 453 4858 non
493 4794 916 4875 cognoscebat
957 4815 972 4856 ε
1014 4793 1215 4861 crevit
1259 4810 1417 4876 ergo
1456 4793 1613 4859 fides
1652 4793 1865 4876 quoad

320 4900 666 4966 credibilia.

397 5007 589 5087 Item,
614 5007 782 5071 sicut
803 5005 911 5071 lex
937 5007 1309 5090 evangelica
1342 5025 1410 5073 se
1446 5007 1638 5075 habet
1664 5010 1745 5075 ad
1769 5009 1864 5076 le-

316 5130 472 5208 gem
515 5114 863 5180 mosaicam
913 5116 1232 5197 quantum
1278 5115 1361 5179 ad
1405 5116 1673 5181 moralia
1701 5163 1720 5195 ‚
1771 5117 1863 5184 sic

314 5222 473 5289 fides
494 5222 657 5305 legis
676 5238 869 5287 novae
892 5220 974 5286 ad
995 5221 1188 5288 fldem
1217 5223 1451 5289 veteris
1475 5222 1639 5307 legis
1662 5241 1864 5311 quan·

382 5387 397 5421 ¹
421 5386 503 5450 Cf.
521 5386 664 5437 Alex.
683 5384 900 5447 Mensis,
916 5398 968 5449 p.
996 5385 1079 5449 ΙΙΙ,
1100 5398 1152 5448 q.
1172 5396 1360 5447 nxviu,
1382 5386 1599 5436 membr.
1621 5389 1668 5450 9,
1681 5395 1777 5438 art.
1803 5394 1831 5440 2
1843 5405 1860 5454 ;

314 5453 369 5511 a
395 5448 559 5527 Cant„
580 5474 633 5528 p.
666 5461 756 5525 lll,
778 5458 895 5512 coll.
923 5471 1010 5521 η,
1032 5461 1129 5511 art.
1162 5465 1183 5511 l
1213 5474 1230 5521 ς
1277 5458 1571 5523 aichardus,
1604 5460 1670 5513 111
1698 5463 1860 5531 Seni„

3411 477 3532 541 555

1967 613 2133 694 ‚tum
2172 611 2254 676 ad
2296 609 2667 677 eredibilia:
2702 609 2814 676 sed
2851 608 3284 694 Evangelium
3336 627 3534 693 super

1984 718 2202 801 legem
2241 722 2526 785 veterem
2560 718 2736 785 addit
2776 718 2981 783 multa
3025 718 3286 784 consilia
3323 739 3341 784 ι
3375 736 3532 802 ergo

1985 826 2237 890 videtur
2263 826 2436 909 quod
2478 825 2637 890 fides
2674 826 2840 908 legis
2885 842 3075 890 novae
3119 842 3189 890 se
3234 825 3534 890 extendat

1983 931 2064 996 ad
2094 931 2282 1014 plura
2310 930 2654 1012 credibilia,
2675 950 2873 1016 quam
2902 933 3059 997 fides
3084 932 3248 1015 legis
3268 932 3527 998 veteris.

2066 1036 2227 1104 item
2260 1025 2611 1103 incarnatio
2642 1038 2906 1116 Christi,
2937 1039 3145 1123 passio
3169 1087 3186 1120 ‚
3217 1056 3534 1105 resurrec-

1982 1141 2106 1222 tio,
2144 1148 2208 1209 et
2235 1145 2556 1225 ascensio,
2585 1149 2649 1210 et
2667 1146 3045 1230 hujusmodi
3080 1149 3533 1231 proponuntur

1982 1252 2284 1316 omnibus
2310 1254 2651 1333 credenda,
2684 1254 2799 1338 qui
2827 1258 2979 1319 sunt
3017 1253 3088 1318 in
3127 1271 3299 1319 nova
3331 1254 3478 1335 lege
3506 1273 3526 1318 z

1980 1358 2092 1425 sed
2120 1361 2261 1425 haec
2287 1380 2417 1426 non
2445 1364 2967 1445 proponebantur
3002 1362 3127 1428 illis
3142 1410 3159 1441 ‚
3189 1363 3304 1446 qui
3345 1364 3530 1426 erant

1979 1466 2053 1532 in
2075 1469 2221 1551 lege
2250 1470 2570 1535 mosaica:
2603 1489 2797 1554 ergo,
2829 1474 2948 1537 etc.
3234 1555 3238 1561 Ι

2061 1575 2221 1641 Item
2264 1578 2508 1662 aliquid
2552 1578 2863 1661 cognovit
2903 1578 3178 1644 Ecclesia
3218 1580 3361 1661 post
3407 1574 3526 1641 ad-

1978 1686 2251 1747 ventum
2280 1683 2507 1749 Christi
2527 1733 2544 1763 ‚
2574 1686 2748 1768 quod
2769 1684 3006 1750 latebat
3038 1683 3341 1767 angelos:
3365 1701 3524 1765 ergo

1978 1789 2185 1855 multo
2232 1791 2459 1857 fortius
2504 1793 2831 1874 cognoscit
2889 1792 3129 1876 aliquid
3175 1796 3240 1857 et
3282 1791 3480 1857 credit
3501 1839 3519 1870 ‚

1978 1901 2153 1979 quod
2199 1897 2434 1963 latebat
2479 1899 2776 1965 homines
2810 1916 3007 1982 puros
3036 1918 3055 1964 ι
3086 1899 3341 1965 videtur
3366 1917 3525 1981 ergo

1978 2003 2153 2086 quod
2178 2004 2337 2069 fides
2359 2007 2631 2071 creverit
2649 2011 2968 2089 quantum
2994 2007 3074 2071 ad
3098 2024 3174 2070 ea
3191 2055 3210 2086 ‚
3238 2024 3386 2089 quae
3409 2024 3524 2090 per

1976 2109 2184 2192 ipsam
2242 2111 2591 2180 creduntur
2636 2120 2701 2179 et
2752 2116 3252 2195 cognoscuntur.
3309 2112 3527 2178 Prima

1977 2219 2419 2284 manifestatur
2444 2238 2559 2302 per
2586 2221 2710 2286 hoc
2738 2219 2910 2302 quod
2941 2220 3171 2284 dicitur
3189 2225 3211 2260 ³
3242 2242 3256 2283 :
3298 2219 3375 2288 Ut
3409 2222 3524 2286 in-

1974 2330 2262 2395 notescat
2296 2327 2714 2410 potestatibus
2741 2333 2800 2395 et
2820 2327 3232 2411 principibus
3254 2342 3372 2410 per
3398 2326 3519 2394 Ec·

1974 2434 2236 2501 alesiam
2260 2435 2682 2516 multiformis
2709 2436 3040 2517 sapientia
3069 2436 3205 2500 Dei.

2056 2539 2179 2605 Sed
2206 2544 2436 2607 contra
2460 2560 2478 2605 ε
2506 2546 2567 2607 1.
2598 2541 2756 2607 Tota
2796 2541 2955 2606 fides
2992 2540 3339 2605 christiana
3366 2558 3521 2606 con-

1974 2648 2219 2713 tinetur
2243 2648 2312 2714 in
2339 2648 2491 2731 lege
2518 2667 2719 2727 nova,
2755 2653 2819 2714 et
2853 2651 2987 2713 tota
3024 2648 3133 2713 lex
3165 2666 3334 2714 nova
3360 2666 3520 2714 con-

1974 2757 2215 2822 tinetur
2254 2757 2323 2821 in
2361 2758 2593 2839 veteri,
2624 2758 2777 2841 quia
2802 2760 2945 2822 rota
2984 2760 3079 2821 est
3117 2757 3185 2821 in
3215 2747 3386 2835 rote,
3418 2777 3516 2822 se-

1972 2865 2262 2930 cundum
2280 2865 2452 2948 quod
2479 2863 2713 2929 dicitur
2732 2865 2754 2900 ⁴
2778 2887 2793 2930 :
2818 2863 2873 2928 si
2891 2882 3049 2946 ergo
3079 2863 3236 2929 fides
3261 2868 3520 2946 patrum

1973 2971 2469 3056 praecedentium
2517 2971 2869 3037 adventum
2915 2970 3145 3037 Christi
3190 2970 3523 3037 claudebat

1974 3079 2042 3144 in
2070 3099 2138 3146 se
2165 3079 2477 3165 quidquid
2516 3083 2652 3146 erat
2685 3078 2853 3162 legis
2887 3079 3159 3158 veteriS,
3190 3077 3520 3143 claudebat

1975 3194 2039 3255 et
2062 3208 2178 3272 per
2200 3177 2596 3273 consequens
2616 3188 2929 3272 quidquid
2948 3189 3086 3252 erat
3110 3187 3269 3269 legis
3293 3192 3515 3252 no'vae:

1974 3297 2230 3363 videtur
2255 3314 2414 3378 ergo
2448 3296 2620 3379 quod
2645 3295 2804 3361 fides
2839 3292 3195 3359 secundum
3232 3296 3523 3377 tempora

1976 3404 2229 3470 diversa
2262 3421 2397 3468 non
2422 3403 2695 3470 creverit
2720 3404 3037 3484 quantum
3061 3400 3141 3464 ad
3170 3400 3515 3466 credibilia.

2055 3514 2119 3575 2.
2151 3510 2335 3591 Item,
2356 3511 2602 3574 mutato
2626 3509 2898 3592 object0‚
2922 3510 3210 3570 mutatur
3230 3505 3518 3576 habitus:

1975 3639 2135 3703 ergo
2160 3620 2214 3684 si
2236 3620 2397 3684 fides
2422 3619 2783 3685 secundum
2814 3618 3070 3683 diversa
3099 3622 3389 3702 tempora
3412 3619 3525 3689 ha·

1975 3728 2152 3792 beret
2173 3727 2430 3810 aliquod
2469 3727 2793 3810 objectum
2833 3741 3118 3805 novum,
3149 3724 3440 3792 videlicet
3467 3725 3523 3792 si

1976 3834 2260 3899 crederet
2283 3832 2527 3917 aliquid
2556 3831 2729 3915 quod
2751 3830 2933 3915 prius
2959 3849 3091 3895 non
3115 3830 3516 3913 credidisset,

1975 3941 2329 4006 secundum
2377 3940 2627 4006 diversa
2673 3943 2966 4023 tempora
3009 3940 3257 4004 mutata
3308 3944 3471 4005 esset
3502 3960 3517 4006 ε

1975 4047 2084 4113 sed
2110 4047 2269 4112 fides
2297 4048 2653 4113 secundum
2678 4047 2928 4112 diversa
2949 4049 3243 4129 tempora
3269 4063 3403 4112 non
3429 4049 3524 4112 est

1976 4158 2258 4235 mutata,
2291 4156 2647 4221 secundum
2675 4154 2846 4238 quod
2892 4154 3046 4219 dicit
3069 4153 3516 4237 Augustinus,

1975 4265 2040 4327 et
2067 4261 2341 4328 habetur
2363 4262 2433 4326 in
2456 4262 2702 4327 littera:
2731 4278 2890 4343 ergo
2917 4258 3177 4326 videtur
3199 4260 3374 4345 quod
3388 4278 3523 4326 non

1975 4369 2244 4453 profecit
2269 4373 2588 4452 quantum
2613 4369 2692 4433 ad
2721 4367 3069 4434 credibilia.

2055 4481 2118 4541 3.
2149 4476 2306 4541 Item
2348 4494 2541 4542 omne
2577 4474 2748 4559 quod
2797 4473 2988 4539 modo
3032 4476 3128 4539 est
3166 4491 3402 4541 verum
3442 4472 3522 4540 de

1974 4584 2298 4667 praeterito
2314 4632 2333 4663 ,
2363 4582 2708 4667 aliquando
2739 4580 2861 4646 fuit
2888 4597 3120 4647 verum
3148 4580 3227 4646 de
3255 4581 3516 4648 futuro:

1973 4709 2136 4773 ergo
2179 4691 2345 4755 sicut
2378 4689 2568 4755 modo
2606 4707 2839 4755 verum
2876 4691 2971 4753 est
3018 4687 3341 4754 Christum
3386 4705 3521 4755 esse

1974 4797 2407 4877 incarnatum,
2440 4800 2666 4861 natum
2714 4801 2778 4861 et
2816 4813 3078 4879 passum
3099 4844 3121 4875 ‚
3153 4796 3243 4860 ita
3287 4812 3521 4860 verum

1973 4907 2111 4971 erat
2151 4902 2221 4967 in
2265 4903 2587 4987 praeterito
2632 4902 2954 4968 Christum
2994 4920 3133 4967 esse
3174 4902 3522 4967 incarnan-

1973 5011 2169 5090 dum,
2207 5010 2610 5075 nasciturum
2648 5013 2712 5074 et
2740 5026 3084 5094 passurum
3114 5029 3132 5074 ε
3165 5013 3383 5092 etqua
3409 5027 3524 5074 ra-

1972 5121 2148 5185 tione
2175 5137 2351 5185 nunc
2382 5122 2479 5184 est
2505 5118 2802 5185 credibile
2828 5119 2907 5184 de
2928 5121 3276 5202 praeterito,
3296 5119 3519 5186 eadem

1973 5229 2221 5294 ratione
2266 5230 2404 5292 erat
2449 5230 2605 5294 tunc
2632 5227 2930 5295 credibile
2964 5228 3045 5294 de
3072 5229 3332 5294 futuro:
3362 5245 3522 5312 ergo

1973 5391 2092 5441 dist.
2124 5399 2257 5449 xxv,
2276 5391 2371 5439 art.
2390 5392 2449 5451 5,
2477 5402 2581 5453 q.1.
2598 5390 2692 5428 —²
2713 5388 2899 5453 Exod„
2922 5400 2994 5448 vx,
3012 5392 3061 5440 3.
3086 5414 3141 5428 -
3160 5388 3182 5428 ⁸
3209 5390 3517 5455 Ephes.,111,

1976 5468 2052 5518 10.
2072 5477 2134 5501 -’-
2155 5459 2177 5494 ⁸
2198 5459 2395 5525 uzeca„
2425 5472 2463 5524 1,
2497 5463 2572 5512 ¹8.

3545 2590 3575 2621 Α
3628 2589 3730 2634 opp.
