4185 6288
1192 472 1572 544 ms‘rmc‘r.
1615 475 1780 540 Vnt.
1827 468 2009 541 ΛΒΤ.
2054 474 2134 542 11.
2178 470 2487 553 QUAEST.
2532 472 2637 542 111.

326 615 461 676 tura
497 612 669 677 enim
698 612 847 696 plus
890 612 1043 677 dicit
1085 613 1153 677 in
1190 613 1632 678 habitudinem
1672 613 1851 695 prin-

320 719 483 802 cipii,
511 720 616 785 vel
643 738 879 800 causae,
904 738 1099 803 quam
1122 719 1287 786 dicat
1310 720 1380 787 in
1408 719 1850 787 habitudinem

310 826 551 893 tormae.
582 826 938 892 Fatendum
968 831 1063 892 est
1097 845 1255 909 ergo
1295 827 1615 892 Christum
1643 824 1851 890 fllium

196 986 205 995 .
308 934 664 998 naturalem
688 933 976 1015 Virginis
1025 953 1160 999 csse
1204 934 1448 998 ratione
1487 932 1854 1017 temporalis

303 1041 675 1116 nativitatis,
705 1040 871 1106 sicut
897 1041 1178 1107 rationes
1203 1041 1285 1105 ad
1306 1040 1575 1124 primam
1606 1044 1850 1123 partem

304 1144 646 1210 ostendunt
677 1165 694 1209 z
725 1147 789 1209 et
808 1143 952 1209 ideo
976 1145 1395 1210 concedendae
1422 1148 1596 1209 sunt.

377 1255 436 1315 1.
466 1250 567 1316 Ad
604 1248 766 1314 illud
806 1269 965 1331 ergo
992 1251 1166 1334 quod
1217 1251 1426 1334 primo
1460 1251 1756 1333 objicitur
1783 1249 1851 1317 in

296 1358 727 1438 contrarium,
758 1357 930 1440 quod
964 1358 1212 1438 nulluS,
1249 1360 1363 1442 qui
1391 1363 1484 1423 est
1527 1357 1701 1423 tilius
1736 1375 1851 1441 per

296 1466 598 1547 gratiam,
646 1468 742 1530 est
777 1465 948 1529 filius
980 1483 1094 1549 per
1122 1470 1453 1546 naturam,
1505 1466 1849 1558 dicendum

295 1574 465 1657 quod
506 1573 563 1638 si
591 1573 752 1639 illud
778 1572 1178 1654 intelligatur
1222 1573 1301 1637 de
1328 1573 1538 1656 gratia
1559 1573 1851 1657 adoptio-

293 1680 415 1757 nis,
443 1699 681 1746 verum
710 1684 836 1760 oet3
867 1680 920 1743 si
947 1697 1104 1745 vero
1148 1680 1550 1762 intelligatur
1590 1681 1667 1746 de
1694 1698 1845 1763 gra-

296 1789 384 1853 tia
402 1788 690 1868 unionis,
715 1806 848 1852 non
890 1789 987 1851 est
1022 1805 1251 1853 verum
1284 1808 1300 1854 :
1332 1787 1506 1871 quia,
1536 1788 1699 1852 sicut
1724 1788 1847 1852 ha-

296 1892 500 1960 bitum
537 1899 636 1959 oet
683 1913 880 1978 supra
907 1905 954 1971 ¹,
994 1894 1130 1986 ‚ista
1151 1893 1360 1976 gratia
1400 1895 1525 1959 fuit
1571 1896 1846 1979 quodam

298 2003 488 2067 modo
509 2003 617 2066 isti
647 2001 895 2068 homini
920 2002 1253 2067 naturalia.
1288 2000 1486 2067 Aliter
1512 2002 1703 2066 etiam
1732 2022 1846 2086 po-

299 2113 417 2173 tent
464 2110 612 2187 dici,
661 2110 839 2192 qnod
865 2128 1095 2177 verum
1139 2115 1232 2175 oet
1275 2109 1632 2175 secundum
1671 2128 1846 2175 eam·

303 2218 443 2283 dem
481 2222 804 2284 naturam.
841 2217 1127 2284 Christus
1152 2222 1371 2283 autem
1403 2218 1692 2285 nominat
1718 2219 1848 2304 hy-

305 2326 602 2408 postasim
628 2326 702 2392 in
723 2326 973 2391 duabus
997 2326 1246 2392 naturis
1266 2350 1283 2405 ;
1314 2330 1380 2391 et
1400 2328 1753 2392 secundum
1775 2328 1849 2392 il·

306 2433 430 2498 lam
466 2434 789 2517 duplicem
830 2439 1130 2500 naturam
1183 2434 1496 2500 naturalis
1540 2440 1637 2501 est
1677 2436 1850 2502 filius

309 2540 523 2619 Patris,
553 2547 619 2608 et
632 2543 945 2609 naturalis
968 2544 1066 2608 est
1088 2542 1258 2608 filius
1294 2543 1541 2622 matris,
1569 2543 1658 2609 ita
1677 2544 1849 2628 quod

308 2649 657 2713 secundum
690 2649 980 2714 divinam
1007 2652 1308 2714 naturam
1335 2652 1742 2733 comparetur
1768 2650 1848 2716 ad

310 2753 577 2832 Patrem,
612 2762 678 2821 et
700 2757 1054 2822 secundum
1072 2756 1429 2822 humanam
1446 2760 1847 2839 comparetur

311 2862 385 2927 ad
409 2867 706 2928 matrem.
736 2864 797 2927 Si
822 2868 1044 2928 autem
1067 2867 1298 2929 mutua
1314 2864 1429 2928 fiat:
1445 2863 1853 2947 comparatio,

310 2973 376 3033 ut
409 2970 775 3053 hypostasis
814 2970 925 3035 illa
960 2970 1315 3036 secundum
1354 2970 1638 3034 divinam
1676 2972 1862 3034 natu-

311 3093 442 3140 ram
493 3081 906 3161 comparetur
959 3078 1039 3144 ad
1067 3081 1364 3159 matrem,
1409 3082 1472 3143 et
1502 3077 1858 3142 secundum

311 3183 658 3249 humanam
700 3189 1106 3269 comparetur
1146 3186 1227 3251 ad
1267 3186 1521 3251 Patrem
1539 3235 1558 3268 ,
1589 3185 1680 3250 sic
1727 3204 1857 3251 non

314 3291 535 3357 dicitnr
574 3293 835 3377 proprie
876 3294 1054 3358 fliius
1096 3294 1408 3359 naturalis
1458 3315 1475 3361 t
1523 3295 1726 3378 potest
1770 3298 1861 3358 ta-

318 3415 457 3464 men
507 3399 632 3465 dici
675 3397 987 3464 naturalis
1012 3398 1186 3463 filius
1222 3418 1337 3482 per
1368 3400 1643 3481 gratiam
1672 3400 1860 3466 unio-

314 3505 425 3585 nis,
444 3525 592 3590 quae
616 3505 774 3573 tacit
798 3506 1125 3572 naturales
1152 3508 1565 3591 proprietates
1584 3507 1858 3574 invicem

318 3615 803 3680 communicare.

379 3729 433 3789 2.
464 3725 564 3790 Ad
589 3722 759 3789 illud
786 3719 967 3805 quod
991 3720 1311 3803 objicitur,
1331 3722 1504 3808 quod
1527 3725 1859 3807 generatio

307 3829 514 3898 Christi
542 3835 644 3898 oet
674 3846 888 3912 supra
930 3830 1266 3910 naturam;
1295 3829 1640 3898 dicendum
1684 3831 1857 3915 quod

351 3959 519 4013 ¹1>i⁸t.
544 3971 630 4024 lv,
656 3958 767 4010 art.
795 3957 848 4018 ¹,
871 3965 930 4018 q.
958 3953 1306 4020 ιιι-’Βίας
1334 3965 1420 4022 m,
1443 3970 1499 4021 p.
1528 3968 1589 4023 n,
1617 3959 1783 4010 ortt.

3391 477 3509 544 ¹95

1959 610 2047 675 ita
2085 615 2181 676 est
2220 628 2416 693 supra
2450 614 2748 677 naturam
2771 659 2791 694 ,
2841 612 3015 697 quod
3052 614 3147 677 est
3179 611 3374 678 etiam
3409 631 3507 678 se·

1959 719 2248 784 cundum
2267 722 2587 801 naturam,
2613 723 2686 784 ut
2701 720 3051 786 dictumest
3074 738 3271 803 supra
3288 725 3337 799 ³,
3357 719 3512 803 quia

1961 824 2049 889 ibi
2075 825 2294 890 divina
2318 829 2602 911 potentia
2624 829 2691 892 in
2718 828 2896 895 nullo
2922 827 3381 912 praejudicabat
3400 846 3510 893 na-

1958 935 2123 998 turae
2155 952 2172 998 ε
2207 938 2271 999 et
2295 935 2436 1000 ideo
2494 936 2723 1002 modus
2746 935 2852 1001 ille
2878 935 3182 1020 operandi
3235 953 3368 1000 non
3395 953 3510 1001 ex-

1959 1038 2158 1105 cludit
2183 1044 2433 1107 naturae
2456 1043 2912 1126 operationem,
2943 1059 3062 1108 nec
3111 1042 3320 1107 aufert
3347 1041 3510 1127 proli

1958 1149 2318 1214 naturalem
2336 1149 2739 1217 filiationem.

2041 1259 2103 1319 3.
2134 1255 2231 1320 Ad
2249 1255 2403 1321 illud
2430 1257 2605 1340 quod
2626 1255 2953 1341 objicitur,
2982 1255 3158 1340 quod
3184 1253 3346 1320 nihil
3385 1273 3505 1337 ge·

1958 1368 2224 1431 neratur
2244 1366 2619 1432 naturaliter
2637 1367 2810 1451 quod
2838 1369 3189 1450 generatur
3216 1364 3510 1430 volunta·

1957 1471 2076 1551 rie,
2119 1472 2458 1538 dicendum
2507 1473 2680 1557 quod
2721 1474 2953 1539 salsum
3006 1476 3124 1551 est,
3156 1471 3511 1538 secundum

1958 1580 2133 1662 quod
2172 1584 2472 1645 naturam
2509 1581 2814 1647 voluntas
2854 1580 3362 1646 concomitatur:
3391 1596 3511 1643 un·

1957 1687 2035 1752 de
2086 1692 2222 1754 esto
2248 1688 2420 1771 quod
2461 1691 2694 1753 natura
2730 1692 2892 1754 esset
2917 1688 3182 1753 omnino
3211 1686 3513 1753 obediens

1957 1794 2077 1878 ipsi
2104 1796 2445 1875 voluntati,
2474 1796 2639 1862 sicut
2684 1800 2749 1861 et
2785 1796 2853 1861 in
2898 1795 3103 1861 Adam
3131 1797 3269 1860 erat
3283 1842 3302 1875 ,
3340 1793 3513 1860 idem

1957 1906 2385 1983 generaretur
2440 1906 2619 1987 patre
2671 1902 2947 1980 volente,
2978 1905 3043 1967 et
3087 1904 3318 1967 natura
3359 1918 3513 1984 ope-

1956 2013 2160 2076 rante.
2195 2011 2276 2076 Et
2318 2011 2623 2095 quoniam
2675 2011 2974 2077 voluntas
3030 2009 3145 2074 filii
3176 2027 3311 2075 non
3352 2007 3516 2072 tollit

1954 2116 2089 2181 vim
2120 2119 2560 2200 generativam
2604 2118 2819 2199 matri,
2865 2117 3008 2182 ideo
3034 2134 3168 2181 non
3194 2113 3510 2199 sequitur,

1954 2226 2129 2307 quod
2152 2226 2205 2290 si
2233 2227 2593 2293 voluntarie
2631 2246 2716 2293 ex
2741 2245 2819 2292 ea
2839 2224 3147 2306 nascitur,
3175 2223 3350 2308 quod
3377 2240 3512 2289 non

1955 2332 2330 2398 naturaliter
2357 2337 2682 2401 nascatur.

2035 2443 2098 2503 4.
2135 2440 2234 2507 Ad
2259 2439 2417 2506 illud
2441 2440 2613 2525 quod
2637 2438 2967 2521 obiicitur,
2993 2435 3168 2520 quod
3193 2434 3413 2500 nullus
3441 2435 3514 2500 fl-

1955 2545 2082 2612 lius
2107 2550 2202 2611 est
2239 2546 2415 2630 prior
2468 2564 2588 2612 suo
2643 2543 2958 2629 principio
3004 2532 3379 2625 generante,
3411 2541 3513 2609 di-

1956 2654 2232 2720 cendum
2254 2655 2428 2739 quod
2454 2672 2688 2723 verum
2712 2657 2810 2719 est
2836 2650 3195 2718 secundum
3219 2667 3365 2715 eam
3386 2667 3512 2715 na-

1963 2765 2201 2842 turam,
2230 2762 2587 2830 secundum
2621 2780 2820 2845 quam
2862 2763 2960 2825 est
3001 2757 3176 2823 filius
3214 2759 3358 2840 eJus
3402 2777 3420 2822 ε
3451 2760 3516 2822 et

1963 2868 2054 2932 sic
2076 2886 2209 2933 non
2238 2868 2430 2934 hahet
2477 2868 2844 2935 instantiam
2871 2866 2942 2931 in
2987 2863 3332 2948 proposito,
3361 2862 3515 2946 quia

1966 2973 2252 3041 Christus
2267 2975 2625 3041 secundum
2660 2975 3018 3041 humanam
3041 2973 3342 3036 naturam
3367 2987 3516 3053 pos-

1968 3083 2166 3149 terior
2208 3087 2303 3149 est
2330 3083 2621 3168 Virgine,
2648 3100 2796 3167 quae
2840 3082 3057 3166 ipsum
3084 3077 3392 3161 concepit.
3446 3075 3517 3143 Si

1965 3194 2183 3256 autem
2205 3191 2577 3274 simpliciter
2603 3189 3023 3272 intelligatur,
3055 3185 3252 3251 habet
3279 3185 3518 3249 instan-

1966 3298 2123 3363 tiam
2149 3298 2219 3362 in
2248 3299 2594 3381 proposito,
2624 3296 2779 3380 quia
2803 3295 3092 3360 Christus
3116 3291 3310 3357 habet
3337 3291 3409 3355 in
3451 3308 3519 3358 so

1965 3403 2127 3469 duas
2151 3406 2435 3480 naturae,
2458 3402 2814 3468 secundum
2841 3419 3121 3484 quarum
3136 3415 3338 3463 unam
3357 3415 3522 3482 prae·

1973 3510 2140 3575 cedit
2165 3512 2301 3573 tam
2351 3513 2649 3574 naturam
2695 3510 2972 3574 creatam
2988 3553 3005 3583 ,
3035 3522 3233 3590 quam
3277 3505 3522 3567 mater-

1966 3617 2113 3682 nale
2139 3614 2533 3699 principium
2566 3636 2583 3681 ε
2608 3613 2723 3680 uhi
2754 3617 2976 3679 autem
2996 3610 3302 3677 instantia
3323 3611 3419 3674 est
3449 3607 3522 3673 in

1966 3722 2309 3808 proposito,
2352 3722 2441 3786 ita
2485 3720 2657 3805 quod
2694 3739 2827 3786 non
2853 3723 2950 3784 est
2981 3718 3052 3782 in
3082 3715 3235 3796 alio,
3262 3714 3525 3781 serenda

1966 3836 2062 3897 est
2145 3828 2502 3896 secundum
2569 3826 3083 3913 philosophicum
3165 3823 3521 3890 documen-

1965 3942 2135 4005 tum.
