4185 6288
593 486 711 549 348

590 616 706 693 dit,
735 615 888 698 quia
924 638 954 676 α
979 631 1125 679 caro
1160 613 1391 680 Christi
1418 613 1722 695 concepta
1748 610 1869 674 fuit
1902 608 1980 674 de
1998 606 2135 690 Spi-

594 724 723 788 ritu
757 726 971 788 sancto
1000 739 1019 786 :
1056 746 1086 782 n
1137 722 1278 787 ideo
1315 722 1417 786 ille
1450 722 1645 785 homo
1681 718 1801 783 fuit
1835 742 1865 780 c
1891 716 2135 781 habens

593 848 824 912 corpus
858 830 936 894 ad
962 829 1354 912 patiendum,
1390 828 1498 893 md
1525 831 1823 892 naturam
1846 842 1980 889 non
2008 823 2134 887 ha-

591 938 749 1001 bens
773 936 852 1001 ad
877 936 1287 1002 dolendum.»
1324 935 1424 1000 Ex
1446 938 1633 1018 cujus
1659 933 1920 999 rationis
1945 935 2009 997 et
2033 932 2134 995 lit-

592 1049 747 1109 terae
764 1043 1087 1109 intellectu
1107 1043 1547 1108 manifestatur
1565 1060 1701 1106 esse
1717 1059 1948 1106 verum
1961 1038 2134 1123 quod

594 1151 771 1235 prius
812 1150 1052 1214 dictum
1076 1154 1171 1214 est
1202 1174 1218 1215 :
1249 1150 1402 1234 quia
1431 1149 1606 1213 enim
1644 1166 1792 1212 caro
1837 1147 1945 1211 illa
1976 1165 2130 1211 con·

593 1264 774 1342 cepta
793 1258 914 1322 fuit
938 1256 1017 1321 de
1045 1256 1287 1339 Spiritu
1312 1260 1551 1333 sancto,
1581 1254 1723 1320 ideo
1754 1253 2136 1338 passibilita-

594 1371 724 1430 tem
759 1363 1005 1441 habuit,
1048 1380 1180 1427 non
1207 1366 1428 1427 contra
1465 1363 1882 1442 voluntatem,
1915 1361 2024 1426 sed
2051 1379 2135 1425 ex

597 1474 926 1538 voluntate
952 1494 969 1536 :
997 1476 1060 1536 et
1084 1473 1206 1536 hoc
1230 1471 1514 1555 estquod
1551 1471 1703 1535 dicit
1732 1470 1964 1536 habens
1995 1486 2132 1536 cor-

588 1598 715 1664 pus
758 1580 849 1647 ad
892 1579 1310 1663 patiendum
1352 1595 1578 1660 passus
1621 1582 1750 1654 est,
1782 1577 2016 1641 scilicet
2051 1595 2135 1641 ex

592 1688 920 1754 voluntate
942 1709 960 1767 ;
1004 1686 1116 1751 sed
1159 1690 1457 1750 naturam
1484 1702 1615 1748 non
1643 1684 1886 1748 habens
1911 1684 1990 1747 ad
2017 1684 2136 1748 do-

594 1793 879 1870 lendum,
910 1793 974 1857 id
1001 1797 1095 1856 est
1121 1792 1200 1857 ad
1234 1792 1605 1875 patiendum
1646 1795 1866 1857 contra
1890 1791 2133 1857 dissen-

593 1919 740 1966 sum
768 1899 1136 1966 voluntatis.

1257 2054 1399 2101 DUB.
1440 2053 1511 2099 11.

993 2179 1101 2230 Nec
1131 2176 1271 2228 enim
1290 2176 1402 2227 fieri
1429 2179 1626 2242 potest,
1646 2179 1746 2228 etc.

673 2330 937 2396 Videtur
985 2328 1415 2394 contradicere
1468 2327 1560 2406 ei,
1605 2327 1778 2411 quod
1818 2328 2049 2394 dicitur
2070 2331 2132 2393 ¹:

597 2437 804 2522 Coepit
838 2440 1026 2504 lesus
1064 2451 1298 2520 pavere
1346 2441 1405 2502 ct
1452 2434 1706 2502 toedere.
1763 2433 2029 2500 Videtur
2074 2439 2139 2500 et

594 2544 1020 2611 contradicere
1068 2542 1210 2607 aliis
1254 2541 1523 2621 sanctis,
1566 2541 1679 2624 qui
1730 2540 1951 2605 dicunt
1986 2559 2137 2606 eum

595 2674 747 2723 vere
786 2654 1098 2722 timuisse.
1147 2652 1413 2718 Videtur
1463 2652 1657 2717 etiam
1712 2651 2139 2717 contradicere

593 2762 834 2845 sibiipsi
866 2784 881 2825 :
923 2760 1077 2844 quia
1120 2759 1269 2825 dicit
1303 2759 1475 2841 quod
1507 2758 1792 2825 Christus
1817 2776 1933 2841 pro
1960 2777 2141 2840 apos-

596 2869 739 2934 tolis
763 2868 1048 2933 tristatus
1087 2867 1208 2932 fuit
1231 2885 1436 2949 usque
1464 2866 1545 2930 ad
1572 2870 1869 2930 mortem.
1900 2863 1967 2930 Si
1989 2866 2138 2930 tris-

596 2978 675 3041 tis
698 2976 845 3054 fuit,
872 2992 1069 3057 quare
1096 2992 1227 3037 non
1246 2973 1537 3038 similiter
1563 2974 1815 3039 timuit?

675 3082 857 3167 Resp.
890 3081 1238 3163 Dicendum
1265 3082 1436 3166 quod
1469 3081 1746 3147 Hilarius
1773 3100 1905 3147 non
1928 3082 2137 3148 inten-

595 3192 686 3256 dit
726 3209 1058 3257 removere
1104 3191 1402 3256 timorem
1428 3209 1467 3253 a
1494 3190 1739 3256 Christo
1783 3190 2140 3255 secundum

593 3299 765 3382 quod
774 3299 1069 3364 timorem
1087 3300 1144 3364 ei
1158 3299 1444 3363 attribuit
1472 3297 1799 3382 Scriptura
1823 3303 1887 3363 et
1901 3299 2137 3378 Sancti,

593 3407 705 3472 sed
741 3406 1096 3471 secundum
1139 3405 1313 3489 quod
1357 3406 1790 3471 attribuebant
1829 3407 2137 3486 haeretici,

593 3514 708 3598 qui
738 3514 1030 3578 dicebant
1057 3531 1212 3579 eum
1238 3513 1531 3578 timuisse
1556 3532 1639 3578 ex
1666 3513 1917 3578 defectu
1951 3532 2140 3579 secu-

591 3620 797 3687 ritatis
836 3641 852 3685 :
893 3624 956 3686 et
994 3620 1140 3687 talis
1184 3625 1279 3685 est
1327 3620 1521 3685 timor
1563 3620 2100 3703 pusillanimitatis
2119 3670 2138 3701 ,

594 3728 672 3794 de
712 3746 842 3812 quo
881 3727 1315 3792 indubitanter
1350 3745 1580 3791 verum
1627 3731 1759 3807 est,
1801 3729 1972 3811 quod
2009 3746 2142 3793 non

596 3835 716 3900 fuit
740 3836 810 3898 in
837 3835 1104 3900 Christo.
1142 3834 1319 3899 Unde
1332 3834 1516 3898 valde
1538 3832 1992 3900 attendendum
2022 3840 2138 3914 est,

595 3945 770 4028 quod
812 3943 1092 4009 Hilarius
1114 3964 1155 4010 a
1179 3943 1426 4009 Christo
1456 3962 1589 4008 non
1617 3949 1902 4010 removet
1944 3945 2140 4009 tristi-

596 4051 792 4130 tiam3
828 4056 1115 4116 removet
1155 4057 1373 4116 tamen
1408 4052 1729 4130 timorem,
1769 4051 1920 4134 quia
1951 4051 2143 4115 timor

597 4158 930 4223 consuevit
956 4176 1348 4241 consurgere
1375 4176 1458 4221 ex
1490 4158 1739 4223 defectu
1767 4157 2048 4238 virtutis,
2081 4163 2146 4224 et

599 4266 1116 4350 pusillanimitate
1153 4266 1263 4351 (a),
1294 4266 1548 4330 tristitia
1588 4283 1742 4330 vero
1778 4266 1992 4348 surgit
2016 4266 2144 4331 fre-

597 4377 868 4455 quenter
895 4391 979 4438 ex
1015 4373 1253 4439 virtute
1292 4378 1357 4439 et
1402 4373 1653 4456 pietate.
1692 4372 1770 4437 Et
1807 4372 1978 4455 quod
2027 4372 2145 4437 iste

600 4481 683 4546 sit
709 4480 1059 4547 intellectus
1074 4530 1093 4560 ,
1120 4485 1293 4565 patet
1316 4499 1399 4546 ex
1425 4480 1797 4563 probatione
1812 4480 2140 4562 sequenti:

598 4588 826 4671 probat
852 4589 1026 4654 enim
1053 4590 1227 4671 quod
1258 4589 1324 4651 in
1352 4588 1599 4654 Christo
1637 4606 1766 4652 nou
1800 4588 1922 4652 fuit
1958 4587 2145 4651 infir-

604 4695 793 4760 mitas
816 4743 836 4776 ,
884 4713 1003 4761 nec
1051 4696 1173 4759 fuit
1214 4694 1704 4779 pusillanimitas
1751 4715 1769 4757 :
1812 4694 2148 4776 pusillani-

599 4803 790 4868 mitas
830 4821 961 4867 non
991 4803 1134 4881 fuit,
1165 4803 1316 4885 quia
1338 4802 1597 4866 armatis
1621 4802 1849 4867 obvius
1869 4801 2103 4884 prodiit
2124 4822 2142 4882 ;

604 4910 944 4975 infirmitas
978 4929 1112 4976 non
1154 4910 1307 4991 fuit,
1353 4909 1506 4992 quia
1530 4910 1612 4976 ad
1640 4912 1781 4991 ejus
1806 4928 2147 4975 occursum

603 5022 1003 5084 consternata
1042 5018 1559 5101 persequentium
1590 5018 1856 5099 agmina
1876 5018 2149 5102 supina-

603 5124 683 5189 tis
706 5125 1078 5207 corporibus
1101 5124 1531 5191 conciderunt.
1563 5124 1740 5190 Unde
1772 5144 1904 5191 non
1932 5126 2150 5191 exclu-

603 5231 698 5298 dit
721 5231 1023 5298 aChristo
1048 5251 1307 5299 omnem
1336 5233 1657 5314 timorem,
1691 5233 1804 5300 sed
1845 5235 2145 5299 timorem

667 5397 739 5518 (τέ)
769 5396 891 5449 Cat.
917 5398 1039 5449 edit.
1069 5397 1519 5465 pusillanimitatis,
1549 5424 1610 5434 -
1646 5398 1717 5466 (ὁ)
1751 5401 1872 5449 Coee.
1906 5399 2029 5451 edit.
2062 5415 2148 5450 se-

607 5480 691 5518 me
732 5481 847 5535 pso.

1701 471 2326 544 SENTENTtARUM
2366 474 2512 540 ΜΒ.
2563 474 2673 540 111.

2242 604 2607 670 obviantem
2633 606 2990 672 voluntati:
3021 608 3115 672 sic
3142 609 3334 673 etiam
3367 609 3674 692 dolorem,
3699 611 3786 674 si-

2242 716 2352 777 cut
2376 716 2548 796 patet
2577 712 2904 795 aspicienti
2929 714 3160 780 seriem
3186 715 3433 782 litterae.

2875 942 3015 990 DUB.
3049 943 3143 990 111.

2425 1097 2534 1148 Pati
2561 1097 2726 1162 potuit
2740 1134 2758 1162 ,
2788 1102 2840 1149 et
2868 1098 3122 1163 passibilis
3151 1115 3265 1152 esse
3294 1116 3402 1154 non
3422 1106 3604 1170 potuit.

2320 1248 2433 1313 Illa
2465 1249 2665 1314 verba
2691 1250 2764 1314 in
2789 1251 3031 1330 notula,
3061 1253 3225 1319 etde
3253 1254 3535 1337 synodis
3557 1260 3780 1337 tracta,

2245 1356 2545 1423 videntur
2588 1356 2913 1439 implicare
2957 1361 3517 1427 contradictionem
3569 1363 3637 1428 in
3679 1382 3782 1430 se-
3830 1368 3840 1380 ‘

2241 1463 2528 1545 metipsis
2558 1462 2640 1545 (b)
2673 1482 2690 1541 ;
2725 1464 2879 1546 quia
2913 1467 3101 1546 cujus
3146 1468 3243 1529 est
3279 1466 3599 1547 potentia,
3647 1469 3788 1549 ejus

2241 1574 2337 1633 est
2380 1572 2445 1633 et
2487 1572 2669 1633 actus
2698 1587 2716 1633 :
2752 1588 2911 1651 ergo
2952 1573 3005 1634 si
3046 1572 3168 1636 fuit
3205 1572 3518 1654 passibilis
3536 1619 3552 1649 ,
3582 1574 3790 1656 potuit

2241 1677 2406 1759 pati;
2452 1682 2515 1740 et
2545 1677 2600 1740 si
2637 1677 2843 1759 potuit
2884 1677 3037 1760 pati,
3079 1678 3197 1742 tuit
3238 1678 3573 1761 passibilis.
3619 1678 3786 1743 Prae-

2243 1788 2415 1848 terea
2432 1783 2740 1866 passibile
2780 1783 2942 1848 nihil
2968 1784 3139 1850 aliud
3177 1788 3294 1864 est,
3340 1804 3539 1867 quam
3561 1794 3784 1868 potens

2241 1893 2393 1974 pati
2418 1908 2445 1952 .·
2486 1910 2646 1973 ergo
2682 1890 2937 1956 videtur
2977 1892 3149 1974 quod
3175 1892 3246 1955 in
3270 1893 3575 1975 praedicta
3611 1895 3784 1959 locu-

2241 1998 2412 2064 tione
2435 1998 2605 2064 idem
2628 2003 2999 2063 removetur
3028 2018 3068 2061 a
3095 1999 3329 2082 seipso.

2324 2105 2509 2188 Resp.
2540 2105 2887 2170 Dicendum
2915 2106 3085 2188 quod
3122 2105 3423 2188 praedicta
3450 2106 3656 2171 littera
3677 2126 3788 2172 ex-

2113 2211 2116 2214 ’
2243 2213 2396 2297 poni
2434 2215 2637 2297 potest
2674 2212 2905 2295 triplici
2950 2212 3138 2278 modo
3157 2260 3173 2292 ,
3205 2214 3558 2278 secundum
3582 2215 3787 2298 tripli-

2244 2338 2384 2385 cem
2427 2321 2697 2386 modum
2738 2319 3199 2403 exponentium
3241 2321 3733 2402 praecedentium
3765 2345 3781 2387 :
3903 2331 3908 2338 ·

2247 2445 2377 2491 uno
2403 2427 2616 2506 mod0,
2650 2430 2721 2493 ut
2748 2425 2905 2490 illud
2932 2427 3243 2491 referatur
3269 2426 3348 2520 ad
3377 2425 3661 2493 Verbum
3683 2427 3788 2492 in-

2246 2539 2554 2613 creatum,
2587 2534 2664 2599 de
2693 2552 2824 2618 quo
2851 2533 3134 2600 concedit
3153 2534 3453 2613 Hilarius,
3481 2535 3653 2619 quod
3670 2555 3788 2619 po-

2247 2641 2369 2706 tuit
2410 2641 2578 2724 pati,
2611 2641 2721 2705 sed
2763 2659 2896 2705 non
2940 2659 3076 2705 esse
3121 2640 3440 2724 passibile,
3468 2643 3620 2724 quia
3643 2643 3789 2708 licet

2245 2747 2646 2832 passionibus
2672 2766 2739 2811 se
2766 2747 3138 2827 subdiderit,
3169 2766 3299 2812 non
3325 2754 3539 2813 tamen
3566 2754 3660 2813 est
3686 2750 3790 2815 de-

2247 2859 2571 2919 mutatum
2604 2854 2921 2937 patiendo.
2948 2855 3090 2919 Alio
3114 2854 3305 2919 modo
3327 2860 3528 2938 potest
3555 2856 3792 2940 exponi

2246 2963 2410 3027 sicut
2437 2963 2701 3045 exponit
2729 2962 3034 3045 Magister
3054 3012 3071 3042 ,
3108 2969 3181 3029 ut
3212 2982 3325 3047 per
3353 2965 3476 3030 hoc
3499 2965 3669 3048 quod
3696 2970 3793 3029 est

2247 3071 2541 3156 passibile
2563 3120 2583 3152 ,
2628 3077 2884 3138 notetur
2922 3073 3248 3158 dispositio
3289 3093 3685 3158 consurgens
3708 3093 3794 3140 ex

2246 3180 2452 3263 culpae
2508 3183 2736 3245 merito
2765 3230 2784 3261 ,
2841 3200 3039 3265 quam
3091 3188 3380 3247 removet
3434 3183 3713 3248 Hilarius
3753 3203 3797 3248 a

2249 3293 2514 3375 Christo,
2561 3295 2859 3378 quamvis
2898 3296 2967 3357 in
3014 3312 3090 3358 eo
3134 3312 3288 3360 vere
3334 3295 3527 3361 fuerit
3560 3296 3792 3379 passio.

2246 3401 2457 3469 Tertio
2487 3405 2676 3470 modo
2701 3411 2905 3489 potest
2935 3406 3190 3489 exponi,
3214 3411 3286 3470 ut
3310 3425 3428 3490 per
3453 3407 3597 3485 hoc,
3622 3408 3795 3491 quod

2248 3518 2345 3577 est
2358 3515 2690 3595 passibile,
2717 3517 2975 3580 notetur
2999 3513 3187 3597 plena
3207 3515 3519 3596 subjectio
3539 3515 3800 3597 passibi-

2249 3618 2442 3684 litatis
2483 3624 2773 3704 respectu
2819 3621 3174 3703 passionis:
3217 3624 3282 3685 et
3323 3604 3694 3702 hujusmodi
3726 3621 3798 3686 in

2250 3727 2495 3793 Christo
2522 3746 2653 3792 non
2678 3730 2820 3808 fuit,
2846 3731 3035 3811 cujus
3062 3747 3268 3806 menS,
3291 3729 3454 3794 ratio
3479 3733 3543 3795 et
3569 3729 3801 3794 volun-

2251 3839 2345 3898 tas
2372 3835 2771 3917 passionibus
2797 3834 3334 3917 superferebatur.
3378 3834 3453 3899 Et
3480 3835 3652 3918 quod
3677 3835 3798 3900 iste

2250 3941 2333 4005 sit
2359 3940 2735 4021 intellectus,
2767 3945 2938 4024 patet
2967 3960 3078 4025 per
3095 3942 3372 4009 litteram
3390 3946 3791 4024 sequentem.

2251 4048 2361 4112 Ait
2404 4048 2577 4112 enim
2604 4048 2697 4112 sic
2728 4070 2744 4112 :
2783 4072 2814 4112 α
2846 4047 2982 4113 Pati
3036 4049 3273 4131 potuit,
3306 4050 3619 4132 passibilis
3664 4067 3802 4114 esse

2252 4173 2385 4220 non
2408 4156 2645 4238 potuit:
2670 4157 2825 4239 quia
2846 4156 3227 4240 passibilitas
3249 4161 3501 4225 naturae
3522 4158 3803 4221 inssrmae

2253 4273 2348 4332 est
2386 4268 2807 4350 significatio;
2849 4268 3056 4351 passio
3105 4273 3326 4334 autem
3349 4319 3367 4350 ,
3399 4288 3627 4334 eorum
3648 4286 3801 4351 quae

2253 4380 2407 4440 sunt
2434 4375 2607 4439 illata
2622 4423 2640 4453 ,
2671 4374 2991 4457 perpessio
3023 4396 3040 4439 :
3081 4397 3112 4435 n
3149 4378 3212 4439 et
3241 4375 3330 4439 sic
3372 4376 3514 4440 vult
3552 4374 3804 4439 Christo

2254 4481 2602 4546 attribuere
2647 4480 2958 4563 passionis
2997 4481 3464 4562 sufferentiam,
3493 4488 3558 4547 et
3581 4500 3803 4548 remo-

2255 4606 2406 4654 vere
2429 4588 2569 4670 subj
2577 4586 2910 4651 scentiam.

2888 4782 3028 4829 DUB.
3065 4783 3157 4830 IV.

2483 4889 2738 4942 Christum
2766 4889 2831 4941 de
2858 4888 3002 4941 omni
3025 4891 3159 4940 statu
3185 4887 3444 4953 hominis,
3466 4892 3565 4941 etc.

2339 5020 2608 5086 Contra:
2632 5017 2794 5096 Quia
2814 5016 3166 5083 secundum
3188 5018 3314 5082 hoc
3332 5017 3607 5100 videtur,
3630 5019 3809 5101 quod

2260 5127 2544 5197 Christus
2583 5126 2706 5192 fuit
2743 5128 2814 5190 in
2861 5125 3261 5209 quadruplici
3303 5130 3503 5204 statu;
3535 5143 3654 5190 nos
3678 5144 3804 5190 au—

2258 5241 2392 5302 tem
2430 5254 2563 5302 non
2597 5236 2899 5319 ponimus
2941 5233 3261 5301 Christum
3318 5234 3510 5299 ruisse
3564 5234 3687 5298 nisi
3732 5235 3808 5300 in

2261 5347 2430 5408 statu
2458 5341 2721 5407 viatoris
2741 5391 2759 5422 ‚
2792 5345 2855 5407 et
2879 5338 3452 5422 comprehensoris.
3496 5340 3657 5405 Item
3681 5340 3807 5404 fal-

2326 5471 2341 5505 ¹
2365 5470 2544 5531 Marc„
2574 5479 2680 5528 xm,
2704 5469 2787 5517 ³3.
