4185 6288
411 4594 569 4637 ·1‘u

724 489 841 548 {32

722 619 973 682 videtur
1007 618 1179 700 quod
1225 617 1390 681 ratio
1424 615 1888 699 personalitatis
1923 611 2264 677 conveniat

723 725 958 789 animae
986 728 1322 806 separatae,
1361 728 1424 788 et
1458 723 1748 807 proprie,
1778 724 1841 785 et
1872 738 2062 785 vere:
2111 735 2271 798 ergo

724 836 821 896 est
848 848 1149 914 persona.

809 943 868 1002 3.
912 937 1072 1002 Item
1129 938 1292 1001 ratio
1336 956 1537 1022 quare
1581 938 1869 1002 humana
1918 938 2152 999 natura
2205 932 2273 994 in

729 1042 972 1107 Christo
995 1062 1127 1108 non
1151 1048 1245 1109 est
1266 1062 1558 1127 persona,
1581 1048 1675 1107 est
1696 1046 1950 1125 propter
1970 1040 2272 1104 unionem

727 1150 808 1213 ad
839 1150 1100 1233 dignius
1131 1170 1149 1213 ι
1179 1152 1289 1215 sed
1323 1169 1475 1215 cum
1505 1150 1722 1213 anima
1749 1148 1971 1212 unitur
1999 1144 2271 1227 corpori,

727 1275 859 1323 non
890 1260 1117 1324 unitur
1145 1258 1424 1341 digniori
1461 1259 1554 1323 rei
1590 1279 1606 1322 z
1639 1276 1795 1338 ergo
1821 1255 2147 1320 unibilitas
2173 1251 2275 1317 vel

727 1366 887 1430 unio
914 1365 994 1429 ad
1021 1383 1253 1448 corpus
1290 1383 1422 1429 non
1452 1365 1659 1429 aufert
1699 1363 1821 1447 ipsi
1850 1362 2088 1427 animae
2120 1378 2276 1443 pro-

731 1474 1067 1555 prietatem
1099 1489 1409 1554 personae.

806 1579 1048 1644 4.1tem
1076 1578 1396 1659 contingit
1413 1576 1695 1642 animam
1717 1578 2072 1658 separatam
2102 1591 2277 1639 com-

726 1687 941 1770 parari
969 1686 1049 1750 ad
1067 1686 1395 1767 angelum,
1419 1688 1484 1749 et
1499 1684 1800 1749 convenit
1813 1680 2170 1764 comparari
2197 1679 2280 1744 ad

727 1794 993 1858 alteram
1004 1793 1288 1855 animam
1306 1813 1321 1869 ;
1337 1795 1399 1854 et
1410 1808 1559 1872 quae
1579 1793 1670 1852 est
1686 1786 2072 1870 comparatio
2081 1785 2279 1849 unius

730 1901 943 1982 angeli
987 1900 1069 1964 ad
1109 1901 1383 1964 alterum
1406 1947 1425 1977 ,
1473 1897 1695 1961 eadem
1745 1900 1838 1959 est
1885 1893 2276 1977 comparatio

731 2008 928 2073 unius
965 2009 1200 2071 animae
1242 2006 1323 2071 ad
1359 2005 1664 2069 alteram:
1693 2003 1801 2067 sed
1836 2001 2053 2065 anima
2097 2018 2281 2083 sepa-

730 2120 871 2179 rata
908 2115 1118 2178 differt
1160 2112 1512 2178 secundum
1555 2111 1830 2194 speciem
1874 2110 1956 2173 ab
2001 2108 2235 2189 angelo
2259 2156 2277 2187 ,

732 2221 899 2286 sicut
944 2228 1006 2285 et
1046 2221 1317 2302 angelus
1352 2221 1432 2283 ab
1479 2220 1737 2284 anima:
1769 2236 1925 2299 ergo
1969 2236 2009 2280 a
2048 2216 2278 2291 simili,

733 2329 899 2393 sicut
932 2329 1098 2391 inter
1133 2347 1342 2392 unum
1374 2328 1720 2408 angelum,
1750 2329 1813 2389 et
1847 2326 2157 2401 alterum,
2190 2329 2283 2387 est

734 2434 1025 2500 discretio
1045 2434 1416 2518 personalis,
1447 2433 1537 2496 sic
1555 2433 1724 2495 inter
1744 2450 1941 2496 unam
1968 2431 2277 2507 animam,

735 2549 799 2609 et
842 2545 1147 2609 alteram:
1198 2543 1305 2607 sed
1355 2560 1503 2626 quae
1553 2541 1791 2604 habent
1833 2539 2281 2604 discretionem

735 2649 1155 2733 personalem,
1212 2649 1451 2713 habent
1503 2647 1923 2712 intentionem
1975 2663 2280 2728 persona-

670 2826 687 2841 ,
734 2757 972 2820 litatis:
1009 2773 1167 2836 ergo
1197 2756 1452 2838 plenam
1479 2754 1794 2818 rationem
1821 2752 2285 2835 personalitatis

575 4594 711 4638 udam.

738 2862 1052 2944 contingit
1079 2862 1341 2944 reperiri
1370 2863 1440 2925 in
1467 2863 1686 2925 anima
1713 2864 2021 2943 separata.

821 2971 881 3033 5.
925 2967 1086 3032 ltem
1119 2968 1500 3050 cuicumque
1543 2967 1843 3048 competit
1880 2966 2059 3048 loqui
2097 2966 2174 3030 de
2217 2985 2284 3030 se

741 3080 815 3139 ut
853 3073 930 3137 de
969 3092 1066 3153 se,
1098 3078 1192 3138 est
1219 3092 1536 3158 persona:
1568 3073 1676 3138 sed
1705 3074 1940 3137 animae
1980 3078 2285 3156 separatas

744 3183 1045 3265 competit
1070 3183 1244 3264 loqui
1278 3182 1355 3245 de
1386 3201 1453 3245 se
1479 3186 1552 3246 ut
1578 3183 1655 3246 de
1677 3200 1767 3257 se,
1793 3182 2091 3247 convenit
2112 3182 2284 3245 enim

743 3290 823 3352 ad
851 3289 1052 3372 ipsam
1081 3288 1359 3369 dirigere
1399 3306 1795 3366 sermonem,
1827 3288 1992 3351 sicut
2028 3289 2111 3352 ad
2150 3287 2286 3352 ani-

745 3413 918 3460 mam
957 3393 1124 3459 Petri
1170 3401 1234 3459 et
1277 3394 1460 3458 Pauli
1504 3395 1892 3475 dirigimus:
1938 3400 2003 3459 et
2045 3399 2288 3459 constat

743 3504 915 3586 quod
958 3521 1144 3567 versa
1184 3504 1325 3568 vice
1367 3508 1632 3586 possunt
1668 3502 1851 3566 nobis
1887 3503 2286 3567 voluntatem

744 3628 927 3675 suam
956 3610 1316 3693 exprimere
1334 3655 1356 3687 ,
1394 3612 1558 3673 sicut
1601 3609 1924 3691 aliquibus
1950 3627 2284 3693 expresse-

743 3723 928 3782 runt:
951 3735 1109 3798 ergo
1129 3718 1380 3781 videtur
1397 3717 1566 3799 quod
1588 3717 1805 3780 anima
1824 3720 2114 3800 separata
2137 3736 2286 3781 vere

744 3829 809 3889 et
832 3826 1085 3907 proprie
1112 3826 1193 3888 sit
1221 3843 1513 3908 persona.

824 3937 884 3998 6.
927 3932 1083 3996 Item
1124 3933 1343 3996 anima
1372 3933 1649 4014 gloriosa
1680 3952 1793 4014 per
1819 3934 2286 4016 separationem

741 4041 845 4104 sui
876 4059 916 4103 a
955 4057 1218 4121 corpore
1256 4057 1388 4103 non
1428 4040 1620 4103 habet
1655 4039 2080 4104 conditionem
2114 4041 2286 4104 dete-

741 4147 1000 4229 riorem,
1026 4147 1137 4210 sed
1159 4150 1397 4209 statum
1421 4147 1782 4228 digniorem
1809 4167 1823 4209 :
1847 4146 1956 4210 sed
1975 4147 2289 4229 quamdiu

741 4257 999 4339 spiritus
1028 4255 1354 4320 rationalis
1375 4255 1602 4318 eratin
1633 4272 1919 4337 corpore,
1950 4259 2014 4317 et
2039 4256 2288 4337 corpori

741 4361 997 4440 unituS,
1032 4379 1164 4424 non
1191 4358 1444 4423 carebat
1473 4349 1715 4423 ratione
1742 4360 2056 4442 personali
2084 4382 2100 4422 ε
2130 4379 2287 4442 ergo

745 4486 863 4532 nec
891 4469 1148 4550 quando
1171 4472 1268 4532 est
1298 4486 1336 4531 a
1365 4485 1627 4550 corpore
1654 4470 2002 4550 separatus,

825 4575 948 4640 Sed
975 4582 1231 4641 contra:
1265 4576 1542 4640 Persona
1575 4581 1670 4639 est
1708 4594 1821 4658 per
1859 4594 1927 4640 se
1957 4595 2130 4640 una:
2178 4576 2288 4641 sed

742 4682 916 4765 quod
948 4684 1120 4747 venit
1143 4684 1483 4766 aliquando
1512 4682 1592 4746 ad
1618 4683 2133 4747 constitutionem
2159 4688 2289 4747 ter-

743 4788 834 4867 tii,
866 4808 999 4854 non
1019 4795 1112 4853 est
1138 4809 1252 4873 per
1272 4809 1340 4855 se
1370 4808 1578 4853 unum
1606 4793 1669 4853 et
1693 4788 2061 4853 distinctum
2087 4814 2103 4856 :
2130 4810 2288 4872 ergo

743 4896 913 4978 quod
966 4903 1061 4960 est
1110 4902 1336 4961 natum
1396 4896 1571 4984 uniri
1631 4896 1715 4959 ad
1769 4898 2287 4962 constitutionem

742 5002 910 5065 tertii
936 5021 1067 5067 non
1103 5010 1197 5068 est
1224 5021 1494 5086 persona
1525 5023 1541 5065 ι
1578 5001 1687 5066 sed
1721 5003 1938 5066 anima
1962 5004 2290 5069 rationalis

743 5112 838 5173 est
864 5110 1274 5193 hujusmodi:
1315 5129 1495 5192 ergo,
1527 5115 1648 5173 etc.

825 5216 984 5282 Item
1021 5237 1289 5301 persona
1331 5219 1485 5282 dicit
1524 5217 1678 5299 quid
1716 5216 2287 5299 completissimum

741 5322 812 5388 in
838 5342 1073 5407 genere
1101 5326 1496 5406 substantiae,
1528 5326 1618 5388 ita
1644 5324 1815 5407 quod
1836 5342 1970 5389 non
1993 5328 2089 5388 est
2115 5327 2284 5391 ordi-

810 5451 828 5484 ἱ
851 5450 1041 5510 Quoest.
1073 5464 1112 5503 ιι
1142 5451 1293 5516 hujus
1315 5448 1528 5511 articuli,
1550 5449 1616 5498 ad
1647 5462 1683 5498 ι.

1821 472 2444 544 SENTENTIARUM
2488 473 2637 538 LIB.
2685 472 2763 537 m
2776 520 2790 536 .

2380 614 2606 673 natum
2634 607 2713 672 ad
2738 606 3108 672 ulteriorem
3128 605 3579 687 perfectionem
3601 608 3670 672 in
3699 608 3914 674 eodem

2382 734 2653 797 genere:
2686 712 2795 779 sed
2823 712 3036 776 anima
3062 711 3388 775 rationalis
3407 718 3502 775 est
3530 714 3812 780 ordinata
3839 713 3914 780 ad

2383 820 2896 887 constituendum
2941 820 3320 885 hominem:
3369 839 3529 902 ergo
3564 840 3695 886 non
3736 822 3917 888 habet

2383 931 2803 995 intentionem
2836 944 3147 1009 personae.

2466 1037 2622 1101 Item
2643 1037 2857 1100 anima
2875 1034 3220 1109 rationaliS,
3250 1053 3397 1098 cum
3417 1038 3512 1098 est
3530 1035 3708 1100 unita
3723 1035 3914 1114 carni,

2384 1151 2457 1209 ut
2486 1146 2637 1208 dicit
2665 1144 3001 1226 Magister,
3034 1162 3166 1206 non
3197 1146 3292 1205 est
3320 1161 3628 1224 persona:
3661 1159 3816 1224 ergo
3841 1142 3913 1220 si,

2384 1251 2641 1336 quando
2684 1255 2777 1315 est
2821 1254 3109 1332 separata
3132 1296 3149 1324 ,
3191 1249 3386 1313 habet
3430 1250 3739 1314 rationem
3783 1267 3923 1331 per·

2385 1377 2589 1437 sonae,
2629 1376 2787 1440 ergo
2833 1358 3193 1439 digniorem
3245 1358 3512 1421 modum
3558 1356 3749 1422 habet
3793 1358 3921 1421 exi·

2385 1468 2588 1532 stendi
2623 1471 2805 1531 extra
2829 1485 3100 1550 corpus:
3149 1468 3203 1529 si
3240 1485 3397 1548 ergo
3425 1470 3656 1531 natura
3680 1486 3923 1550 semper

2386 1574 2695 1640 desiderat
2749 1575 2925 1658 quod
2984 1575 3214 1640 melius
3264 1580 3397 1651 est,
3456 1575 3711 1640 videtur
3759 1572 3923 1660 quod

2386 1684 2603 1746 anima
2651 1702 2989 1766 nunquam
3042 1683 3354 1748 desideret
3403 1683 3578 1747 uniri
3630 1682 3874 1766 corpori
3902 1702 3916 1746 ε

2386 1789 2641 1854 videtur
2668 1789 2858 1853 etiam
2892 1809 2974 1854 ex
3000 1790 3123 1854 hoc
3157 1791 3330 1873 quod
3357 1809 3506 1854 cum
3533 1790 3752 1854 anima
3776 1790 3922 1854 uni-

2387 1899 2496 1960 tur
2547 1898 2830 1979 corpori,
2886 1898 2969 1961 sit
3019 1897 3080 1962 ei
3132 1898 3579 1980 praejudicium
3606 1921 3624 1976 3
3674 1902 3736 1962 et
3783 1916 3924 1962 cum

2387 2008 2742 2086 separatur,
2788 2005 2960 2088 quod
2996 2024 3141 2071 non.
3170 2006 3251 2069 sit
3294 2006 3353 2070 ei
3391 2024 3604 2089 poena,
3633 2005 3743 2070 sed
3767 2023 3922 2089 prae-

2388 2112 2636 2176 mium:
2681 2130 2828 2194 quae
2859 2114 3078 2178 omnia
3117 2113 3274 2177 falsa
3315 2118 3470 2177 sunt
3514 2118 3576 2177 et
3620 2112 3920 2177 absurda:

2389 2236 2546 2299 ergo
2573 2224 2636 2282 et
2659 2220 2818 2284 illud
2846 2239 2929 2284 ex
2951 2239 3082 2303 quo
3102 2222 3414 2303 sequitur,
3442 2220 3738 2285 videlicet
3762 2218 3925 2303 quod

2388 2325 2604 2389 anima
2629 2329 2920 2409 separata
2943 2328 3025 2392 sit
3053 2346 3345 2412 persona.

2471 2431 2658 2512 Item,
2693 2433 2745 2496 si
2776 2434 2990 2499 anima
3017 2439 3305 2518 separata
3334 2439 3427 2498 est
3453 2452 3755 2517 persona,
3783 2451 3923 2497 cum

2390 2557 2713 2631 assumere
2727 2540 2809 2603 sit
2829 2544 3005 2604 actus
3023 2559 3309 2623 personae
3337 2542 3751 2616 conveniens,
3774 2541 3927 2604 sicut

2391 2646 2606 2710 divina
2633 2642 2904 2730 persona
2928 2648 3160 2712 dicitur
3177 2667 3408 2732 corpus
3434 2667 3763 2712 assumere
3785 2664 3922 2712 cum

2391 2771 2624 2835 corpus
2662 2755 2721 2818 ei
2764 2755 3019 2834 unitur,
3052 2759 3116 2819 et
3158 2757 3447 2820 similiter
3491 2757 3793 2839 angelus,
3821 2771 3926 2837 per

2391 2861 2790 2926 consimilem
2826 2862 3092 2951 modum
3131 2864 3351 2927 anima
3393 2863 3714 2927 diceretur
3755 2879 3928 2926 assu-

2394 2987 2567 3033 mere
2610 2987 2843 3051 corpus
2872 2970 3238 3051 proprium,
3269 2989 3416 3034 cum
3463 2970 3674 3034 eidem
3715 2983 3928 3032 rursus

2392 3078 2843 3160 conjungitur:
2903 3078 3076 3161 quod
3129 3078 3183 3141 si
3236 3076 3358 3142 hoc
3409 3095 3542 3142 non
3594 3075 3926 3161 recipitur,

2392 3186 2644 3251 videtur
2662 3187 2833 3268 quod
2852 3205 2972 3251 nec
2989 3187 3319 3269 praemissa
3337 3190 3500 3250 esset
3513 3182 3927 3258 concedenda,

2391 3293 2629 3357 scilicet
2654 3295 2827 3377 quod
2855 3295 3072 3358 anima
3098 3298 3387 3378 separata
3422 3295 3505 3358 sit
3529 3312 3824 3377 persona,
3849 3290 3932 3354 si-

2393 3406 2503 3463 cut
2531 3402 2826 3483 angeluS.

2942 3629 3393 3698 CONCLUSIO.

2394 3811 2603 3868 Anima
2630 3814 2889 3882 separata
2930 3827 2967 3866 a
2993 3826 3210 3883 corpore
3237 3826 3345 3866 non
3381 3814 3459 3867 est
3484 3810 3645 3882 plene
3673 3825 3895 3884 persona
3915 3850 3930 3878 ,

2466 3900 2735 3973 quidquid
2755 3903 2977 3956 sensen't
3004 3901 3103 3956 hac
3138 3904 3201 3956 in
3235 3916 3293 3957 re
3320 3902 3587 3972 Magister
3628 3902 3929 3960 Sententia-

2460 4007 2602 4048 rum.

2476 4150 2661 4234 Resp.
2693 4150 2773 4215 ad
2816 4169 2958 4233 arg.
2990 4150 3337 4217 Dicendum
3377 4153 3591 4237 quod,
3623 4155 3785 4219 sicut
3816 4170 3928 4237 ap·
3977 4180 4105 4238 opimo
4103 4241 4108 4246 θ

2395 4266 2574 4342 paret
2611 4279 2696 4324 ex
2743 4264 2948 4338 textu,
2988 4261 3203 4344 opinio
3245 4260 3534 4344 Magistri
3578 4265 3724 4340 fuit,
3770 4260 3930 4346 quod
3957 4248 4016 4290 Μ’
3997 4248 4123 4300 ''⁸⁸¹¹''

2395 4367 2613 4432 anima
2653 4372 2941 4450 separata
2979 4369 3060 4430 sit
3104 4387 3419 4450 persona:
3451 4375 3515 4434 et
3543 4371 3688 4435 haec
3730 4368 3932 4452 opinio

2394 4474 2517 4538 fuit
2566 4474 2859 4555 magistri
2907 4473 3201 4556 Hugonis
3245 4476 3323 4540 de
3385 4474 3619 4542 Sancto
3669 4476 3928 4542 Victore.

2398 4579 2577 4644 Ratio
2606 4585 2822 4645 autem
2850 4599 2998 4663 quae
3039 4582 3243 4646 movit
3282 4600 3391 4646 eos
3420 4583 3500 4648 ad
3539 4583 3667 4649 hoc
3697 4600 3934 4668 ponen-

2397 4686 2575 4766 dum,
2601 4687 2723 4750 fuit
2747 4688 3013 4752 actualis
3037 4688 3357 4754 distinctio
3387 4693 3450 4754 et
3478 4690 3814 4773 completio
3838 4705 3933 4751 re-

2396 4798 2576 4877 perta
2625 4794 2694 4857 in
2746 4795 2962 4859 anima
3009 4800 3299 4878 separata
3345 4818 3360 4860 ε
3414 4798 3723 4880 quoniam
3767 4800 3935 4858 actus

2397 4902 2643 4967 nobiles
2683 4903 2942 4966 liberius
2971 4907 3251 4981 exercet,
3293 4907 3357 4967 et
3383 4905 3722 4987 perfectius
3746 4920 3929 4987 quam

2397 5016 2686 5076 exerceat
2720 5011 2787 5073 in
2823 5029 3107 5093 corpore.
3144 5010 3295 5075 Haec
3321 5014 3534 5075 tamen
3562 5012 3778 5095 opinio
3806 5028 3928 5075 non

2397 5119 2747 5182 sustinetur
2788 5118 3215 5182 communiter
3260 5137 3300 5181 a
3337 5118 3725 5200 doctoribus.
3759 5117 3926 5184 Ratio
3951 5132 4104 5192 mprob-

2396 5222 2596 5306 huJus
2621 5226 2737 5303 est,
2767 5222 3076 5305 quoniam
3108 5225 3189 5288 ad
3215 5226 3598 5308 completam
3629 5228 3923 5291 rationem

2396 5346 2686 5412 personae
2715 5329 3103 5412 requiritur,
3139 5335 3213 5395 ut
3244 5329 3487 5395 dictum
3511 5332 3635 5397 fuit
3660 5350 3850 5417 supra
3883 5328 3919 5406 ¹,

2395 5437 2713 5502 distinctio
2741 5436 3204 5519 singularitatis
3219 5485 3237 5516 ,
3265 5441 3330 5503 et
3357 5436 3921 5504 incommunicabi-
