4185 6288
383 3183 588 3228 Fundam.

628 441 745 510 4st

627 581 850 662 gorius
871 579 940 643 in
964 579 1220 661 dialogo
1245 583 1262 615 ¹
1325 579 1404 644 de
1439 580 1720 663 quodam
1762 581 2012 660 Judaeo‚
2053 581 2172 665 qui

626 703 775 751 cum
798 685 988 751 vellet
1016 686 1294 751 dormire
1320 687 1388 750 in
1419 686 1557 752 loco
1583 688 1830 754 deserto
1847 739 1865 770 ,
1892 689 2173 754 munivit

624 812 691 859 se
718 795 908 876 signo
936 793 1165 870 crucis,
1182 798 1247 858 et
1271 794 1596 859 daemones
1624 797 2168 879 supervenientes»,

624 919 770 965 cum
800 901 1035 965 vellent
1064 902 1273 984 ipsum
1300 903 1644 981 offendere,
1672 922 1713 967 a
1748 904 1934 985 signo
1963 904 2173 969 crucis

623 1010 863 1092 repulsi
888 1017 1060 1082 sunt.
1092 1015 1156 1076 et
1178 1013 1483 1077 dixerunt
1509 1014 1722 1097 ipsum
1748 1032 1884 1078 esse
1907 1033 2020 1081 vas
2046 1034 2168 1081 va-

622 1135 841 1195 cuum,
867 1118 975 1183 sed
1007 1119 1359 1200 signatum.

704 1231 766 1292 4.
823 1226 921 1291 Ad
974 1226 1133 1290 illud
1179 1225 1351 1308 quod
1393 1227 1719 1309 objicitur,
1781 1228 1955 1310 quod
2006 1227 2167 1292 nihil

619 1339 870 1418 poterat
915 1335 1034 1399 nisi
1088 1353 1204 1416 per
1261 1335 1371 1400 Dei
1420 1335 1902 1417 permissionem
1922 1384 1940 1411 ,
2003 1337 2170 1400 sicut

622 1446 795 1520 tunc,
825 1442 915 1504 ita
940 1449 1002 1506 et
1032 1461 1228 1520 nunc,
1259 1442 1596 1506 dicendum
1643 1444 1816 1525 quod
1861 1425 2028 1508 Deus
2060 1445 2165 1526 ip-

621 1566 766 1613 sum
794 1548 1071 1630 amplius
1097 1533 1498 1631 permittebat
1519 1567 1602 1613 ex
1638 1569 1756 1614 suo
1791 1554 1968 1633 justo
1993 1552 2164 1632 jndi-

620 1655 743 1732 ci0‚
774 1659 836 1719 et
875 1645 1220 1719 consensus
1242 1661 1456 1720 noster
1483 1658 1758 1740 amplius
1784 1660 1844 1722 ei
1868 1660 2166 1741 subjace-

620 1763 728 1827 bat
753 1781 834 1826 ex
862 1764 1019 1827 vitio
1044 1766 1283 1840 nostro,
1316 1783 1430 1846 per
1472 1764 1595 1830 hoc
1640 1766 1813 1848 quod
1853 1768 2168 1848 regnabat

618 1871 1015 1951 ignorantia,
1045 1873 1358 1952 regnabat
1386 1872 1582 1936 etiam
1609 1874 2160 1956 concupiscentia3

614 1977 943 2043 deficiebat
982 1979 1174 2043 etiam
1211 1986 1274 2042 et
1316 1981 1571 2058 veritas,
1604 1980 1931 2044 deficiebat
1969 1983 2162 2045 etiam

614 2087 676 2148 et
715 2086 948 2165 gratia.
978 2082 1156 2148 Sicut
1183 2085 1355 2149 enim
1382 2086 1613 2151 dicitur
1639 2094 1685 2164 ¹,
1708 2086 1817 2152 lea·
1839 2103 1957 2169 per
1986 2091 2161 2171 Moy-

616 2205 747 2255 sem
806 2190 960 2257 data
1005 2199 1133 2274 est;
1171 2195 1389 2275 qratia
1423 2201 1483 2260 et
1520 2197 1765 2261 veritas
1799 2212 1913 2276 per
1949 2197 2162 2262 Iesum

618 2297 940 2363 Christum
966 2300 1142 2378 facta
1168 2307 1283 2365 est.
1318 2300 1395 2364 Et
1420 2302 1509 2366 sic
1526 2307 1718 2384 patet,
1748 2302 2023 2384 qualiter
2047 2321 2164 2386 per

615 2406 970 2485 passionem
1001 2406 1232 2472 Christi
1256 2408 1606 2474 liberamur
1627 2429 1667 2474 a
1692 2413 1997 2492 potestate
2020 2409 2158 2474 dia-

615 2505 761 2570 boli.

1134 2721 1492 2801 QUAESTIO
1534 2723 1636 2790 lV.

689 2895 782 2949 An
804 2910 905 2966 per
930 2900 1234 2968 passionem
1267 2901 1470 2957 Christi
1496 2902 1842 2959 absolvamur
1869 2920 1904 2958 a
1925 2919 2087 2976 poena

1244 2995 1458 3064 peccati
1484 2991 1523 3049 ⁸.

701 3150 803 3213 An
838 3169 952 3233 per
993 3153 1349 3234 passionem
1390 3155 1618 3219 Christi
1664 3157 2075 3223 absolvamur
2118 3177 2158 3223 a

622 3275 811 3338 poena
836 3262 1072 3341 peccati
1095 3281 1111 3340 ;
1132 3266 1197 3326 et
1217 3263 1387 3343 quod
1408 3264 1521 3343 sic,
1548 3265 1803 3330 videtur
1818 3266 1840 3300 ⁴
1859 3287 1873 3329 :
1892 3266 2158 3332 Peccata

617 3372 840 3431 nostra
859 3368 1129 3448 pertulit
1151 3371 1226 3435 in
1249 3385 1504 3451 corpore
1527 3387 1643 3438 suo
1673 3388 1865 3454 super
1883 3373 2158 3454 liquam

617 3473 789 3555 quod
815 3493 1142 3557 exponens
1158 3476 1462 3558 Magister
1475 3479 1544 3542 in
1561 3479 1770 3544 littera
1783 3481 1959 3559 dicit,
1984 3482 2159 3564 quod

616 3585 868 3663 portare
910 3587 1163 3665 peccata
1207 3588 1423 3650 nostra
1461 3590 1556 3650 est
1604 3592 1854 3669 portare
1896 3608 2158 3671 poenam

1735 443 2366 513 SENTENTIARUM
2407 445 2558 512 LlB.
2606 444 2713 514 111.

2281 581 2744 648 relaxationem
2793 604 3000 667 poenae
3024 638 3042 666 ,
3089 605 3289 672 quam
3329 585 3412 653 ad
3447 584 3830 656 deletionem

2281 690 2487 771 culpae
2537 708 2554 753 :
2604 692 2656 753 si
2694 709 2852 773 ergo
2906 713 3022 776 per
3067 696 3431 779 passionem
3480 696 3710 763 Christi
3755 699 3835 762 fit

2271 795 2665 877 justificatio,
2691 800 2860 864 sicut
2881 820 3083 884 supra
3101 809 3430 870 ostensum
3468 810 3596 887 est,
3625 805 3833 870 multo

2279 901 2505 966 fortius
2528 905 2600 967 fit
2627 924 2972 987 poenarum
3000 910 3330 975 relaxatio.

2360 1008 2482 1074 Sed
2535 1016 2756 1076 contra
2811 1035 2826 1078 t
2880 1021 2942 1080 1.
2992 1015 3392 1083 Resurrectio
3449 1018 3679 1083 Christi
3733 1025 3831 1085 est

2279 1134 2471 1182 causa
2514 1123 2747 1184 nostrae
2792 1126 3278 1189 resurrectionis
3298 1125 3343 1205 ⁷,
3386 1126 3552 1191 sicut
3597 1127 3829 1199 dicitur

2276 1225 2345 1289 in
2371 1226 2608 1293 Glossa.
2655 1228 2778 1297 Sed
2820 1251 2933 1315 per
2979 1236 3509 1301 resurrectionem
3540 1241 3826 1303 nostram

2277 1331 2588 1398 habemus
2626 1335 2882 1403 liberari
2936 1358 2977 1404 a
3003 1358 3213 1422 poena,
3277 1347 3341 1407 et
3399 1364 3434 1406 a
3488 1345 3751 1409 miseria
3806 1367 3824 1406 ε

2276 1455 2433 1519 ergo
2466 1441 2742 1521 videtur,
2777 1444 2947 1527 quod
2972 1445 3203 1512 Christi
3240 1451 3655 1531 resurrectio,
3689 1469 3826 1517 non

2275 1548 2505 1627 passim
2535 1548 2765 1615 liberet
2789 1571 2910 1618 nos
2932 1572 2972 1618 a
3001 1573 3212 1637 poena.

2353 1657 2413 1718 Ξ.
2465 1654 2620 1719 Item
2684 1657 2967 1724 Christus
3031 1664 3327 1745 patiendo
3408 1664 3580 1731 dedit
3638 1667 3826 1733 nobis

2274 1764 2644 1846 exemplum
2662 1771 2725 1830 et
2745 1770 3076 1834 materiam
3104 1773 3532 1853 compatiendi
3558 1797 3573 1839 :
3595 1776 3648 1839 si
3664 1793 3823 1858 ergo

2273 1886 2463 1951 poena
2500 1874 2783 1938 consistit
2820 1877 2889 1939 in
2931 1880 3224 1960 passione
3254 1885 3318 1945 et
3358 1884 3821 1965 compassione,

2272 1978 2526 2043 videtur
2546 1983 2719 2064 quod
2746 1984 2951 2065 passio
2980 1985 3202 2051 Christi
3234 1989 3446 2071 potius
3473 1991 3557 2054 sit
3594 2010 3822 2057 causa-

2272 2085 2403 2149 tiva
2431 2105 2662 2168 poenae‚
2691 2108 2889 2172 quam
2916 2092 3247 2160 liberativa
3276 2116 3317 2160 a
3341 2115 3551 2180 poena.

2351 2199 2407 2260 3.
2436 2195 2594 2260 Item
2617 2200 2990 2281 poenitentia
3002 2204 3216 2268 omnis
3240 2206 3512 2288 poeaalis
3529 2212 3645 2288 est3
3667 2227 3820 2274 nam

2273 2303 2580 2383 poenitere
2622 2311 2719 2370 est
2767 2327 3022 2391 poenam
3066 2316 3283 2378 tenere
3328 2336 3342 2377 ε
3393 2315 3447 2378 si
3496 2334 3656 2399 ergo
3704 2337 3820 2401 per

2269 2411 2626 2491 passionem
2674 2413 2902 2479 Christi
2956 2417 3205 2483 liberati
3242 2439 3470 2486 sumus
3509 2442 3550 2487 a
3601 2442 3816 2506 poena,

2268 2514 2519 2581 videtur
2552 2519 2724 2599 quod
2755 2522 2897 2602 jam
2946 2540 3077 2587 non
3121 2525 3203 2588 sit
3229 2543 3392 2610 opus
3420 2529 3809 2611 poenitentia.

2269 2621 2392 2688 Son
2417 2625 2540 2689 hoe
2564 2632 2660 2691 est
2683 2628 2917 2693 falsum
2953 2649 2970 2694 :
2997 2649 3155 2714 ergo
3183 2638 3246 2697 et
3264 2635 3571 2717 primum.

2347 2737 2408 2795 4.
2440 2732 2630 2812 Item,
2667 2736 2721 2798 si
2762 2739 2968 2818 passio
3009 2739 3237 2805 Christi
3280 2742 3568 2809 liberata
3596 2764 3811 2828 poem,

2267 2843 2381 2904 aut
2408 2858 2566 2921 ergo
2593 2861 2633 2906 a
2656 2846 3011 2926 temporali,
3042 2853 3154 2912 aut
3177 2853 3419 2915 aeterna
3450 2874 3466 2916 ε
3500 2872 3538 2916 a
3564 2858 3816 2937 tempo-

2266 2947 2385 3010 rali
2426 2965 2588 3026 non,
2641 2951 2797 3032 quia
2837 2953 3075 3018 eisdem
3117 2958 3320 3038 poenis
3354 2962 3813 3043 temporalibus

2271 3059 2675 3140 subjacemus
2718 3081 2915 3144 nunc,
2960 3067 3196 3149 quibus
3242 3070 3657 3155 subjacebant
3694 3074 3809 3156 illi,

2273 3168 2596 3249 quierant
2627 3175 2776 3236 ante
2816 3175 3203 3257 passionem;
3245 3180 3327 3243 ab
3370 3184 3611 3246 aeterna
3652 3202 3809 3261 non,

2264 3275 2418 3356 quia
2446 3276 2694 3356 nullus,
2744 3281 2861 3361 qui
2905 3286 3000 3345 est
3040 3284 3109 3346 in
3150 3285 3398 3353 inferno
3443 3289 3807 3371 damnatus,

2263 3386 2384 3451 tuit
2410 3405 2524 3469 per
2548 3390 2905 3471 passionem
2934 3393 3161 3460 Christi
3178 3396 3484 3465 liberatus
3505 3423 3522 3465 t
3546 3402 3812 3468 videtur

2263 3512 2421 3576 ergo
2465 3498 2640 3578 quod
2678 3500 2996 3565 mediante
3045 3502 3273 3569 Christi
3331 3509 3622 3591 passione
3673 3529 3810 3578 non

2261 3621 2489 3668 sumus
2514 3605 2596 3669 ab
2612 3606 2827 3690 aliqua
2849 3627 3039 3693 poena
3065 3612 3333 3680 liberati.

615 3693 1021 3768 peccatorum
1049 3695 1437 3760 nostrorum.
1465 3693 1544 3758 Et
1572 3695 1696 3759 hoc
1739 3698 2157 3764 confirmatur
2257 3762 2274 3777 ,

616 3813 731 3876 per
752 3796 909 3862 illud
927 3798 949 3833 ⁸
971 3818 996 3863 ι
1027 3798 1181 3866 Vere
1198 3800 1531 3884 lanquores
1543 3809 1793 3870 nostros
1813 3807 1951 3887 ipse
1971 3806 2151 3885 tulit,

615 3908 673 3968 et
699 3903 1114 3983 infirmitates
1139 3915 1395 3976 nostras
1421 3912 1558 3993 ipse
1578 3916 1887 3993 portavit.

698 4009 855 4075 Item
881 4012 903 4047 ⁸
935 4036 960 4077 .·
988 4015 1080 4080 Tu
1104 4025 1318 4083 autem
1343 4021 1413 4084 in
1439 4024 1756 4103 sanquine
1785 4027 2158 4091 testamenti

615 4122 721 4185 tui
744 4119 1042 4190 eduxisti
1066 4125 1312 4192 vinctos
1338 4126 1417 4192 de
1445 4127 1593 4195 lacu
1618 4132 1693 4196 in
1718 4147 1843 4214 quc
1863 4148 1993 4198 non
2017 4141 2157 4201 erat

615 4242 809 4309 aqua.
843 4229 911 4293 Si
946 4249 1105 4312 ergo
1152 4233 1336 4297 educi
1372 4235 1451 4299 de
1487 4235 1632 4300 lacu
1676 4239 1814 4304 sine
1848 4258 2017 4322 aqua
2059 4245 2155 4306 est

614 4333 868 4401 liberari
907 4357 947 4401 a
973 4357 1192 4421 poena,
1223 4341 1479 4406 videtur
1516 4345 1689 4426 quod
1728 4365 1842 4429 per
1879 4348 2154 4429 sangui-

612 4461 765 4508 nem
792 4444 1018 4510 Christi
1041 4447 1388 4514 liberemur
1412 4470 1452 4515 a
1489 4470 1682 4533 poena
1714 4456 1973 4537 peccati.

695 4550 853 4617 Item
877 4554 1085 4635 passio
1112 4555 1340 4621 Christi
1374 4564 1655 4624 maxime
1696 4561 1818 4625 fuit
1859 4563 2150 4645 poenalis,

611 4663 675 4724 et
701 4660 828 4726 Deo
847 4661 1097 4743 placita,
1125 4668 1191 4728 et
1214 4684 1329 4748 pro
1351 4668 1535 4731 nobis
1552 4669 1742 4733 etiam
1761 4670 1883 4735 fuit
1897 4671 2105 4763 soluta
2131 4697 2148 4739 t

614 4775 721 4839 sed
747 4775 919 4858 quod
946 4777 1094 4840 talis
1119 4779 1497 4844 conditionis
1520 4787 1634 4862 est,
1662 4784 1945 4849 maxime
1962 4785 2154 4851 habet

613 4881 881 4949 liberare
903 4886 984 4964 (a)
1009 4903 1050 4948 a
1074 4905 1266 4970 poena
1297 4911 1312 4952 z
1344 4908 1523 4971 ergo,
1548 4894 1667 4955 etc.

693 4991 850 5057 Item
897 4994 1230 5061 tolerantia
1275 5016 1482 5081 poenae
1516 4997 1661 5082 plus
1695 5000 2032 5066 ordinatur
2068 5001 2151 5066 ad

678 5162 693 5194 ¹
724 5161 897 5227 Greg,
924 5163 1084 5229 Dial„
1117 5164 1204 5217 lib.
1245 5166 1339 5229 ΙΙΙ,
1365 5180 1417 5216 c.
1444 5178 1538 5217 vu.
1557 5193 1621 5205 —
1647 5168 1670 5201 ¹
1689 5168 1856 5223 Joan..
1902 5182 1941 5232 1,
1989 5172 2065 5220 17.
2085 5197 2150 5209 —

606 5230 629 5265 ⁸
662 5229 743 5294 Cf.
777 5237 919 5286 Alex.
948 5236 1165 5301 Mensis,
1191 5250 1246 5300 p.
1278 5238 1363 5301 ΙΙΙ,
1403 5251 1454 5303 q.
1481 5250 1634 5303 xvm,
1656 5239 1854 5289 memb.
1882 5241 1931 5304 3,
1952 5244 2049 5291 art.
2074 5244 2105 5292 2
2129 5258 2146 5305 3

604 5311 660 5363 S.
687 5308 929 5370 Thomas,
956 5321 1011 5372 p.
1040 5310 1138 5371 lu,
1174 5322 1231 5374 q.
1257 5320 1417 5374 xux,
1442 5313 1537 5362 art.
1561 5313 1628 5375 33
1651 5315 1705 5362 ct
1729 5306 1796 5364 m
1827 5311 1997 5379 Sent„
2023 5312 2146 5364 dist.

605 5394 717 5442 ιιι,
746 5394 798 5445 q.
829 5394 866 5444 1,
895 5384 991 5431 art.
1022 5382 1072 5443 ὃς
1115 5382 1319 5446 scotus,
1343 5384 1410 5433 111
1430 5384 1591 5447 sent„
1611 5383 1730 5434 dist.
1752 5396 1868 5449 ιιι,
1894 5399 1947 5449 q.
1969 5398 2027 5449 13
2055 5386 2144 5437 Ri-

606 5451 803 5511 chan-d„
833 5452 899 5504 ΙΙΙ
928 5451 1087 5516 Sena,
1128 5452 1247 5502 dist.
1273 5456 1482 5516 ιαμ-ι.
1509 5455 1571 5519 8;
1601 5455 1854 5519 nui-and„
1893 5456 1957 5507 ln
1981 5457 2144 5521 sent„

2806 3832 3257 3903 CONCLUSIO.

2262 3999 2448 4055 Passio
2471 3999 2676 4056 Christi
2697 4002 2897 4060 liberat
2912 4020 3008 4063 nos
3026 4023 3062 4063 a
3073 4024 3239 4079 poena
3253 4016 3469 4084 peccati
3491 4018 3804 4090 temporali,

2511 4092 2742 4159 caterua,
2779 4097 2833 4149 et
2867 4094 3047 4152 media
3074 4100 3215 4155 inter
3246 4105 3548 4174 utramque.

2341 4251 2529 4336 Resp.
2593 4255 2675 4319 ad
2731 4275 2872 4339 arg.
2933 4258 3282 4328 Dicendum
3348 4268 3523 4349 quod
3592 4272 3802 4354 passio

2261 4359 2488 4425 Christi
2512 4379 2631 4426 nos
2646 4363 2942 4431 liberavit
2965 4386 3005 4432 a
3023 4387 3214 4449 poena
3239 4375 3598 4459 temporali,
3627 4383 3692 4443 et
3705 4380 3798 4444 'ab

2260 4470 2525 4547 merua,
2554 4474 2619 4534 et
2649 4470 2731 4535 ab
2770 4491 2846 4538 ea
2860 4523 2878 4552 ,
2923 4494 3070 4557 quae
3109 4483 3204 4542 est
3245 4480 3414 4547 inter
3457 4489 3799 4572 utramque

2261 4575 2490 4641 media.
2525 4577 2580 4641 A
2605 4597 2816 4661 poena,
2848 4582 3153 4667 inquam,
3193 4591 3526 4674 temporali
3564 4615 3684 4663 nos
3726 4599 3802 4662 li·

2261 4681 2461 4764 berat,
2492 4684 2648 4750 dum
2675 4687 2912 4754 virtute
2953 4692 3126 4757 illius
3152 4696 3596 4766 condonantur
3617 4704 3804 4770 nobis

2259 4795 2535 4873 peccata,
2565 4810 2698 4859 non
2729 4797 2939 4862 solum
2966 4807 3282 4884 quantum
3318 4807 3398 4872 ad
3438 4809 3700 4895 culpam
3738 4818 3804 4880 et

2257 4903 2508 4963 reatum
2533 4918 2741 4984 poenae
2776 4909 3064 4985 aeternae,
3108 4911 3219 4975 sed
3253 4912 3446 4979 etiam
3485 4924 3801 5000 quantum

2257 5005 2338 5069 ad
2380 5006 2815 5104 dimissionem
2863 5032 3070 5097 poenae
3115 5018 3568 5105 satisfactoliae,
3632 5028 3800 5097 sicut

2258 5167 2370 5232 pist.
2388 5181 2500 5233 xxx,
2513 5185 2565 5235 q.
2587 5184 2651 5224 111
2663 5188 2681 5237 ;
2699 5174 2878 5227 Thom.
2901 5180 3133 5245 Argent„
3153 5183 3215 5233 ΙΙΙ
3237 5184 3399 5249 Seni„
3417 5187 3534 5240 diat.
3553 5202 3669 5254 ιιι,
3686 5206 3742 5258 q.
3760 5206 3798 5257 ι,

2256 5245 2350 5291 art.
2383 5246 2437 5305 ¹3
2460 5242 2637 5306 Steph.
2655 5247 2864 5313 Brulef.,
2882 5251 2948 5300 ΙΙΙ
2971 5253 3134 5317 Seni„
3160 5255 3277 5307 dist.
3301 5268 3418 5319 nx,
3438 5272 3491 5324 q.
3528 5272 3609 5325 1v3
3641 5265 3797 5315 Gabr.

2258 5312 2404 5375 niel„
2433 5314 2499 5364 111
2522 5314 2681 5381 Seni„
2704 5319 2822 5372 dist.
2849 5333 2962 5386 nx,
2988 5337 3042 5388 q.
3072 5336 3111 5388 1,
3131 5325 3252 5379 dub.
3279 5339 3345 5379 11.
3366 5356 3430 5368 —
3452 5332 3476 5367 δ
3498 5333 3521 5384 ι
3546 5334 3708 5400 Petu,
3734 5347 3797 5401 u,

2255 5390 2337 5439 24.
2360 5413 2421 5428 -
2448 5390 2471 5426 ⁸
2495 5392 2617 5455 Ita..
2645 5406 2765 5459 mn,
2793 5400 2923 5449 4.—
2948 5399 2972 5434 ⁸
2997 5398 3170 5464 zach„
3198 5412 3272 5464 ιι,
3296 5407 3374 5456 ss.
3392 5431 3454 5445 -
3474 5408 3498 5443 '¹
3525 5408 3713 5477 ὤση,
3743 5412 3797 5462 in

2258 5460 2276 5509 1
2301 5460 2440 5524 Gon,
2465 5471 2551 5513 xv,
2580 5490 2640 5503 —
2671 5465 2738 5529 (a)
2767 5467 2854 5518 Al.
2881 5468 3103 5524 liberari.

3857 4327 4045 4386 Adupp.
