4185 6288
522 430 653 494 254

521 563 751 643 ponsio
797 563 934 626 sine
993 561 1391 627 distinctione
1440 582 1455 626 ι
1504 561 1639 644 ipse
1685 565 1902 626 tamen
1943 580 2073 626 non

524 669 882 751 distinguit,
913 669 1021 734 sed
1050 669 1425 733 determinat
1453 670 1624 752 quod
1649 669 1907 752 incoepit
1936 687 2074 732 esse

527 783 841 860 quantum
872 777 951 840 ad
981 781 1296 856 naturam,
1322 777 1468 841 licet
1486 797 1615 842 non
1645 782 1962 859 quantum
1994 776 2073 841 ad

528 903 886 970 personam.
919 884 1183 967 Incoepit
1218 905 1353 950 esse
1381 887 1734 950 secundum
1774 890 2073 950 naturam

529 991 927 1071 humanam3
965 993 1074 1055 sed
1108 1012 1238 1056 non
1275 1012 1408 1057 esse
1450 994 1706 1077 incoepit
1751 995 1821 1057 in
1863 1012 2076 1074 quan-

530 1101 668 1160 tum
709 1096 1012 1160 Verbum.
1051 1096 1172 1161 Sed
1216 1103 1382 1163 certe
1426 1099 1542 1164 iste
1581 1101 1810 1165 modus
1856 1100 2079 1163 distin-

529 1205 772 1286 guendi
814 1224 944 1269 non
981 1205 1213 1269 sufficit
1257 1208 1603 1288 opponenti
1653 1208 2022 1290 importuno
2058 1230 2073 1269 ε

532 1317 776 1395 quaeret
837 1313 1010 1374 enim
1070 1313 1379 1375 rationem
1446 1314 1925 1396 multiplicitatis
1946 1363 1964 1392 ,
2019 1315 2082 1377 et

533 1397 727 1497 quem
755 1433 1014 1478 sensum
1041 1414 1226 1477 faciat
1249 1416 1552 1498 praedicta
1575 1416 1834 1496 locutio,
1867 1434 2080 1497 quan-

538 1524 676 1584 tum
704 1525 796 1584 551
823 1521 900 1585 (15
926 1521 995 1584 vi
1022 1520 1367 1584 verborum
1408 1545 1422 1585 :
1455 1527 1519 1585 et
1557 1522 1678 1586 hoc
1718 1541 1850 1585 non
1879 1525 2085 1606 potest

537 1627 759 1692 haberi
795 1647 877 1691 ex
915 1629 1129 1692 verbis
1171 1627 1454 1709 Magistri
1490 1629 1572 1690 ad
1614 1628 1954 1710 liquidum.
2009 1627 2085 1690 Et

542 1738 874 1818 propterea
899 1734 1271 1798 tentandum
1300 1739 1389 1798 est
1416 1734 1840 1815 distinguere,
1873 1735 1925 1797 si
1954 1752 2085 1816 quo

545 1841 733 1905 mddo
781 1859 1118 1924 possumus
1162 1845 1377 1923 aptare
1420 1841 1739 1923 praedictae
1782 1842 2085 1905 locutioni

310 1942 518 2001 ⁰⁹³¹·301·
545 1949 1026 2012 convenientem
1054 1948 1487 2028 distinguendi
1509 1948 1795 2012 modum.
1824 1947 2088 2011 Videtur

316 3489 509 3547 improb.

326 4574 481 4637 Opinio
492 4584 534 4626 2.

545 2061 757 2121 autem
803 2057 1103 2138 praedicta
1142 2055 1376 2119 locutio
1424 2074 1606 2137 posse
1649 2053 1957 2135 distingui
2008 2075 2088 2120 ex

545 2183 619 2228 eo
669 2164 842 2247 quod
882 2165 1156 2228 verbum
1205 2163 1582 2244 incipiendi,
1615 2167 1819 2246 potest
1869 2167 2089 2227 notare

545 2272 990 2354 incoeptionem
1032 2276 1322 2354 respectu
1350 2270 1633 2334 veritatis
1676 2271 1870 2334 totius
1906 2270 2085 2349 dicti,

546 2379 649 2443 vel
678 2383 881 2463 potest
918 2380 1265 2461 importare
1303 2377 1751 2459 incoeptionem
1789 2377 1879 2440 rei
1923 2396 2088 2459 prae-

548 2489 769 2552 dicatae
811 2494 1097 2571 respectu
1142 2487 1429 2568 subjecti.
1484 2485 1552 2551 Si
1599 2487 1809 2567 primo
1857 2486 2087 2564 mod0,

553 2602 704 2660 tunc
724 2600 819 2659 est
836 2614 1057 2660 sensus
1084 2618 1098 2659 :
1141 2618 1171 2653 «
1200 2594 1320 2658 Iste
1346 2594 1543 2659 homo
1567 2594 1826 2677 incoepit
1854 2613 2021 2674 esse,
2053 2616 2083 2652 »

554 2706 676 2769 hoc
701 2708 815 2784 551,
845 2704 1078 2768 locutio
1107 2704 1262 2782 ista,
1310 2703 1575 2782 scilicet,
1607 2702 1727 2767 iste
1756 2702 1936 2768 homo
1965 2707 2094 2781 esi,

557 2813 812 2895 incoepit
838 2831 972 2876 esse
999 2830 1154 2875 vera
1200 2835 1212 2874 :
1246 2816 1308 2874 et
1335 2811 1457 2874 hoc
1483 2811 1723 2893 absque
1760 2809 1953 2873 dubio
1981 2829 2097 2874 ve-

556 2938 705 2983 rum
737 2923 850 2983 est.
883 2916 956 2983 Si
1002 2922 1216 2982 autem
1253 2919 1419 2983 dicat
1466 2918 1915 2999 incoeptionem
1961 2936 2099 2982 esse

554 3028 842 3108 respectu
870 3026 1010 3106 ejus
1032 3026 1203 3107 quod
1230 3024 1621 3088 demonstrat
1651 3042 1764 3106 per
1797 3024 1919 3088 hoc
1949 3041 2100 3106 pro-

556 3152 815 3209 nomen,
865 3132 1022 3212 1315,
1068 3149 1218 3195 5551
1256 3129 1411 3195 illud
1460 3130 1692 3194 habeat
1735 3149 1870 3195 esse
1913 3133 2100 3196 55151·-

555 3255 752 3314 5551,
784 3235 889 3299 vel
927 3252 1041 3317 per
1068 3233 1393 3317 propriam
1437 3239 1736 3298 naturam
1758 3282 1776 3313 ,
1808 3233 1910 3297 vel
1948 3234 2104 3298 idio-

556 3348 805 3407 matum
832 3342 1504 3418 communicationem,
1533 3341 1789 3404 videtur
1824 3345 1980 3406 tunc
2004 3341 2103 3406 lo-

555 3450 726 3514 cutio
795 3449 971 3513 falsa.
1029 3448 1152 3513 Sed
1209 3448 1315 3512 hic
1378 3449 1607 3512 modus
1667 3448 2103 3531 distinguendi

555 3558 1016 3623 calumniabilis
1076 3564 1207 3633 est,
1252 3561 1394 3621 tum
1451 3557 1604 3639 quia
1659 3576 1789 3621 non
1850 3558 2105 3623 videtur

555 3666 724 3750 quod
759 3667 1033 3732 verbum
1060 3664 1429 3747 incipiendi
1464 3665 1699 3729 habeat
1724 3666 1875 3730 ferri
1911 3684 2108 3749 super

556 3778 783 3851 totum,
826 3792 975 3838 cum
1017 3772 1178 3836 nihil
1215 3774 1296 3836 sit
1334 3771 1506 3854 quod
1542 3771 1764 3836 reddat
1807 3772 1928 3836 sibi
1959 3791 2105 3856 sup·

557 3883 878 3966 positum;
911 3886 1052 3947 tum
1091 3881 1283 3945 etiam
1326 3881 1480 3964 quia
1517 3899 1648 3944 non
1686 3885 1781 3946 est
1806 3879 2102 3964 quaestio,

558 3997 780 4056 utrum
806 3992 1007 4056 oratio
1034 3991 1142 4054 illa
1180 3990 1443 4072 incipiat
1477 4009 1613 4054 5555
1642 4009 1794 4056 vera
1816 4039 1834 4071 ,
1876 3991 1984 4055 sed
2013 3996 2109 4055 est

559 4099 825 4182 quaestio
858 4103 1082 4162 utrum
1123 4115 1223 4161 res
1257 4096 1599 4179 importata
1632 4116 1749 4181 per
1772 4098 1901 4164 hoc
1930 4098 2111 4185 quod

558 4205 790 4270 dicitur
818 4228 833 4269 ε
859 4228 910 4265 ,α
933 4205 1046 4269 1115
1085 4205 1281 4269 110510
1324 4205 1588 4287 incoepit
1630 4223 1765 4270 5555
1799 4224 1817 4269 :
1852 4228 1882 4266 ι)
1918 4207 1980 4271 51
2019 4207 2111 4270 515

561 4313 791 4378 modus
829 4314 947 4378 iste
991 4313 1426 4395 distinguendi
1467 4331 1599 4377 non
1639 4314 1894 4379 videtur
1929 4316 1999 4380 in
2041 4335 2109 4382 se

561 4421 810 4500 valere,
861 4440 981 4485 nec
1029 4421 1223 4485 etiam
1272 4420 1692 4504 quaestionem
1739 4422 2106 4488 terminare.

564 4528 641 4594 Et
662 4533 992 4614 propterea
1010 4531 1216 4612 potest
1235 4545 1371 4592 5555
1397 4526 1560 4591 51155
1583 4528 1814 4593 modus
1837 4528 2106 4610 dicendi,

562 4642 625 4701 51
652 4638 772 4702 1105
806 4656 1057 4721 semper
1094 4637 1418 4720 supposito
1461 4637 1633 4720 quod
1670 4637 1907 4719 incipit
1948 4637 2113 4702 dicat

561 4744 1009 4828 incoeptionem
1069 4745 1159 4809 rei
1213 4745 1534 4809 attributae
1553 4793 1571 4825 ,
1621 4745 1757 4808 sive
1810 4751 1990 4809 actus
2042 4746 2112 4808 in

565 4852 904 4935 praedicato
930 4856 1220 4934 respectu
1248 4852 1517 4933 subjecti
1548 4872 1566 4915 ε
1599 4852 1706 4918 55(1
1745 4853 1869 4918 1105
1910 4855 2114 4935 potest

566 4978 700 5024 5555
745 4959 1107 5042 dupliciter,
1145 4957 1248 5023 vel
1293 4958 1451 5041 quia
1497 4962 1705 5041 potest
1747 4964 1971 5025 notare
2011 4961 2111 5024 in-

568 5066 944 5149 coeptionem
983 5070 1273 5150 respectu
1299 5067 1392 5129 rei
1433 5066 1788 5150 importatae
1833 5086 1948 5151 per
1973 5086 2115 5151 pro—

569 5192 805 5238 nomen
828 5173 1178 5240 secundum
1204 5189 1305 5253 se,
1337 5173 1442 5239 vel
1468 5174 1587 5238 sub
1613 5175 1857 5250 ratione
1898 5176 2110 5259 impli-

537 5266 852 5345 ’55110515
885 5281 1249 5367 Implicatur
1283 5280 1460 5346 enim
1493 5281 1700 5346 forma
1743 5282 2110 5348 humanita-

573 5390 683 5470 tis,
714 5408 864 5454 cum
908 5390 1134 5454 dicitur
1174 5390 1295 5457 iste
1338 5389 1548 5466 honw,
1577 5390 1642 5455 id
1678 5395 1773 5455 est
1797 5391 1915 5455 1515
1937 5438 1956 5471 ,
1988 5390 2102 5476 qui

1645 413 2263 504 SENTENTlARUM
2301 425 2449 492 Lm.
2493 426 2603 491 111.

2184 567 2278 627 est
2322 563 2539 626 home.
2569 561 2646 626 Et
2683 562 2737 625 si
2779 561 2946 626 dicat
2983 561 3404 644 inceptionem
3443 565 3737 643 respectu

2184 670 2474 752 subjecti,
2501 671 2636 734 sive
2664 687 2954 752 personae
2979 669 3337 752 importatae
3363 689 3477 753 per
3498 689 3739 753 prono·

2186 795 2357 855 men,
2384 777 2578 841 falsus
2606 781 2701 840 est
2727 794 2959 855 serm0,
2987 777 3139 857 quia
3170 796 3441 860 persona
3468 777 3577 841 illa
3605 771 3737 842 non

2185 883 2376 948 babet
2414 903 2549 948 5555
2590 888 2730 968 post
2772 903 2903 949 non
2947 902 3105 948 esse.
3150 882 3214 948 Si
3256 903 3410 949 vero
3448 889 3741 967 respectu

2185 991 2632 1072 implicationis
2656 1039 2673 1068 ,
2718 1010 2873 1055 vera
2920 995 3017 1054 551
3062 989 3298 1054 1055110
3354 1014 3369 1053 :
3428 996 3522 1055 est
3566 991 3742 1055 enim

2187 1118 2434 1176 555555,
2456 1101 2627 1182 quod
2655 1099 2771 1164 iste
2797 1101 3056 1183 incoepit
3079 1117 3238 1174 esse,
3262 1090 3393 1163 non
3420 1100 3573 1181 quia
3600 1100 3740 1175 iste,

2189 1207 2297 1271 sed
2325 1207 2477 1289 quia
2502 1207 2719 1284 hom0,
2749 1207 2885 1271 sive
2915 1206 3271 1271 secundum
3300 1210 3598 1270 naturam
3627 1206 3747 1270 hu-

2189 1332 2470 1377 manam.
2504 1313 2581 1377 Et
2624 1317 2829 1396 potest
2856 1314 3010 1396 poni
3040 1313 3412 1395 exemplum
3445 1336 3459 1377 ε
3504 1314 3558 1382 si
3589 1332 3747 1377 555-

2188 1425 2329 1484 tum
2369 1420 2551 1502 prius
2578 1420 2810 1496 fuerit,
2837 1424 2901 1484 et
2928 1420 3338 1502 postmodum
3377 1419 3744 1496 dealbetur,

2189 1526 2332 1592 haec
2378 1531 2474 1590 est
2509 1526 2753 1609 duplex
2806 1546 2823 1591 z
2860 1552 2890 1588 (ι
2923 1526 3192 1591 Scutum
3226 1527 3448 1591 album
3490 1525 3751 1607 incoepit

2192 1654 2362 1714 esse,
2416 1658 2445 1694 »
2497 1637 2690 1717 juxta
2749 1636 3124 1718 praedictum
3194 1636 3461 1700 modum
3521 1634 3746 1697 distin-

2194 1743 2458 1822 guendi.
2492 1741 2614 1806 Sed
2643 1742 2852 1807 adbuc
2880 1743 2996 1806 iste
3037 1742 3267 1806 modus
3304 1740 3740 1822 distinguendi

2193 1869 2324 1914 505
2359 1850 2576 1914 minus
2621 1853 2714 1913 est
2754 1850 3248 1928 calumniabilis,
3279 1866 3474 1931 quam
3511 1865 3747 1930 praece-
3820 1915 3831 1926 ,

2194 1955 2385 2036 (1555,
2429 1976 2544 2040 pro
2586 1975 2666 2020 eo
2704 1957 2874 2038 quod
2902 1957 3042 2021 haec
3071 1956 3307 2021 locutio
3350 1979 3364 2020 ε
3410 1979 3442 2016 (ι
3479 1953 3750 2020 Scutum

2196 2064 2416 2128 album
2447 2065 2706 2146 incoepit
2730 2082 2902 2141 esse,
2932 2087 2962 2122 »
2999 2064 3193 2127 habet
3217 2063 3454 2145 exponi
3490 2081 3603 2146 per
3632 2063 3752 2125 has

2197 2171 2356 2235 duas
2383 2195 2397 2233 :
2437 2171 2748 2234 «Scutum
2776 2171 2995 2235 album
3024 2174 3149 2250 est,
3171 2193 3200 2228 »
3235 2174 3298 2233 et
3328 2171 3469 2234 haec
3495 2188 3627 2233 non
3655 2173 3753 2233 est

2197 2278 2472 2360 duplex3
2510 2282 2571 2341 et
2597 2277 2792 2340 aliam
2820 2294 2967 2359 quae
2997 2281 3088 2340 est
3123 2297 3139 2339 z
3177 2299 3207 2334 a
3234 2274 3501 2340 Scutum
3529 2276 3751 2340 album

2200 2388 2379 2469 prius
2402 2404 2533 2449 non
2558 2386 2717 2460 suit;
2754 2409 2781 2443 n
2820 2389 2882 2449 et
2907 2386 3046 2449 haec
3081 2388 3176 2448 est
3209 2384 3398 2464 falsa,
3428 2385 3585 2468 quia
3609 2387 3753 2467 ejus

2201 2494 2489 2575 opposita
2526 2499 2617 2555 est
2652 2510 2806 2556 vera
2839 2514 2854 2554 ι
2894 2514 2925 2550 (ι
2958 2490 3228 2555 Scutum
3272 2491 3493 2556 album
3535 2493 3681 2566 fuit,
3711 2515 3741 2553 n

2202 2600 2432 2665 Album
2456 2600 2625 2664 enim
2642 2648 2663 2678 ,
2698 2617 2847 2662 cum
2877 2599 2962 2662 sit
2987 2599 3305 2662 terminus
3332 2599 3752 2676 accidentaliS,

2202 2712 2407 2802 potest
2436 2699 2792 2789 supponere
2822 2723 2939 2788 pro
2970 2705 3393 2787 praesentibus
3421 2709 3486 2769 et
3524 2709 3753 2789 praete-

2202 2815 2343 2880 ritis
2378 2832 2490 2897 per
2516 2813 3032 2892 indifferentiam,
3066 2831 3199 2876 non
3231 2832 3345 2895 per
3382 2813 3759 2897 multiplici-

2203 2925 2424 2984 tatem.
2470 2920 2785 2985 Praeterea
2830 2921 2885 2983 si
2930 2921 3177 2985 dicatur
3210 2939 3226 2983 :
3266 2943 3296 2979 α
3323 2919 3530 2985 Homo
3576 2920 3763 2984 albus

2206 3030 2427 3113 incipit
2462 3048 2715 3093 currere
2735 3078 2753 3110 ,
2787 3052 2816 3088 n
2870 3030 3110 3111 incipit
3144 3046 3276 3093 non
3316 3028 3519 3110 ponit,
3552 3046 3763 3110 quan-

2208 3140 2350 3203 tum
2398 3143 2491 3203 est
2531 3138 2609 3203 de
2648 3138 2715 3201 vi
2757 3136 3089 3217 vocabuli,
3119 3136 3569 3219 incoeptionem
3596 3134 3765 3199 circa

2210 3247 2589 3323 albedinem,
2620 3244 2727 3310 sed
2754 3246 2921 3309 circa
2948 3263 3233 3309 cursum.
3278 3243 3358 3307 Et
3380 3244 3523 3308 ideo
3553 3242 3767 3307 adhuc

2213 3353 2331 3418 iste
2376 3354 2604 3417 modus
2649 3352 3084 3434 distinguendi
3146 3357 3242 3416 est
3300 3348 3768 3416 calumniabilis

2212 3479 2346 3526 505
2374 3461 2717 3525 modicum.
2751 3458 2859 3523 Est
2885 3459 3097 3524 adhuc
3125 3459 3349 3522 tertius
3383 3457 3611 3522 modus
3636 3457 3769 3521 dis-
3795 3491 4056 3547 opffiog,

2213 3568 2580 3649 tinguendi,
2611 3567 2780 3650 quod
2809 3567 2930 3630 hoc
2956 3583 3310 3651 pronomen
3328 3613 3349 3644 ,
3378 3563 3520 3641 ille,
3566 3567 3771 3645 potest

2215 3675 2651 3739 demonstrare
2673 3690 3012 3756 personam
3037 3671 3263 3751 Verbi,
3302 3671 3407 3735 vel
3442 3671 3770 3752 singulare

2216 3781 2516 3846 hominis,
2555 3779 2632 3843 Et
2671 3780 2724 3842 si
2760 3779 3149 3843 demonstret
3189 3777 3517 3860 singulare
3553 3778 3767 3841 homi·-

2218 3890 2340 3968 nie,
2372 3890 2462 3952 sic
2492 3891 2741 3971 oportet
2765 3886 3109 3951 concedere
3138 3885 3338 3949 hanc:
3371 3909 3402 3945 «ι
3430 3884 3552 3950 1515
3568 3885 3772 3965 ,110510

2218 3996 2475 4078 incoepit
2500 4013 2659 4073 esse,
2690 4017 2719 4053 n
2756 3994 3015 4058 5111555
3050 4016 3065 4056 z
3110 4017 3141 4053 c«
3169 3993 3289 4057 Iste
3332 3994 3528 4056 homo
3569 3995 3663 4056 est
3689 3991 3773 4054 ab

2219 4109 2457 4167 aeterno
2474 4151 2492 4183 ,
2521 4124 2551 4162 ι)
2589 4102 2756 4166 51551
2782 4102 3148 4166 conceditur
3171 4147 3188 4177 ,
3221 4101 3397 4185 quod
3430 4100 3547 4164 iste
3577 4100 3775 4163 homo

2219 4215 2315 4276 est
2339 4214 2634 4275 mortuus
2658 4256 2677 4285 ,
2708 4208 3218 4289 51151155115115;
3248 4208 3358 4272 sed
3386 4226 3592 4272 unum
3621 4207 3775 4271 dici-

2219 4323 2327 4382 tur
2354 4336 2467 4402 per
2494 4316 3141 4381 communicationem
3168 4314 3549 4378 idiomatum
3566 4362 3584 4394 ,
3613 4313 3778 4378 alte-

2220 4442 2370 4489 rum
2400 4440 2694 4506 vero‘per
2715 4422 3164 4507 proprietatem
3184 4426 3455 4486 naturae.
3477 4409 3547 4486 Si
3573 4422 3773 4500 enim,

2221 4551 2371 4596 cum
2408 4531 2693 4596 Christus
2728 4531 3042 4606 nascitur,
3074 4528 3304 4611 aliquis
3336 4530 3530 4593 homo
3555 4518 3801 4592 muta-¹

2222 4643 2329 4703 tur
2375 4639 2451 4702 de
2500 4656 2633 4702 non
2674 4655 2808 4702 esse
2855 4636 2925 4700 in
2970 4654 3140 4715 esse,
3171 4653 3430 4699 5555555
3468 4638 3564 4698 551
3603 4635 3779 4718 quod

2222 4746 2452 4830 aliquis
2478 4745 2673 4809 homo
2715 4743 2976 4825 incipiat
3002 4762 3139 4807 esse
3170 4766 3185 4806 ε
3220 4743 3330 4807 55(1
3373 4760 3503 4806 505
3539 4746 3635 4806 551
3659 4761 3777 4808 ve-

2223 4871 2372 4917 rum
2415 4872 2531 4936 pro
2575 4853 2699 4916 alio
2743 4850 3006 4915 homine
3028 4898 3045 4927 ,
3091 4869 3291 4935 quam
3337 4867 3453 4934 pro
3492 4849 3613 4913 isto
3657 4849 3782 4915 ho·

2225 4961 2421 5025 mine.
2457 4960 2569 5024 Ille
2607 4977 2766 5043 ergo
2808 4959 3003 5022 homo
3041 4958 3265 5040 incipit
3292 4974 3427 5021 5555
3466 4974 3582 5040 per
3627 4975 3780 5039 pro-

2225 5069 2556 5152 prietatem
2601 5069 2851 5130 naturae
2908 5089 2923 5130 :
2973 5065 3083 5130 sed
3134 5072 3352 5130 tamen
3410 5066 3491 5128 ab
3537 5070 3783 5130 aeterno

2226 5174 2460 5238 dicitur
2486 5192 2647 5254 esse,
2679 5174 2835 5256 quia
2858 5176 2953 5237 est
2979 5172 3142 5237 Deus
3158 5222 3176 5251 ,
3207 5173 3317 5254 qui
3356 5175 3453 5235 est
3479 5173 3561 5235 ab
3590 5176 3782 5236 51151·-

2225 5302 2334 5348 no,
2364 5282 2431 5347 Si
2472 5300 2632 5364 ergo
2657 5282 2776 5346 iste
2802 5281 2997 5346 homo
3027 5281 3417 5345 demonstret
3441 5278 3779 5360 singulare

2225 5389 2505 5455 hominis
2527 5438 2544 5467 ,
2591 5390 2832 5472 absque
2877 5388 3070 5453 dubio
3122 5406 3279 5453 vera
3324 5391 3421 5451 est
3468 5386 3776 5469 praedicta
