4185 6288
754 500 842 563 60
1909 485 2534 556 SEN'I'ENTIARUM
2573 484 2724 551 LIB.
2765 484 2876 549 111.

753 630 948 697 fuerit
974 633 1041 697 et
1065 630 1388 713 concepta.
1422 625 1547 692 Sed
1569 625 1695 691 hoc
1720 628 1885 692 ratio
1913 645 2043 693 non
2070 624 2304 692 admit-

754 740 853 805 tit.
883 737 1213 818 Quomodo
1242 753 1525 820 namque
1560 736 1861 801 sanctitas
1898 737 2141 821 absque
2165 733 2306 819 Spi-

755 847 886 910 ritu
910 846 1366 923 sanctisscante,
1393 846 1507 908 aut
1530 841 1805 927 Spiritus
1822 845 2022 909 sancti
2042 844 2307 909 societas

756 973 908 1020 cum
949 959 1205 1038 peccato
1237 952 1405 1017 fuit?
1443 956 1575 1019 Aut
1608 953 1931 1038 quomodo
1971 956 2303 1036 peccatum

758 1080 890 1127 non
924 1062 1068 1143 fuit,
1100 1062 1217 1128 ubi
1237 1064 1434 1131 libido
1463 1081 1595 1130 non
1622 1061 1870 1128 defuit?
1895 1081 1927 1120 n
1960 1058 2172 1124 Tertia
2193 1076 2304 1122 ra-

754 1168 847 1233 tio
888 1171 1011 1250 est,
1045 1169 1199 1253 quia
1223 1176 1360 1238 esto
1386 1171 1559 1256 quod
1585 1168 1998 1236 sanctificatio
2033 1166 2303 1245 adesset,

755 1278 820 1340 et
845 1275 1039 1342 libido
1065 1276 1342 1344 defuerit
1366 1281 1607 1345 virtute
1632 1276 1890 1356 divina3
1921 1292 2054 1340 non
2086 1278 2307 1339 tamen

758 1383 972 1449 decuit
995 1388 1069 1450 ut
1095 1384 1360 1468 deesset,
1389 1390 1649 1470 propter
1673 1385 1818 1465 hoc,
1851 1383 2024 1468 quod
2049 1381 2193 1447 haec
2213 1384 2308 1447 est

759 1490 961 1557 solius
1008 1492 1215 1560 beatae
1268 1493 1553 1577 Virginis
1613 1491 2044 1578 praerogativa
2102 1507 2122 1555 t
2174 1488 2310 1555 sola

759 1596 935 1662 enim
980 1598 1119 1683 ipsa
1141 1648 1157 1678 ,
1188 1603 1264 1666 ut
1303 1600 1521 1667 Sancti
1571 1601 1834 1679 dicunt,
1882 1598 2019 1663 siue
2050 1600 2306 1681 peccato

759 1706 1071 1789 concepit,
1101 1711 1167 1773 et
1190 1708 1331 1773 sine
1352 1710 1567 1775 dolore
1601 1708 1889 1792 peperit:
1920 1709 1984 1771 et
2014 1706 2157 1770 ideo
2183 1704 2309 1769 hoc

760 1814 1132 1896 parentibus
1175 1816 1435 1882 concedi
1466 1834 1597 1882 non
1623 1815 1832 1900 potuit
1857 1815 2058 1880 beatae
2087 1811 2307 1895 Virgi-

761 1923 880 2003 nis,
911 1924 1021 1989 sed
1048 1926 1169 1991 soli
1200 1925 1450 2009 Virgini
1492 1926 1828 1992 reservari.
1866 1925 1946 1992 Et
1976 1926 2119 1991 ideo
2146 1924 2306 1990 Ber-

759 2031 1030 2097 nardus¹
1056 2054 1072 2097 z
1103 2056 1134 2094 α
1166 2033 1314 2099 Dico
1336 2033 1670 2116 Virginem
1694 2033 2041 2117 gloriosam
2064 2032 2143 2098 de
2169 2031 2310 2116 Spi-

758 2140 889 2205 ritu
915 2144 1132 2206 sancto
1158 2143 1538 2225 concepisse,
1555 2161 1685 2207 non
1706 2146 1923 2208 autem
1938 2146 2308 2224 conceptam

758 2248 954 2313 ruisse
981 2271 996 2313 ι
1027 2249 1170 2315 dico
1199 2250 1518 2333 peperisse
1541 2249 1901 2333 Virginem,
1931 2268 2064 2315 non
2089 2253 2308 2314 tamen

759 2358 1010 2436 partam
1035 2375 1077 2421 a
1101 2357 1390 2439 virgine;
1434 2357 1722 2441 alioquin
1756 2356 1868 2423 ubi
1911 2357 2037 2423 erit
2063 2374 2309 2440 praero-

759 2461 979 2544 gativa
1022 2463 1268 2545 matris»,
1304 2464 1381 2530 de
1418 2483 1550 2549 qua
1588 2463 2002 2548 singulariter
2030 2464 2310 2529 creditur

759 2569 1079 2651 exultare,
1109 2576 1173 2636 et
1200 2590 1468 2638 munere
1504 2573 1699 2656 prolis
1720 2622 1739 2653 ,
1787 2576 1853 2638 et
1890 2573 2098 2637 carnis
2142 2573 2309 2639 inte-

759 2678 993 2761 gritate
1021 2681 1063 2743 ⁸.
1097 2680 1165 2744 Si
1193 2699 1336 2746 eam
1371 2681 1618 2747 dederis
1645 2682 1869 2762 matri,
1898 2700 2031 2747 non
2067 2686 2161 2746 est
2185 2683 2310 2748 hoc

759 2784 1094 2868 Virginem
1128 2788 1445 2855 honorare
1460 2838 1480 2870 ,
1522 2789 1632 2855 sed
1665 2790 1807 2873 ejus
1839 2791 2072 2854 honori
2099 2791 2309 2855 detra-

760 2893 937 2962 here.
988 2918 1022 2957 »
1071 2898 1150 2963 Et
1192 2899 1335 2965 ideo
1379 2899 1750 2984 simpliciter
1793 2900 2265 2965 concedendum
2288 2948 2306 2979 ,

761 3003 937 3087 quod
976 3022 1125 3072 caro
1153 3008 1295 3089 ejus
1335 3012 1483 3072 ante
1514 3006 1974 3071 animationem
2015 3026 2146 3071 non
2191 3007 2312 3071 fuit

764 3110 1178 3179 sanctificata.
1226 3112 1308 3180 Et
1337 3114 1756 3182 concedendae
1805 3118 1959 3180 sunt
2005 3115 2306 3195 rationeS,

764 3237 915 3304 quae
942 3219 1065 3285 hoc
1091 3222 1389 3305 probant.

845 3331 907 3392 1.
942 3326 1039 3392 Ad
1081 3327 1241 3393 illud
1281 3346 1463 3412 ergo,
1496 3328 1669 3413 quod
1695 3330 2042 3413 opponitur
2072 3331 2142 3395 in
2163 3349 2313 3396 con-

762 3433 1038 3500 trarium
1066 3433 1144 3500 de
1167 3433 1442 3501 Jeremia
1458 3436 1537 3502 de
1557 3436 1784 3502 notitia
1808 3437 2309 3520 approbationis,

763 3541 938 3626 quod
968 3543 1117 3607 ante
1165 3542 1510 3625 cognovit,
1555 3560 1754 3625 quam
1793 3544 2176 3625 formavit⁸;
2207 3545 2311 3609 di-

761 3647 1039 3714 cendum
1080 3649 1253 3733 quod
1288 3649 1512 3716 notitia
1549 3649 1662 3714 illa
1698 3667 1830 3715 non
1855 3650 2036 3735 ponit
2070 3653 2312 3737 aliquid

763 3755 930 3822 circa
954 3756 1191 3840 ipsum,
1214 3758 1328 3823 sed
1354 3757 1521 3823 circa
1547 3758 1946 3842 propositum
1984 3760 2097 3826 Dei
2141 3778 2313 3844 prae-

763 3863 1159 3946 destinantis,
1193 3865 1357 3932 sicut
1384 3864 1628 3944 electio,
1649 3866 1924 3947 dilectio,
1954 3873 2018 3934 et
2043 3869 2315 3953 praedes-

761 3971 988 4038 tinatio
1022 3976 1266 4038 aeterna
1300 3990 1433 4038 non
1456 3973 1638 4057 ponit
1670 3973 1911 4058 aliquid
1937 3957 2109 4041 circa
2143 3994 2314 4060 prai-

763 4078 1147 4147 destinatum
1185 4100 1202 4145 ς
1244 4080 1311 4145 et
1339 4078 1483 4146 ideo
1526 4099 1664 4146 non
1701 4083 1992 4166 sequitur
2040 4102 2126 4149 ex
2165 4084 2311 4164 hoc,

762 4188 937 4272 quod
962 4205 1112 4253 caro
1139 4186 1454 4268 Jeremiae,
1485 4188 1588 4254 vel
1613 4187 1918 4272 Virginis,
1948 4194 2098 4256 ante
2123 4192 2317 4258 fuerit

763 4295 1176 4376 sanctificata,
1211 4313 1408 4380 quam
1439 4296 1732 4362 formata.

844 4406 908 4469 2.
938 4402 1018 4468 Et
1042 4403 1125 4469 ad
1151 4403 1311 4469 illud
1351 4404 1518 4488 quod
1566 4405 1913 4489 opponitur
1938 4404 2016 4470 de
2044 4408 2312 4487 Joanne,

765 4510 939 4595 quod
991 4512 1285 4577 nondum
1328 4515 1464 4578 erat
1509 4513 1578 4577 in
1620 4513 1758 4595 ipso
1820 4512 2084 4596 spiritus
2133 4513 2312 4593 vitae,

766 4615 1107 4684 dicendum
1135 4619 1306 4703 quod
1343 4620 1413 4685 in
1456 4620 1785 4703 Scriptura
1811 4620 2055 4704 aliquid
2083 4621 2316 4687 dicitur

768 4724 930 4805 fleri,
952 4728 1209 4809 quando
1235 4726 1610 4805 innotescit3
1639 4732 1704 4792 et
1730 4745 1860 4792 non
1881 4745 2040 4807 esse,
2055 4728 2315 4811 quando

768 4849 902 4897 non
947 4835 1230 4915 apparet.
1279 4832 1357 4898 Et
1396 4833 1537 4898 ideo
1579 4833 1812 4898 dicitur
1861 4834 2123 4917 spiritus
2160 4836 2316 4901 vitae

766 4959 901 5005 non
935 4941 1128 5007 fuisse
1167 4943 1240 5008 in
1283 4942 1548 5024 Joanne,
1579 4944 1733 5027 quia
1770 4962 1902 5009 non
1946 4945 2312 5027 apparebat,

766 5047 978 5113 adhuc
1019 5050 1194 5115 enim
1227 5055 1361 5116 erat
1401 5052 1471 5115 in
1515 5055 1699 5116 utero
1731 5072 1747 5116 ε
1787 5051 2051 5135 spiritus
2095 5054 2314 5116 autem

766 5157 998 5240 gratiae
1023 5158 1094 5221 in
1119 5175 1196 5224 eo
1223 5159 1455 5224 dicitur
1481 5159 1697 5240 tuisse,
1722 5158 1982 5243 quando
2007 5158 2077 5222 in
2094 5177 2316 5226 occur-

768 5284 916 5331 sum
941 5264 1194 5333 Domini
1213 5266 1528 5334 exultavit
1547 5267 1618 5332 in
1644 5271 1891 5334 ventre.

845 5375 911 5439 3.
940 5373 1042 5440 Ad
1066 5373 1225 5439 illud
1251 5375 1422 5458 quod
1450 5376 1815 5459 opponitur,
1844 5376 2018 5460 quod
2036 5394 2315 5462 caropo-

832 5500 852 5537 ¹
881 5500 1058 5564 Rern„
1083 5498 1365 5554 adema.
1395 5500 1655 5566 &sadda
1684 5501 1922 5553 dnm—⁸
1947 5503 2023 5554 Ad
2065 5502 2169 5554 hoc
2204 5515 2314 5555 res·

2412 624 2537 687 test
2562 620 2738 686 infici
2762 624 2910 685 ante
2938 616 3419 696 animationem,
3447 634 3608 699 ergo
3635 620 3699 683 et
3721 621 3942 686 sancti·

2413 724 2590 791 ficari
2617 747 2634 800 ς
2667 723 3006 789 dicendum
3034 721 3207 806 quod
3233 738 3367 785 non
3396 723 3493 785 est
3529 720 3761 786 simile:
3800 724 3946 806 quia

2414 832 2745 915 generatio
2788 830 2996 895 carnis
3035 849 3118 895 ex
3154 847 3345 895 carne
3389 833 3484 894 est
3536 830 3800 896 carnalis
3829 879 3845 909 ‚
3884 836 3945 897 et

2413 956 2547 1003 non
2603 936 2951 1022 spiritualis
2994 959 3011 1002 z
3057 936 3202 1002 ideo
3243 935 3455 1018 magis
3505 935 3696 1002 habet
3738 940 3941 1002 trans·

2412 1046 2596 1112 fundi
2641 1065 2790 1112 caro
2833 1045 3067 1112 vitiosa
3103 1064 3188 1110 ex
3223 1063 3417 1110 carne
3462 1044 3713 1122 vitiosa,
3753 1064 3942 1130 quam

2414 1157 2631 1220 sancta
2674 1172 2757 1219 ex
2794 1152 3171 1238 parentibus
3216 1151 3620 1218 sanctificatis
3662 1170 3776 1236 per
3800 1171 3945 1235 gra-

2414 1262 2597 1327 tiam.

2492 1373 2557 1433 4.
2587 1369 2687 1433 Ad
2720 1367 2879 1433 illud
2911 1368 3082 1451 quod
3100 1366 3477 1452 opponitur,
3516 1365 3689 1449 quod
3738 1384 3945 1434 conce-

2415 1476 2550 1561 ptio
2570 1476 2854 1559 Virginis
2891 1476 3017 1541 fuit
3057 1494 3140 1541 ex
3177 1473 3469 1557 legitimo
3494 1473 3898 1541 matrimonio
3923 1525 3942 1557 ,

2416 1602 2606 1667 ergo,
2656 1589 2776 1650 etc.
2801 1606 2820 1664 3
2865 1583 3207 1649 dicendum
3232 1582 3406 1665 quod
3437 1584 3646 1646 totum
3678 1581 3831 1647 illud
3860 1588 3948 1648 est

2416 1690 2765 1776 probabile,
2798 1690 3091 1755 videlicet
3118 1690 3294 1774 quod
3329 1690 3633 1772 concepta
3661 1688 3849 1754 fuerit
3872 1709 3947 1756 ex

2415 1799 2634 1879 sterili,
2667 1804 2837 1864 etex
2864 1798 3034 1863 coitu
3055 1796 3428 1882 conjugali,
3460 1797 3705 1880 absque
3743 1801 3948 1864 tamen

2415 1907 2604 1991 culpa
2649 1906 2885 1973 actuali
2928 1927 2945 1972 ε
2984 1924 3115 1970 non
3163 1908 3378 1970 tamen
3415 1905 3731 1988 sequitur,
3785 1908 3948 1990 quod

2416 2018 2721 2098 concepta
2764 2015 2955 2081 fuerit
3000 2014 3239 2097 absque
3281 2031 3475 2078 causa
3512 2014 3775 2097 peccati,
3806 2015 3950 2098 quia

2416 2123 2505 2187 ita
2520 2123 2986 2188 transfunditur
3011 2121 3322 2204 originale
3349 2140 3434 2186 ex
3459 2122 3605 2198 illis,
3629 2122 3743 2206 qui
3759 2141 3949 2205 gene-

2415 2234 2562 2295 rant
2588 2249 2673 2295 ex
2699 2230 2873 2295 coitu
2905 2230 3232 2311 legitimo,
3281 2229 3445 2294 sicut
3486 2230 3602 2313 qui
3651 2235 3952 2313 generant

2414 2355 2500 2402 ex
2529 2336 2703 2402 coitu
2731 2336 3126 2415 adulterino,
3173 2336 3338 2401 sicut
3377 2341 3709 2402 ostensum
3746 2337 3863 2403 ruit
3889 2338 3951 2401 in

2414 2445 2578 2510 libro
2627 2445 2905 2510 secundo
2939 2446 2985 2510 ⁸.
3015 2442 3093 2508 Et
3118 2443 3171 2507 si
3199 2443 3571 2527 obiiciatur,
3616 2443 3788 2527 quod
3828 2463 3951 2510 non

2416 2550 2634 2616 debuit
2657 2551 2746 2615 ibi
2774 2570 2908 2616 esse
2925 2570 3118 2616 causa
3135 2550 3492 2633 originaliS,
3520 2550 3682 2634 quia
3697 2551 3851 2615 facta
3865 2555 3953 2614 est

2416 2658 2736 2723 mediante
2761 2659 2999 2723 virtute
3026 2659 3299 2741 Spiritus
3318 2658 3519 2721 sancti
3537 2657 3948 2733 foecundante,

2417 2770 2481 2830 et
2497 2770 2754 2848 propter
2779 2766 3313 2831 foecundationem
3342 2764 3692 2829 sterilitatis
3726 2769 3953 2829 mater-

2416 2891 2542 2953 nae,
2572 2893 2720 2956 quae
2750 2893 2882 2939 non
2907 2875 3033 2939 fuit
3050 2875 3132 2939 ab
3158 2873 3442 2953 homine,
3473 2874 3583 2939 sed
3614 2893 3654 2938 a
3681 2873 3839 2953 Deo;
3869 2872 3955 2938 di·

2417 2983 2691 3048 cendum
2706 2983 2878 3067 quod
2891 2982 3051 3047 illud
3068 2999 3199 3046 non
3225 2980 3418 3060 valet,
3435 2980 3593 3063 quia
3605 2981 3725 3045 hoc
3737 2980 3951 3044 simili·

2418 3094 2514 3156 ter
2532 3095 2738 3174 posset
2754 3089 2946 3175 objici
2966 3089 3041 3156 de
3059 3088 3091 3154 J
3095 3106 3304 3155 oanne
3323 3093 3388 3153 et
3401 3087 3599 3169 Isaac,
3618 3088 3731 3174 qui
3753 3088 3830 3155 de
3843 3091 3954 3152 ste-

2416 3203 2643 3269 rilibus
2671 3209 2694 3245 ⁸
2738 3206 2891 3268 sunt
2917 3201 3227 3285 concepti.
3258 3199 3523 3284 Propter
3574 3202 3748 3285 quod
3787 3205 3949 3278 nota,

2416 3307 2586 3390 quod
2610 3305 2889 3390 Spiritus
2906 3308 3164 3370 sanctus
3188 3303 3533 3388 aliquando
3565 3309 3863 3388 operatur
3885 3306 3955 3368 ut

2416 3417 2701 3502 spiritus,
2719 3417 3064 3502 aliquando
3079 3419 3157 3482 ut
3184 3415 3460 3500 Spiritus
3483 3418 3744 3481 sanctus
3769 3433 3788 3481 ε
3810 3419 3954 3481 tunc

2418 3525 2676 3611 quidem
2686 3528 2984 3609 operatur
2992 3525 3067 3591 ut
3077 3524 3359 3609 spiritus,
3372 3524 3633 3608 quando
3644 3541 3805 3609 opus
3820 3521 3955 3587 facit

2417 3650 2614 3717 supra
2626 3636 2956 3712 naturam;
2986 3634 3142 3697 tunc
3159 3636 3236 3698 ut
3254 3631 3531 3716 Spiritus
3552 3633 3810 3697 sanctus
3822 3646 3956 3714 ope-

2418 3743 2621 3819 ratur,
2642 3757 2795 3805 cum
2803 3757 2937 3805 non
2961 3740 3108 3804 facit
3132 3738 3343 3804 solum
3371 3755 3539 3821 opus
3561 3756 3757 3822 supra
3769 3739 3949 3803 natu-

2419 3867 2582 3929 ram,
2611 3848 2720 3914 sed
2746 3848 2939 3914 etiam
2971 3847 3319 3913 sanctificat
3343 3846 3500 3912 illud
3515 3893 3535 3925 ,
3565 3865 3763 3931 supra
3787 3844 3948 3930 quod

2419 3959 2743 4041 operatur.
2773 3955 2924 4022 Dico
2952 3974 3111 4038 ergo
3134 3955 3310 4038 quod
3336 3954 3408 4020 in
3433 3955 3845 4039 conceptione
3867 3971 3956 4019 so-

2418 4065 2547 4130 lius
2560 4063 2705 4130 Filii
2718 4063 2848 4145 Dei,
2869 4065 2984 4148 qui
3004 4068 3099 4130 est
3114 4062 3385 4130 Sanctus
3409 4067 3804 4143 sanctorum,
3832 4079 3956 4128 non

2420 4173 2630 4239 solum
2654 4176 2954 4257 operatus
2979 4176 3075 4237 est
3107 4174 3184 4238 ut
3206 4171 3490 4256 spiritus,
3517 4173 3632 4239 sed
3667 4175 3744 4238 ut
3767 4169 3955 4256 Spiri-

2420 4284 2527 4347 tus
2563 4285 2842 4346 sanctus.
2879 4280 2954 4345 In
2980 4279 3390 4363 conceptione
3416 4298 3606 4362 vero,
3632 4299 3763 4365 qua
3782 4278 3957 4345 Joan·

2420 4406 2537 4453 nes
2562 4392 2655 4453 est
2679 4390 3045 4470 conceptus,
3063 4388 3199 4453 sive
3215 4388 3401 4453 beata
3416 4385 3647 4471 Virgo,
3675 4389 3958 4472 operatus

2420 4498 2516 4561 est
2540 4499 2615 4560 ut
2641 4494 2902 4579 spiritus
2916 4498 3209 4560 tantum:
3234 4495 3377 4561 ideo
3400 4494 3536 4559 sola
3559 4495 3751 4577 virgo
3771 4490 3958 4558 Maria

2421 4603 2653 4669 dicitur
2679 4604 3036 4687 concepisse
3066 4603 3146 4669 de
3184 4602 3427 4687 Spiritu
3456 4607 3699 4668 sancto.
3729 4600 3956 4668 Praete-

2420 4728 2531 4775 rea
2565 4709 2807 4775 nullius
2844 4711 3274 4795 conceptionis
3302 4710 3771 4775 solemnitatem
3806 4706 3956 4771 cele-

2411 4818 2565 4885 brat
2589 4815 2888 4897 Ecclesia,
2917 4817 3042 4882 nisi
3069 4818 3267 4882 solius
3289 4816 3434 4881 Filii
3455 4816 3566 4881 Dei
3594 4817 3666 4880 in
3690 4816 3955 4881 Annun-

2422 4925 2681 4990 tiatione
2716 4925 2921 4990 beatae
2961 4924 3248 5008 Virginis
3278 4924 3518 4992 Mariae.
3550 4925 3720 4992 Sunt
3752 4928 3953 4989 tamen

2420 5032 2645 5116 aliqui,
2690 5033 2802 5115 qui
2845 5052 2927 5098 ex
2972 5033 3230 5115 speciali
3273 5033 3611 5098 devotione
3650 5029 3955 5096 celebrant

2422 5141 2901 5223 conceptionem
2929 5141 3134 5205 beatae
3159 5137 3479 5223 Virginis3
3498 5158 3663 5223 quos
3688 5156 3807 5202 nec
3832 5151 3954 5201 om·

2422 5247 2577 5312 nino
2616 5247 2900 5327 laudare,
2943 5266 3063 5312 nec
3100 5246 3472 5331 simpliciter
3509 5246 3717 5312 audeo
3758 5257 3952 5326 repre-

2421 5427 2618 5496 pondet
2635 5429 2809 5489 Rern„
2838 5429 3003 5494 Epist.
3034 5439 3245 5481 cum.
3265 5455 3328 5467 —
3344 5428 3369 5466 ⁸
3395 5427 3522 5480 Dist.
3562 5438 3676 5480 ιιι.
3701 5450 3763 5465 -
3779 5425 3803 5459 ⁸
3824 5421 3949 5482 nae-2

2426 5518 2467 5570 1,
2486 5507 2515 5556 7
2527 5519 2549 5573 5
2572 5504 2718 5566 Gen„
2740 5515 2866 5569 xxv,
2892 5507 2975 5556 2¹.
