4185 6288
780 427 900 488 048

778 558 956 622 tione
998 557 1277 640 corporis
1317 557 1548 636 nostri,
1597 557 1938 621 dicendum
1982 557 2152 639 quod
2195 557 2319 622 hoc

780 664 1106 730 reducitur
1130 664 1208 728 ad
1236 663 1633 729 dilectionem
1661 664 1785 727 sui.
1830 664 1926 727 Ad
1971 663 2130 730 illud
2162 679 2317 727 vero

780 771 952 855 quod
982 771 1300 853 objicitur,
1332 771 1504 854 quod
1547 771 1787 853 gradus
1823 775 1975 835 sunt
2017 771 2087 835 in
2123 771 2318 835 dilec-

780 877 953 943 tione
978 877 1108 958 Dei,
1136 878 1472 942 dicendum
1514 877 1685 960 quod
1725 878 1957 942 falsum
2007 883 2123 955 est,
2167 879 2319 960 quia

781 1003 955 1050 unus
978 990 1075 1049 est
1111 985 1278 1049 Deus
1305 985 1592 1064 dilectuS,
1625 990 1687 1049 et
1708 985 1834 1050 illae
1863 1004 1995 1051 non
2020 992 2170 1050 sunt
2198 986 2318 1049 nisi

782 1093 1057 1157 rationes
1083 1096 1411 1157 moventes
1436 1092 1514 1156 ad
1541 1090 1940 1174 diligendum
1979 1094 2177 1157 Deum
2198 1141 2215 1171 ‚
2257 1096 2320 1156 et

780 1199 1151 1264 inducentes
1185 1218 1303 1263 nos
1352 1199 1706 1264 secundum
1758 1198 1903 1282 plus
1966 1204 2029 1264 et
2074 1200 2314 1278 minus,

780 1324 928 1389 quae
954 1311 1170 1371 tamen
1202 1324 1333 1371 non
1360 1307 1758 1370 constituunt
1788 1325 1869 1371 ex
1897 1311 2074 1389 parte
2111 1307 2319 1371 dilecti

781 1413 1209 1478 diversitatem
1237 1413 1583 1494 graduum.
1613 1413 1712 1478 Ad
1736 1413 1892 1477 illud
1909 1414 2081 1496 quod
2104 1414 2320 1495 objici-

780 1525 889 1587 tur
913 1522 991 1587 de
1037 1522 1178 1587 aliis
1218 1522 1723 1603 conditionibuS,
1771 1523 2124 1587 secundum
2159 1540 2321 1606 quas

781 1628 1129 1694 attenditur
1146 1628 1478 1692 vinculum
1493 1633 1555 1692 et
1576 1631 1718 1711 conj
1726 1630 1963 1708 unctio,
1981 1629 2318 1694 dicendum

779 1735 952 1818 quod
996 1734 1076 1799 ad
1107 1736 1257 1798 istas
1296 1739 1558 1817 possunt
1593 1736 1809 1800 reduci
1856 1754 2100 1800 omnes.
2154 1733 2316 1801 Nam

780 1864 969 1924 uxor,
999 1864 1150 1910 cum
1176 1846 1259 1909 sit
1288 1863 1437 1910 caro
1468 1847 1615 1923 viri,
1660 1851 1722 1910 et
1764 1865 1801 1912 e
1844 1863 2175 1926 converse,
2223 1866 2315 1912 re·

778 1953 1032 2017 ducitur
1061 1953 1140 2017 ad
1170 1951 1570 2017 dilectionem
1597 1953 1735 2031 sui;
1789 1956 1970 2035 pater
2007 1972 2165 2020 vero
2186 1955 2319 2038 spi-

781 2060 1032 2124 ritualis
1052 2060 1132 2124 ad
1159 2060 1556 2124 dilectionem
1583 2059 1779 2142 patris
1806 2061 2116 2125 naturalis
2138 2082 2156 2140 3
2188 2079 2318 2126 cae·

781 2167 899 2232 teri
945 2167 1410 2249 consanguinei
1448 2168 1530 2232 ad
1573 2167 1976 2231 dilectionem
2014 2167 2167 2248 filii3
2208 2168 2323 2233 do-

783 2277 1022 2354 minus,
1056 2275 1364 2356 magister
1390 2280 1453 2340 et
1478 2274 1824 2357 discipulus
1844 2274 1925 2338 ad
1948 2274 2322 2341 domesticos

778 2384 1141 2450 reseruntur
1187 2404 1205 2448 t
1245 2387 1308 2448 et
1342 2385 1433 2449 sic
1481 2387 1653 2466 patet
1695 2383 1868 2466 quod
1903 2384 2065 2447 nibil
2091 2402 2320 2466 super-

779 2492 1014 2566 fluum,
1044 2490 1204 2555 nihil
1237 2490 1431 2555 etiam
1473 2490 1864 2554 diminutum
1896 2489 1962 2553 in
2004 2491 2323 2573 praedictis

784 2597 1091 2680 gradibus
1114 2597 1494 2662 continetur.

1419 2790 1556 2837 ΗΠΒ.
1604 2790 1694 2837 tv.

1060 2900 1203 2952 Solet
1228 2899 1382 2950 etiam
1404 2897 1583 2964 quaeri,
1612 2898 1656 2948 si
1683 2901 1920 2962 parentes
1936 2934 1952 2962 ‚
1974 2900 2072 2948 etc.

862 3029 1092 3095 Contra
1141 3051 1156 3092 :
1209 3027 1506 3091 Rationes
1549 3026 1676 3090 illae
1715 3026 2016 3092 videntur
2054 3045 2191 3091 esse
2244 3027 2322 3091 ad

782 3141 1121 3218 utramque
1172 3137 1440 3218 partem.
1506 3133 1767 3199 Ratione
1822 3132 1998 3198 enim
2047 3134 2322 3217 propin-

781 3243 1040 3325 quitatis
1070 3241 1324 3323 vidctur
1367 3243 1538 3325 quod
1572 3241 1725 3305 mali
1766 3246 2058 3324 parentes
2105 3245 2326 3326 praefe-

785 3349 967 3413 rendi
1013 3349 1140 3412 sint
1190 3349 1373 3412 bonis
1426 3349 1774 3427 extraneis,
1826 3368 1976 3413 cum
2036 3355 2326 3431 parentes

785 3461 1105 3539 ponantur
1133 3456 1199 3520 in
1224 3457 1408 3520 tertio
1438 3456 1678 3537 gradu3
1713 3456 1954 3520 ratione
1978 3475 2132 3521 vero
2147 3458 2326 3522 boni·

785 3565 932 3629 tatis
956 3565 1211 3629 videtur
1234 3566 1649 3629 contrarium.
1675 3564 1750 3629 Et
1778 3565 1830 3628 si
1850 3569 1921 3629 tu
1943 3567 2327 3649 respondeas

786 3672 958 3755 quod
1003 3690 1134 3737 non
1182 3677 1276 3737 est
1303 3673 1735 3751 contrarietas,
1766 3673 1921 3756 quia
1942 3672 2209 3738 diversis
2233 3694 2329 3741 re·

791 3779 1113 3862 spectibus
1139 3786 1401 3863 possunt
1442 3781 1718 3844 invicem
1754 3781 1877 3845 sibi
1912 3783 2232 3865 praeponi,
2266 3787 2331 3847 et

785 3887 1025 3951 habent
1063 3907 1131 3951 se
1178 3888 1343 3951 sicut
1379 3887 1746 3953 excedentia
1787 3894 1848 3953 et
1889 3898 2168 3969 excessa,
2206 3891 2328 3956 hoc

789 4011 921 4060 non
946 3993 1156 4074 solvit,
1188 3995 1341 4076 quia
1364 3994 1573 4059 adhuc
1595 3998 1787 4059 restat
1808 3996 2113 4078 quaestio:
2147 3995 2328 4076 Quod

789 4102 1050 4166 illorum
1089 4101 1296 4181 magis
1339 4101 1622 4177 excellit,
1657 4105 1879 4166 utrum
1915 4102 2185 4186 bonitaS,
2224 4106 2328 4169 vel

789 4209 1272 4291 propinquitas?
1297 4207 1376 4273 Et
1388 4209 1559 4292 quod
1585 4209 1856 4289 bonitas,
1877 4211 2157 4290 videtur,
2179 4229 2329 4276 cum

792 4317 1064 4383 chaiitas
1091 4337 1203 4400 per
1230 4336 1297 4382 se
1322 4323 1384 4382 et
1413 4319 1622 4401 primo
1648 4318 1935 4401 respiciat
1956 4320 2324 4385 bonitatem.

793 4425 974 4502 Quod
1026 4425 1263 4490 iterum
1300 4425 1781 4508 propinquitas,
1836 4426 2122 4507 videtur,
2173 4428 2329 4512 quia

790 4551 985 4617 penes
1033 4532 1205 4597 illam
1256 4531 1600 4597 attenditur
1645 4536 1708 4596 et
1769 4533 2131 4615 assignatur
2174 4538 2328 4601 ordo

790 4639 1133 4704 charitatis.

870 4747 1055 4830 Resp.
1092 4745 1439 4810 Dicendum
1483 4746 1652 4828 quod
1690 4750 1783 4810 est
1819 4764 2000 4812 amor
2044 4749 2328 4832 compla-

788 4854 1038 4933 centiae,
1071 4859 1134 4917 et
1161 4852 1618 4917 beneficentias.
1652 4854 1887 4918 Amore
1927 4855 2323 4938 complacen-

788 4961 896 5026 tiae
948 4965 1121 5023 amat
1163 4959 1308 5041 quis
1356 4958 1664 5041 aliquem,
1710 4960 1966 5041 quando
2014 4963 2159 5044 quis
2190 4966 2329 5047 ejus

789 5067 951 5132 sacta
978 5069 1281 5149 acceptat,
1313 5069 1376 5129 et
1413 5067 1623 5148 ipsum
1655 5068 1993 5149 approbat,
2033 5073 2098 5133 et
2135 5070 2328 5135 etiam

790 5174 856 5238 in
883 5174 1161 5239 bonitate
1185 5175 1329 5256 ejus
1349 5173 1694 5255 complacet
1724 5174 1873 5253 sibi3
1919 5194 2137 5242 amore
2174 5196 2326 5243 vero

791 5280 1222 5343 beneticentiae
1281 5284 1452 5342 amat
1514 5279 1657 5362 quis
1712 5281 2015 5364 aliquem,
2070 5287 2326 5368 quando

795 5385 933 5450 vult
960 5386 1019 5449 ei
1044 5386 1432 5463 benefacere,
1464 5390 1528 5449 et
1546 5387 1755 5469 diligit
1797 5408 1947 5455 eum
1964 5438 1984 5470 ‚
2029 5411 2164 5475 non
2192 5397 2326 5457 tan·

1867 420 2488 489 SENTENTIARUM
2526 421 2678 489 LIB.
2724 423 2833 490 111.

2422 560 2564 623 tum
2586 558 2739 641 quia
2765 559 2849 623 sit
2874 559 3105 638 bonus,
3135 559 3243 625 sed
3271 562 3343 625 ut
3369 559 3452 624 sit
3479 561 3709 626 bonus.
3741 561 3932 639 Quan-

2420 668 2566 729 tum
2589 665 2669 731 ad
2691 665 2972 748 primum
3014 684 3319 746 amorem,
3348 667 3661 750 ponderat
3687 668 3933 747 bonitas3

2422 777 2736 854 quantum
2756 774 2832 838 ad
2856 774 3230 854 secundum,
3249 775 3559 858 ponderat
3580 776 3937 859 propinqui-

2423 883 2540 944 tas.
2572 878 2751 945 Unde
2778 884 2911 946 esto
2937 882 3111 965 quod
3135 887 3315 966 pater
3332 899 3518 947 meus
3534 883 3616 947 sit
3638 883 3864 963 malus,
3888 889 3939 949 ct

2422 986 2587 1050 alius
2649 991 2991 1052 extraneus
3057 988 3139 1053 sit
3195 989 3437 1066 bonuS,
3498 990 3712 1071 magis
3767 992 3938 1057 debeo

2422 1092 2606 1172 velle,
2638 1099 2701 1159 et
2724 1085 3098 1174 desiderare,
3130 1100 3193 1161 et
3219 1114 3563 1179 procurare
3591 1098 3766 1181 quod
3785 1103 3940 1182 pater

2424 1220 2608 1267 meus
2632 1202 2716 1266 sit
2741 1202 2979 1282 bonus,
3023 1208 3086 1268 et
3123 1203 3194 1269 in
3225 1204 3530 1270 charitate
3571 1211 3937 1289 permaneat.

2424 1328 2622 1392 quam
2646 1310 2813 1375 alius
2837 1313 3203 1390 extraneus,
3248 1310 3395 1375 licet
3439 1313 3659 1395 ipsum
3711 1318 3773 1379 et
3803 1314 3942 1378 facta

2422 1418 2586 1499 ejus,
2629 1418 2936 1499 quamdiu
2962 1418 3149 1482 estin
3175 1421 3345 1484 statu
3372 1420 3631 1501 peccati,
3672 1439 3800 1485 non
3841 1422 3940 1485 de-

2424 1524 2611 1588 beam
2637 1526 3008 1608 approbare.
3041 1524 3120 1590 Et
3145 1544 3258 1609 per
3280 1526 3403 1591 hoc
3431 1532 3601 1609 patet
3630 1529 3932 1610 responsio

2423 1631 2505 1695 ad
2526 1632 2945 1714 quaestionem
2969 1634 3352 1716 propositam
3374 1653 3392 1713 ;
3437 1638 3608 1717 patet
3634 1636 3822 1699 etiam
3852 1654 3935 1700 re-

2424 1741 2681 1823 sponsio
2708 1740 2787 1805 ad
2809 1741 3075 1823 objecta.
3127 1743 3137 1754 ’

3072 1936 3212 1983 DUB.
3262 1938 3327 1982 V.

2750 2044 2977 2095 Perfecta
3001 2043 3220 2096 charitas
3244 2044 3355 2097 haec
3384 2048 3466 2097 est
3481 2084 3499 2111 ‚
3528 2049 3630 2098 etc.

2507 2173 2815 2257 Objicitur
2840 2179 3063 2239 contra
3083 2157 3204 2239 hoc
3230 2192 3249 2239 ε
3277 2175 3434 2258 quia
3458 2177 3513 2241 si
3542 2177 3687 2243 haec
3710 2183 3801 2243 est
3824 2198 3945 2262 per-

2425 2282 2587 2352 fecta
2627 2280 2904 2345 charitas
2948 2285 3026 2346 ut
3066 2282 3148 2345 sit
3190 2288 3449 2365 paratus
3497 2303 3616 2365 pro
3666 2287 3949 2351 fratribus

2427 2391 2624 2469 mori,
2667 2407 2818 2453 cum
2854 2389 3048 2453 homo
3100 2389 3172 2453 in
3237 2389 3606 2473 imperfecta
3667 2394 3950 2459 charitate

2427 2499 2773 2562 consistens
2818 2515 2949 2563 non
2991 2499 3073 2561 sit
3112 2502 3370 2581 paratus
3433 2501 3600 2565 mori
3654 2520 3773 2584 pro
3818 2502 3947 2580 Deo,

2426 2604 2682 2669 videtur
2718 2605 2891 2688 quod
2926 2606 3238 2687 perfectus
3272 2607 3552 2689 amplius
3589 2607 3803 2690 diligit
3828 2629 3954 2692 pro-

2426 2711 2716 2793 ximum,
2764 2728 2962 2795 quam
3003 2713 3413 2794 imperfectus
3448 2713 3685 2780 Deum.
3730 2714 3852 2782 Sed
3894 2716 3952 2778 in

2428 2819 2820 2883 contrarium
2847 2818 3046 2901 hujus
3087 2823 3203 2900 est,
3250 2820 3408 2903 quia
3443 2821 3726 2886 charitas
3763 2841 3957 2906 quan-

2428 2928 2850 3010 tumcumque
2875 2945 3074 3009 parva
3099 2926 3307 3008 diligit
3333 2926 3536 2992 Deum
3583 2935 3844 3013 propter
3872 2950 3950 3006 se,

2433 3037 2498 3097 et
2520 3051 2713 3114 super
2739 3034 2991 3112 omnia;
3039 3034 3161 3097 hoc
3199 3037 3417 3098 autem
3452 3036 3961 3118 nunquam.t'acit

2433 3141 2745 3224 perfectus
2767 3142 3087 3226 proximo.
3107 3141 3303 3207 Juxta
3319 3141 3443 3207 hoc
3458 3143 3774 3225 quaeritur
3793 3166 3808 3208 ε
3826 3163 3957 3209 cum

2431 3250 2705 3313 charitas
2729 3250 2809 3312 sit
2847 3249 3320 3313 nobilissimum
3368 3267 3533 3332 opus
3574 3250 3721 3327 Dei,
3763 3255 3828 3315 et
3865 3252 3960 3314 Dei

2431 3349 2701 3431 perfecta
2739 3346 2866 3411 sint
2885 3365 3100 3429 opera,
3124 3347 3380 3412 videtur
3406 3348 3579 3430 quod
3598 3349 3815 3414 omnis
3830 3350 3963 3414 cha·

2433 3442 2585 3519 ritas
2613 3455 2695 3518 sit
2715 3455 2989 3537 perfecta
3018 3472 3036 3518 ε
3069 3455 3236 3525 male
3289 3473 3446 3536 ergo
3489 3455 3599 3519 hic
3638 3457 3966 3540 distinguit

2433 3581 2548 3647 per
2579 3563 2956 3645 perfectum,
2998 3567 3060 3625 et
3103 3562 3570 3645 imperfectum.
3612 3563 3814 3629 Juxta
3853 3565 3965 3628 boc

2433 3671 2627 3735 etiam
2654 3675 2863 3753 posset
2886 3670 3126 3752 quaeri,
3173 3670 3493 3752 quomodo
3537 3669 3820 3735 charitas
3844 3672 3968 3734 im-

2433 3776 2705 3858 perfecta
2741 3774 2973 3838 habeat
3023 3773 3262 3855 pertici,
3302 3777 3365 3836 et
3396 3774 3658 3854 augeri;
3706 3775 3822 3839 sed
3857 3775 3972 3840 hoc

2433 3883 2556 3947 fuit
2576 3882 3067 3947 determinatum
3096 3881 3166 3945 in
3193 3880 3403 3962 primo
3439 3880 3550 3945 lib.
3576 3929 3596 3960 ,
3636 3881 3787 3947 dist.
3818 3899 3966 3959 xvn,

2435 3991 2591 4053 etin
2619 3988 2919 4067 secundo,
2946 3987 3093 4051 dist.
3122 4004 3305 4051 xxvi.

2516 4098 2698 4180 Resp.
2752 4096 3101 4162 Dicendum
3152 4097 3323 4181 quod
3360 4097 3624 4180 signum
3681 4099 3972 4181 perfecta!

2436 4204 2782 4283 charitatis,
2814 4209 2877 4267 et
2902 4203 3163 4268 effectus
3180 4252 3198 4283 ‚
3252 4208 3347 4268 est
3378 4204 3828 4287 promptitudo
3855 4222 3975 4269 mo-

2438 4313 2645 4378 riendi
2671 4330 2786 4394 pro
2825 4312 3019 4375 fratre
3067 4334 3083 4374 :
3130 4312 3252 4374 ista
3286 4314 3505 4374 tamen
3537 4311 3975 4395 promptitudo

2436 4439 2568 4487 non
2596 4421 2761 4484 inest
2782 4419 3073 4484 charitati
3092 4419 3494 4483 solummodo
3521 4437 3605 4483 ex
3644 4420 3977 4486 dilectione

2440 4529 2673 4608 fratris,
2704 4528 2816 4595 sed
2842 4546 2924 4593 ex
2952 4527 3285 4592 dilectione
3309 4527 3522 4591 frah-is
3547 4526 3754 4592 relata
3778 4528 3862 4593 ad
3887 4527 3978 4592 di-

2439 4640 2775 4704 lectionem
2807 4637 2940 4715 Dei,
2973 4653 3170 4720 quem
3195 4635 3510 4720 perfectus
3533 4628 3805 4719 propter
3831 4654 3900 4700 se
3920 4641 3977 4698 et

2437 4764 2630 4829 super
2666 4744 2882 4810 omnia
2929 4723 3171 4824 diligit,
3212 4748 3277 4807 et
3325 4744 3407 4806 ob
3443 4744 3634 4825 cujus
3689 4761 3978 4807 amorem

2437 4855 2628 4918 etiam
2656 4870 2773 4936 pro
2797 4852 2933 4934 ipso
2960 4851 3151 4913 tratre
3172 4849 3314 4914 vult
3329 4849 3530 4913 mori:
3552 4849 3721 4927 ideo,
3758 4868 3979 4933 quam·

2435 4960 2537 5025 vis
2575 4959 2698 5024 hoc
2745 4976 2879 5022 non
2915 4955 3269 5039 reperiatur
3311 4955 3381 5018 in
3420 4956 3559 5020 viro
3602 4956 3979 5039 imperfecto

2435 5071 2723 5151 respectu
2748 5065 2885 5157 Dei,
2916 5083 3048 5129 non
3071 5069 3283 5129 tamen
3309 5063 3603 5146 sequitur
3635 5065 3826 5145 quod
3860 5064 3978 5129 mi-

2434 5196 2561 5243 nus
2598 5176 2821 5258 diligat
2855 5174 3090 5251 Deum,
3138 5189 3335 5255 quam
3394 5172 3714 5254 perfectus
3758 5173 3980 5256 proxi-

2436 5303 2650 5363 mum3
2680 5283 2789 5348 sed
2817 5282 2969 5366 quia
2996 5281 3207 5345 minor
3233 5284 3329 5343 est
3351 5278 3601 5345 dilectio
3640 5282 3854 5347 unius
3895 5298 3981 5345 re-

2435 5396 2653 5476 spectu
2695 5390 2843 5469 Dei,
2894 5406 3087 5473 quam
3127 5386 3404 5452 alterius.
3469 5386 3567 5451 Ad
3612 5387 3785 5453 illud
3815 5386 3979 5472 quod
