4185 6288
522 2304 690 2362 Impro-

474 2369 608 2412 batio.

719 458 796 517 {6

715 590 1082 651 nasceretur
1097 586 1398 669 quaedam
1417 583 1746 648 Trinitatis
1763 581 2073 658 confusi0,
2100 582 2258 645 dum

714 692 932 777 plures
967 693 1039 756 in
1078 691 1381 756 Trinitate
1422 691 1537 754 filii
1594 690 1994 768 dicerentur;
2048 705 2268 753 nasce-

716 806 893 864 retur
920 802 1110 864 etiam
1136 799 1437 882 quaedam
1466 798 1849 883 aequalitatis
1873 796 2218 863 diminutio
2244 845 2262 875 ,

716 907 874 970 dum
915 907 1043 972 duo
1083 906 1197 969 sslii
1240 910 1447 971 essent
1492 906 1559 970 in
1598 904 1940 984 Trinitate,
1982 921 2264 987 quorum

715 1032 888 1078 unus
940 1014 1201 1078 baberet
1251 1014 1763 1079 excellentiorem
1826 1012 2223 1077 nobilitatem
2244 1059 2260 1086 ,

715 1140 913 1203 quam
934 1121 1130 1198 alter;
1153 1125 1519 1185 nasceretur
1541 1121 1733 1184 etiam
1752 1119 2048 1202 quaedam
2069 1135 2267 1200 oppo-

714 1228 983 1293 sitorum
1009 1228 1418 1304 indistincti0‚
1455 1226 1607 1309 quia
1627 1231 1782 1291 tunc
1799 1245 1974 1290 unus
2000 1229 2063 1290 et
2088 1225 2263 1288 idem

715 1336 886 1400 filius
913 1336 1172 1418 genitus
1191 1338 1255 1398 et
1272 1335 1603 1415 ingenitus
1628 1333 1966 1409 diceretur,
1992 1332 2047 1395 si
2074 1330 2264 1396 Pater

715 1445 1176 1508 incarnaretur.
1213 1441 1291 1506 Et
1327 1441 1470 1507 haec
1511 1441 1734 1506 omnia
1767 1444 1918 1505 sunt
1954 1440 2265 1506 inconve-

715 1552 974 1616 nientia.
1027 1549 1104 1614 Et
1153 1550 1307 1634 quia
1348 1549 1513 1614 nihil
1555 1546 2015 1613 inconveniens
2060 1550 2267 1629 potest

716 1658 867 1742 poni
901 1659 969 1722 in
1008 1663 1134 1723 Deo
1173 1657 1252 1741 (a)
1273 1705 1289 1734 ‚
1327 1661 1391 1721 et
1424 1656 1591 1721 circa
1624 1655 1855 1732 Deum;
1902 1654 2046 1719 ideo
2078 1653 2266 1717 dixe-

714 1773 869 1832 runt
894 1768 1068 1850 quod
1095 1766 1276 1831 nulla
1302 1764 1426 1829 alia
1457 1782 1730 1848 persona
1756 1782 1796 1827 a
1822 1779 2094 1845 persona
2122 1761 2265 1826 Filii

717 1874 992 1958 potuerit
1042 1874 1362 1937 incarnari
1385 1921 1404 1952 ,
1456 1890 1589 1936 non
1640 1874 1896 1954 propter
1949 1870 2265 1935 defectum

720 1980 1036 2065 potentiae,
1077 1980 1185 2044 sed
1222 1982 1480 2063 propter
1510 1978 1893 2059 dignitatem
1928 1994 2220 2060 personae
2243 2024 2262 2056 ,

717 2108 864 2172 quae
919 2108 1049 2153 non
1096 2087 1372 2153 admittit
1431 2086 1690 2169 aliquod
1750 2084 2049 2150 indecens
2099 2084 2267 2148 circa

716 2215 910 2261 suum
937 2214 1121 2279 opus.
1155 2195 1276 2259 Sed
1309 2194 1455 2258 licet
1480 2192 1823 2259 videantur
1844 2191 1914 2255 in
1939 2191 2060 2255 hac
2084 2190 2263 2274 posi-

721 2304 888 2368 tione
906 2303 1088 2386 sequi
1103 2304 1361 2367 beatum
1387 2300 1788 2377 Anselmum,
1811 2300 2027 2381 ipsum
2042 2301 2264 2361 tamen

719 2412 1026 2477 veraciter
1060 2429 1193 2475 non
1231 2413 1627 2493 sequuntur,
1659 2425 1774 2491 pro
1820 2425 1896 2471 eo
1930 2406 2103 2489 quod
2147 2423 2268 2470 nec

715 2520 1056 2585 Anselmus
1089 2518 1233 2583 vult
1263 2518 1387 2581 hoc
1428 2517 1669 2595 dicere,
1701 2533 1838 2580 esse
1876 2511 2268 2596 impossibile

715 2628 887 2711 apud
928 2628 1131 2693 Deum
1172 2627 1363 2691 aliam
1401 2642 1741 2709 personam
1776 2623 1815 2687 a
1850 2622 2014 2687 Filio
2052 2621 2269 2684 incar-

715 2736 888 2813 nari;
930 2735 1038 2799 sed
1076 2734 1217 2798 vult
1259 2733 1382 2797 hoc
1408 2731 1762 2810 ostendere,
1806 2731 1977 2814 quod
2007 2749 2140 2794 nou
2171 2734 2267 2794 est

715 2844 802 2908 ita
828 2843 1056 2907 decens
1082 2842 1158 2907 de
1185 2841 1310 2906 alia
1335 2859 1636 2924 persona,
1673 2839 1838 2904 sicut
1874 2838 1957 2904 de
1994 2857 2266 2921 persona

715 2945 897 3009 Filii:
933 2950 996 3010 et
1027 2946 1147 3009 boc
1187 2962 1418 3010 verum
1463 2948 1589 3022 est,
1623 2941 1790 3007 sicut
1816 2941 2046 3006 melius
2084 2941 2266 3007 vide-

648 3105 689 3148 ,ο
715 3052 891 3116 bitur
916 3052 1104 3115 infra.
1137 3050 1319 3128 Quod
1344 3054 1561 3115 autem
1591 3048 1809 3127 Pater,
1838 3053 1951 3114 aut
1986 3048 2264 3131 Spiritus

549 3181 572 3210 e
592 3168 692 3211 0⁶⁸·
719 3166 975 3226 sanctus
997 3162 1317 3226 incarnari
1350 3160 1543 3244 possit
1566 3161 1805 3243 absque
1827 3160 2042 3242 aliqua
2069 3175 2263 3241 repu-

720 3269 1010 3351 gnantia,
1055 3270 1320 3353 planum
1349 3275 1475 3333 est:
1524 3273 1734 3351 posset
1775 3268 1946 3331 euim
1989 3268 2263 3331 formare

716 3377 837 3441 sibi
864 3395 1116 3461 corpus,
1150 3378 1326 3461 quod
1360 3377 1478 3440 sibi
1511 3375 1725 3441 uniret
1750 3374 1827 3438 de
1864 3391 2102 3455 genere
2134 3372 2263 3436 hu-

717 3503 911 3550 mano
942 3504 1073 3550 non
1101 3505 1217 3569 per
1250 3486 1430 3551 viam
1457 3483 1906 3567 generationis,
1935 3481 2103 3545 sicut
2127 3482 2262 3545 for-

718 3594 920 3660 mavit
943 3612 1173 3678 corpus
1191 3593 1367 3675 Evae,
1398 3612 1546 3678 quae
1566 3613 1695 3660 non
1716 3593 1947 3659 dicitur
1966 3608 2103 3655 esse
2130 3589 2265 3654 filia

716 3704 895 3769 Adae.
926 3701 1270 3783 Praeterea,
1310 3707 1443 3768 esto
1484 3703 1654 3787 quod
1690 3701 1815 3766 alia
1852 3717 2126 3783 persona
2160 3715 2265 3761 as-

715 3812 1088 3896 sumpsisset
1114 3830 1374 3876 carnem
1399 3811 1478 3876 de
1506 3808 1795 3891 Virgine,
1826 3809 1992 3873 sicut
2009 3824 2261 3871 assum-

716 3923 840 4005 psit
866 3921 1171 4001 Verbum,
1206 3921 1415 3985 adhuc
1454 3938 1585 3984 non
1626 3921 1790 3983 esset
1821 3917 1907 3981 ibi
1946 3915 2258 3993 confusio,

717 4049 925 4113 neque
951 4030 1333 4113 aequalitatis
1349 4027 1690 4092 diminutio
1710 4024 2066 4089 secundum
2095 4040 2254 4101 rem,

716 4139 870 4221 quia
905 4157 988 4204 ex
1028 4138 1151 4202 hoc
1189 4137 1366 4201 nulla
1403 4137 1585 4199 fieret
1620 4130 2068 4197 transmutatio
2097 4130 2262 4193 circa

717 4263 1021 4330 personas
1056 4244 1324 4309 divinas.
1366 4241 1552 4307 Nulla
1596 4241 1770 4306 enim
1812 4243 1908 4304 est
1943 4237 2255 4319 confusio,

717 4352 974 4435 quando
997 4371 1113 4416 nos
1138 4351 1457 4415 credimus
1483 4349 1659 4432 quod
1687 4366 1857 4412 unus
1881 4351 1945 4412 et
1967 4346 2138 4411 idem
2167 4349 2262 4409 est

713 4459 1080 4544 temporalis
1110 4463 1174 4523 et
1215 4462 1517 4536 aeternuS,
1552 4454 1929 4519 immortalis
1976 4457 2040 4518 et
2083 4471 2262 4516 mor-

713 4572 887 4648 tuus,
922 4568 1275 4631 immensus
1311 4569 1374 4629 et
1412 4562 1950 4645 circumscriptus.
1993 4558 2259 4624 Nullum

713 4675 905 4739 etiam
927 4678 1023 4738 est
1047 4672 1525 4751 inconveniens,
1558 4689 1708 4735 cum
1733 4668 1967 4733 Filium
1986 4665 2260 4731 dicimus

713 4801 848 4849 esse
874 4782 1185 4866 aequalem
1230 4780 1429 4860 Patri,
1477 4784 1543 4845 et
1567 4780 1881 4844 minorem
1912 4775 2118 4855 Patre,
2153 4794 2260 4841 se-

714 4890 1001 4956 cundum
1060 4894 1442 4954 naturarum
1506 4887 1896 4971 qualitatem.
1971 4884 2049 4949 Et
2115 4883 2259 4948 ideo

713 4998 1187 5064 concedendum
1213 5000 1328 5077 est,
1360 4996 1524 5061 sicut
1549 4993 1849 5077 Magister
1876 4993 2030 5058 dicit
2056 4992 2125 5055 in
2148 4992 2262 5056 lit-

713 5110 871 5184 tera,
894 5105 1066 5190 quod
1085 5105 1390 5189 quaelibet
1401 5105 1600 5170 trium
1619 5120 2039 5185 personarum
2055 5104 2262 5184 potest

713 5219 777 5280 et
801 5215 1008 5298 potuit
1031 5213 1375 5279 incarnari.

794 5328 826 5388 1
839 5371 855 5389 .
882 5323 984 5388 Ad
1005 5321 1162 5387 illud
1191 5340 1351 5405 ergo
1372 5320 1543 5405 quod
1567 5318 1775 5403 primo
1806 5317 2153 5402 opponitur
2185 5316 2256 5381 in

778 5456 845 5521 (α)
871 5455 991 5507 Cat.
1018 5453 1142 5505 edit.
1169 5456 1354 5505 Deum.

1871 442 2493 511 SEN'l'ENTIARUM
2533 444 2681 510 ΜΒ.
2722 445 2831 511 111.

2378 582 2770 646 contrarium
2788 631 2808 663 ,
2869 582 3041 666 quod
3098 583 3154 644 si
3211 581 3398 648 Pater
3443 584 3886 678 incarnaretur
3907 630 3925 660 ‚

2376 692 2546 773 quod
2575 692 2703 757 duo
2741 696 2895 758 tunc
2939 695 3149 758 essent
3189 691 3306 756 filii
3329 741 3346 769 ,
3374 692 3714 758 dicendum
3753 692 3923 774 quod

2376 798 2495 863 ista
2519 800 2682 864 ratio
2728 801 3010 883 procedit
3036 801 3362 885 supposito
3401 801 3572 884 quod
3600 800 3765 866 Deus
3798 819 3922 865 non

2375 907 2572 988 possit
2601 907 2784 972 aliter
2823 926 3149 972 assumere
3193 926 3453 972 carnem
3474 957 3491 987 ,
3535 909 3691 991 quin
3739 927 3923 972 assu-

2377 1017 2579 1077 meret
2604 1014 2683 1078 de
2728 1014 2995 1079 muliere
3029 1019 3338 1097 tanquam
3377 1034 3460 1080 ex
3500 1019 3704 1079 matre
3741 1037 3758 1078 ι
3804 1014 3925 1079 hoc

2375 1123 2593 1184 autem
2637 1125 2733 1185 est
2778 1121 3011 1186 falsum
3034 1170 3051 1201 ,
3094 1121 3250 1204 quia
3291 1120 3474 1185 aliter
3513 1124 3723 1204 posset
3760 1118 3926 1185 Deus

2374 1226 2494 1289 sibi
2526 1245 2785 1292 carnem
2807 1247 3155 1308 assumere,
3187 1228 3242 1292 si
3272 1228 3396 1291 sibi
3419 1228 3714 1311 placeret.
3750 1227 3926 1291 Prae-

2376 1337 2550 1398 terea
2571 1382 2589 1412 ‚
2629 1339 2762 1400 esto
2800 1336 2972 1419 quod
3014 1335 3138 1401 alia
3186 1354 3460 1419 persona
3488 1334 3927 1418 assumpsisset

2376 1459 2634 1506 carnem
2667 1443 2746 1507 de
2772 1443 3030 1525 virgine
3053 1492 3071 1523 ,
3103 1448 3167 1507 et
3191 1446 3354 1508 esset
3394 1442 3568 1507 filius
3612 1440 3922 1523 virginis,

2375 1548 2595 1613 hocin
2616 1550 2795 1615 nullo
2822 1551 3158 1633 derogaret
3189 1551 3317 1616 Deo
3340 1600 3357 1630 ,
3398 1550 3551 1634 quia
3590 1548 3754 1612 nihil
3778 1566 3925 1631 per-

2377 1656 2551 1722 deret
2579 1658 2665 1722 ibi
2689 1659 2908 1724 divina
2924 1678 3197 1743 persona
3225 1681 3240 1725 ε
3268 1662 3331 1724 et
3350 1659 3495 1725 ideo
3512 1660 3567 1723 si
3592 1661 3690 1723 est
3714 1657 3927 1722 incon·

2378 1765 2642 1830 veniens
2664 1816 2682 1846 ,
2739 1766 2862 1832 hoc
2909 1772 3005 1832 est
3063 1769 3275 1833 solum
3329 1771 3590 1852 propter
3643 1769 3925 1830 nostram

2375 1876 2843 1956 reputationem
2883 1882 2948 1941 et
2984 1876 3557 1942 ratiocinationem.
3604 1874 3766 1940 Cum
3803 1893 3925 1938 au-

2377 1985 2506 2046 tem
2541 1982 2689 2047 dicit
2725 1983 3069 2048 Anselmus
3108 1984 3286 2068 quod
3327 1986 3926 2067 quantumcumque

2375 2090 2652 2172 pa'rvum
2680 2091 3139 2157 inconvenieus
3158 2093 3225 2156 in
3254 2092 3381 2156 Deo
3400 2095 3495 2156 est
3511 2089 3922 2175 impossibile,

2376 2194 2714 2261 dicendum
2744 2198 2913 2280 quod
2941 2199 3065 2264 hoc
3090 2198 3474 2280 intelligitur
3500 2196 3579 2261 de
3605 2216 3681 2262 eo
3702 2244 3719 2274 ,
3750 2195 3918 2278 quod

2376 2307 2473 2367 est
2519 2305 2973 2371 inconveniens
3021 2306 3092 2371 in
3143 2306 3267 2371 Deo
3297 2306 3654 2371 secundum
3698 2322 3770 2368 se
3819 2325 3834 2367 :
3866 2306 3927 2366 et

2375 2410 2498 2474 tale
2527 2416 2622 2475 est
2646 2412 3134 2494 inconvenienS,
3167 2413 3340 2498 quod
3369 2414 3549 2478 nullo
3592 2413 3786 2477 modo
3812 2428 3925 2494 po-

2375 2520 2495 2581 test
2520 2537 2655 2583 esse
2682 2520 3089 2598 conveniens,
3121 2525 3188 2586 et
3234 2521 3375 2586 ideo
3398 2525 3494 2585 est
3510 2517 3920 2603 impossibile.

2382 2624 2462 2689 De
2487 2643 2564 2689 eo
2587 2632 2803 2690 autem
2831 2646 2965 2692 non
3004 2628 3200 2693 habet
3228 2628 3560 2693 veritatem
3579 2674 3596 2703 ,
3633 2625 3807 2708 quod
3834 2628 3927 2688 est

2375 2730 2830 2798 inconveniens
2856 2735 3212 2800 secundum
3236 2739 3520 2799 nostram
3547 2732 3925 2798 aestimatio-

2374 2857 2560 2918 nem,
2611 2841 2766 2923 quia
2800 2841 2964 2906 Deus
3006 2845 3215 2924 posset
3248 2842 3407 2906 illud
3443 2843 3646 2906 facere
3688 2857 3925 2904 conve-

2374 2947 2580 3011 niens.
2605 2947 2782 3013 Unde
2798 2949 2963 3014 sicut
2980 2950 3387 3015 concedimus
3402 2949 3479 3014 de
3495 2949 3711 3032 aliquo
3729 2947 3919 3025 male,

2374 3055 2545 3136 quod
2581 3059 2785 3139 potest
2812 3057 2976 3122 Deus
3004 3059 3207 3124 facere
3244 3058 3400 3123 illud
3422 3106 3439 3135 ,
3471 3076 3589 3142 pro
3635 3075 3713 3122 eo
3756 3054 3920 3139 quod

2372 3163 2532 3230 illud
2547 3170 2753 3248 potest
2767 3168 2928 3234 bene
2947 3169 3110 3249 fleri,
3133 3169 3297 3233 sicut
3309 3172 3405 3233 est
3422 3168 3660 3232 malum
3680 3182 3919 3249 poenae3

2372 3272 2452 3338 de
2478 3274 2692 3358 aliquo
2722 3295 2875 3342 vero
2915 3297 3047 3343 non
3065 3327 3082 3356 ,
3113 3277 3284 3361 quod
3324 3281 3417 3340 est
3463 3273 3820 3341 secundum
3858 3290 3924 3335 se

2374 3381 2640 3460 malum,
2670 3384 2842 3466 quod
2868 3384 3049 3449 nullo
3078 3385 3265 3450 modo
3299 3386 3503 3466 potest
3531 3382 3696 3446 bene
3726 3380 3867 3445 fleri
3900 3397 3917 3442 ε

2372 3488 2463 3552 sic
2516 3488 2708 3553 etiam
2761 3490 2830 3555 in
2879 3491 3201 3574 proposito
3248 3493 3342 3554 est
3383 3487 3880 3570 intelligendum
3900 3535 3918 3566 ,

2373 3613 2525 3659 cum
2553 3595 2785 3662 dicitur
2818 3620 2832 3661 :
2867 3597 3205 3675 Quodlibet
3222 3596 3678 3662 inconveniens
3703 3596 3774 3659 in
3796 3594 3921 3659 Deo

2372 3708 2465 3768 est
2492 3704 2902 3788 impossibile.

2450 3816 2511 3875 2.
2543 3813 2642 3878 Ad
2684 3813 2842 3878 illud
2884 3815 3054 3896 quod
3092 3813 3464 3897 opponitur,
3501 3811 3671 3894 quod
3710 3811 3921 3875 incar-

2371 3919 2548 3983 natio
2591 3939 2721 3984 non
2766 3925 2861 3986 est
2885 3921 3060 3986 aliud
3099 3940 3293 4004 quam
3319 3921 3392 3986 in
3420 3938 3679 3985 carnem
3714 3917 3916 3995 mitti,

2372 4027 2711 4092 dicendum
2744 4029 2915 4111 quod
2952 4048 3182 4094 verum
3210 4034 3304 4094 est
3342 4032 3534 4112 prout
3562 4025 3917 4091 incarnatio

2371 4135 2604 4200 dicitur
2649 4137 2726 4201 de
2772 4138 2908 4201 filio
2957 4157 2976 4201 ε
3034 4138 3143 4203 sed
3197 4136 3516 4201 incarnari
3562 4134 3915 4200 secundum

2370 4261 2565 4308 suum
2600 4243 2990 4310 intellectum
3030 4245 3396 4328 generalem
3431 4262 3567 4308 non
3595 4243 3748 4307 dicit
3774 4240 3916 4323 plus

2370 4371 2571 4436 quam
2612 4353 2789 4417 uniri
2834 4353 3012 4417 carni
3061 4352 3130 4416 in
3178 4352 3427 4416 unitate
3474 4366 3788 4433 personae.
3838 4345 3917 4409 Et

2370 4459 2672 4542 quamvis
2727 4477 2997 4542 persona
3045 4458 3246 4523 Patris
3291 4477 3424 4522 non
3469 4456 3663 4540 possit
3707 4453 3913 4529 mitti,

2370 4570 2576 4650 potest
2619 4572 2835 4633 tamen
2877 4568 3052 4632 uniri
3089 4586 3107 4631 :
3155 4572 3218 4631 et
3256 4567 3400 4631 ideo
3437 4564 3600 4629 ratio
3642 4563 3754 4627 illa
3783 4578 3914 4625 non

2369 4675 2583 4752 tenet,
2613 4692 2729 4757 pro
2756 4692 2833 4738 eo
2859 4674 3030 4757 quod
3073 4673 3355 4758 procedit
3378 4672 3460 4736 ab
3503 4669 3792 4736 inferiori
3835 4667 3915 4732 ad

2369 4781 2666 4864 superius
2698 4780 3104 4845 destruend0.

2451 4892 2511 4952 3.
2544 4886 2642 4951 Ad
2669 4886 2825 4951 illud
2856 4885 3029 4969 quod
3056 4884 3401 4969 opponitur
3419 4933 3437 4966 ,
3479 4882 3653 4967 quod
3695 4882 3916 4946 incar-

2368 4997 2511 5061 nari
2560 4999 2655 5059 est
2704 4995 3037 5078 proprium
3092 4992 3278 5074 Filii,
3326 4991 3691 5070 dicendum,
3742 4986 3914 5073 quod

2369 5103 2535 5169 sicut
2571 5103 2625 5166 si
2666 5101 2891 5166 Petrus
2929 5101 3011 5165 sit
3048 5101 3276 5166 unicus
3302 5100 3472 5164 filius
3518 5097 3749 5176 Pauli,
3785 5113 3918 5161 esse

2371 5211 2578 5276 filium
2619 5208 2803 5275 Pauli
2845 5215 2938 5276 est
2983 5209 3316 5293 proprium
3358 5205 3524 5271 Petri
3545 5254 3562 5284 ,
3597 5224 3729 5270 non
3767 5202 3918 5287 quia

2369 5338 2504 5385 non
2533 5319 2731 5403 possit
2757 5317 3101 5384 convenire
3138 5315 3354 5395 alteri,
3392 5313 3502 5380 sed
3537 5313 3695 5397 quia
3739 5327 3916 5375 nunc

2371 5446 2502 5494 non
2528 5429 2825 5496 convenit
2849 5428 2995 5511 alii3
3024 5427 3114 5493 sic
3140 5427 3333 5493 etiam
3361 5426 3435 5491 in
3461 5424 3783 5511 proposito
3808 5422 3916 5486 in-
