4185 6288
756 498 838 560 40
1873 493 2499 564 SENTENTIARUM
2538 493 2687 561 ΗΒ.
2733 494 2842 560 111.

1261 754 1621 833 QUAESTlo
1663 756 1771 822 111.

752 919 849 977 An
889 921 1122 977 Verbum
1160 919 1404 978 debuerit
1447 936 1708 978 amonem
1740 927 1908 979 totam
1952 927 2211 979 naturam
2238 925 2301 977 in

1016 1012 1190 1082 speeie
1210 1012 1395 1082 potius
1419 1026 1582 1082 quom
1610 1014 1671 1068 in
1696 1011 1982 1068 individuo
2004 1013 2044 1066 ¹.

518 1160 585 1204 Ad
621 1174 724 1217 ⁰1³1>-
832 1168 1061 1234 Utrum
1101 1171 1309 1254 major
1348 1172 1432 1235 sit
1468 1173 1841 1256 congruitas
1866 1172 1944 1236 ad
1992 1172 2299 1236 unionem

750 1277 820 1341 in
842 1282 973 1342 tota
997 1280 1207 1362 specie
1233 1280 1541 1361 humana,
1571 1300 1769 1363 quam
1801 1280 1871 1344 iu
1897 1299 2032 1345 uno
2059 1279 2300 1345 indivi-

750 1386 914 1466 duo;
945 1391 1010 1451 et
1033 1388 1206 1470 quod
1247 1390 1454 1473 major
1480 1390 1655 1452 sitin
1686 1393 1815 1453 tota
1841 1389 2131 1453 humana
2158 1408 2300 1473 spe-

749 1493 866 1569 cie,
906 1494 1185 1571 videtur,
1224 1496 1380 1579 quia
1409 1500 1541 1561 tota
1577 1496 1905 1578 indigebat
1942 1497 2294 1561 curatione.

748 1600 1264 1666 EtDamascenus
1276 1602 1425 1667 dicit
1447 1610 1471 1644 ²
1498 1626 1515 1669 z
1548 1627 1578 1664 α
1597 1603 1780 1681 Quod
1807 1609 1946 1668 erat
1969 1605 2298 1669 inassum-

749 1707 966 1791 ptibile
986 1756 1005 1788 ,
1041 1713 1178 1773 erat
1215 1709 1569 1775 incurabile
1613 1734 1627 1771 :
1664 1733 1694 1769 n
1741 1729 1900 1792 ergo
1950 1711 2001 1774 si
2038 1716 2299 1795 propter

748 1816 1145 1881 curationem
1190 1817 1449 1899 generis
1486 1818 1757 1883 humani
1796 1818 1963 1884 Deus
1998 1824 2297 1884 naturam

748 1923 1113 2005 assumpsit,
1160 1923 1416 1988 videtur
1458 1926 1633 2008 quod
1679 1925 1888 2008 magis
1929 1944 2298 2009 congruum

747 2027 870 2093 ruit
912 2032 1110 2094 totam
1156 2030 1432 2113 speciem
1470 2051 1795 2097 assumere
1817 2082 1835 2113 ,
1863 2051 2059 2116 quam
2096 2053 2298 2099 unam

750 2141 1049 2202 naturam
1075 2138 1494 2221 singularem.

828 2249 892 2310 2.
924 2243 1083 2310 Item
1124 2247 1386 2329 majoris
1424 2248 1747 2330 potestatis
1773 2249 1996 2315 debuit
2022 2268 2159 2316 esse
2189 2269 2300 2317 re-

750 2357 1032 2436 parator,
1068 2373 1264 2437 quam
1297 2356 1544 2438 primus
1566 2358 2035 2440 praevaricator.
2080 2359 2204 2424 Sed
2231 2360 2301 2425 in

751 2463 962 2546 primo
987 2464 1474 2546 praevaricatore
1510 2464 1678 2530 Deus
1702 2467 1917 2549 posuit
1938 2469 2138 2532 totam
2163 2468 2297 2534 hu-

753 2588 1013 2634 manam
1058 2571 1333 2653 speciem
1359 2619 1376 2650 ,
1410 2572 1500 2637 ita
1524 2573 1696 2656 quod
1726 2573 1892 2639 nihil
1936 2581 2074 2639 erat
2118 2579 2302 2640 extra

752 2677 963 2761 ipsum
990 2678 1218 2759 Adam,
1249 2679 1355 2744 sed
1377 2698 1601 2745 omnes
1622 2681 1687 2744 in
1722 2682 1863 2765 ipso
1888 2686 2111 2748 erant:
2142 2702 2301 2765 ergo

753 2785 1011 2849 videtur
1048 2787 1222 2869 quod
1257 2788 1472 2869 magis
1516 2789 1891 2870 congruerit
1919 2789 2024 2853 Dei
2064 2789 2301 2854 Filium

754 2895 953 2956 totam
987 2911 1287 2970 massam,
1308 2913 1508 2977 quam
1535 2896 1743 2961 Adam
1768 2904 2159 2980 corruperat,
2188 2917 2301 2963 as-

752 3016 1030 3077 sumere,
1060 3018 1257 3082 quam
1285 3002 1569 3086 aliquam
1604 3006 1661 3087 ej
1670 3023 1747 3068 us
1784 3009 2054 3087 partem,

837 3109 898 3171 3.
950 3105 1109 3172 Item
1145 3108 1391 3174 bonum
1426 3115 1522 3175 est
1554 3110 1933 3176 diffusivum
1962 3113 2061 3176 sui
2094 3131 2111 3178 ε
2142 3131 2301 3196 ergo

755 3212 969 3294 magis
995 3213 1276 3294 bonum,
1306 3217 1517 3298 magis
1556 3217 1933 3283 diffusivum
1972 3242 1988 3284 ι
2034 3239 2193 3302 ergo
2229 3222 2300 3285 in

757 3320 1041 3384 maximo
1076 3322 1302 3386 effectu
1333 3324 1635 3388 bonitatis
1658 3325 1895 3390 divinae
1924 3329 2207 3393 maxime
2231 3348 2299 3394 se

746 3426 932 3491 debet
944 3426 1472 3495 Deusdiffundere
1506 3452 1522 3495 ε
1557 3431 1667 3495 sed
1696 3431 2020 3496 maximus
2037 3434 2303 3499 effectus

748 3534 1043 3598 bonitatis
1075 3535 1312 3601 divinas
1346 3538 1474 3602 fuit
1501 3538 1852 3620 redemptio
1884 3540 2141 3620 generis
2171 3541 2298 3605 hu-

749 3643 928 3710 mani
961 3663 1163 3727 :ergo
1207 3646 1637 3727 congruebat,
1682 3647 1855 3729 quod
1898 3649 2180 3713 maxime
2231 3667 2301 3715 se

748 3755 1173 3822 diffunderet:
1210 3773 1372 3837 ergo
1411 3756 1623 3837 magis
1653 3773 2019 3839 congruum
2058 3758 2184 3821 fuit
2227 3762 2302 3822 ut

748 3865 1106 3929 assumeret
1123 3861 1420 3945 speciem,
1448 3881 1648 3945 quam
1676 3862 1959 3946 aliquam
2002 3869 2300 3929 naturam

751 3971 1226 4056 particularem.

833 4081 895 4142 4.
943 4077 1100 4141 ltem
1146 4076 1345 4142 Filius
1384 4077 1619 4142 missus
1655 4082 1753 4142 est
1790 4079 1858 4143 in
1904 4086 2211 4160 mentem,
2238 4085 2304 4147 et

756 4186 993 4251 missus
1030 4185 1227 4250 estin
1260 4203 1518 4249 carnem
1548 4206 1566 4250 ι
1597 4187 1706 4252 sed
1751 4187 1965 4251 missio
2008 4187 2148 4253 Filii
2190 4189 2302 4254 Dei

756 4294 826 4357 in
854 4297 1135 4357 mentem
1171 4309 1304 4355 non
1344 4294 1597 4356 tantum
1625 4293 1881 4376 respicit
1914 4313 2117 4359 unam
2153 4299 2300 4362 ani-

758 4419 932 4465 mam
959 4401 1378 4483 singularem,
1412 4401 1518 4466 sed
1547 4420 1808 4467 omnem
1828 4404 2114 4469 animam
2144 4407 2303 4473 fllio-

757 4526 907 4572 rum
932 4506 1043 4572 Dei
1067 4524 1181 4590 per
1204 4506 1609 4591 adoptionem
1637 4531 1652 4573 :
1685 4528 1843 4591 ergo
1891 4513 2028 4594 pari
2055 4515 2304 4579 ratione

758 4613 976 4679 missio
1016 4614 1088 4678 in
1129 4632 1388 4680 carnem
1435 4632 1569 4680 non
1615 4615 1801 4681 debet
1827 4636 1963 4683 esse
1991 4620 2059 4682 in
2094 4640 2303 4686 unum

757 4739 989 4806 corpus
1014 4721 1363 4803 singulare,
1393 4722 1502 4786 sed
1531 4722 1598 4786 in
1626 4724 1844 4789 omnia
1868 4743 2135 4809 corpora
2168 4729 2302 4794 hu-

759 4847 952 4894 mana
972 4877 991 4910 ,
1037 4829 1143 4894 vel
1167 4829 1392 4894 saltem
1418 4830 1489 4894 in
1519 4829 1755 4914 aliqua,
1779 4851 1929 4916 quae
1958 4837 2304 4918 conjuncta

757 4939 910 5001 sunt
950 4937 1290 5002 animabus
1319 4938 1396 5002 ad
1440 4956 1604 5021 quas
1632 4940 1909 5004 mittitur
1947 4942 2169 5008 divina
2196 4964 2303 5010 sa-

756 5042 1014 5125 pientia.

519 5170 726 5217 ruam.
837 5150 1108 5217 Contra:
1139 5155 1375 5218 natura
1417 5170 1552 5217 non
1594 5154 1742 5218 facit
1770 5173 1885 5238 per
1911 5157 2128 5239 plura,
2155 5179 2304 5243 quae

826 5346 940 5412 ¹Cs.
963 5348 1017 5400 8.
1036 5346 1152 5410 Th„
1180 5362 1236 5413 p.
1258 5348 1347 5413 lll,
1365 5362 1417 5414 q.
1439 5360 1510 5414 xv,
1533 5354 1629 5402 art.
1648 5354 2060 5419 530t1118ent„
2078 5355 2197 5408 dist.
2227 5368 2302 5421 ιι,

759 5433 813 5484 q.
843 5432 891 5478 ι,
919 5422 1013 5471 art.
1040 5422 1113 5484 2,·
1141 5420 1312 5483 AEgid.
1333 5422 1505 5485 Rom„
1534 5423 1599 5474 111
1619 5425 1778 5491 Seni„
1803 5426 2007 5492 dist.11,
2028 5441 2079 5493 q.
2122 5442 2173 5493 1;
2209 5431 2296 5481 Ri-

762 5491 998 5552 chardus,
1028 5492 1094 5544 lll
1123 5492 1281 5552 sent„
1309 5492 1426 5543 dist.
1458 5505 1532 5557 11,
1557 5509 1608 5560 q.
1640 5508 1679 5548 11
1691 5513 1706 5559 3
1758 5498 2043 5562 Stephanus
2082 5502 2291 5567 Brulet„

2411 633 2617 713 potest
2651 630 2859 696 facere
2888 648 3002 714 per
3037 633 3371 714 pauciora;
3411 638 3476 700 et
3517 635 3642 700 hoc
3683 635 3830 702 tacit
3866 640 3941 702 ad

2409 744 2553 824 ejus
2575 744 3197 809 commendationem
3221 766 3238 808 ι
3269 745 3564 812 similiter
3582 765 3740 829 ergo
3757 747 3940 826 Deus,

2410 849 2522 932 qui
2552 853 2648 914 est
2673 850 2997 916 institutor
3021 857 3271 916 naturae
3300 873 3318 916 ι
3346 854 3455 917 sed
3485 872 3697 935 genus
3721 855 3944 921 huma-

2410 974 2572 1020 num
2619 957 2829 1039 potuit
2871 958 3259 1023 sufficienter
3284 960 3567 1043 reparari
3602 980 3717 1043 per
3742 982 3942 1027 unum

2409 1062 2742 1128 hominem
2800 1086 2815 1128 ε
2861 1082 3021 1146 ergo
3073 1065 3283 1147 magis
3334 1067 3728 1148 congruebat
3780 1071 3945 1151 quod

2410 1189 2616 1234 unum
2648 1178 3021 1251 assumeret,
3049 1190 3248 1253 quam
3273 1172 3511 1255 plures.

2490 1278 2648 1343 Item
2665 1279 2844 1344 decet
2860 1279 3215 1344 humanam
3242 1285 3539 1345 naturam
3559 1288 3946 1365 assumptam

2408 1385 2628 1450 haberi
2663 1387 2731 1450 in
2758 1388 3083 1470 praecipuo
3125 1388 3368 1453 honore
3412 1410 3430 1453 ε
3478 1390 3587 1455 sed
3634 1390 3689 1453 si
3729 1408 3946 1455 omnes

2411 1495 2892 1578 assumpsisset,
2940 1514 3074 1560 non
3111 1499 3276 1559 esset
3314 1496 3526 1578 magis
3560 1497 3943 1563 honorabilis

2407 1620 2581 1665 unus
2604 1648 2621 1678 ,
2681 1621 2882 1685 quam
2927 1602 3116 1682 alter;
3157 1602 3280 1667 hoc
3324 1604 3583 1686 quidem
3618 1604 3949 1686 derogaret

2408 1709 2639 1774 honori
2678 1714 2743 1774 et
2787 1711 3085 1792 dignitati
3132 1709 3527 1775 Mediatoris:
3559 1714 3624 1774 et
3638 1710 3804 1774 nihil
3825 1711 3945 1775 tale

2407 1819 2710 1899 congruit
2734 1818 2878 1882 fleri
2904 1837 2923 1881 ι
2952 1835 3134 1899 ergo,
3166 1821 3287 1883 etc.

2488 1925 2647 1989 Item
2674 1927 2729 1990 si
2764 1943 2991 1992 omnes
3014 1928 3479 2010 assumpsisset,
3514 1944 3673 2009 ergo
3701 1945 3947 1991 assum-

2408 2033 2635 2117 psisset
2657 2039 3055 2116 peccatores:
3086 2034 3197 2100 sed
3220 2034 3274 2097 si
3300 2034 3480 2098 nullo
3506 2034 3700 2098 modo
3725 2051 3948 2098 conve·

2409 2141 2507 2205 nit
2534 2141 2952 2206 mediatorem
2983 2159 3118 2206 esse
3147 2145 3537 2224 peccatorem
3562 2188 3581 2216 ,
3623 2158 3787 2223 ergo
3817 2159 3947 2205 non

2411 2248 2712 2314 convenit
2747 2248 2986 2314 Filium
3024 2247 3133 2313 Dei
3171 2267 3498 2313 assumere
3544 2266 3807 2312 omnem
3832 2247 3947 2312 ho-

2408 2357 2674 2423 minem.

2491 2465 2648 2529 ltem
2677 2466 2732 2529 si
2751 2483 2977 2530 omnes
3002 2464 3296 2530 homines
3320 2467 3434 2529 aut
3458 2464 3700 2528 multos
3715 2481 3951 2529 assum·

2408 2573 2654 2655 psisset,
2690 2577 2805 2638 aut
2842 2577 3008 2637 esset
3041 2573 3209 2638 inter
3253 2589 3362 2636 eos
3386 2572 3601 2654 aliqua
3625 2571 3948 2653 germani-

2406 2680 2553 2745 tatis
2578 2680 2874 2759 afflnitas,
2905 2684 3017 2743 aut
3054 2679 3232 2743 nulla
3258 2679 3353 2743 :si
3380 2678 3583 2759 nulla,
3616 2697 3752 2746 non
3779 2678 3951 2744 vide·

2408 2791 2516 2851 tur
2544 2787 2718 2869 quod
2735 2788 2859 2852 hoc
2884 2786 3274 2866 conveniret,
3297 2805 3445 2850 cum
3465 2786 3633 2851 inter
3649 2805 3951 2869 personas

2407 2893 2657 2959 divinas
2682 2914 2938 2959 summa
2979 2894 3343 2959 attendatur
3380 2894 3776 2979 germanitas
3808 2941 3825 2972 ,
3881 2899 3952 2958 ut

2408 3002 2559 3067 dicit
2581 3001 2966 3080 Richardus3
3005 3004 3059 3066 si
3102 3008 3319 3068 autem
3348 3008 3512 3068 esset
3535 3004 3834 3083 affinitas,
3863 3003 3950 3067 ita

2408 3111 2577 3192 quod
2606 3130 2780 3177 unus
2795 3110 3004 3189 Pater,
3023 3110 3182 3177 alter
3208 3110 3429 3189 Filius,
3453 3112 3594 3194 jam
3623 3115 3788 3177 esset
3812 3129 3949 3195 pro-

2408 3218 2753 3300 prietatum
2794 3218 3082 3283 confusio
3117 3238 3134 3282 z
3164 3222 3228 3282 et
3268 3218 3409 3283 ideo
3441 3217 3565 3283 hoc
3592 3236 3728 3283 non
3752 3218 3946 3297 decet,

2406 3342 2528 3388 nec
2551 3326 2875 3406 congruit,
2899 3325 3193 3389 videlicet
3210 3325 3624 3408 proprietates
3643 3325 3941 3391 confundi

2407 3431 2478 3493 in
2505 3431 2800 3497 Trinitate
2834 3455 2851 3496 ε
2880 3433 3136 3497 videtur
3176 3433 3381 3514 igitur
3406 3433 3581 3516 quod
3607 3432 3946 3497 multitudo

2409 3535 2751 3601 hominum
2812 3556 2944 3602 non
3006 3539 3269 3603 haberet
3329 3539 3800 3621 congruitatem
3867 3540 3948 3605 ad

2407 3644 2715 3709 unionem
2752 3691 2769 3722 ,
2829 3646 3369 3728 quemadmodum
3440 3651 3674 3711 natura
3723 3648 3948 3729 singu-

2409 3750 2579 3815 laris.

2947 3983 3398 4051 CONCLUSIO.

2412 4152 2714 4223 conantum
2731 4152 2846 4220 tuit
2860 4152 3038 4221 magis
3066 4151 3300 4208 Verbum
3326 4155 3587 4209 nomam
3619 4154 3943 4224 simularem

2483 4255 2745 4297 emanere
2758 4281 2776 4311 ,
2805 4256 2970 4312 quam
2985 4241 3342 4297 universalem
3366 4245 3419 4297 et
3445 4245 3618 4297 totam
3638 4244 3880 4315 specim.

2492 4400 2679 4485 Resp.
2737 4402 2818 4466 ad
2871 4401 3033 4483 Arg.
3079 4399 3432 4464 Dicendum
3482 4401 3659 4484 quod
3720 4401 3952 4484 absque

2412 4510 2610 4576 dubio
2643 4527 2776 4574 non
2814 4509 3117 4591 congruit
3141 4509 3229 4572 ita
3255 4511 3454 4572 totam
3481 4509 3755 4591 speciem
3772 4556 3789 4587 ,
3818 4509 3951 4574 sive

2413 4617 2898 4683 individuorum
2946 4615 3424 4681 multitudinem
3468 4617 3711 4683 assumi
3735 4637 3775 4682 a
3799 4616 3949 4682 Filio

2416 4725 2548 4803 Dei,
2576 4725 2741 4789 sicut
2757 4725 3058 4807 competit
3074 4723 3289 4806 ipsum
3308 4743 3636 4789 assumere
3659 4730 3950 4789 naturam

2414 4833 2486 4896 in
2512 4831 2828 4914 singulari
2849 4851 2868 4912 ;
2903 4836 2966 4895 et
2989 4831 3113 4895 hoc
3131 4835 3274 4895 tum
3290 4832 3751 4915 rationeipsius
3769 4832 3952 4896 unio-

2413 4941 2517 5005 nis
2556 4940 2626 5003 in
2668 4959 2736 5005 se
2756 4987 2773 5018 ,
2806 4945 2946 5004 tum
2973 4941 3220 5005 ratione
3249 4940 3668 5023 reparationis
3692 4943 3945 5018 nostrae,

2416 5052 2558 5113 tum
2602 5050 2846 5114 ratione
2871 5048 3272 5114 exaltationis
3297 5051 3546 5113 naturae
3584 5053 3945 5132 assumptae,

2417 5154 2684 5220 Ratione
2726 5155 2988 5220 unionis
3029 5156 3098 5218 in
3149 5173 3218 5219 se
3258 5156 3469 5237 magis
3532 5156 3942 5238 congruebat,

2416 5267 2590 5350 quod
2620 5270 2977 5331 assumeret
2996 5283 3196 5330 unam
3225 5268 3546 5346 naturam,
3578 5283 3778 5349 quam
3800 5263 3945 5347 plu-

2416 5431 2488 5554 {illl³
2511 5431 2671 5557 Sffiat„
2690 5430 2807 5481 dist.
2838 5443 2905 5493 11,
2935 5443 2987 5494 q.
3017 5440 3098 5481 ιιι.
3118 5430 3213 5470 --⁸
3232 5429 3561 5494 Damuc.,de
3582 5428 3784 5482 orthod.
3811 5426 3943 5490 Fid„

2494 5541 2506 5555 .
2611 5538 2631 5567 ‚
2657 5515 2705 5553 c.
2735 5513 2808 5555 vx.
