4185 6288
1250 479 1444 546 nls‘r.
1486 480 1672 547 XXX.
1712 478 1899 545 ΛΒΤ.
1943 476 1996 544 1.
2040 474 2342 555 QUAEST.
2385 476 2459 544 V.

267 610 332 671 et
389 607 784 674 charitatem.
838 609 961 676 Per
1007 613 1202 678 fldem
1255 615 1428 680 enim
1483 620 1803 686 credimus

261 715 465 779 multa
483 764 500 795 ,
535 734 685 798 quae
713 735 843 782 non
873 737 1206 801 possemus
1232 723 1488 788 credere
1525 726 1661 791 sine
1685 745 1761 792 ea
1779 776 1797 804 ‚

262 829 326 889 et
353 843 500 907 quae
527 827 826 893 videntur
851 830 1213 895 infidelibus
1239 833 1434 898 nimis
1459 835 1801 901 incredibi-

259 931 365 996 lia.
397 932 475 998 Et
501 952 616 1017 per
640 935 1010 1000 charitatem
1037 957 1330 1003 amamus
1365 959 1441 1005 ea
1463 989 1479 1018 ,
1511 962 1658 1026 quae
1693 944 1799 1008 vi-

260 1039 492 1105 dentur
525 1041 897 1107 charitatem
926 1063 1054 1108 non
1083 1045 1468 1111 habentibus
1495 1050 1794 1115 odibilia:

260 1150 322 1212 et
348 1148 491 1212 haec
512 1148 828 1214 mirabilia
849 1153 1259 1218 continentur
1285 1156 1351 1218 in
1381 1155 1526 1238 lege
1552 1157 1795 1236 divina,

257 1258 322 1318 et
347 1255 571 1320 datum
597 1261 690 1320 est
715 1257 825 1321 illa
851 1259 1147 1324 omnibus
1175 1262 1400 1343 facere,
1433 1264 1545 1346 qui
1567 1266 1801 1329 volunt

257 1361 327 1425 in
353 1381 421 1426 se
448 1365 765 1447 suscipere
790 1366 1070 1447 gratiam
1114 1373 1377 1450 gratum
1409 1371 1744 1437 facientem
1775 1392 1792 1437 z

259 1475 323 1535 et
361 1490 476 1554 pro
504 1477 679 1536 tanto
704 1492 834 1536 non
861 1478 1064 1557 potest
1090 1478 1310 1558 argui,
1341 1479 1514 1561 quod
1542 1499 1673 1544 non
1702 1485 1798 1545 te-

258 1593 530 1642 neamur
570 1579 651 1644 ad
693 1580 1089 1647 dilectionem
1135 1584 1378 1649 inimici
1410 1607 1425 1648 :
1460 1587 1582 1650 hoc
1623 1588 1798 1651 enim

258 1688 352 1747 est
396 1684 568 1750 aliud
603 1704 813 1768 genus
853 1688 1236 1770 mirabilius,
1288 1710 1482 1774 quam
1522 1693 1680 1758 illud
1721 1695 1799 1759 de

258 1809 390 1873 quo
417 1793 702 1875 loquitur
728 1795 1161 1877 Augustinus.

339 1904 403 1963 4.
432 1901 530 1965 Ad
566 1900 723 1965 illud
766 1921 920 1967 vero
948 1905 1120 1986 quod
1158 1905 1456 1988 objicitur
1483 1906 1561 1971 de
1586 1913 1799 1974 aucto-

258 2007 446 2071 ritate
491 2008 854 2089 Ambrosii,
886 2012 1059 2093 quod
1103 2011 1339 2076 sufficit
1378 2014 1433 2077 si
1479 2015 1627 2079 odio
1668 2034 1799 2079 non

256 2115 572 2180 habemus
605 2165 626 2196 ,
683 2115 1023 2183 dicendum
1076 2120 1248 2203 quod
1297 2122 1639 2187 auctoritas
1692 2123 1802 2187 illa

261 2226 552 2288 truncate
575 2224 899 2289 inducitur
927 2248 942 2291 ε
972 2227 1123 2291 dicit
1146 2228 1321 2292 enim
1367 2230 1507 2294 haec
1551 2231 1679 2294 duo
1718 2231 1804 2294 si·

261 2330 402 2395 mul
432 2352 448 2395 t
489 2356 520 2393 α
548 2332 797 2396 Sufficit
828 2333 881 2397 si
918 2335 1291 2418 simpliciter
1336 2337 1670 2420 diligimus
1692 2388 1709 2418 ,
1739 2343 1802 2403 et

260 2457 393 2504 non
428 2439 575 2504 odio
601 2440 915 2506 habemus
951 2463 1025 2506 z»
1061 2461 1207 2525 quae
1234 2444 1365 2508 duo
1393 2445 1577 2509 valde
1603 2447 1803 2512 ratio-

260 2545 557 2611 nabiliter
582 2547 762 2626 dicit,
794 2552 858 2612 et
898 2549 1214 2633 duplicem
1261 2551 1562 2617 affectum
1602 2553 1799 2618 dilec-

260 2654 453 2718 tionis
502 2655 712 2720 innuit
739 2704 758 2735 ‚
801 2659 868 2721 et
921 2658 1001 2722 ad
1054 2661 1602 2726 confirmationem
1654 2662 1802 2727 facit

262 2762 635 2845 praehabitae
661 2767 1121 2848 responsionis,
1154 2787 1269 2851 per
1293 2788 1490 2854 quam
1519 2772 1801 2839 auctori-

261 2874 358 2936 tas
381 2871 491 2936 illa
510 2872 661 2937 satis
685 2878 889 2957 potest
913 2874 1223 2961 intelligi,
1251 2881 1371 2943 etc.

779 3104 1137 3187 QUAESTIO
1178 3107 1255 3174 V.

311 3272 406 3331 An
432 3287 608 3331 omnes
646 3276 929 3331 teneantur
956 3271 1183 3342 ditiqere
1210 3273 1459 3329 inimicos
1483 3276 1748 3344 quantum

822 3364 898 3420 ad
922 3364 1164 3436 effectum
1193 3364 1232 3420 ¹.

216 3591 232 3607 ,
343 3527 570 3593 Utrum
596 3543 819 3591 omnes
846 3528 1186 3590 teneantur
1213 3523 1480 3606 diligere
1509 3523 1805 3590 inimicos

261 3641 576 3718 quantum
604 3633 685 3698 ad
712 3632 1008 3697 effectum
1031 3653 1049 3711 3
1085 3637 1148 3695 et
1173 3632 1346 3713 quod
1389 3631 1528 3715 sic,
1549 3632 1803 3697 videtur

263 3742 472 3826 primo
507 3740 880 3805 auctoritate
919 3737 1164 3803 Veteris
1204 3736 1586 3802 Testamenti
1612 3745 1635 3780 ¹
1668 3761 1683 3803 t
1721 3739 1803 3806 Si

261 3849 507 3917 videris
534 3850 794 3915 asinum
821 3844 1103 3913 odientis
1131 3844 1422 3926 rejacere
1449 3847 1565 3912 sub
1591 3862 1800 3926 onere,

260 3969 394 4020 non
417 3950 868 4035 pertransibis,
897 3948 1012 4015 sed
1046 3948 1406 4014 sublevabis
1432 3965 1575 4014 cum
1610 3966 1697 4016 eo.
1727 3951 1806 4015 Et
1894 3969 1898 3972 ’

259 4060 383 4125 hoc
417 4062 632 4144 ipsum
674 4058 907 4122 dicitur
940 4056 1007 4119 in
1047 4054 1406 4120 Proverbiis
1431 4056 1497 4120 ⁸:
1549 4056 1619 4121 Si
1653 4074 1803 4123 esu-

260 4171 451 4235 rierit
490 4169 801 4233 inimicus
848 4172 1033 4241 tuus..
1063 4163 1207 4230 ciba
1251 4164 1434 4231 illum
1454 4183 1484 4246 ;
1517 4166 1580 4229 si
1620 4167 1800 4245 sitit,

257 4283 479 4361 poium
499 4276 586 4342 ,ia
606 4274 732 4341 illi.
758 4272 824 4338 Si
853 4291 1011 4353 ergo
1031 4271 1332 4336 mandata
1358 4272 1478 4335 ista
1504 4274 1805 4339 omnibus

260 4384 803 4467 proponebantur,
833 4381 1087 4446 videtur
1113 4380 1286 4461 quod
1324 4397 1549 4442 omnes
1581 4385 1805 4444 tenen-

258 4497 370 4557 tur
397 4492 666 4573 diligere
704 4489 995 4553 inimicos
1032 4489 1344 4570 quantum
1373 4486 1453 4551 ad
1480 4486 1798 4552 eflectum.

343 4603 502 4666 Item
533 4600 655 4665 hoc
683 4599 939 4663 videtur
963 4616 1045 4661 ex
1075 4597 1446 4660 auctoritate
1471 4595 1636 4662 Novi
1660 4594 1805 4660 Tes-

262 4710 530 4776 tamenti
555 4708 579 4744 ¹·
608 4729 624 4772 z
656 4705 930 4788 Diliqite
974 4704 1276 4771 inimicos
1320 4709 1597 4782 vestros,
1626 4704 1803 4770 bene-

267 4821 464 4901 facite
493 4817 599 4882 his
624 4817 741 4899 qui
768 4813 1036 4880 oderunt
1065 4826 1208 4889 vos,
1237 4814 1296 4877 et
1322 4818 1498 4877 orate
1522 4827 1642 4893 pro
1663 4828 1805 4894 per-

257 4925 667 5010 sequentibus
694 4937 839 5000 vos,
865 4926 983 4984 etc.
1015 4917 1108 4982 Ibi
1132 4917 1286 4982 dicit
1312 4918 1608 5000 quaedam
1634 4917 1805 4982 Glos-

260 5053 376 5098 sa:
419 5056 451 5093 <1
480 5031 713 5097 Tribus
751 5028 956 5093 modis
993 5030 1293 5110 peccatur
1337 5029 1557 5089 contra
1592 5024 1806 5090 Eccle-

259 5141 422 5206 siam
463 5162 479 5204 :
525 5140 705 5217 odio,
751 5136 1007 5215 verbis,
1054 5133 1343 5199 cruciatu
1387 5133 1668 5215 corporis
1698 5155 1714 5212 ;
1767 5151 1805 5198 e

322 5296 342 5333 ¹
371 5296 451 5360 Cf.
473 5296 618 5347 Alex.
642 5292 842 5346 Alensis
857 5331 871 5357 ,
891 5291 1053 5354 Cant„
1074 5304 1127 5355 p.
1152 5289 1238 5351 111,
1260 5288 1374 5339 coll.
1404 5300 1551 5340 mxu
1572 5325 1587 5351 ,
1626 5290 1721 5339 art.
1743 5290 1772 5338 5
1782 5303 1800 5352 ;

264 5369 320 5421 S.
342 5367 597 5432 Thomas,
616 5367 748 5429 ll-ll,
766 5379 817 5431 q.
841 5374 967 5426 xxv²
991 5367 1086 5414 art.
1111 5365 1161 5425 93
1187 5366 1240 5413 et
1263 5363 1324 5411 111
1352 5362 1512 5424 Seni„
1531 5361 1648 5411 dist.
1675 5372 1804 5425 xxx,

261 5459 314 5511 q.
343 5455 383 5507 1,
409 5447 505 5495 art.
534 5447 591 5511 23
612 5442 874 5503 Richard„
894 5439 961 5492 lu
984 5438 1145 5503 Seni„
1172 5438 1289 5492 dist.
1310 5449 1437 5502 xxx,
1458 5452 1511 5509 q.
1539 5450 1560 5489 1
1574 5451 1592 5502 ;
1622 5436 1802 5502 steph.

259 5515 474 5583 Brutos„
493 5517 560 5570 111
584 5517 748 5588 Seni„
770 5513 891 5567 dist.
912 5524 1040 5577 xxx,
1064 5525 1118 5580 q.
1137 5523 1263 5564 v.—
1278 5510 1504 5577 ἰᾶται,
1519 5522 1674 5578 xxm,
1690 5513 1805 5564 5.-

3330 488 3452 549 677

1913 620 2135 680 contra
2177 633 2333 680 vero
2372 614 2646 679 Ecclesia
2682 617 2807 680 tria
2833 618 3026 683 facit:
3058 619 3303 702 diligit,
3334 620 3450 683 be-

1911 722 2172 800 nefacit,
2202 726 2266 786 et
2302 725 2463 787 orat.
2496 746 2526 782 »
2564 722 2739 804 Ergo
2773 742 2905 788 non
2945 728 3044 790 est
3086 727 3451 791 membrum

1909 937 2146 1019 pariter
2169 940 2230 1000 et
2256 936 2490 1000 affectu
2521 956 2538 1000 ε
2569 955 2731 1018 ergo
2758 956 2981 1002 omnes
3007 943 3307 1005 tenentur
3330 941 3454 1005 isto

1909 1044 2099 1108 modo
2127 1044 2415 1124 diligere.

1989 1150 2148 1214 Item
2176 1151 2298 1215 hoc
2336 1151 2592 1216 videtur
2630 1170 2746 1235 per
2780 1152 3123 1233 rationem,
3156 1153 3310 1237 quia
3352 1153 3451 1218 di-

1907 1257 2091 1321 lectio
2114 1259 2378 1322 affectus
2400 1259 2537 1323 sine
2563 1260 2901 1338 dilectione
2919 1261 3182 1324 effectus
3205 1280 3335 1325 non
3358 1266 3453 1326 est

1908 1364 2158 1428 dilectio
2186 1383 2337 1428 vera
2361 1365 2690 1446 :probatio
2717 1366 2889 1430 enim
2912 1368 2935 1402 ⁸
2955 1367 3321 1435 dilectionis
3344 1385 3455 1435 ex-

1870 1471 1873 1474 ’
1907 1470 2142 1536 bibitio
2186 1478 2279 1537 esi
2319 1475 2531 1553 operis
2561 1491 2584 1537 .·
2611 1471 2664 1535 si
2708 1491 2868 1554 ergo
2916 1491 3070 1537 vera
3118 1474 3452 1540 dilectione

1907 1594 2132 1641 omnes
2175 1582 2473 1642 tenentur
2516 1578 2809 1644 inimicos
2857 1579 3164 1661 diligere,
3194 1580 3454 1646 videtur

1908 1684 2078 1771 quod
2123 1702 2344 1747 omnes
2384 1689 2722 1749 teneantur
2765 1704 2896 1750 non
2923 1687 3133 1751 solum
3175 1687 3408 1753 affectu
3430 1735 3450 1767 ,

1907 1790 2014 1854 sed
2042 1791 2234 1854 etiam
2262 1791 2492 1854 effectu
2520 1792 2813 1855 inimicos
2838 1811 3080 1858 amare.

1989 1896 2148 1962 Item
2174 1898 2585 1980 perniciosior
2603 1889 2900 1964 inimicus
2919 1905 3015 1964 est
3032 1918 3181 1965 caro
3209 1904 3448 1982 nostra,

1907 2025 2104 2090 quam
2141 2005 2374 2088 aliquis
2402 2007 2737 2090 proximus
2764 2012 2980 2071 noster
3011 2031 3026 2071 t
3058 2008 3167 2072 sed
3195 2027 3453 2072 carnem

1907 2117 2192 2176 nostram
2238 2118 2713 2195 repugnantem
2760 2117 3055 2178 tenemur
3107 2115 3352 2179 nutrire
3392 2118 3456 2178 et

1906 2219 2124 2284 fovere
2170 2224 2486 2302 quantum
2529 2220 2610 2284 ad
2651 2223 2791 2303 eJus
2832 2226 3177 2285 naturam:
3210 2239 3371 2303 ergo
3399 2221 3456 2285 si

1907 2328 2123 2409 magis
2157 2331 2453 2391 tenemur
2488 2328 2817 2408 proximos
2859 2328 3157 2410 diligere,
3197 2329 3457 2393 videtur

1909 2437 2117 2498 multo
2135 2434 2361 2498 fortius
2381 2434 2554 2517 quod
2581 2434 2925 2498 debeamus
2952 2453 3061 2498 eos
3087 2453 3219 2498 non
3244 2435 3455 2500 solum

1906 2542 2142 2606 affectu
2171 2559 2422 2619 amare,
2454 2543 2565 2606 sed
2601 2545 2667 2606 et
2706 2542 2938 2606 effectu
2976 2560 3084 2605 eos
3115 2543 3363 2607 nutrire
3393 2549 3459 2609 et

1908 2653 2154 2731 fovere,
2183 2654 2247 2714 et
2274 2651 2581 2716 beneficia
2610 2651 2703 2715 eis
2731 2651 3231 2734 communicare.

1989 2757 2150 2823 Item
2194 2776 2326 2821 non
2381 2758 2592 2822 solum
2641 2759 2843 2823 sumit
2880 2758 3076 2821 homo
3112 2758 3458 2823 vindictam

1907 2866 1984 2930 de
2004 2866 2131 2930 alio
2158 2865 2512 2948 infligendo
2541 2865 2785 2929 malum
2809 2913 2827 2941 ,
2859 2865 2967 2929 sed
2995 2865 3189 2928 etiam
3210 2866 3459 2930 subtra-

1907 2973 2119 3038 hendo
2167 2974 2410 3038 bonum
2466 2995 2482 3037 ε
2534 2972 2645 3037 sed
2694 2990 2920 3037 omnes
2974 2977 3273 3037 tenentur
3325 2991 3459 3038 non

1908 3100 2199 3167 quaerere
2219 3082 2552 3159 ultionem,
2574 3061 2929 3148 secundum
2952 3081 3124 3164 quod
3144 3081 3374 3146 dicitur
3388 3083 3411 3117 ⁸
3434 3102 3453 3147 :

1909 3193 2059 3261 Non
2087 3207 2198 3258 vos
2224 3191 2635 3258 vindicantes
2666 3209 2688 3254 .·
2717 3207 2879 3270 ergo
2906 3207 3130 3253 omnes
3156 3192 3457 3253 tenentur

1907 3319 2038 3364 non
2076 3300 2454 3363 subtrahere
2494 3297 2750 3380 aliquod
2779 3297 3026 3361 bonum
3065 3298 3322 3379 propter
3356 3314 3455 3360 ac·

1908 3413 2156 3491 ceptam
2193 3406 2523 3488 injuriam.
2569 3405 2639 3469 Si
2683 3422 2846 3486 ergo
2887 3422 3110 3468 omnes
3153 3408 3453 3467 tenentur

1907 3516 2179 3596 diligere
2217 3532 2359 3592 θοε,
2394 3513 2508 3595 qui
2549 3530 2680 3576 non
2719 3518 2875 3576 sunt
2907 3511 3189 3589 inimici,
3218 3508 3452 3574 affectu

1907 3625 2145 3707 pariter
2197 3628 2261 3687 et
2309 3621 2582 3700 effectu,
2631 3619 2883 3685 videtur
2929 3618 3104 3701 quod
3159 3617 3452 3681 similiter

1909 3750 2134 3796 omnes
2160 3737 2433 3813 utroque
2458 3728 2647 3794 modo
2671 3730 3009 3792 teneantur
3035 3725 3336 3789 inimicos
3363 3725 3451 3789 di-

1908 3840 2141 3920 ligere.

1990 3946 2113 4011 Sed
2152 3948 2373 4010 contra
2402 3965 2418 4008 :
2453 3950 2513 4007 1.
2544 3940 2938 4023 Frequenter
2973 3938 3343 4023 praecipitur
3381 3939 3453 4005 iu
3481 3941 3553 3991 Ad
3570 3956 3675 4003 ⁰1³1»-

1907 4053 2087 4135 lege,
2119 4050 2293 4134 quod
2327 4049 2446 4132 ipsi
2494 4047 2878 4112 inlenflciant
2924 4045 3215 4109 inimicos
3258 4064 3447 4124 suos,

1909 4163 2074 4225 sicut
2096 4158 2463 4244 praecipitur
2483 4158 2552 4221 in
2577 4156 2795 4221 Exodo
2817 4161 2840 4199 ⁷
2871 4178 2887 4219 ε
2911 4155 3060 4225 Non
3087 4157 3288 4221 inibis
3306 4172 3451 4221 cum

1908 4272 2000 4336 eis
2030 4268 2261 4350 foedus,
2292 4270 2410 4330 etc.
2441 4265 2618 4346 Ergo
2649 4265 2897 4329 videtur
2931 4264 3105 4346 quod
3143 4264 3210 4327 in
3250 4264 3451 4329 veteri

1907 4377 2056 4458 lege
2078 4394 2208 4439 non
2236 4374 2614 4437 tenebantur
2640 4370 2931 4434 inimicos
2956 4360 3225 4451 diligere
3252 4389 3452 4453 quan-

1908 4488 2051 4550 tum
2084 4484 2165 4548 ad
2192 4481 2489 4546 effectum
2520 4500 2535 4542 ι
2569 4496 2727 4559 ergo
2756 4478 2894 4560 pari
2920 4478 3165 4542 ratione
3191 4493 3308 4542 nec
3334 4478 3452 4541 im-

1910 4596 2165 4680 perfecti
2200 4595 2501 4657 tenentur
2525 4590 2587 4653 in
2616 4607 2808 4654 nova.

1990 4712 2050 4771 2.
2094 4706 2253 4770 Item
2298 4719 2493 4783 super
2536 4700 2693 4764 illud
2719 4705 2742 4741 ⁸
2777 4721 2793 4763 ε
2838 4697 3104 4782 Diliqite
3152 4699 3453 4766 inimicos

1910 4816 2151 4883 vestros
2172 4860 2190 4892 ,
2236 4810 2390 4876 dicit
2432 4807 2729 4892 quaedam
2770 4805 2990 4871 Glossa
3032 4829 3047 4870 :
3088 4830 3119 4867 α
3148 4805 3454 4871 Cumulus

1910 4918 2314 5006 perfectionis
2355 4922 2450 4982 est
2486 4916 2757 4997 diligere
2795 4914 3086 4979 inimicos
3109 4961 3128 4990 ,
3167 4917 3230 4977 et
3271 4932 3454 4978 orare

1912 5047 2029 5114 pro
2055 5028 2232 5111 ipsis,
2260 5049 2291 5086 ι)
2327 5024 2393 5090 Si
2421 5041 2582 5106 ergo
2620 5040 2751 5087 non
2797 5039 3018 5086 omnes
3050 5023 3347 5084 tenentur
3374 5020 3455 5085 ad

1912 5137 2252 5202 cumulum
2282 5131 2710 5216 perfectioniS,
2740 5147 2874 5194 non
2907 5146 3131 5194 omnes
3157 5130 3456 5192 tenentur

1912 5243 2204 5309 inimicos
2226 5240 2498 5321 diligere
2526 5237 2778 5301 effectu.

1910 5362 1933 5399 ⁸
1951 5363 2116 5423 Prov„
2137 5369 2260 5422 xxv,
2278 5360 2423 5409 2l.—
2437 5357 2460 5393 ⁸
2474 5354 2680 5418 Mallia„
2703 5369 2755 5418 v,
2775 5354 2921 5406 44.—
2939 5352 3215 5418 ‘meg-‚tn
3241 5352 3459 5416 Evanq„

1910 5434 2055 5486 hom.
2080 5443 2208 5484 xxx.
2235 5455 2299 5469 -
2322 5431 2344 5467 ⁶
2365 5430 2546 5484 lavit„
2571 5440 2685 5492 x1x,
2714 5430 2771 5480 18
2786 5441 2805 5492 ;
2833 5427 2991 5491 Rom„
3016 5438 3093 5479 xu
3117 5461 3131 5489 ‚
3164 5426 3246 5490 17,
3285 5425 3460 5490 quoad

1911 5518 2139 5560 sensum.
2164 5530 2228 5546 —
2272 5503 2296 5541 '¹
2327 5500 2520 5566 Beod„
2544 5511 2702 5566 xxm,
2738 5501 2819 5555 32.
2842 5524 2908 5538 —
2930 5496 2955 5536 ⁸
2983 5496 3194 5563 Manli„
3216 5506 3271 5561 v,
3298 5495 3376 5549 “-
