4185 6288
211 4690 336 4735 m.

1163 441 1335 510 ms‘r
1373 439 1483 509 111.
1525 438 1758 509 PART.
1806 439 1856 507 l.
1900 435 2082 507 ΛΒΤ.
2128 436 2209 503 11.
2253 432 2552 517 QUAEST.
2596 432 2642 499 1.

1839 582 1850 591 “
1934 576 2003 640 in
2037 573 2318 640 secunda
2350 569 2845 637 sanctificatione
2873 564 3225 646 indiguerit
3262 560 3473 642 gratia

843 784 1301 854 CONCLUSIO.

299 986 350 1041 112
368 985 598 1054 aloriosa
624 985 865 1053 Vir-aine
885 982 1097 1037 nullium
1113 983 1392 1053 peceatum
1414 979 1629 1036 aemule
1654 980 1824 1037 tectim

356 1073 570 1142 Ιιαὸυίες
628 1073 773 1144 quod
803 1073 1066 1145 plurimis
1102 1070 1410 1127 rationibus
1460 1069 1667 1135 mit,
1709 1086 1825 1126 cum

354 1167 421 1219 sit
479 1164 825 1308 Dejaspomu
880 1165 932 1218 et
989 1164 1186 1226 mater,
1260 1165 1424 1232 atque
1485 1162 1826 1232 peccatorum

366 1460 543 1544 Resp.
567 1461 650 1525 ad
677 1478 820 1541 arg.
849 1459 1200 1525 Dicendum
1225 1458 1398 1543 quod
1427 1458 1613 1523 beata
1635 1457 1828 1539 virgo

303 1565 480 1632 uaria
510 1585 628 1651 per
654 1566 1166 1631 sanctificationis
1201 1565 1479 1648 gratiam
1505 1564 1828 1647 copiosam

303 1675 590 1740 immunis
637 1673 759 1739 fuit
801 1674 886 1739 ab
934 1673 1109 1738 omni
1158 1673 1346 1755 culpa
1388 1672 1646 1749 actuali,
1695 1675 1828 1734 tam

307 1781 567 1861 mortali,
623 1799 821 1865 quam
867 1779 1105 1845 veniali
1123 1828 1141 1860 ,
1199 1779 1364 1844 sicut
1410 1781 1627 1863 aperte
1678 1776 1830 1842 dicit

309 1888 624 1954 auctoritas
671 1886 1030 1970 Augustini
1049 1888 1092 1948 ¹.
1136 1885 1216 1950 Et
1263 1885 1387 1950 hoc
1435 1883 1831 1966 congruebat

310 1996 650 2062 advocatam
685 1995 945 2078 generis
977 1994 1274 2074 humani,
1306 1997 1379 2061 ut
1419 1992 1671 2057 nullum
1710 1992 1830 2057 ha-

312 2102 466 2169 beret
509 2108 840 2188 peccatum
858 2151 878 2181 ,
923 2101 1096 2185 quod
1143 2119 1330 2166 suam
1380 2099 1828 2166 conscientiam

313 2211 687 2275 remorderet.
724 2209 903 2274 Unde
935 2207 1158 2273 audivi
1186 2208 1461 2288 narrari,
1490 2208 1662 2291 quod
1696 2207 1830 2289 ipsa

315 2318 540 2382 cuidam
565 2335 857 2401 personae
885 2315 1217 2391 revelavit,
1248 2315 1421 2398 quod
1453 2333 1582 2378 non
1611 2331 1829 2397 repre-

315 2422 596 2489 hendebat
628 2442 772 2488 eam
809 2441 921 2488 cor
957 2441 1150 2487 suum
1197 2422 1266 2487 in
1304 2422 1482 2486 omni
1518 2421 1652 2486 vita
1685 2439 1824 2485 sua.

317 2529 655 2613 Gongruum
694 2535 834 2597 erat
872 2535 948 2595 ut
986 2530 1175 2594 beata
1214 2526 1413 2609 Virgo
1453 2526 1675 2607 Maria,
1717 2545 1831 2610 per

321 2656 487 2719 quam
518 2638 804 2702 aufertur
839 2637 1025 2700 nobis
1063 2636 1509 2719 opprobrium,
1548 2634 1832 2699 vinceret

320 2744 625 2827 diabolum,
659 2750 738 2811 ut
772 2765 892 2810 nec
926 2745 986 2810 ei
1019 2745 1464 2809 succumberet
1503 2743 1581 2807 ad
1623 2743 1829 2807 modi-

324 2868 465 2915 cum.
500 2851 671 2917 Unde
702 2853 781 2918 de
811 2854 948 2935 ipsa
982 2851 1245 2935 exponit
1277 2855 1408 2916 tam
1445 2849 1827 2929 Bernardus,

323 2975 484 3038 quam
507 2961 937 3043 AugustinuS,
968 2959 1126 3023 illud
1147 2965 1170 2998 ²
1196 2977 1212 3019 t
1244 2959 1395 3041 Ipsa
1415 2964 1693 3025 conteret
1722 2974 1829 3023 ca-

321 3073 422 3147 put
442 3073 608 3135 tuum
637 3087 661 3130 .·
696 3068 753 3132 si
795 3086 954 3150 ergo
980 3066 1312 3149 suggestio
1346 3070 1440 3129 aet
1469 3070 1661 3149 caput
1695 3065 1833 3129 dia·

323 3172 450 3253 boli,
483 3175 652 3241 nulla
692 3174 1030 3257 suggestio
1067 3174 1436 3254 ingressum
1477 3173 1579 3238 vel
1617 3173 1831 3237 locum

324 3277 512 3345 habuit
551 3283 616 3346 in
663 3284 952 3345 mentem
1000 3280 1323 3362 Virginis;
1374 3284 1438 3345 et
1481 3281 1572 3345 ita
1615 3285 1748 3345 tam
1793 3299 1834 3344 a

326 3390 541 3453 mortali
569 3389 881 3454 immunis
905 3388 1051 3465 suit,
1083 3405 1279 3470 quam
1308 3406 1347 3451 a
1370 3387 1627 3454 veniali.
1664 3386 1832 3452 Con-

327 3508 534 3573 gruum
559 3495 749 3560 etiam
775 3495 903 3560 fuit
926 3498 996 3558 ut
1028 3494 1165 3574 illa,
1196 3512 1342 3578 quae
1372 3494 1611 3577 placuit
1640 3494 1833 3558 Altis-

328 3598 487 3680 sim0,
522 3603 673 3668 adeo
715 3607 794 3667 ut
835 3603 1017 3667 fieret
1057 3604 1199 3685 ejus
1238 3621 1489 3685 sponsa,
1529 3605 1592 3667 et
1630 3607 1835 3667 mater

333 3703 452 3771 Filii
502 3708 600 3797 Dei
646 3709 1005 3792 unigeniti,
1060 3710 1151 3772 sic
1211 3713 1373 3773 esset
1425 3709 1836 3775 immaculata

337 3820 514 3881 mente
534 3865 551 3894 ‚
607 3816 770 3882 sicut
825 3818 1202 3881 intemerata
1249 3834 1460 3881 carne.
1521 3815 1836 3893 Quoniam

341 3936 469 4002 ergo
495 3924 668 3988 beata
691 3925 882 4006 virgo
918 3921 1120 3987 Maria
1153 3922 1460 3986 advocata
1488 3925 1584 3987 est
1614 3940 1835 4005 pecca-

343 4029 549 4111 torum,
590 4032 796 4113 gloria
836 4034 900 4094 et
937 4048 1172 4094 corona
1208 4031 1530 4110 justorum
1545 4078 1564 4107 ,
1605 4046 1838 4110 sponsa

347 4130 450 4214 Dei,
474 4141 530 4202 et
548 4140 739 4203 totius
763 4136 1090 4201 Trinitatis
1115 4134 1489 4213 triclinium,
1513 4140 1578 4200 et
1604 4134 1838 4217 specia-

350 4236 612 4309 lissimum
640 4245 780 4310 Filii
813 4241 1330 4321 reclinatorium3
1368 4242 1521 4307 hinc
1548 4246 1644 4307 est
1667 4241 1839 4324 quod

354 4350 558 4424 speciali
592 4352 799 4434 gratia
838 4350 948 4415 Dei
990 4348 1244 4413 nullum
1284 4348 1355 4412 in
1394 4367 1471 4413 ea
1512 4352 1840 4432 peccatum

354 4450 534 4521 hahuit
554 4459 784 4524 locum.
820 4457 1000 4522 Unde
1026 4453 1442 4520 coucedeudae
1467 4460 1622 4521 sunt
1645 4455 1841 4520 ratio-

354 4576 459 4646 nes,
487 4585 619 4649 quae
645 4568 765 4631 hoc
790 4563 1155 4629 ostendunt.

414 4676 464 4736 1.
483 4673 571 4739 Ad
592 4675 743 4740 illud
767 4691 950 4755 erg0,
976 4670 1149 4754 quod
1176 4669 1384 4754 primo
1406 4667 1750 4752 opponitur
1773 4668 1845 4731 in

163 4754 338 4796 &etvi-

161 4815 336 4868 flnq„
351 4780 715 4862 contrarium,
744 4779 920 4864 quod
939 4777 1131 4859 virgo
1149 4777 1348 4842 Maria
1367 4776 1489 4841 fuit
1508 4775 1848 4839 castificata

164 4876 335 4982 aa
350 4886 413 4949 ab
433 4891 585 4954 omni
608 4891 791 4956 sorde
810 4888 1145 4966 vitiorum,
1169 4886 1508 4951 dicendum
1529 4882 1703 4966 quod
1728 4881 1844 4946 dir..

345 4992 441 5058 fert
462 4997 651 5064 dicere
677 5001 1031 5081 peccatum,
1056 4999 1119 5058 et
1139 4994 1401 5062 vitium.
1429 4990 1596 5056 Nam
1622 5007 1847 5074 pecca-

1931 687 2012 754 ad
2037 685 2290 769 culpam
2312 681 2669 759 delendam,
2690 676 2800 744 sed
2823 675 2905 742 ad
2924 675 3128 757 culpae
3150 670 3473 756 sequelam

1931 813 2013 861 ex
2039 792 2339 875 originali
2365 791 2669 857 relictam.

2013 910 2074 970 Ξ.
2108 904 2202 968 Ad
2232 902 2387 967 illud
2413 900 2585 984 quod
2608 895 2952 982 opponitur
2979 891 3055 957 de
3080 886 3469 971 Augustino,

1932 1011 2105 1096 quod
2137 1035 2169 1072 α
2189 1029 2324 1075 esse
2352 1009 2488 1073 sine
2514 1010 2767 1090 peccato
2790 1005 2855 1067 in
2878 1002 2999 1067 hac
3023 999 3178 1076 vita,
3204 994 3476 1078 pertinet

1933 1120 2012 1185 ad
2042 1119 2251 1184 solum
2276 1116 2718 1198 Unigenitum,
2734 1134 2765 1172 n
2801 1108 3139 1175 dicendum
3162 1101 3335 1187 quod
3360 1101 3475 1165 du·

1933 1226 2179 1310 pliciter
2204 1230 2298 1289 oet
2324 1223 2500 1307 loqui
2528 1223 2606 1287 de
2632 1221 2755 1285 hac
2779 1218 2950 1282 vita:
2983 1217 3095 1278 aut
3122 1209 3474 1276 secundum

1934 1351 2127 1397 omne
2164 1338 2419 1414 tempus
2454 1335 2515 1394 et
2547 1332 2814 1404 statum,
2853 1326 2967 1387 aut
3000 1324 3141 1404 post
3167 1334 3360 1382 usum
3393 1315 3478 1378 li-

1934 1442 2070 1506 beri
2116 1439 2361 1504 arbitrii
2402 1459 2420 1502 :
2466 1437 2520 1500 si
2564 1434 2917 1500 secuudum
2960 1433 3216 1511 tempus
3257 1440 3473 1500 omne,

1934 1552 2056 1616 hoc
2091 1547 2389 1613 convenit
2424 1544 2542 1608 soli
2577 1543 2740 1608 Filio
2784 1540 2912 1620 Dei,
2955 1536 3111 1621 quia
3148 1535 3263 1597 iste
3305 1530 3479 1597 solus

1934 1657 2141 1722 caruit
2175 1651 2472 1736 originali
2500 1652 2796 1734 peccato;
2828 1647 2882 1711 si
2910 1649 3050 1730 post
3076 1659 3270 1707 usum
3294 1636 3480 1705 liberi

1934 1765 2203 1842 arbitrii,
2249 1763 2341 1828 sic
2381 1759 2680 1826 convenit
2722 1758 2924 1822 beatae
2972 1752 3224 1835 Virgini
3270 1747 3481 1832 gratia

1933 1873 2208 1959 speciali,
2248 1889 2363 1955 per
2393 1887 2589 1954 quam
2618 1863 2928 1930 immunis
2959 1862 3078 1925 suit
3110 1877 3243 1923 non
3268 1856 3479 1922 solum

1935 2000 1975 2045 a
2005 1980 2281 2060 mortali,
2309 1995 2538 2045 verum
2561 1974 2753 2040 etiam
2779 1990 2820 2035 a
2848 1968 3104 2035 veniali.

2017 2095 2077 2155 3.
2118 2088 2216 2153 Ad
2250 2087 2409 2151 illud
2441 2084 2609 2168 quod
2636 2078 2978 2165 opponitur
3004 2076 3083 2140 de
3108 2070 3483 2138 auctoritate

1936 2195 2263 2279 Magistri,
2307 2193 2477 2276 quod
2522 2189 2792 2272 Spiritus
2842 2186 3098 2249 sauctus
3144 2177 3482 2260 Virginem

1938 2303 2263 2390 purgavit,
2301 2299 2643 2366 dicendum
2672 2293 2845 2378 quod
2882 2293 3213 2374 peccatum
3250 2285 3485 2350 dicitur

1935 2410 2268 2493 tripliciter
2299 2428 2317 2472 :
2368 2404 2708 2489 aliquando
2759 2399 2991 2465 dicitur
3046 2395 3266 2477 culpa,
3319 2391 3486 2455 sicut

1937 2522 2367 2588 communiter
2432 2510 2766 2581 consuevit
2834 2506 3074 2589 accipi3
3142 2501 3483 2585 aliquando

1938 2649 2129 2716 poeua
2162 2628 2425 2713 peccati,
2456 2627 2619 2689 sicut
2651 2622 2729 2686 ad
2767 2613 3129 2684 Romanos³
3160 2633 3174 2675 ε
3218 2614 3304 2676 De
3333 2624 3481 2691 pec-

1938 2743 2081 2803 cato
2110 2732 2451 2799 damnavit
2485 2733 2849 2811 peccatum3
2886 2716 3226 2802 aliquando
3251 2713 3484 2778 dicitur

1939 2860 2130 2909 causa
2157 2837 2416 2923 peccati,
2456 2835 2662 2899 sicut·
2693 2853 2709 2897 ε
2744 2830 2816 2897 Si
2854 2834 3067 2895 autem
3104 2821 3277 2906 quod
3311 2818 3476 2897 nole,

1938 2951 2180 3018 malum
2209 2948 2400 3029 facie,
2435 2960 2565 3010 non
2589 2956 2700 3024 eqo
2728 2952 2946 3022 operor
2964 2933 3153 3011 illud,
3177 2929 3294 2997 sed
3313 2927 3485 3011 quod

1938 3057 2193 3125 habitat
2244 3057 2321 3121 in
2366 3068 2465 3119 me
2512 3054 2867 3134 peccatum.
2916 3043 3062 3106 Dico
3108 3056 3268 3120 ergo
3311 3035 3482 3120 quod

1940 3168 2132 3249 virgo
2160 3163 2360 3230 Maria
2388 3164 2527 3245 post
2550 3155 2897 3222 secundam
2923 3143 3483 3214 sanctificationem

1941 3295 2071 3341 non
2115 3274 2232 3338 fuit
2273 3291 2312 3336 a
2352 3271 2604 3353 peccato
2644 3260 2889 3328 munda
2927 3256 3172 3323 ratione
3211 3252 3485 3335 alicujus

1940 3382 2233 3462 maculae‚
2273 3378 2382 3443 sed
2414 3377 2626 3442 solum
2659 3371 2907 3436 ratione
2941 3366 3215 3447 alicnjus
3248 3376 3479 3444 poeuae,

1941 3496 2105 3560 sicut
2130 3491 2359 3558 melius
2385 3488 2587 3552 infra⁸
2613 3479 3140 3549 manifestabitur.

2023 3611 2084 3670 4.
2122 3601 2220 3668 Ad
2262 3596 2419 3663 illud
2460 3592 2631 3676 quod
2679 3587 3025 3673 opponitur
3064 3585 3143 3648 de
3181 3581 3483 3666 petitione

1942 3714 2050 3778 illa
2080 3733 2096 3774 ε
2132 3708 2400 3773 Dimitte
2425 3702 2609 3770 nobis
2625 3748 2646 3781 ,
2675 3704 2819 3772 etc„
2848 3690 3190 3760 dicendum
3214 3688 3388 3772 quod
3413 3687 3484 3752 iu

1944 3819 2247 3904 petitione
2287 3815 2409 3879 ista
2433 3812 2623 3893 virgo
2652 3807 2850 3873 Maria
2875 3804 3120 3888 poterat
3144 3803 3355 3884 petere
3379 3814 3486 3861 re·

1949 3926 2317 3992 missionem
2350 3919 2564 3997 debiti,
2594 3915 2766 4001 quod
2792 3913 3061 3979 debebat
3078 3928 3211 3974 uon
3239 3906 3486 3971 ratione

1945 4036 2068 4115 sui,
2090 4033 2200 4098 sed
2220 4030 2462 4096 ratione
2482 4026 2758 4091 aliorum
2770 4020 3212 4087 membrorum
3234 4013 3484 4093 Christi,

1946 4143 2186 4228 quibus
2215 4141 2461 4225 poterat
2504 4139 2713 4219 petere
2740 4136 2816 4196 ut
2851 4128 3062 4195 debita
3093 4124 3491 4191 dimitteren-

1949 4256 2090 4331 tur,
2118 4253 2185 4314 et
2209 4249 2379 4312 bona
2404 4242 2788 4310 conscientia
2820 4240 2996 4305 illam
3039 4237 3315 4300 formare
3343 4248 3489 4294 ora-

1946 4359 2213 4436 tionem,
2238 4374 2371 4420 non
2397 4371 2514 4440 pro
2538 4371 2628 4431 se,
2657 4349 2831 4433 quia,
2863 4347 3026 4411 sicut
3056 4343 3205 4408 dicit
3229 4342 3490 4422 Augus·

1949 4467 2128 4530 tinus
2151 4512 2167 4542 ,
2213 4464 2320 4527 illa
2346 4481 2474 4526 non
2504 4457 2865 4525 continetur
2890 4454 3013 4519 sub
3041 4451 3148 4516 illa
3173 4445 3495 4532 generali-

1952 4578 2081 4640 tate
2119 4590 2251 4655 qua
2296 4568 2562 4635 dicitur⁸
2593 4587 2611 4633 z
2647 4567 2718 4634 Si
2745 4565 3112 4632 dixerimus
3157 4559 3316 4643 quia
3354 4571 3495 4640 pec-

1952 4685 2166 4748 catum
2186 4694 2319 4746 non
2361 4677 2696 4755 habentne,
2724 4689 2841 4739 nos
2881 4674 3054 4753 ipsos
3096 4665 3495 4743 seducimus,

1954 4796 2015 4856 et
2053 4789 2299 4855 veritas
2328 4787 2406 4851 in
2429 4785 2615 4852 nobis
2639 4798 2772 4848 non
2812 4785 2929 4846 est.
2961 4776 3139 4843 Unde
3174 4773 3499 4856 Augusti-

1959 4914 2083 4962 nus
2129 4894 2308 4960 vult⁷
2349 4892 2523 4975 quod
2567 4889 2649 4954 ad
2692 4889 2850 4953 alios
2889 4886 3148 4950 Sanctos
3192 4881 3503 4966 pertineat

1959 5006 2068 5069 illa
2094 5003 2297 5067 oratio
2324 5019 2442 5086 pro
2472 5018 2570 5079 se,
2609 4999 2687 5062 ad
2723 4999 2977 5060 beatam
3002 4992 3340 5075 Virginem
3372 5010 3504 5056 non

342 5104 457 5167 tum
479 5106 619 5172 ‘15⁰st
634 5107 932 5190 culpami
958 5102 1191 5168 Vitium
1218 5100 1369 5167 dicit
1393 5099 1600 5181 ⁰¹1¹Pffl
1628 5116 1852 5180 Seque·
1962 5130 2077 5195 pro
2105 5130 2172 5175 se
2203 5113 2304 5174 :et
2326 5108 2468 5173 ideo
2492 5125 2626 5171 uon
2655 5101 3215 5186 comprehenditur
3243 5099 3364 5165 sub
3395 5117 3506 5181 ge-

333 5211 462 5282 lam.
489 5216 699 5285 Glossa
726 5233 892 5300 ergo
929 5212 1043 5278 illa
1072 5230 1204 5277 uon
1236 5211 1377 5277 vult
1412 5210 1644 5288 dicere,
1680 5207 1852 5293 quod
1963 5217 2295 5284 neralitate
2321 5214 2646 5298 praedicta,

379 5412 395 5446 ¹
415 5411 518 5463 vid.
539 5413 685 5466 Cone.
711 5408 880 5469 Tria„
895 5420 1031 5459 sess.
1054 5416 1129 5469 vl,
1149 5417 1265 5456 can·
1284 5405 1365 5456 23.
1389 5428 1444 5440 --
1465 5402 1490 5436 ⁸
1508 5401 1650 5461 Gen„
1674 5412 1756 5464 111,
1775 5403 1853 5451 ¹5.

1967 5397 2076 5462 huj.
2104 5395 2496 5457 are-noan„
2530 5404 2569 5457 1,
2592 5392 2933 5457 s.-⁷Aug.,
2972 5389 3032 5438 de
3068 5388 3223 5440 civit.
3260 5386 3378 5449 net,
3408 5385 3499 5437 ub.

326 5478 960 5549 ·-⁸flom.,vu1.3.—-⁸
999 5478 1139 5529 nom.
1183 5477 1466 5540 v11,17.-
1497 5475 1519 5509 ⁸
1557 5473 1746 5534 Quat.
1796 5483 1857 5524 ιιι
1972 5469 2176 5535 le,c.
2208 5478 2287 5532 ιι,
2314 5468 2443 5518 u.2.
