4185 6288
543 3937 687 3994 opta.
714 3941 749 3981 ¹.

806 469 928 529 678

886 605 946 664 3.
990 598 1147 662 Item
1195 595 1601 677 Augustinus
1633 600 1656 633 ⁹
1694 593 1763 657 in
1805 591 2188 659 Euchirz'dio
2225 591 2302 672 (α)
2325 637 2343 667 ,

803 711 867 771 et
895 706 1166 770 habetur
1189 705 1258 767 in
1280 703 1488 767 littera
1502 750 1520 781 ,
1542 701 1712 784 quod
1737 700 2005 782 diligere
2030 699 2343 775 inimicoe‚

803 818 868 880 et
892 813 1261 878 benefacere
1288 811 1383 876 eis
1405 858 1423 886 ‚
1451 809 1574 873 hoc
1600 813 1732 872 tam
1758 826 2074 889 magnum
2102 807 2346 870 bonum

802 927 997 986 tantae
1026 918 1458 984 multitudinis
1485 935 1618 980 non
1656 919 1782 994 est,
1812 917 2123 997 quantam
2148 910 2348 976 credi-

802 1048 950 1093 mus
974 1026 1261 1093 exaudiri
1290 1026 1359 1088 in
1383 1024 1668 1089 oratione
1694 1023 2012 1087 dominica
2049 1043 2065 1085 :
2108 1020 2162 1083 si
2189 1038 2347 1100 ergo

801 1138 868 1200 in
896 1136 1178 1201 oratione
1204 1132 1523 1197 dominica
1566 1149 1701 1194 non
1743 1129 2179 1194 exaudiuntur
2223 1126 2346 1190 nisi

799 1244 977 1323 boni,
998 1242 1253 1307 videtur
1269 1239 1440 1323 quod
1458 1257 1590 1302 non
1606 1255 1828 1303 omnes
1844 1236 1995 1301 boni
2012 1237 2348 1300 teneantur

801 1343 1095 1408 inimicos
1121 1341 1389 1422 diligere
1415 1340 1650 1403 ass'ectu
1669 1338 1906 1421 pariter
1932 1340 1997 1401 et
2028 1335 2286 1400 effectu.

879 1457 940 1516 4.
974 1452 1130 1516 Item
1165 1449 1291 1513 hoc
1330 1448 1546 1531 ipsum
1595 1445 1852 1511 videtur
1890 1462 2005 1527 per
2044 1441 2347 1522 regulam

804 1557 1173 1641 Philosophi
1202 1564 1220 1599 ²
1253 1577 1269 1620 ε
1311 1579 1341 1615 α
1378 1553 1448 1618 Si
1493 1553 1859 1637 oppositum
1902 1551 1972 1614 in
2013 1548 2300 1633 opposito
2325 1591 2342 1623 ‚

800 1671 864 1731 et
886 1663 1281 1749 propositum
1301 1663 1370 1725 in
1400 1660 1721 1744 proposito
1748 1682 1762 1723 :
1788 1682 1817 1719 n
1846 1676 1992 1723 cum
2013 1674 2176 1738 ergo
2193 1655 2348 1720 ami-

800 1774 891 1837 cis
916 1773 996 1836 sit
1026 1769 1587 1848 benefaciendum,
1617 1786 1732 1850 per
1758 1782 1825 1831 se
1851 1765 2171 1848 loquendo
2190 1812 2207 1842 ,
2238 1762 2345 1829 vi-

799 1879 988 1944 detur
1012 1876 1187 1960 quod
1210 1875 1484 1939 inimicis
1509 1875 1591 1939 sit
1615 1871 2166 1938 malefaciendum.

880 1992 939 2051 5.
983 1986 1140 2050 Item
1179 1983 1476 2049 videmus
1515 1984 1584 2046 in
1627 1981 1803 2046 omni
1852 1983 2181 2060 creatura,
2213 1982 2347 2044 tam

798 2094 1113 2169 animata,
1143 2110 1342 2176 quam
1376 2091 1759 2169 inanimata,
1790 2088 1960 2171 quod
2009 2086 2345 2150 inimicitia

798 2202 879 2266 sit
918 2219 1109 2264 causa
1151 2217 1392 2282 pugnae
1419 2247 1436 2276 ‚
1481 2198 1645 2261 sicut
1687 2196 1967 2260 amicitia
2011 2198 2106 2259 est
2155 2213 2347 2258 causa

796 2307 1149 2370 concordiae
1181 2329 1196 2369 ε
1234 2306 1288 2368 si
1318 2323 1477 2386 ergo
1504 2321 1697 2367 nemo
1724 2302 1910 2366 debet
1949 2302 2153 2365 facere
2183 2318 2339 2363 con-

798 2417 898 2477 tra
939 2413 1299 2477 naturalem
1338 2412 1785 2477 rectitudinem
1814 2460 1832 2491 ‚
1874 2410 2127 2475 videtur
2171 2409 2346 2491 quod

799 2521 1012 2600 magis
1037 2521 1119 2583 sit
1152 2525 1430 2599 rectum,
1461 2519 1813 2582 secundum
1859 2518 2124 2582 rationis
2166 2516 2343 2581 ordi-

800 2645 972 2706 nem,
1008 2627 1297 2690 inimicos
1322 2644 1700 2709 expugnare
1721 2673 1740 2705 ,
1771 2643 1968 2708 quam
2014 2643 2123 2689 eos
2161 2624 2346 2706 adju-

798 2752 954 2799 vare
985 2752 1185 2814 :ergo
1213 2752 1343 2797 non
1369 2733 1624 2797 videtur
1650 2733 1822 2815 quod
1836 2750 2059 2797 omnes
2077 2737 2339 2796 tenean-

804 2844 912 2904 tur
939 2840 1109 2923 ipsos
1134 2841 1367 2926 effectu
1393 2839 1680 2921 diligere.

1342 3082 1795 3152 CONCLUSIO.

805 3261 994 3319 Omnes
1034 3265 1271 3318 tenernur
1313 3261 1540 3333 diliqere
1574 3263 1823 3317 inimicos
1850 3276 1957 3317 non
1985 3259 2137 3316 modo
2163 3260 2344 3331 quoad

869 3352 1146 3423 affectum,
1191 3367 1374 3408 verum
1401 3354 1564 3407 etiam
1599 3350 1777 3421 quoad
1803 3351 2070 3422 effectum,
2118 3352 2182 3404 in
2219 3365 2344 3405 casa

868 3443 1218 3497 necessitatis.

879 3597 1067 3681 Resp.
1098 3599 1180 3664 ad
1203 3617 1347 3681 arg.
1382 3600 1477 3664 Ad
1506 3599 1961 3682 praedictorum
1986 3597 2342 3679 intelligen-

798 3705 954 3768 tiam
982 3711 1077 3769 est
1118 3707 1470 3770 notandum
1492 3753 1510 3782 ‚
1539 3706 1712 3790 quod
1746 3705 1914 3769 circa
1942 3704 2066 3769 hoc
2105 3709 2200 3769 est
2226 3706 2345 3769 du-

798 3812 947 3896 plex
992 3815 1219 3879 modus
1265 3813 1535 3878 dicendi.
1586 3813 1858 3890 Quidam
1906 3812 2079 3876 enim
2134 3811 2341 3877 dicere

799 3920 1178 4000 voluerunt,
1222 3920 1396 4003 quod
1434 3921 1551 3983 etsi
1597 3920 1863 4001 diligere
1909 3919 2203 3984 inimicos
2245 3921 2341 3984 af-

686 4029 692 4041 ’
797 4027 968 4092 fectu
1029 4027 1108 4091 sit
1159 4026 1551 4091 necessitatis
1587 4075 1604 4104 ‚
1663 4027 1753 4090 ita
1811 4026 1984 4109 quod
2041 4025 2121 4090 ad
2183 4025 2341 4092 illud

562 4700 752 4757 Improb.

797 4132 1168 4214 obligantur
1219 4136 1352 4194 tam
1390 4132 1679 4213 perfecti,
1709 4150 1909 4214 quam
1947 4132 2333 4216 imperfecti;

796 4239 1065 4320 diligere
1133 4242 1349 4303 tamen
1416 4238 1649 4303 affectu
1717 4238 1915 4303 simul
1978 4243 2042 4303 et
2109 4241 2341 4306 effectu

796 4346 1380 4429 supererogationis
1436 4350 1499 4411 et
1552 4345 1955 4429 perfectionis
2006 4352 2102 4412 est
2142 4371 2159 4413 ε
2223 4368 2343 4414 nec

798 4453 878 4518 ad
929 4453 1088 4518 illud
1145 4454 1519 4536 obligantur
1571 4454 1973 4538 imperfecti,
2030 4457 2141 4521 sed
2206 4462 2341 4522 tan-

800 4564 940 4625 tum
972 4561 1251 4644 perfecti.
1288 4562 1412 4627 Sed
1455 4562 1560 4627 ille
1600 4563 1829 4628 modus
1861 4564 2109 4629 dicendi
2136 4565 2206 4630 in
2235 4585 2341 4632 se-

799 4673 938 4757 ipso
975 4673 1246 4741 includit
1288 4674 1786 4755 repugnantiam
1817 4693 1833 4737 :
1869 4675 2154 4757 primum
2196 4680 2343 4761 qui-

801 4782 979 4861 dem,
1009 4782 1164 4864 quia
1198 4782 1422 4847 eodem
1453 4783 1754 4848 mandato
1796 4784 2205 4869 praecipimur
2245 4787 2344 4853 di-

798 4890 1004 4972 ligere
1047 4889 1378 4969 inimicos»,
1419 4897 1482 4955 et
1511 4890 1601 4954 eis
1639 4890 2029 4958 benefacere.
2071 4893 2140 4957 Si
2182 4913 2341 4977 ergo

800 4994 1172 5061 mandatum
1203 4996 1357 5063 illud
1403 4998 1702 5078 generale
1732 5003 1856 5078 est,
1886 5000 2141 5067 videtur
2169 5003 2341 5085 quod

801 5104 1183 5184 generaliter
1207 5122 1430 5170 omnes
1460 5104 1828 5185 obligentur
1853 5107 1935 5172 ad
1963 5112 2337 5193 utrumque.

862 5279 880 5312 ¹
907 5279 1057 5341 Aug„
1081 5278 1356 5341 Enchirid„
1385 5294 1430 5328 c·
1463 5292 1649 5343 Lxxm,
1693 5296 1746 5330 n.
1778 5286 1920 5332 19.—
1947 5284 1967 5318 ⁹
1997 5284 2130 5333 Arist
2155 5322 2168 5347 ‚
2207 5285 2338 5350 Tap„

798 5348 884 5397 lib.
904 5351 994 5408 IV.
1017 5354 1161 5399 tract.
1186 5363 1249 5413 11,
1278 5351 1332 5400 in
1353 5351 1544 5401 fine.-
1562 5354 1810 5417 ²1Joan.,
1843 5365 1922 5414 111,
1956 5357 2030 5406 Π.

861 5428 926 5493 (α)
958 5427 1081 5479 eat.
1111 5429 1230 5484 edit.
1264 5430 1608 5485 Enchiridion.

1950 448 2575 523 SENTENTIARUM
2612 448 2762 516 LIB.
2809 449 2917 515 111.

2459 585 2538 652 Et
2564 585 2798 649 iterum
2818 633 2836 665 ‚
2864 585 3154 669 perfecti,
3186 588 3503 669 quantum
3546 586 3631 651 ad
3665 586 4002 669 obligatio-

2465 712 2616 757 nem
2641 711 2790 777 quae
2817 697 2911 759 est
2949 712 3066 778 per
3094 694 3471 759 mandatum
3492 742 3509 771 ‚
3540 695 3624 760 ad
3656 695 3821 759 nihil
3861 697 4000 760 obli·

2459 805 2700 882 gantur
2713 847 2741 878 ‚-
2763 802 2843 866 ad
2867 802 3038 884 quod
3066 820 3198 865 non
3225 802 3604 882 obligantur
3631 803 3997 885 imperfecti,

2456 910 2609 992 quia
2639 910 2939 974 mandata
2970 909 3079 973 Dei
3106 908 3407 973 omnibus
3433 909 3827 989 generaliter
3854 929 3997 993 pro-

2457 1021 2811 1100 ponuntur.
2869 1017 2940 1084 Si
2991 1035 3153 1098 ergo
3214 1035 3329 1098 per
3404 1016 3566 1082 illud
3632 1019 3995 1084 mandatum

2456 1126 2830 1207 obligantur
2852 1124 3110 1208 perfecti
3138 1122 3220 1187 ad
3240 1123 3649 1204 diligendum
3671 1125 3997 1190 inimicum

2456 1236 2588 1297 tam
2616 1233 2850 1297 affectu
2866 1280 2887 1312 ,
2919 1249 3118 1315 quam
3140 1231 3407 1307 effectu,
3431 1230 3692 1296 videtur
3713 1232 3993 1300 similiter

2455 1341 2535 1404 de
2562 1339 2946 1422 imperfectis
2981 1338 3153 1404 idem
3193 1355 3331 1402 esse
3371 1338 3740 1404 dicendum.
3772 1340 3853 1405 Et
3879 1360 4000 1406 am-

2454 1445 2625 1528 plius
2645 1494 2663 1524 ‚
2705 1445 2760 1508 si
2788 1445 3037 1510 dilectio
3073 1462 3229 1510 vera
3269 1462 3405 1508 non
3430 1448 3685 1511 tantum
3730 1448 4002 1512 consistit

2455 1553 2521 1616 in
2545 1553 2733 1618 corde
2755 1601 2774 1632 ,
2803 1553 2913 1617 sed
2949 1553 3144 1618 etiam
3168 1552 3614 1618 manifestatur
3659 1556 3732 1618 in
3774 1574 3960 1639 opere
3978 1605 3994 1633 ‚

2454 1657 2662 1724 dicere
2711 1660 2885 1744 quod
2947 1661 3162 1725 caeteri
3206 1664 3459 1725 tantum
3512 1662 3888 1765 obligantur
3925 1666 3997 1729 ad

2454 1767 2858 1848 diligendum
2891 1769 3081 1833 corde
3100 1817 3119 1849 ,
3178 1786 3311 1833 non
3352 1774 3570 1834 autem
3615 1772 3697 1836 ad
3737 1773 3995 1854 diligen·

2455 1872 2613 1938 dum
2648 1871 2878 1958 opere,
2915 1894 3067 1940 cum
3093 1894 3160 1940 se
3189 1876 3379 1940 offert
3424 1877 3732 1962 temporis
3776 1883 3840 1943 et
3886 1879 3994 1945 loci

2454 1983 2891 2065 opportunitas
2910 2032 2928 2062 ,
2958 1983 3130 2047 idem
3156 1983 3412 2049 videtur
3452 1985 3693 2063 dicere,
3725 2003 3803 2050 ac
3827 1987 3881 2049 si
3908 1990 3992 2050 te-

2454 2106 2726 2153 neamur
2754 2089 3046 2154 inimicos
3074 2091 3344 2171 diligere
3371 2093 3539 2157 ficte.
3574 2091 3816 2158 Praeter
3840 2093 3955 2158 hoc
3972 2142 3987 2169 ‚

2453 2196 2701 2260 dilectio
2726 2196 3136 2261 inimicorum
3154 2197 3476 2263 clauditur
3498 2199 3568 2262 in
3599 2200 3896 2266 mandato
3920 2201 3990 2266 de

2453 2303 2785 2368 dilectione
2813 2303 3092 2386 proximi
3124 2326 3140 2367 :
3176 2309 3240 2369 et
3266 2309 3511 2370 constat
3538 2307 3713 2389 quod
3742 2308 3987 2373 manda·

2453 2415 2595 2474 tum
2623 2411 2782 2476 illud
2818 2411 3203 2491 intelligitur
3244 2418 3561 2495 quantum
3593 2414 3674 2478 ad
3699 2415 3984 2480 affectum

2453 2522 2516 2582 et
2559 2519 2896 2597 effectum;
2929 2524 2990 2582 et
3033 2519 3114 2582 ad
3158 2519 3317 2583 illud
3360 2521 3742 2585 mandatum
3782 2541 3989 2586 omnes

2453 2624 2841 2704 obligantur.
2875 2624 2953 2689 Et
2983 2629 3315 2708 propterea
3343 2627 3645 2709 praedicta
3673 2630 3984 2712 responsio

2453 2748 2586 2794 non
2625 2735 2832 2812 potest
2866 2731 3102 2795 habere
3143 2732 3380 2798 locum.
3423 2734 3503 2798 Et
3540 2734 3685 2799 ideo
3719 2741 3814 2800 est
3838 2737 3985 2801 alius
4006 2752 4156 2807 opt-³0²

2454 2837 2685 2901 modus
2708 2838 2994 2918 dicendi,
3025 2839 3199 2922 quod
3224 2840 3492 2922 diligere
3530 2842 3602 2905 in
3628 2844 3858 2907 effectu
3881 2862 3986 2908 ex-

2453 2946 2702 3021 teriori,
2723 2945 2847 3009 hoc
2872 2949 3077 3027 potest
3098 2965 3232 3010 esse
3261 2947 3598 3029 dupliciter
3624 2966 3642 3010 :
3665 2954 3781 3014 aut
3802 2969 3984 3034 quan-

2453 3051 2815 3135 documque
2841 3071 2909 3116 se
2950 3052 3136 3116 offert
3175 3055 3482 3137 temporis
3518 3058 3982 3139 opportunitas,

2453 3164 2566 3223 aut
2606 3161 2864 3244 quando
2911 3160 3226 3225 incumbit
3265 3164 3629 3228 necessitas,
3664 3163 3733 3230 Si
3773 3165 3983 3249 loqua-

2453 3288 2602 3333 mur
2628 3269 2708 3333 de
2751 3269 3147 3334 exhibitione
3187 3272 3398 3353 operis
3435 3272 3773 3337 exterioris
3798 3292 3989 3355 gene-

2452 3380 2697 3459 raliter,
2730 3381 2986 3463 quando
3018 3400 3086 3445 se
3123 3382 3309 3446 offert
3345 3383 3649 3465 temporis
3690 3389 3987 3467 opportu-

2452 3488 2639 3567 nitaS,
2667 3488 2756 3551 sic
2783 3489 3049 3571 diligere
3076 3489 3369 3553 inimicos
3396 3490 3630 3557 effectu
3651 3494 3715 3554 et
3741 3491 3985 3564 affectu,

2452 3595 2753 3659 cumulus
2793 3599 2889 3659 est
2933 3597 3354 3679 perfectionis.
3405 3598 3469 3661 Si
3505 3602 3728 3662 autem
3772 3599 3984 3681 loqua-

2453 3719 2602 3764 mur
2623 3702 2700 3766 de
2728 3702 3119 3769 exhibitione
3158 3705 3369 3787 operis
3392 3705 3652 3789 quando
3689 3706 3989 3771 incumbit

2451 3811 2817 3889 necessitaS‚
2850 3811 2939 3874 sic
2982 3810 3253 3892 diligere
3296 3813 3590 3878 inimicos
3637 3815 3868 3879 effectu
3902 3820 3988 3878 est

2454 3917 2771 3998 generalis
2798 3925 2861 3982 et
2887 3918 3262 3982 necessariae
3290 3919 3733 4002 obligationis,
3764 3924 3914 4006 quia
3938 3923 3985 3986 si

2452 4025 2597 4105 quis
2621 4025 2795 4089 videt
2833 4025 3202 4108 proximum
3240 4045 3467 4107 suum,
3507 4028 3647 4093 sive
3675 4031 3983 4105 amicum,

2452 4131 2591 4196 sive
2609 4131 2969 4208 inimicum,
2990 4134 3425 4198 necessitatem
3444 4134 3688 4199 habere
3700 4184 3716 4212 ‚
3735 4140 3802 4200 et
3821 4137 3987 4202 clau-

2453 4237 2547 4301 dit
2574 4238 2818 4303 viscera
2846 4257 2964 4302 sua
3006 4239 3088 4303 ab
3123 4258 3233 4319 e0‚
3260 4242 3454 4323 juxta
3491 4243 3878 4307 sententiam
3917 4242 3982 4306 B.

2451 4345 2485 4410 J
2489 4346 2714 4409 oannis
2740 4347 2764 4381 ¹
2792 4348 2921 4428 jam
2949 4346 3227 4429 amplius
3262 4365 3397 4411 non
3439 4353 3536 4412 ast
3570 4349 3857 4416 charitas
3883 4351 3987 4416 Dei

2454 4454 2528 4518 in
2560 4468 2649 4519 eo.
2697 4451 2802 4517 Sic
2845 4471 3002 4535 ergo
3045 4458 3257 4537 patet,
3299 4455 3473 4538 quod
3513 4456 3682 4521 sicut
3724 4458 3981 4539 diligere

2453 4559 2714 4639 affectu,
2734 4579 2870 4624 uno
2890 4562 3078 4625 modo
3098 4563 3487 4627 necessitatis
3507 4567 3602 4628 est
3619 4613 3639 4645 ,
3661 4565 3790 4630 alio
3814 4565 3984 4629 modo

2453 4668 2851 4751 perfectionis
2868 4690 2885 4747 ;
2916 4669 3007 4734 sic
3030 4669 3299 4751 diligere
3328 4671 3564 4736 effectu
3582 4720 3605 4750 ,
3637 4692 3773 4738 uno
3813 4672 3983 4737 modo

2452 4776 2840 4841 necessitatis
2866 4780 2981 4857 est,
3005 4778 3129 4843 alio
3160 4779 3348 4844 modo
3373 4780 3785 4863 perfectionis
3809 4787 3870 4846 et
3893 4800 3984 4846 su·

2452 4885 2962 4967 pererogationis
2996 4908 3011 4950 ε
3040 4889 3103 4950 et
3126 4887 3485 4953 secundum
3511 4888 3697 4953 hunc
3734 4889 3983 4955 modum

2453 4995 2718 5074 possunt
2754 4993 2916 5059 solvi
2958 4992 3227 5058 diversae
3274 4994 3685 5060 auctoritates
3733 4995 3985 5061 Sancto·

2453 5118 2603 5165 rum
2620 5146 2637 5178 ‚
2681 5118 2831 5183 quae
2871 5102 2991 5165 sibi
3030 5102 3332 5167 videntur
3376 5101 3643 5168 obviare
3686 5103 3766 5168 de
3807 5104 3981 5169 dilec-

2450 5208 2624 5272 tione
2651 5207 3079 5273 inimicorum.

2533 5320 2604 5394 1,
2632 5319 2673 5381 2
2699 5319 2762 5379 et
2790 5320 2850 5381 3.
2882 5315 2979 5380 Ex
3007 5315 3109 5380 his
3133 5318 3303 5400 patet
3330 5316 3663 5400 responsio
3690 5320 3772 5383 ad
3795 5334 3979 5403 quaes-

2450 5423 2688 5488 tionem
2727 5424 3151 5509 propositam;
3181 5428 3356 5507 patet
3386 5425 3584 5491 etiam
3614 5446 3736 5514 pro
3764 5443 3975 5513 magna
