4185 6288
504 1289 574 1333 Ad
596 1301 699 1345 opp.

739 490 862 551 200

1826 477 2447 546 SENTEN'rlARUM
2488 479 2639 544 LIB.
2683 477 2793 544 111.

823 619 981 686 item
1009 619 1230 687 eadem
1257 617 1625 683 adoratione
1651 616 1953 682 adoratur
1969 631 2117 681 caro
2144 616 2279 680 ani·
2383 615 2691 698 probatur
2723 631 2838 697 per
2864 612 3010 692 hoc,
3040 610 3212 693 quod
3237 607 3402 674 nulli
3425 606 3693 672 debetur
3716 604 3919 682 latria,

739 747 867 795 mae
894 729 1095 808 unita,
1124 746 1255 810 qua
1294 727 1599 792 adoratur
1642 725 1780 807 ipsa
1827 724 2089 789 anima:
2121 741 2280 805 ergo

739 836 798 900 si
844 853 975 901 non
1029 835 1246 899 minus
1290 833 1513 898 intime
1565 832 1788 897 unitur
1824 831 2109 897 Verbum
2160 831 2280 914 ipsi

740 943 938 1021 carni,
968 959 1167 1024 quam
1189 941 1425 1020 anima,
1455 939 1677 1004 eadem
1703 938 1951 1004 ratione
1971 957 2102 1021 qua
2136 939 2282 1003 ado-

740 1054 924 1114 ratur
970 1047 1280 1127 Verbum,
1322 1046 1625 1112 adoratur
1691 1064 1837 1110 caro
1902 1049 2232 1128 assumpta
2261 1066 2277 1109 2

745 1156 856 1222 sed
880 1154 1164 1222 Verbum
1191 1155 1494 1220 adoratur
1518 1153 1703 1217 latria
1735 1171 1752 1216 z
1782 1170 1963 1234 ergo,
1993 1155 2110 1214 etc.

824 1261 947 1327 Sed
973 1265 1194 1326 contra
1213 1261 1245 1324 1
1267 1259 1284 1293 ¹
1309 1282 1324 1324 :
1350 1259 1691 1326 Dominum
1707 1259 1904 1323 Deum
1927 1262 2109 1323 tuum
2135 1257 2287 1325 ado-

741 1371 943 1449 rabis,
973 1376 1034 1437 et
1057 1368 1164 1436 illi
1187 1368 1312 1435 soli
1350 1369 1627 1436 servies:
1653 1364 1868 1430 Glossa
1915 1366 2182 1448 exponit
2209 1365 2286 1431 de

740 1478 1047 1544 servitute
1069 1476 1279 1541 cultus
1297 1475 1536 1539 latriae:
1567 1492 1725 1554 ergo
1753 1473 1869 1537 soli
1899 1472 2025 1538 Deo
2057 1477 2153 1538 est
2178 1492 2290 1540 ex-

738 1584 1015 1651 hibenda
1049 1607 1064 1650 :
1095 1601 1226 1648 non
1253 1600 1411 1663 ergo
1437 1581 1615 1645 carni
1634 1579 1884 1645 Christi.

819 1696 881 1756 Ξ.
911 1691 1070 1756 Item
1115 1688 1540 1770 Augustiana,
1590 1686 1666 1753 de
1713 1686 1989 1754 civitate
2018 1688 2154 1765 Dei,
2187 1688 2289 1753 lo-

740 1820 945 1885 quens
987 1801 1067 1865 de
1097 1798 1344 1863 Christo
1368 1797 1392 1832 ⁸
1420 1817 1436 1859 ι
1472 1818 1504 1855 ιι
1534 1794 1694 1860 Cum
1720 1795 1790 1859 in
1824 1795 2032 1861 forma
2057 1794 2169 1858 Dei
2193 1813 2291 1860 sa·

741 1907 1056 1972 orificium
1078 1924 1228 1970 cum
1250 1902 1431 1969 Patre
1457 1905 1692 1982 sumat,
1709 1919 1861 1966 cum
1877 1918 2008 1984 quo
2035 1906 2100 1965 et
2118 1920 2292 1965 unus

740 2020 836 2078 est
861 2014 1024 2077 Deus
1054 2033 1071 2077 :
1104 2016 1323 2076 tamen
1361 2010 1664 2075 informa
1700 2009 1871 2074 servi
1917 2010 2145 2072 maluit
2187 2027 2292 2073 sa-

741 2121 1057 2185 crificium
1087 2137 1245 2195 esse,
1277 2135 1473 2201 quam
1497 2133 1772 2181 sumere.
1805 2138 1836 2175 n
1858 2115 1937 2180 Et
1967 2114 2204 2180 ibidem
2224 2121 2286 2180 ⁸:

751 2250 782 2289 ι
806 2227 961 2305 Quis
1004 2224 1489 2291 sacrificandum
1519 2223 1801 2302 censuit,
1846 2223 1970 2285 nisi
1995 2223 2053 2287 ei
2095 2241 2290 2307 quem

672 2404 691 2423 ,
746 2335 944 2399 Deum
973 2337 1088 2399 aut
1120 2333 1330 2411 scivit,
1387 2335 1500 2395 aut
1545 2330 1815 2413 putavit,
1846 2335 1961 2393 aut
1990 2330 2223 2394 finxit?
2251 2352 2283 2391 n

743 2442 916 2524 Ergo
944 2439 1331 2505 humanitati
1362 2437 1455 2502 illi
1486 2456 1616 2502 non
1650 2440 1744 2501 est
1775 2438 2287 2519 sacrificandum,

742 2550 879 2613 sive
904 2548 1079 2613 carni
1108 2547 1341 2613 Christi
1375 2568 1390 2612 ε
1423 2563 1580 2628 ergo
1608 2563 1726 2609 1100
1744 2544 1848 2610 1110
1882 2544 2094 2610 cultus
2111 2550 2206 2610 est
2231 2547 2290 2611 ei

744 2656 1127 2732 offerendus,
1158 2655 1271 2737 qui
1298 2654 1566 2718 offertur
1594 2652 1741 2718 Deo,

826 2767 885 2827 3.
912 2762 1070 2827 Item
1090 2761 1307 2826 Glossa
1332 2779 1525 2844 super
1547 2760 1706 2825 illud
1734 2759 2029 2824 Psalmi⁸z
2048 2761 2292 2829 Adora-

746 2878 808 2939 τε
832 2871 1167 2938 scabellum
1188 2870 1420 2953 pedum
1445 2870 1581 2952 ejus
1608 2890 1634 2934 .·
1659 2891 1690 2930 a
1709 2868 1865 2935 Caro
1907 2867 2139 2934 Christi
2160 2889 2289 2936 non

746 2983 844 3043 est
869 2977 1191 3041 adoranda
1214 2977 1323 3041 illa
1351 2976 1717 3041 adoratione
1744 2975 1971 3053 latriae,
1998 2996 2147 3060 quae
2176 2978 2294 3043 soli

706 3084 875 3150 .Deo
926 3083 1216 3164 debetur,
1273 3083 1380 3149 sed
1434 3083 1545 3147 illa
1592 3080 1790 3159 dulia,
1834 3099 1982 3165 quae
2036 3083 2292 3166 dignior

747 3195 862 3258 est.
900 3212 932 3251 n
965 3188 1165 3273 Ergo,
1196 3194 1316 3255 etc.

829 3304 890 3364 4.
922 3298 1080 3363 item
1128 3299 1416 3363 humana
1443 3302 1675 3364 natura
1702 3302 1770 3365 in
1809 3302 2052 3366 Christo
2079 3320 2292 3384 quan-

748 3413 1169 3488 tumcumque
1193 3406 1275 3469 sit
1299 3406 1662 3485 sublimata,
1685 3427 1818 3473 non
1831 3409 1960 3473 exit
1987 3409 2294 3473 terminos

750 3519 1058 3579 creaturae
1093 3536 1107 3577 2
1140 3532 1296 3595 ergo
1327 3532 1447 3577 nec
1469 3516 1826 3579 reverentia
1852 3515 2209 3581 exhibenda
2234 3515 2295 3580 ei

749 3622 938 3687 debet
972 3621 1147 3686 exire
1191 3621 1496 3685 terminos
1522 3627 1830 3687 creaturae
1860 3642 1877 3687 2
1931 3624 1985 3687 si
2016 3643 2173 3706 ergo
2201 3625 2293 3688 la—

751 3729 873 3791 tria
898 3731 991 3792 est
1020 3727 1228 3791 cultus
1254 3728 1364 3810 qui
1384 3728 1629 3793 excedit
1658 3747 1879 3793 omnes
1907 3730 2068 3794 fines
2112 3749 2295 3795 crea-

752 3837 941 3914 turae,
997 3834 1251 3899 videtur
1304 3834 1477 3916 quod
1544 3835 1657 3918 qui
1705 3836 1963 3900 exhibet
2040 3837 2295 3902 latriam

751 3941 928 4005 carni
956 3940 1206 4020 Christi,
1232 3942 1585 4005 committat
1610 3942 2049 4008 idololatriam.

834 4052 894 4111 5.
926 4046 1084 4111 Item
1121 4047 1360 4112 minori
1409 4049 1620 4113 minor
1646 4050 2005 4114 reverentia
2035 4056 2132 4115 est
2176 4071 2296 4116 ex-

751 4153 1049 4234 hibenda,
1080 4158 1144 4219 et
1170 4155 1399 4237 majori
1422 4158 1651 4238 major,
1681 4158 2032 4222 secundum
2049 4165 2297 4225 rectum

753 4265 1041 4329 ordinem
1075 4266 1216 4330 :sed
1248 4265 1552 4346 Christus,
1585 4268 1937 4332 secundum
1968 4271 2140 4353 quod
2176 4271 2295 4333 ho-

756 4392 884 4453 mo,
916 4374 1127 4437 minor
1173 4376 1268 4437 est
1322 4370 1507 4438 Patre
1529 4421 1546 4451 ,
1593 4379 1656 4438 et
1691 4376 2058 4441 humanitas
2085 4377 2299 4440 minor

752 4481 1005 4560 deitate,
1025 4485 1627 4563 quantumcumque·
1648 4481 1829 4546 unita
1856 4483 1972 4547 sit:
1996 4500 2155 4564 ergo
2186 4485 2298 4547 mi-

754 4605 877 4652 nor
899 4588 1277 4652 'reverentia
1304 4589 1399 4650 est
1425 4587 1484 4650 ei
1511 4586 1865 4652 exhibenda
1894 4611 1908 4653 :
1941 4590 1993 4653 si
2020 4608 2180 4672 ergo
2203 4592 2295 4655 la-

753 4694 877 4758 tria
900 4697 997 4757 est
1014 4692 1369 4757 reverentia
1398 4712 1675 4773 summa,
1705 4695 1956 4760 videtur
1978 4698 2149 4778 quod
2171 4698 2300 4763 hu-

756 4800 1046 4865 manitati
1064 4799 1291 4864 Christi
1322 4820 1451 4865 non
1474 4802 1557 4867 sit
1575 4802 1955 4868 exhibenda.
2232 4805 2243 4820 “

835 4912 896 4972 6.
941 4907 1098 4972 item
1141 4907 1380 4973 nullius
1416 4913 1508 4972 est
1532 4909 1782 4975 adorari
1810 4911 2178 4977 adoratione
2204 4914 2297 4979 la-

755 5015 921 5091 triae,
952 5018 1135 5097 cujus
1157 5019 1252 5079 est
1278 5014 1543 5079 adorare
1574 5033 1591 5080 1
1630 5016 1738 5079 sed
1764 5016 2180 5083 humanitatis
2207 5022 2302 5083 est

753 5121 1016 5187 adorare
1065 5121 1269 5205 ipsam
1313 5141 1636 5188 summam
1685 5122 2060 5190 Trinitatem
2092 5148 2107 5190 :
2139 5143 2299 5209 ergo

753 5245 885 5291 non
911 5226 1095 5292 debet
1148 5229 1397 5295 adorari
1448 5231 1813 5296 adoratione
1840 5232 2064 5297 latriae.
2098 5232 2301 5317 Major

817 5388 836 5424 ¹
864 5384 1004 5446 Luc„
1031 5397 1104 5448 ιν,
1126 5390 1173 5438 8.
1192 5391 1289 5424 —2
1317 5393 1469 5455 Aug„
1495 5390 1556 5440 de
1581 5393 1737 5445 civit.
1762 5393 1872 5456 Dei,
1900 5392 1986 5443 lib.
2019 5396 2056 5443 X
2079 5431 2092 5452 ‚
2129 5408 2176 5443 0.
2208 5406 2293 5443 xx.

758 5484 809 5498 -
839 5457 861 5492 ⁸
882 5455 1034 5518 Ιὸίιί..
1062 5470 1112 5507 e.
1139 5469 1289 5510 ιι-
1307 5459 1329 5495 ⁸
1348 5461 1485 5513 Peal.
1517 5473 1683 5514 xcvux
1703 5498 1722 5528 ,
1757 5465 1805 5516 5.
1826 5464 1927 5500 —-⁸
1952 5466 2116 5527 Joan„
2149 5476 2185 5530 1,
2220 5468 2293 5518 14.

2387 724 2574 805 cujus
2597 726 2693 786 est
2718 720 2957 786 servire
2997 716 3199 782 alteri.
3227 715 3436 780 Minor
3463 713 3768 798 probatur
3812 729 3923 795 per

2387 829 2532 908 hoc,
2566 829 2719 911 quia
2743 830 2885 911 ejus
2910 829 3005 891 est
3030 825 3316 900 adorare,
3349 823 3534 904 cujus
3574 822 3669 883 est
3691 835 3874 882 orare
3902 839 3919 881 ε

2390 934 2674 999 Christus
2694 937 2913 997 autem
2939 931 3164 1009 oravit,
3195 929 3359 994 sicut
3371 927 3608 1010 legitur
3627 926 3698 990 in
3725 924 3926 990 diver-

2388 1042 2475 1105 sis
2500 1039 2887 1123 evangeliis:
2917 1056 3098 1120 erg0,
3127 1040 3246 1101 etc.

2952 1301 3380 1367 CONCLUSIO.

2395 1479 2726 1536 Humanitas
2770 1473 3002 1542 Christi,
3045 1474 3109 1529 in
3135 1474 3398 1543 quantum
3425 1470 3506 1526 est
3540 1466 3715 1526 Verbo
3749 1470 3931 1535 unita,

2468 1571 2546 1624 est
2572 1567 2750 1622 latrice
2778 1564 3099 1621 adoratione
3125 1560 3436 1628 adoranda,
3473 1559 3599 1616 licet
3620 1600 3639 1630 ‚
3680 1562 3744 1614 ut
3773 1572 3868 1629 per
3883 1572 3937 1613 se

2468 1655 2806 1713 considerata
2832 1694 2847 1722 ,
2890 1656 3104 1709 tantiam
3158 1651 3325 1707 dulioe
3381 1648 3569 1706 debeat
3624 1648 3941 1705 adoratione

2468 1745 2713 1802 adorari.

2478 1904 2662 1987 Resp.
2686 1903 2768 1967 ad
2786 1921 2926 1984 arg.
2958 1899 3308 1965 Dicendum
3337 1897 3508 1982 quod
3537 1914 3683 1962 caro
3711 1896 3939 1961 Christi

2398 2011 2835 2095 multipliciter
2888 2008 3344 2074 consideratur.
3385 2005 3526 2071 Uno
3554 2005 3749 2070 modo
3796 2023 3938 2069 caro

2398 2119 2625 2185 Christi
2672 2119 2903 2184 dicitur
2939 2121 3112 2181 totus
3165 2114 3270 2179 1110
3294 2113 3513 2191 homo,
3549 2114 3744 2195 juxta
3785 2111 3937 2176 illud

2398 2226 2569 2310 quod
2594 2225 2826 2290 dieitur
2840 2224 2862 2260 ⁸
2895 2245 2911 2287 ε
2958 2223 3229 2289 Verbum
3255 2237 3402 2288 caro
3420 2222 3664 2301 factum
3711 2225 3805 2286 cst
3827 2242 3852 2285 .·
3878 2222 3938 2282 et

2397 2335 2519 2399 hoc
2547 2334 2758 2420 modo,
2807 2331 2962 2415 quia
2987 2330 3093 2394 ille
3134 2331 3330 2394 homo
3376 2327 3543 2393 Deus
3580 2331 3674 2390 est
3700 2327 3938 2390 ratione

2399 2458 2686 2526 personae
2740 2439 2956 2518 unius,
3013 2436 3374 2502 adorandus
3427 2439 3523 2499 est
3574 2433 3939 2498 adoratione

2398 2550 2599 2614 latriae
2613 2550 2658 2613 ⁶.
2689 2548 2830 2612 Alio
2853 2546 3043 2612 modo
3057 2563 3204 2610 caro
3229 2544 3457 2610 Christi
3483 2541 3934 2621 consideratur,

2398 2663 2591 2744 prout
2649 2660 2940 2723 nominat
2981 2658 3186 2740 ipsam
3234 2664 3481 2740 partem
3528 2653 3940 2719 humanitatis

2399 2788 2514 2851 per
2544 2786 2634 2848 se,
2672 2785 2803 2831 non
2843 2770 2919 2831 ut
2965 2766 3215 2830 unitam
3253 2787 3267 2829 :
3320 2768 3383 2827 et
3405 2763 3528 2827 hoc
3553 2763 3745 2827 modo
3772 2760 3941 2825 carni

2400 2875 2808 2940 consideratae
2862 2892 2997 2938 non
3040 2872 3309 2938 debetur
3358 2870 3640 2936 adoratio
3698 2869 3898 2934 latriae
3918 2916 3936 2948 ,

2400 2982 2510 3047 sed
2561 2982 2777 3047 duliae.
2834 2980 3045 3045 Tertio
3090 2980 3279 3044 modo
3321 2976 3757 3043 consideratur
3800 2994 3940 3040 caro

2402 3089 2628 3155 Christi
2652 3088 2836 3172 quasi
2860 3088 3068 3153 medio
3091 3086 3302 3164 mod0,
3332 3089 3524 3168 prout
3542 3084 3836 3149 nominat
3846 3082 3941 3166 ip-

2400 3216 2538 3260 sam
2566 3201 2864 3261 naturam
2889 3199 3166 3260 creatam
3192 3192 3508 3258 divinitati
3534 3192 3789 3256 unitam
3826 3210 3843 3254 :
3880 3193 3941 3254 et

2400 3303 2523 3368 hoc
2541 3306 2729 3370 modo
2756 3305 3058 3369 dixerunt
3076 3303 3337 3385 quidam
3362 3301 3536 3385 quod
3563 3305 3660 3365 est
3686 3301 3943 3365 adoran·

2402 3412 2483 3475 da
2503 3411 2678 3476 dulia
2697 3412 3000 3494 digniori,
3027 3429 3174 3495 quae
3202 3409 3465 3493 quidem
3497 3413 3592 3472 est
3615 3407 3939 3491 hyperdu-

2401 3518 2509 3596 lia.
2544 3517 2617 3581 Et
2666 3518 2825 3582 ratio
2855 3516 3057 3600 hujus
3100 3522 3227 3596 est,
3275 3515 3429 3598 quia
3478 3513 3679 3578 solius
3723 3512 3831 3577 Dei
3855 3516 4128 3585 ustos-,r

2403 3624 2653 3689 adorari
2677 3624 2881 3701 latria,
2911 3630 2975 3690 et
2995 3629 3227 3689 natura
3249 3641 3384 3688 non
3411 3621 3843 3687 communicat
3858 3619 3944 3683 al-

2403 3733 2522 3796 teri
2571 3737 2824 3796 naturae
2864 3751 2984 3797 sua
3027 3732 3348 3797 idiomata.
3389 3730 3568 3795 Unde
3620 3730 3787 3795 sicut
3815 3744 3944 3792 non

2404 3844 2499 3903 est
2549 3839 2891 3903 dicendum
2943 3840 3300 3903 humanam
3352 3841 3650 3902 naturam
3702 3855 3837 3901 esse
3877 3835 3943 3898 in

2407 3946 2649 4011 Christo
2674 3951 3005 4026 aeternam,
3035 3946 3188 4028 quia
3214 3948 3309 4009 est
3330 3945 3511 4009 unita
3536 3947 3796 4008 aeternae
3818 3965 3834 4022 ;
3858 3941 3943 4005 sic

2404 4053 2526 4118 hoc
2567 4053 2755 4117 modo
2791 4053 3129 4133 dixerunt,
3161 4053 3333 4135 quod
3383 4055 3618 4117 natura
3660 4053 3943 4116 bumana

2407 4179 2538 4226 non
2573 4165 2666 4224 est
2709 4160 3030 4224 adoranda
3057 4160 3243 4225 latria
3259 4208 3278 4236 ,
3322 4159 3619 4242 quamvis
3662 4160 3742 4224 sit
3766 4159 3940 4223 unita

2406 4269 2720 4353 majestati
2748 4285 3042 4333 summae.
3072 4265 3199 4331 Alii
3225 4285 3377 4332 vero
3405 4265 3710 4331 dixerunt
3743 4267 3937 4343 aliter,
3967 4291 4128 4350 opat.

2404 4377 2575 4460 quod
2631 4376 2686 4438 si
2722 4365 3155 4440 consideretur
3200 4392 3346 4438 caro
3386 4379 3450 4439 et
3498 4373 3721 4438 anima
3764 4376 3946 4455 prout

2409 4486 2588 4548 unita
2612 4484 2706 4547 1111
2733 4500 3024 4565 personae
3049 4530 3066 4560 ,
3097 4482 3419 4546 adoranda
3445 4484 3539 4546 est
3583 4480 3945 4546 adoratione

2407 4591 2630 4669 latriae,
2663 4608 2778 4674 pro
2806 4607 2882 4654 eo
2923 4589 3095 4672 quod
3120 4606 3302 4653 secus
3324 4591 3420 4653 est
3454 4587 3533 4652 de
3560 4587 3945 4651 exhibitione

2406 4697 2690 4774 honoriS,
2721 4702 2783 4762 et
2800 4696 3291 4779 proprietatibus
3321 4693 3480 4758 aliis.
3530 4691 3751 4757 Honor
3778 4691 3944 4757 enim

2408 4823 2538 4869 non
2562 4804 2814 4887 respicit
2838 4804 3002 4867 hanc
3030 4806 3299 4885 partem,
3326 4800 3427 4866 vel
3454 4799 3651 4878 illam,
3685 4799 3797 4863 sed
3818 4814 3945 4862 ree·

2407 4913 2559 4995 picit
2587 4913 2793 4996 ipsam
2841 4928 3201 4994 personam.
3247 4909 3424 4974 Unde
3476 4908 3777 4991 quamvis
3802 4923 3946 4989 pur-

2409 5039 2572 5103 pura
2593 5024 2656 5084 et
2681 5019 3140 5084 vestimentum
3172 5035 3301 5081 11011
3322 5016 3652 5099 participet
3666 5015 3943 5099 proprie-

2408 5132 2567 5192 tates
2607 5128 2782 5209 regis
2820 5127 3127 5206 absolute,
3158 5124 3588 5189 communicat
3613 5126 3831 5186 tamen
3878 5119 3940 5182 111

2409 5235 2650 5299 honore
2696 5239 2759 5299 et
2795 5234 3182 5309 reverentia,
3237 5232 3404 5296 sicut
3440 5230 3591 5295 dicit
3639 5227 3935 5310 Augusti·

2411 5422 2464 5432 -
2484 5396 2861 5520 ‘dlutconclum
2899 5397 3115 5457 scotus,
3152 5394 3207 5446 S.
3244 5392 3469 5446 Thomas
3496 5394 3549 5454 et
3589 5393 3783 5450 Bonav.
3824 5398 3935 5448 con·

2407 5480 2497 5520 cor
2531 5482 2596 5522 au
2624 5501 2638 5518 .
