<?xml version="1.0" encoding="UTF-8"?>
<!DOCTYPE html PUBLIC "-//W3C//DTD XHTML 1.0 Transitional//EN"
    "http://www.w3.org/TR/xhtml1/DTD/xhtml1-transitional.dtd">
<html xmlns="http://www.w3.org/1999/xhtml" xml:lang="en" lang="en">
 <head>
  <title>
</title>
<meta http-equiv="Content-Type" content="text/html;charset=utf-8" />
  <meta name='ocr-system' content='tesseract 3.04.00' />
  <meta name='ocr-capabilities' content='ocr_page ocr_carea ocr_par ocr_line ocrx_word'/>
</head>
<body>
  <div class='ocr_page' id='page_1' title='image "./srecardinalissb01cargoog_0083.png"; bbox 0 0 4185 6288; ppageno 0'>
   <div class='ocr_carea' id='block_1_1' title="bbox 1122 482 3466 566">
    <p class='ocr_par' dir='ltr' id='par_1_1' title="bbox 1122 482 3466 566">
     <span class='ocr_line' id='line_1_1' title="bbox 1122 482 3466 566; baseline 0 -12"><span class='ocrx_word' id='word_1_1' title='bbox 1122 486 1313 554; x_wconf 86' lang='lat' dir='ltr'>DIST.</span> <span class='ocrx_word' id='word_1_2' title='bbox 1361 483 1469 552; x_wconf 88' lang='lat'>111.</span> <span class='ocrx_word' id='word_1_3' title='bbox 1513 482 1744 551; x_wconf 76' lang='lat' dir='ltr'>PART.</span> <span class='ocrx_word' id='word_1_4' title='bbox 1792 484 1847 555; x_wconf 73' lang='lat'>10·</span> <span class='ocrx_word' id='word_1_5' title='bbox 1883 483 2068 553; x_wconf 70' lang='grc' dir='ltr'><strong>ΛΒΤ.</strong></span> <span class='ocrx_word' id='word_1_6' title='bbox 2115 486 2165 551; x_wconf 88' lang='lat'>1.</span> <span class='ocrx_word' id='word_1_7' title='bbox 2208 484 2509 566; x_wconf 59' lang='lat' dir='ltr'>Qum-ST.</span> <span class='ocrx_word' id='word_1_8' title='bbox 2556 486 2602 552; x_wconf 90' lang='grc' dir='ltr'>Ι.</span> <span class='ocrx_word' id='word_1_9' title='bbox 3395 494 3466 555; x_wconf 74' lang='grc'>61</span> 
     </span>
    </p>
   </div>
   <div class='ocr_carea' id='block_1_2' title="bbox 269 618 1821 4150">
    <p class='ocr_par' dir='ltr' id='par_1_2' title="bbox 269 618 1821 4150">
     <span class='ocr_line' id='line_1_2' title="bbox 274 618 1819 708; baseline 0 -25"><span class='ocrx_word' id='word_1_10' title='bbox 274 618 558 685; x_wconf 87' lang='lat' dir='ltr'>hendere.</span> <span class='ocrx_word' id='word_1_11' title='bbox 593 619 748 687; x_wconf 88' lang='lat' dir='ltr'>Non</span> <span class='ocrx_word' id='word_1_12' title='bbox 772 623 1051 688; x_wconf 90' lang='lat' dir='ltr'>omnino</span> <span class='ocrx_word' id='word_1_13' title='bbox 1075 624 1424 708; x_wconf 85' lang='lat' dir='ltr'>approbare</span> <span class='ocrx_word' id='word_1_14' title='bbox 1445 621 1681 699; x_wconf 80' lang='lat' dir='ltr'>endec,</span> <span class='ocrx_word' id='word_1_15' title='bbox 1700 636 1819 703; x_wconf 92' lang='lat' dir='ltr'>pro</span> 
     </span>
     <span class='ocr_line' id='line_1_3' title="bbox 275 727 1819 814; baseline 0 -23"><span class='ocrx_word' id='word_1_16' title='bbox 275 745 340 791; x_wconf 87' lang='lat' dir='ltr'>eo</span> <span class='ocrx_word' id='word_1_17' title='bbox 360 728 534 810; x_wconf 82' lang='lat' dir='ltr'>quod</span> <span class='ocrx_word' id='word_1_18' title='bbox 563 730 775 793; x_wconf 87' lang='lat' dir='ltr'>sancti</span> <span class='ocrx_word' id='word_1_19' title='bbox 805 727 1178 814; x_wconf 74' lang='lat' dir='ltr'>Patres,qui</span> <span class='ocrx_word' id='word_1_20' title='bbox 1205 729 1361 795; x_wconf 90' lang='lat' dir='ltr'>alias</span> <span class='ocrx_word' id='word_1_21' title='bbox 1389 727 1819 795; x_wconf 77' lang='lat' dir='ltr'><strong>solemnitates</strong></span> 
     </span>
     <span class='ocr_line' id='line_1_4' title="bbox 274 832 1816 920; baseline 0.001 -22"><span class='ocrx_word' id='word_1_22' title='bbox 274 832 544 916; x_wconf 78' lang='lat' dir='ltr'>Virginis</span> <span class='ocrx_word' id='word_1_23' title='bbox 570 836 827 920; x_wconf 82' lang='lat' dir='ltr'>Spiritu</span> <span class='ocrx_word' id='word_1_24' title='bbox 852 842 1073 903; x_wconf 89' lang='lat' dir='ltr'>sancto</span> <span class='ocrx_word' id='word_1_25' title='bbox 1112 837 1376 904; x_wconf 78' lang='lat' dir='ltr'>docente</span> <span class='ocrx_word' id='word_1_26' title='bbox 1416 838 1816 912; x_wconf 83' lang='lat' dir='ltr'>statuerunt,</span> 
     </span>
     <span class='ocr_line' id='line_1_5' title="bbox 272 941 1821 1027; baseline 0.001 -21"><span class='ocrx_word' id='word_1_27' title='bbox 272 941 373 1025; x_wconf 80' lang='lat' dir='ltr'>qui</span> <span class='ocrx_word' id='word_1_28' title='bbox 424 943 629 1007; x_wconf 90' lang='lat' dir='ltr'>etiam</span> <span class='ocrx_word' id='word_1_29' title='bbox 674 945 901 1027; x_wconf 87' lang='lat' dir='ltr'>magni</span> <span class='ocrx_word' id='word_1_30' title='bbox 954 948 1271 1011; x_wconf 87' lang='lat' dir='ltr'>amatores</span> <span class='ocrx_word' id='word_1_31' title='bbox 1311 948 1375 1011; x_wconf 87' lang='lat' dir='ltr'>et</span> <span class='ocrx_word' id='word_1_32' title='bbox 1416 947 1821 1009; x_wconf 68' lang='lat' dir='ltr'><strong>veneratores</strong></span> 
     </span>
     <span class='ocr_line' id='line_1_6' title="bbox 270 1048 1821 1135; baseline 0 -21"><span class='ocrx_word' id='word_1_33' title='bbox 270 1049 463 1114; x_wconf 83' lang='lat' dir='ltr'>beatae</span> <span class='ocrx_word' id='word_1_34' title='bbox 488 1049 792 1133; x_wconf 68' lang='lat' dir='ltr'>Virginis</span> <span class='ocrx_word' id='word_1_35' title='bbox 830 1053 1097 1118; x_wconf 77' lang='lat' dir='ltr'>suerunt</span> <span class='ocrx_word' id='word_1_36' title='bbox 1112 1101 1133 1133; x_wconf 93' lang='lat'>,</span> <span class='ocrx_word' id='word_1_37' title='bbox 1173 1050 1654 1135; x_wconf 80' lang='lat' dir='ltr'>conceptionem</span> <span class='ocrx_word' id='word_1_38' title='bbox 1683 1048 1821 1115; x_wconf 91' lang='lat' dir='ltr'>Vir-</span> 
     </span>
     <span class='ocr_line' id='line_1_7' title="bbox 273 1157 1820 1240; baseline 0 -18"><span class='ocrx_word' id='word_1_39' title='bbox 273 1158 433 1240; x_wconf 86' lang='lat' dir='ltr'>ginis</span> <span class='ocrx_word' id='word_1_40' title='bbox 487 1158 913 1225; x_wconf 79' lang='lat' dir='ltr'>solemnizare</span> <span class='ocrx_word' id='word_1_41' title='bbox 968 1178 1102 1225; x_wconf 92' lang='lat' dir='ltr'>non</span> <span class='ocrx_word' id='word_1_42' title='bbox 1159 1160 1538 1226; x_wconf 88' lang='lat' dir='ltr'>docuerunt.</span> <span class='ocrx_word' id='word_1_43' title='bbox 1587 1157 1820 1223; x_wconf 85' lang='lat' dir='ltr'>Beatus</span> 
     </span>
     <span class='ocr_line' id='line_1_8' title="bbox 271 1264 1821 1351; baseline 0 -21"><span class='ocrx_word' id='word_1_44' title='bbox 271 1266 454 1331; x_wconf 83' lang='lat' dir='ltr'>etiam</span> <span class='ocrx_word' id='word_1_45' title='bbox 482 1264 912 1347; x_wconf 81' lang='lat' dir='ltr'>Bernardus²,</span> <span class='ocrx_word' id='word_1_46' title='bbox 944 1268 1312 1351; x_wconf 82' lang='lat' dir='ltr'>praecipuus</span> <span class='ocrx_word' id='word_1_47' title='bbox 1336 1265 1621 1348; x_wconf 78' lang='lat' dir='ltr'>Virginis</span> <span class='ocrx_word' id='word_1_48' title='bbox 1648 1282 1821 1330; x_wconf 86' lang='lat' dir='ltr'>ama·</span> 
     </span>
     <span class='ocr_line' id='line_1_9' title="bbox 271 1371 1814 1458; baseline -0.001 -21"><span class='ocrx_word' id='word_1_49' title='bbox 271 1377 384 1452; x_wconf 90' lang='lat' dir='ltr'>tor,</span> <span class='ocrx_word' id='word_1_50' title='bbox 399 1379 463 1437; x_wconf 88' lang='lat' dir='ltr'>et</span> <span class='ocrx_word' id='word_1_51' title='bbox 489 1373 760 1439; x_wconf 90' lang='lat' dir='ltr'>honoris</span> <span class='ocrx_word' id='word_1_52' title='bbox 776 1376 918 1458; x_wconf 88' lang='lat' dir='ltr'>ejus</span> <span class='ocrx_word' id='word_1_53' title='bbox 937 1374 1196 1451; x_wconf 81' lang='lat' dir='ltr'>zelator,</span> <span class='ocrx_word' id='word_1_54' title='bbox 1229 1373 1368 1438; x_wconf 90' lang='lat' dir='ltr'>illos</span> <span class='ocrx_word' id='word_1_55' title='bbox 1387 1371 1814 1457; x_wconf 88' lang='lat' dir='ltr'>reprehendit,</span> 
     </span>
     <span class='ocr_line' id='line_1_10' title="bbox 271 1477 1818 1566; baseline -0.001 -19"><span class='ocrx_word' id='word_1_56' title='bbox 271 1482 378 1564; x_wconf 85' lang='lat' dir='ltr'>qui</span> <span class='ocrx_word' id='word_1_57' title='bbox 428 1480 911 1566; x_wconf 85' lang='lat' dir='ltr'>conceptionem</span> <span class='ocrx_word' id='word_1_58' title='bbox 952 1479 1241 1563; x_wconf 80' lang='lat' dir='ltr'>Virginis</span> <span class='ocrx_word' id='word_1_59' title='bbox 1289 1479 1633 1546; x_wconf 89' lang='lat' dir='ltr'>celebrant.</span> <span class='ocrx_word' id='word_1_60' title='bbox 1679 1477 1818 1545; x_wconf 84' lang='lat' dir='ltr'>Sta·</span> 
     </span>
     <span class='ocr_line' id='line_1_11' title="bbox 269 1585 1814 1655; baseline -0.003 0"><span class='ocrx_word' id='word_1_61' title='bbox 269 1592 402 1655; x_wconf 84' lang='lat' dir='ltr'>tuta</span> <span class='ocrx_word' id='word_1_62' title='bbox 435 1590 635 1654; x_wconf 83' lang='lat' dir='ltr'>etiam</span> <span class='ocrx_word' id='word_1_63' title='bbox 677 1587 1060 1653; x_wconf 85' lang='lat' dir='ltr'>universalis</span> <span class='ocrx_word' id='word_1_64' title='bbox 1098 1587 1394 1654; x_wconf 65' lang='lat' dir='ltr'>Ecclesiae</span> <span class='ocrx_word' id='word_1_65' title='bbox 1434 1587 1512 1652; x_wconf 89' lang='lat' dir='ltr'>de</span> <span class='ocrx_word' id='word_1_66' title='bbox 1552 1585 1814 1654; x_wconf 87' lang='lat' dir='ltr'>Sancto-</span> 
     </span>
     <span class='ocr_line' id='line_1_12' title="bbox 270 1695 1817 1762; baseline -0.001 -1"><span class='ocrx_word' id='word_1_67' title='bbox 270 1714 417 1761; x_wconf 88' lang='lat' dir='ltr'>rum</span> <span class='ocrx_word' id='word_1_68' title='bbox 443 1695 917 1761; x_wconf 82' lang='lat' dir='ltr'>celebritatibus</span> <span class='ocrx_word' id='word_1_69' title='bbox 943 1696 1162 1762; x_wconf 88' lang='lat' dir='ltr'>omnia</span> <span class='ocrx_word' id='word_1_70' title='bbox 1195 1695 1466 1761; x_wconf 81' lang='lat' dir='ltr'>fundata</span> <span class='ocrx_word' id='word_1_71' title='bbox 1509 1697 1662 1759; x_wconf 90' lang='lat' dir='ltr'>sunt</span> <span class='ocrx_word' id='word_1_72' title='bbox 1699 1712 1817 1760; x_wconf 86' lang='lat' dir='ltr'>su-</span> 
     </span>
     <span class='ocr_line' id='line_1_13' title="bbox 270 1802 1817 1887; baseline 0 -18"><span class='ocrx_word' id='word_1_73' title='bbox 270 1821 382 1887; x_wconf 82' lang='lat' dir='ltr'>per</span> <span class='ocrx_word' id='word_1_74' title='bbox 431 1804 852 1883; x_wconf 81' lang='lat' dir='ltr'>sanctitatem,</span> <span class='ocrx_word' id='word_1_75' title='bbox 898 1808 974 1867; x_wconf 91' lang='lat' dir='ltr'>ut</span> <span class='ocrx_word' id='word_1_76' title='bbox 1030 1802 1211 1868; x_wconf 90' lang='lat' dir='ltr'>nullo</span> <span class='ocrx_word' id='word_1_77' title='bbox 1267 1804 1371 1869; x_wconf 91' lang='lat' dir='ltr'>die</span> <span class='ocrx_word' id='word_1_78' title='bbox 1427 1819 1543 1886; x_wconf 91' lang='lat' dir='ltr'>pro</span> <span class='ocrx_word' id='word_1_79' title='bbox 1598 1802 1817 1885; x_wconf 89' lang='lat' dir='ltr'>aliquo</span> 
     </span>
     <span class='ocr_line' id='line_1_14' title="bbox 274 1909 1818 1995; baseline -0.001 -20"><span class='ocrx_word' id='word_1_80' title='bbox 274 1909 496 1976; x_wconf 86' lang='lat' dir='ltr'>Sancto</span> <span class='ocrx_word' id='word_1_81' title='bbox 521 1911 911 1989; x_wconf 86' lang='lat' dir='ltr'>solemnizet,</span> <span class='ocrx_word' id='word_1_82' title='bbox 942 1911 1011 1974; x_wconf 91' lang='lat' dir='ltr'>in</span> <span class='ocrx_word' id='word_1_83' title='bbox 1035 1929 1191 1993; x_wconf 84' lang='lat' dir='ltr'>quo,</span> <span class='ocrx_word' id='word_1_84' title='bbox 1223 1910 1327 1978; x_wconf 88' lang='lat' dir='ltr'>vel</span> <span class='ocrx_word' id='word_1_85' title='bbox 1354 1928 1473 1995; x_wconf 90' lang='lat' dir='ltr'>pro</span> <span class='ocrx_word' id='word_1_86' title='bbox 1509 1927 1642 1993; x_wconf 88' lang='lat' dir='ltr'>quo</span> <span class='ocrx_word' id='word_1_87' title='bbox 1668 1927 1818 1992; x_wconf 90' lang='lat' dir='ltr'>per-</span> 
     </span>
     <span class='ocr_line' id='line_1_15' title="bbox 276 2016 1816 2098; baseline 0 -15"><span class='ocrx_word' id='word_1_88' title='bbox 276 2036 425 2083; x_wconf 84' lang='lat' dir='ltr'>sona</span> <span class='ocrx_word' id='word_1_89' title='bbox 449 2025 666 2083; x_wconf 89' lang='lat' dir='ltr'>sancta</span> <span class='ocrx_word' id='word_1_90' title='bbox 694 2036 826 2081; x_wconf 91' lang='lat' dir='ltr'>non</span> <span class='ocrx_word' id='word_1_91' title='bbox 855 2016 1070 2098; x_wconf 83' lang='lat' dir='ltr'>suerit,</span> <span class='ocrx_word' id='word_1_92' title='bbox 1102 2018 1210 2083; x_wconf 89' lang='lat' dir='ltr'>cui</span> <span class='ocrx_word' id='word_1_93' title='bbox 1235 2018 1445 2083; x_wconf 91' lang='lat' dir='ltr'>honor</span> <span class='ocrx_word' id='word_1_94' title='bbox 1472 2018 1579 2084; x_wconf 91' lang='lat' dir='ltr'>ille</span> <span class='ocrx_word' id='word_1_95' title='bbox 1605 2019 1816 2084; x_wconf 80' lang='lat' dir='ltr'>defer-</span> 
     </span>
     <span class='ocr_line' id='line_1_16' title="bbox 275 2125 1815 2209; baseline 0 -17"><span class='ocrx_word' id='word_1_96' title='bbox 275 2131 399 2192; x_wconf 90' lang='lat' dir='ltr'>tur.</span> <span class='ocrx_word' id='word_1_97' title='bbox 440 2126 506 2192; x_wconf 91' lang='lat' dir='ltr'>Si</span> <span class='ocrx_word' id='word_1_98' title='bbox 546 2144 707 2209; x_wconf 90' lang='lat' dir='ltr'>ergo</span> <span class='ocrx_word' id='word_1_99' title='bbox 760 2126 1059 2191; x_wconf 87' lang='lat' dir='ltr'>sanctitas</span> <span class='ocrx_word' id='word_1_100' title='bbox 1098 2144 1232 2191; x_wconf 92' lang='lat' dir='ltr'>non</span> <span class='ocrx_word' id='word_1_101' title='bbox 1272 2126 1392 2190; x_wconf 80' lang='lat' dir='ltr'>fuit</span> <span class='ocrx_word' id='word_1_102' title='bbox 1435 2126 1506 2191; x_wconf 90' lang='lat' dir='ltr'>in</span> <span class='ocrx_word' id='word_1_103' title='bbox 1545 2125 1815 2208; x_wconf 80' lang='lat' dir='ltr'>Virgine</span> 
     </span>
     <span class='ocr_line' id='line_1_17' title="bbox 279 2234 1816 2319; baseline 0.001 -21"><span class='ocrx_word' id='word_1_104' title='bbox 279 2239 416 2300; x_wconf 89' lang='lat' dir='ltr'>ante</span> <span class='ocrx_word' id='word_1_105' title='bbox 439 2236 670 2299; x_wconf 79' lang='lat' dir='ltr'>animae</span> <span class='ocrx_word' id='word_1_106' title='bbox 698 2234 1110 2314; x_wconf 78' lang='lat' dir='ltr'>infusionem,</span> <span class='ocrx_word' id='word_1_107' title='bbox 1140 2251 1277 2298; x_wconf 92' lang='lat' dir='ltr'>non</span> <span class='ocrx_word' id='word_1_108' title='bbox 1303 2234 1560 2300; x_wconf 89' lang='lat' dir='ltr'>videtur</span> <span class='ocrx_word' id='word_1_109' title='bbox 1587 2253 1816 2319; x_wconf 88' lang='lat' dir='ltr'>usque·</span> 
     </span>
     <span class='ocr_line' id='line_1_18' title="bbox 281 2341 1814 2426; baseline 0.001 -21"><span class='ocrx_word' id='word_1_110' title='bbox 281 2360 520 2426; x_wconf 88' lang='lat' dir='ltr'>quaque</span> <span class='ocrx_word' id='word_1_111' title='bbox 568 2361 874 2407; x_wconf 87' lang='lat' dir='ltr'>securum</span> <span class='ocrx_word' id='word_1_112' title='bbox 931 2342 1364 2425; x_wconf 82' lang='lat' dir='ltr'>conceptionis</span> <span class='ocrx_word' id='word_1_113' title='bbox 1406 2341 1577 2406; x_wconf 90' lang='lat' dir='ltr'>illius</span> <span class='ocrx_word' id='word_1_114' title='bbox 1621 2343 1814 2407; x_wconf 89' lang='lat' dir='ltr'>etiam</span> 
     </span>
     <span class='ocr_line' id='line_1_19' title="bbox 284 2446 1813 2535; baseline 0.001 -21"><span class='ocrx_word' id='word_1_115' title='bbox 284 2449 729 2515; x_wconf 86' lang='lat' dir='ltr'>solemnitatem</span> <span class='ocrx_word' id='word_1_116' title='bbox 784 2447 1127 2514; x_wconf 87' lang='lat' dir='ltr'>celebrare.</span> <span class='ocrx_word' id='word_1_117' title='bbox 1178 2446 1322 2535; x_wconf 72' lang='lat' dir='ltr'>Non</span> <span class='ocrx_word' id='word_1_118' title='bbox 1367 2449 1564 2514; x_wconf 87' lang='lat' dir='ltr'>etiam</span> <span class='ocrx_word' id='word_1_119' title='bbox 1609 2449 1813 2516; x_wconf 86' lang='lat' dir='ltr'>audeo</span> 
     </span>
     <span class='ocr_line' id='line_1_20' title="bbox 288 2556 1813 2642; baseline 0.001 -22"><span class='ocrx_word' id='word_1_120' title='bbox 288 2559 524 2623; x_wconf 88' lang='lat' dir='ltr'>omnino</span> <span class='ocrx_word' id='word_1_121' title='bbox 549 2556 1017 2642; x_wconf 89' lang='lat' dir='ltr'>reprehendere</span> <span class='ocrx_word' id='word_1_122' title='bbox 1035 2604 1054 2638; x_wconf 96' lang='lat'>,</span> <span class='ocrx_word' id='word_1_123' title='bbox 1085 2557 1239 2641; x_wconf 88' lang='lat' dir='ltr'>quia</span> <span class='ocrx_word' id='word_1_124' title='bbox 1257 2603 1276 2637; x_wconf 96' lang='lat'>,</span> <span class='ocrx_word' id='word_1_125' title='bbox 1308 2560 1384 2621; x_wconf 91' lang='lat' dir='ltr'>ut</span> <span class='ocrx_word' id='word_1_126' title='bbox 1420 2557 1686 2640; x_wconf 88' lang='lat' dir='ltr'>quidam</span> <span class='ocrx_word' id='word_1_127' title='bbox 1715 2558 1813 2622; x_wconf 90' lang='lat' dir='ltr'>di-</span> 
     </span>
     <span class='ocr_line' id='line_1_21' title="bbox 290 2664 1815 2750; baseline 0.001 -21"><span class='ocrx_word' id='word_1_128' title='bbox 290 2671 451 2747; x_wconf 89' lang='lat' dir='ltr'>cunt,</span> <span class='ocrx_word' id='word_1_129' title='bbox 490 2667 628 2731; x_wconf 81' lang='lat' dir='ltr'>haec</span> <span class='ocrx_word' id='word_1_130' title='bbox 668 2667 1035 2731; x_wconf 87' lang='lat' dir='ltr'>solemnitas</span> <span class='ocrx_word' id='word_1_131' title='bbox 1090 2664 1396 2730; x_wconf 89' lang='lat' dir='ltr'>celebrari</span> <span class='ocrx_word' id='word_1_132' title='bbox 1444 2683 1576 2729; x_wconf 93' lang='lat' dir='ltr'>non</span> <span class='ocrx_word' id='word_1_133' title='bbox 1620 2667 1815 2750; x_wconf 86' lang='lat' dir='ltr'>coepit</span> 
     </span>
     <span class='ocr_line' id='line_1_22' title="bbox 290 2771 1806 2853; baseline 0.001 -17"><span class='ocrx_word' id='word_1_134' title='bbox 290 2771 546 2838; x_wconf 87' lang='lat' dir='ltr'>humana</span> <span class='ocrx_word' id='word_1_135' title='bbox 568 2775 966 2853; x_wconf 82' lang='lat' dir='ltr'>inventione,</span> <span class='ocrx_word' id='word_1_136' title='bbox 997 2772 1108 2837; x_wconf 89' lang='lat' dir='ltr'>sed</span> <span class='ocrx_word' id='word_1_137' title='bbox 1139 2773 1359 2837; x_wconf 90' lang='lat' dir='ltr'>divina</span> <span class='ocrx_word' id='word_1_138' title='bbox 1383 2773 1806 2838; x_wconf 86' lang='lat' dir='ltr'>revelatione:</span> 
     </span>
     <span class='ocr_line' id='line_1_23' title="bbox 295 2879 1815 2961; baseline 0.001 -17"><span class='ocrx_word' id='word_1_139' title='bbox 295 2880 440 2961; x_wconf 85' lang='lat' dir='ltr'>quod</span> <span class='ocrx_word' id='word_1_140' title='bbox 475 2882 529 2945; x_wconf 89' lang='lat' dir='ltr'>si</span> <span class='ocrx_word' id='word_1_141' title='bbox 573 2900 806 2947; x_wconf 88' lang='lat' dir='ltr'>verum</span> <span class='ocrx_word' id='word_1_142' title='bbox 850 2886 983 2959; x_wconf 90' lang='lat' dir='ltr'>est,</span> <span class='ocrx_word' id='word_1_143' title='bbox 1017 2881 1157 2945; x_wconf 89' lang='lat' dir='ltr'>sine</span> <span class='ocrx_word' id='word_1_144' title='bbox 1185 2881 1381 2946; x_wconf 91' lang='lat' dir='ltr'>dubio</span> <span class='ocrx_word' id='word_1_145' title='bbox 1427 2879 1672 2947; x_wconf 88' lang='lat' dir='ltr'>bonum</span> <span class='ocrx_word' id='word_1_146' title='bbox 1718 2885 1815 2946; x_wconf 91' lang='lat' dir='ltr'>est</span> 
     </span>
     <span class='ocr_line' id='line_1_24' title="bbox 296 2986 1812 3073; baseline 0.002 -23"><span class='ocrx_word' id='word_1_147' title='bbox 296 2986 670 3054; x_wconf 82' lang='lat' dir='ltr'>solemnizare</span> <span class='ocrx_word' id='word_1_148' title='bbox 716 2990 788 3053; x_wconf 89' lang='lat' dir='ltr'>in</span> <span class='ocrx_word' id='word_1_149' title='bbox 832 2991 975 3071; x_wconf 89' lang='lat' dir='ltr'>ejus</span> <span class='ocrx_word' id='word_1_150' title='bbox 1018 2989 1427 3071; x_wconf 85' lang='lat' dir='ltr'>conceptione</span> <span class='ocrx_word' id='word_1_151' title='bbox 1459 3011 1474 3052; x_wconf 74' lang='grc' dir='ltr'><strong><em>ε</em></strong></span> <span class='ocrx_word' id='word_1_152' title='bbox 1509 2989 1618 3054; x_wconf 91' lang='lat' dir='ltr'>sed</span> <span class='ocrx_word' id='word_1_153' title='bbox 1660 2988 1812 3073; x_wconf 88' lang='lat' dir='ltr'>quia</span> 
     </span>
     <span class='ocr_line' id='line_1_25' title="bbox 294 3090 1811 3180; baseline 0.003 -23"><span class='ocrx_word' id='word_1_154' title='bbox 294 3090 398 3159; x_wconf 89' lang='lat' dir='ltr'>hoc</span> <span class='ocrx_word' id='word_1_155' title='bbox 418 3098 852 3163; x_wconf 88' lang='lat' dir='ltr'>authenticum</span> <span class='ocrx_word' id='word_1_156' title='bbox 886 3113 1018 3162; x_wconf 93' lang='lat' dir='ltr'>non</span> <span class='ocrx_word' id='word_1_157' title='bbox 1047 3100 1162 3177; x_wconf 91' lang='lat' dir='ltr'>est,</span> <span class='ocrx_word' id='word_1_158' title='bbox 1194 3114 1327 3162; x_wconf 92' lang='lat' dir='ltr'>non</span> <span class='ocrx_word' id='word_1_159' title='bbox 1364 3097 1811 3180; x_wconf 88' lang='lat' dir='ltr'>compellimur</span> 
     </span>
     <span class='ocr_line' id='line_1_26' title="bbox 296 3204 1810 3288; baseline 0.002 -21"><span class='ocrx_word' id='word_1_160' title='bbox 296 3204 549 3286; x_wconf 84' lang='lat' dir='ltr'>credere3</span> <span class='ocrx_word' id='word_1_161' title='bbox 591 3206 750 3288; x_wconf 89' lang='lat' dir='ltr'>quia</span> <span class='ocrx_word' id='word_1_162' title='bbox 791 3205 986 3270; x_wconf 90' lang='lat' dir='ltr'>etiam</span> <span class='ocrx_word' id='word_1_163' title='bbox 1042 3208 1265 3269; x_wconf 89' lang='lat' dir='ltr'>contra</span> <span class='ocrx_word' id='word_1_164' title='bbox 1316 3204 1511 3270; x_wconf 85' lang='lat' dir='ltr'>fidem</span> <span class='ocrx_word' id='word_1_165' title='bbox 1569 3211 1810 3270; x_wconf 89' lang='lat' dir='ltr'>rectam</span> 
     </span>
     <span class='ocr_line' id='line_1_27' title="bbox 293 3310 1811 3396; baseline 0.005 -25"><span class='ocrx_word' id='word_1_166' title='bbox 293 3325 406 3373; x_wconf 87' lang='lat' dir='ltr'>non</span> <span class='ocrx_word' id='word_1_167' title='bbox 441 3316 561 3392; x_wconf 73' lang='lat' dir='ltr'>est,</span> <span class='ocrx_word' id='word_1_168' title='bbox 609 3331 749 3377; x_wconf 93' lang='lat' dir='ltr'>non</span> <span class='ocrx_word' id='word_1_169' title='bbox 797 3313 1245 3396; x_wconf 87' lang='lat' dir='ltr'>compellimur</span> <span class='ocrx_word' id='word_1_170' title='bbox 1291 3331 1553 3395; x_wconf 87' lang='lat' dir='ltr'>negare.</span> <span class='ocrx_word' id='word_1_171' title='bbox 1599 3310 1811 3378; x_wconf 89' lang='lat' dir='ltr'>Potest</span> 
     </span>
     <span class='ocr_line' id='line_1_28' title="bbox 292 3417 1808 3503; baseline 0.004 -24"><span class='ocrx_word' id='word_1_172' title='bbox 292 3417 458 3482; x_wconf 84' lang='lat' dir='ltr'>etiam</span> <span class='ocrx_word' id='word_1_173' title='bbox 484 3438 650 3501; x_wconf 64' lang='lat' dir='ltr'>csse,</span> <span class='ocrx_word' id='word_1_174' title='bbox 681 3420 857 3502; x_wconf 88' lang='lat' dir='ltr'>quod</span> <span class='ocrx_word' id='word_1_175' title='bbox 894 3420 1004 3484; x_wconf 91' lang='lat' dir='ltr'>illa</span> <span class='ocrx_word' id='word_1_176' title='bbox 1046 3420 1411 3486; x_wconf 86' lang='lat' dir='ltr'>solemnitas</span> <span class='ocrx_word' id='word_1_177' title='bbox 1451 3421 1664 3503; x_wconf 89' lang='lat' dir='ltr'>potius</span> <span class='ocrx_word' id='word_1_178' title='bbox 1704 3438 1808 3485; x_wconf 90' lang='lat' dir='ltr'>re-</span> 
     </span>
     <span class='ocr_line' id='line_1_29' title="bbox 291 3521 1810 3611; baseline 0.004 -24"><span class='ocrx_word' id='word_1_179' title='bbox 291 3521 466 3588; x_wconf 80' lang='lat' dir='ltr'>fertur</span> <span class='ocrx_word' id='word_1_180' title='bbox 503 3528 582 3591; x_wconf 89' lang='lat' dir='ltr'>ad</span> <span class='ocrx_word' id='word_1_181' title='bbox 617 3527 791 3591; x_wconf 89' lang='lat' dir='ltr'>diem</span> <span class='ocrx_word' id='word_1_182' title='bbox 829 3527 1363 3608; x_wconf 79' lang='lat' dir='ltr'>sanctificationis,</span> <span class='ocrx_word' id='word_1_183' title='bbox 1408 3546 1607 3611; x_wconf 84' lang='lat' dir='ltr'>quarn</span> <span class='ocrx_word' id='word_1_184' title='bbox 1664 3547 1810 3593; x_wconf 91' lang='lat' dir='ltr'>con-</span> 
     </span>
     <span class='ocr_line' id='line_1_30' title="bbox 292 3632 1808 3719; baseline 0.005 -25"><span class='ocrx_word' id='word_1_185' title='bbox 292 3632 587 3714; x_wconf 88' lang='lat' dir='ltr'>ceptionis.</span> <span class='ocrx_word' id='word_1_186' title='bbox 617 3634 698 3699; x_wconf 88' lang='lat' dir='ltr'>Et</span> <span class='ocrx_word' id='word_1_187' title='bbox 725 3635 1035 3719; x_wconf 88' lang='lat' dir='ltr'>quoniam</span> <span class='ocrx_word' id='word_1_188' title='bbox 1063 3634 1200 3699; x_wconf 64' lang='lat' dir='ltr'>dies</span> <span class='ocrx_word' id='word_1_189' title='bbox 1230 3636 1659 3718; x_wconf 86' lang='lat' dir='ltr'>conceptionis</span> <span class='ocrx_word' id='word_1_190' title='bbox 1685 3637 1808 3702; x_wconf 83' lang='lat' dir='ltr'>ruit</span> 
     </span>
     <span class='ocr_line' id='line_1_31' title="bbox 295 3741 1808 3828; baseline 0.003 -25"><span class='ocrx_word' id='word_1_191' title='bbox 295 3744 473 3821; x_wconf 88' lang='lat' dir='ltr'>certa,</span> <span class='ocrx_word' id='word_1_192' title='bbox 502 3747 562 3806; x_wconf 91' lang='lat' dir='ltr'>et</span> <span class='ocrx_word' id='word_1_193' title='bbox 585 3743 721 3808; x_wconf 67' lang='lat' dir='ltr'>dies</span> <span class='ocrx_word' id='word_1_194' title='bbox 747 3741 1265 3807; x_wconf 79' lang='lat' dir='ltr'>sanctificationis</span> <span class='ocrx_word' id='word_1_195' title='bbox 1295 3742 1536 3808; x_wconf 90' lang='lat' dir='ltr'>incerta</span> <span class='ocrx_word' id='word_1_196' title='bbox 1552 3792 1572 3822; x_wconf 95' lang='lat'>,</span> <span class='ocrx_word' id='word_1_197' title='bbox 1603 3749 1676 3808; x_wconf 89' lang='lat' dir='ltr'>nt</span> <span class='ocrx_word' id='word_1_198' title='bbox 1701 3762 1808 3828; x_wconf 90' lang='lat' dir='ltr'>pa-</span> 
     </span>
     <span class='ocr_line' id='line_1_32' title="bbox 297 3846 1807 3932; baseline 0.005 -22"><span class='ocrx_word' id='word_1_199' title='bbox 297 3846 426 3912; x_wconf 83' lang='lat' dir='ltr'>tebit</span> <span class='ocrx_word' id='word_1_200' title='bbox 456 3850 645 3932; x_wconf 80' lang='lat' dir='ltr'>intra,</span> <span class='ocrx_word' id='word_1_201' title='bbox 681 3849 826 3915; x_wconf 92' lang='lat' dir='ltr'>ideo</span> <span class='ocrx_word' id='word_1_202' title='bbox 856 3866 988 3913; x_wconf 90' lang='lat' dir='ltr'>non</span> <span class='ocrx_word' id='word_1_203' title='bbox 1026 3849 1541 3915; x_wconf 87' lang='lat' dir='ltr'>irrationabiliter</span> <span class='ocrx_word' id='word_1_204' title='bbox 1581 3851 1807 3916; x_wconf 87' lang='lat' dir='ltr'>solem-</span> 
     </span>
     <span class='ocr_line' id='line_1_33' title="bbox 300 3958 1805 4042; baseline 0.003 -22"><span class='ocrx_word' id='word_1_205' title='bbox 300 3958 436 4021; x_wconf 87' lang='lat' dir='ltr'>nitas</span> <span class='ocrx_word' id='word_1_206' title='bbox 495 3959 614 4023; x_wconf 87' lang='lat' dir='ltr'>diei</span> <span class='ocrx_word' id='word_1_207' title='bbox 669 3958 1184 4022; x_wconf 73' lang='lat' dir='ltr'>sanctificationis</span> <span class='ocrx_word' id='word_1_208' title='bbox 1237 3958 1429 4022; x_wconf 88' lang='lat' dir='ltr'>statui</span> <span class='ocrx_word' id='word_1_209' title='bbox 1477 3960 1683 4042; x_wconf 89' lang='lat' dir='ltr'>potuit</span> <span class='ocrx_word' id='word_1_210' title='bbox 1734 3960 1805 4024; x_wconf 90' lang='lat' dir='ltr'>in</span> 
     </span>
     <span class='ocr_line' id='line_1_34' title="bbox 297 4064 1800 4150; baseline 0.002 -22"><span class='ocrx_word' id='word_1_211' title='bbox 297 4064 436 4131; x_wconf 83' lang='lat' dir='ltr'>diem</span> <span class='ocrx_word' id='word_1_212' title='bbox 483 4066 904 4150; x_wconf 84' lang='lat' dir='ltr'>conceptionis</span> <span class='ocrx_word' id='word_1_213' title='bbox 951 4087 969 4129; x_wconf 71' lang='grc' dir='ltr'><strong>ε</strong></span> <span class='ocrx_word' id='word_1_214' title='bbox 1013 4083 1133 4128; x_wconf 90' lang='lat' dir='ltr'>nec</span> <span class='ocrx_word' id='word_1_215' title='bbox 1187 4064 1554 4146; x_wconf 88' lang='lat' dir='ltr'>immerito;</span> <span class='ocrx_word' id='word_1_216' title='bbox 1613 4067 1800 4150; x_wconf 89' lang='lat' dir='ltr'>quia,</span> 
     </span>
    </p>
   </div>
   <div class='ocr_carea' id='block_1_3' title="bbox 297 4171 1842 4257">
    <p class='ocr_par' dir='ltr' id='par_1_3' title="bbox 297 4171 1842 4257">
     <span class='ocr_line' id='line_1_35' title="bbox 297 4171 1842 4257; baseline -0.005 -16"><span class='ocrx_word' id='word_1_217' title='bbox 297 4176 553 4257; x_wconf 81' lang='lat' dir='ltr'>quamvis</span> <span class='ocrx_word' id='word_1_218' title='bbox 580 4172 1007 4256; x_wconf 87' lang='lat' dir='ltr'>conceptionis</span> <span class='ocrx_word' id='word_1_219' title='bbox 1035 4171 1205 4236; x_wconf 89' lang='lat' dir='ltr'>diem</span> <span class='ocrx_word' id='word_1_220' title='bbox 1234 4191 1365 4237; x_wconf 93' lang='lat' dir='ltr'>non</span> <span class='ocrx_word' id='word_1_221' title='bbox 1392 4178 1678 4257; x_wconf 85' lang='lat' dir='ltr'>oporteat</span> <span class='ocrx_word' id='word_1_222' title='bbox 1705 4194 1804 4241; x_wconf 83' lang='lat' dir='ltr'>ce·</span> <span class='ocrx_word' id='word_1_223' title='bbox 1839 4229 1842 4234; x_wconf 75' lang='grc'><strong>,</strong></span> 
     </span>
    </p>
   </div>
   <div class='ocr_carea' id='block_1_4' title="bbox 245 4279 1803 5016">
    <p class='ocr_par' dir='ltr' id='par_1_4' title="bbox 245 4279 1803 5016">
     <span class='ocr_line' id='line_1_36' title="bbox 298 4279 1802 4368; baseline 0.003 -24"><span class='ocrx_word' id='word_1_224' title='bbox 298 4280 513 4365; x_wconf 83' lang='lat' dir='ltr'>lebrari,</span> <span class='ocrx_word' id='word_1_225' title='bbox 555 4301 675 4368; x_wconf 87' lang='lat' dir='ltr'>pro</span> <span class='ocrx_word' id='word_1_226' title='bbox 719 4300 798 4345; x_wconf 93' lang='lat' dir='ltr'>eo</span> <span class='ocrx_word' id='word_1_227' title='bbox 841 4279 1013 4363; x_wconf 89' lang='lat' dir='ltr'>quod</span> <span class='ocrx_word' id='word_1_228' title='bbox 1054 4298 1187 4344; x_wconf 92' lang='lat' dir='ltr'>non</span> <span class='ocrx_word' id='word_1_229' title='bbox 1227 4280 1348 4346; x_wconf 81' lang='lat' dir='ltr'>suit</span> <span class='ocrx_word' id='word_1_230' title='bbox 1386 4283 1686 4346; x_wconf 88' lang='lat' dir='ltr'>sanctitas</span> <span class='ocrx_word' id='word_1_231' title='bbox 1734 4284 1802 4349; x_wconf 93' lang='lat' dir='ltr'>in</span> 
     </span>
     <span class='ocr_line' id='line_1_37' title="bbox 300 4387 1803 4476; baseline 0.001 -23"><span class='ocrx_word' id='word_1_232' title='bbox 300 4397 589 4476; x_wconf 87' lang='lat' dir='ltr'>concepto,</span> <span class='ocrx_word' id='word_1_233' title='bbox 619 4392 889 4474; x_wconf 85' lang='lat' dir='ltr'>possunt</span> <span class='ocrx_word' id='word_1_234' title='bbox 914 4392 1130 4451; x_wconf 86' lang='lat' dir='ltr'>tamen</span> <span class='ocrx_word' id='word_1_235' title='bbox 1165 4387 1803 4471; x_wconf 88' lang='lat' dir='ltr'>irreprehensibiliter</span> 
     </span>
     <span class='ocr_line' id='line_1_38' title="bbox 303 4495 1802 4579; baseline 0.001 -16"><span class='ocrx_word' id='word_1_236' title='bbox 303 4500 539 4576; x_wconf 76' lang='lat' dir='ltr'>gaudere</span> <span class='ocrx_word' id='word_1_237' title='bbox 588 4502 825 4564; x_wconf 82' lang='lat' dir='ltr'>sanctae</span> <span class='ocrx_word' id='word_1_238' title='bbox 880 4495 1118 4560; x_wconf 70' lang='lat' dir='ltr'>animae</span> <span class='ocrx_word' id='word_1_239' title='bbox 1158 4513 1274 4578; x_wconf 91' lang='lat' dir='ltr'>pro</span> <span class='ocrx_word' id='word_1_240' title='bbox 1316 4513 1393 4561; x_wconf 88' lang='lat' dir='ltr'>eo</span> <span class='ocrx_word' id='word_1_241' title='bbox 1433 4497 1606 4579; x_wconf 89' lang='lat' dir='ltr'>quod</span> <span class='ocrx_word' id='word_1_242' title='bbox 1647 4502 1802 4565; x_wconf 90' lang='lat' dir='ltr'>tunc</span> 
     </span>
     <span class='ocr_line' id='line_1_39' title="bbox 302 4600 1803 4688; baseline 0.001 -20"><span class='ocrx_word' id='word_1_243' title='bbox 302 4600 625 4673; x_wconf 85' lang='lat' dir='ltr'>inchoatum</span> <span class='ocrx_word' id='word_1_244' title='bbox 679 4610 796 4673; x_wconf 84' lang='lat' dir='ltr'>est.</span> <span class='ocrx_word' id='word_1_245' title='bbox 839 4604 997 4684; x_wconf 79' lang='lat' dir='ltr'>Quis</span> <span class='ocrx_word' id='word_1_246' title='bbox 1050 4605 1223 4668; x_wconf 88' lang='lat' dir='ltr'>enim</span> <span class='ocrx_word' id='word_1_247' title='bbox 1277 4605 1546 4669; x_wconf 89' lang='lat' dir='ltr'>audiens</span> <span class='ocrx_word' id='word_1_248' title='bbox 1586 4603 1803 4688; x_wconf 90' lang='lat' dir='ltr'>Virgi-</span> 
     </span>
     <span class='ocr_line' id='line_1_40' title="bbox 306 4710 1796 4800; baseline 0.003 -25"><span class='ocrx_word' id='word_1_249' title='bbox 306 4728 454 4794; x_wconf 86' lang='lat' dir='ltr'>nem,</span> <span class='ocrx_word' id='word_1_250' title='bbox 479 4716 552 4781; x_wconf 90' lang='lat' dir='ltr'>de</span> <span class='ocrx_word' id='word_1_251' title='bbox 588 4735 718 4800; x_wconf 84' lang='lat' dir='ltr'>qua</span> <span class='ocrx_word' id='word_1_252' title='bbox 742 4713 920 4778; x_wconf 89' lang='lat' dir='ltr'>salus</span> <span class='ocrx_word' id='word_1_253' title='bbox 960 4710 1158 4776; x_wconf 90' lang='lat' dir='ltr'>totius</span> <span class='ocrx_word' id='word_1_254' title='bbox 1198 4712 1424 4776; x_wconf 90' lang='lat' dir='ltr'>mundi</span> <span class='ocrx_word' id='word_1_255' title='bbox 1463 4713 1796 4798; x_wconf 83' lang='lat' dir='ltr'>processit,</span> 
     </span>
     <span class='ocr_line' id='line_1_41' title="bbox 306 4816 1796 4908; baseline 0.003 -24"><span class='ocrx_word' id='word_1_256' title='bbox 306 4829 613 4907; x_wconf 83' lang='lat' dir='ltr'>conceptam</span> <span class='ocrx_word' id='word_1_257' title='bbox 628 4874 648 4905; x_wconf 93' lang='lat'>,</span> <span class='ocrx_word' id='word_1_258' title='bbox 691 4821 941 4905; x_wconf 89' lang='lat' dir='ltr'>gratias</span> <span class='ocrx_word' id='word_1_259' title='bbox 967 4816 1096 4882; x_wconf 91' lang='lat' dir='ltr'>Deo</span> <span class='ocrx_word' id='word_1_260' title='bbox 1122 4818 1422 4886; x_wconf 82' lang='lat' dir='ltr'>exolvere</span> <span class='ocrx_word' id='word_1_261' title='bbox 1466 4824 1796 4908; x_wconf 90' lang='lat' dir='ltr'>negligat,</span> 
     </span>
     <span class='ocr_line' id='line_1_42' title="bbox 245 4925 1795 5016; baseline 0.004 -25"><span class='ocrx_word' id='word_1_262' title='bbox 245 4935 250 4938; x_wconf 74' lang='grc'>’</span> <span class='ocrx_word' id='word_1_263' title='bbox 301 4931 350 4991; x_wconf 84' lang='lat' dir='ltr'>ct</span> <span class='ocrx_word' id='word_1_264' title='bbox 378 4933 594 4997; x_wconf 85' lang='lat' dir='ltr'>omittat</span> <span class='ocrx_word' id='word_1_265' title='bbox 618 4932 915 4997; x_wconf 82' lang='lat' dir='ltr'>exultare</span> <span class='ocrx_word' id='word_1_266' title='bbox 951 4925 1030 5010; x_wconf 86' lang='lat' dir='ltr'>(a)</span> <span class='ocrx_word' id='word_1_267' title='bbox 1062 4926 1133 4989; x_wconf 89' lang='lat' dir='ltr'>in</span> <span class='ocrx_word' id='word_1_268' title='bbox 1167 4926 1296 4993; x_wconf 90' lang='lat' dir='ltr'>Deo</span> <span class='ocrx_word' id='word_1_269' title='bbox 1336 4930 1600 4997; x_wconf 90' lang='lat' dir='ltr'>salutari</span> <span class='ocrx_word' id='word_1_270' title='bbox 1639 4951 1795 5016; x_wconf 83' lang='lat' dir='ltr'>suc,</span> 
     </span>
    </p>
   </div>
   <div class='ocr_carea' id='block_1_5' title="bbox 295 5033 1797 5126">
    <p class='ocr_par' dir='ltr' id='par_1_5' title="bbox 295 5033 1797 5126">
     <span class='ocr_line' id='line_1_43' title="bbox 295 5033 1797 5126; baseline 0.003 -24"><span class='ocrx_word' id='word_1_271' title='bbox 295 5037 387 5102; x_wconf 85' lang='lat' dir='ltr'>nisi</span> <span class='ocrx_word' id='word_1_272' title='bbox 407 5042 506 5126; x_wconf 84' lang='lat' dir='ltr'>qui</span> <span class='ocrx_word' id='word_1_273' title='bbox 531 5060 682 5125; x_wconf 87' lang='lat' dir='ltr'>erga</span> <span class='ocrx_word' id='word_1_274' title='bbox 709 5036 1074 5123; x_wconf 88' lang='lat' dir='ltr'>gloriosam</span> <span class='ocrx_word' id='word_1_275' title='bbox 1087 5033 1423 5116; x_wconf 87' lang='lat' dir='ltr'>Virginem</span> <span class='ocrx_word' id='word_1_276' title='bbox 1446 5039 1665 5103; x_wconf 91' lang='lat' dir='ltr'>minus</span> <span class='ocrx_word' id='word_1_277' title='bbox 1694 5039 1797 5106; x_wconf 88' lang='lat' dir='ltr'>de·</span> 
     </span>
    </p>
   </div>
   <div class='ocr_carea' id='block_1_6' title="bbox 269 5153 1798 5544">
    <p class='ocr_par' dir='ltr' id='par_1_6' title="bbox 269 5153 1798 5544">
     <span class='ocr_line' id='line_1_44' title="bbox 341 5153 1796 5226; baseline 0.01 -33"><span class='ocrx_word' id='word_1_278' title='bbox 341 5160 513 5226; x_wconf 51' lang='lat' dir='ltr'>rpem„</span> <span class='ocrx_word' id='word_1_279' title='bbox 529 5163 715 5226; x_wconf 46' lang='lat' dir='ltr'>Epist„</span> <span class='ocrx_word' id='word_1_280' title='bbox 740 5164 969 5210; x_wconf 60' lang='lat' dir='ltr'>chxrv.</span> <span class='ocrx_word' id='word_1_281' title='bbox 993 5154 1182 5203; x_wconf 89' lang='lat' dir='ltr'>Sancto</span> <span class='ocrx_word' id='word_1_282' title='bbox 1205 5153 1417 5204; x_wconf 85' lang='lat' dir='ltr'>Doctori</span> <span class='ocrx_word' id='word_1_283' title='bbox 1439 5153 1645 5207; x_wconf 76' lang='lat' dir='ltr'>detesto</span> <span class='ocrx_word' id='word_1_284' title='bbox 1665 5158 1796 5208; x_wconf 90' lang='lat' dir='ltr'>Con·</span> 
     </span>
     <span class='ocr_line' id='line_1_45' title="bbox 284 5223 1795 5295; baseline 0.008 -27"><span class='ocrx_word' id='word_1_285' title='bbox 284 5233 489 5295; x_wconf 54' lang='lat' dir='ltr'>oepfioffls</span> <span class='ocrx_word' id='word_1_286' title='bbox 509 5235 579 5286; x_wconf 63' lang='lat'>510</span> <span class='ocrx_word' id='word_1_287' title='bbox 602 5248 698 5284; x_wconf 67' lang='lat' dir='ltr'>guo</span> <span class='ocrx_word' id='word_1_288' title='bbox 732 5236 987 5292; x_wconf 73' lang='lat' dir='ltr'>tempore</span> <span class='ocrx_word' id='word_1_289' title='bbox 1018 5223 1215 5286; x_wconf 90' lang='lat' dir='ltr'>opinari</span> <span class='ocrx_word' id='word_1_290' title='bbox 1240 5223 1413 5288; x_wconf 83' lang='lat' dir='ltr'>licuit,</span> <span class='ocrx_word' id='word_1_291' title='bbox 1446 5229 1652 5290; x_wconf 85' lang='lat' dir='ltr'>quando</span> <span class='ocrx_word' id='word_1_292' title='bbox 1693 5231 1795 5280; x_wconf 86' lang='lat' dir='ltr'>sci·</span> 
     </span>
     <span class='ocr_line' id='line_1_46' title="bbox 274 5297 1798 5362; baseline 0 -9"><span class='ocrx_word' id='word_1_293' title='bbox 274 5300 364 5356; x_wconf 78' lang='lat' dir='ltr'>licet</span> <span class='ocrx_word' id='word_1_294' title='bbox 381 5321 460 5358; x_wconf 74' lang='lat' dir='ltr'>res</span> <span class='ocrx_word' id='word_1_295' title='bbox 481 5309 534 5358; x_wconf 85' lang='lat' dir='ltr'>in</span> <span class='ocrx_word' id='word_1_296' title='bbox 559 5308 781 5358; x_wconf 89' lang='lat' dir='ltr'>dubium</span> <span class='ocrx_word' id='word_1_297' title='bbox 806 5297 1113 5349; x_wconf 75' lang='lat' dir='ltr'>vertebatur</span> <span class='ocrx_word' id='word_1_298' title='bbox 1122 5312 1138 5357; x_wconf 76' lang='lat' dir='ltr'>i</span> <span class='ocrx_word' id='word_1_299' title='bbox 1159 5309 1301 5344; x_wconf 88' lang='lat' dir='ltr'>nunc</span> <span class='ocrx_word' id='word_1_300' title='bbox 1326 5309 1472 5360; x_wconf 81' lang='lat' dir='ltr'>vero,</span> <span class='ocrx_word' id='word_1_301' title='bbox 1495 5299 1736 5362; x_wconf 84' lang='lat' dir='ltr'>jaminde</span> <span class='ocrx_word' id='word_1_302' title='bbox 1765 5317 1798 5353; x_wconf 86' lang='lat' dir='ltr'>a</span> 
     </span>
     <span class='ocr_line' id='line_1_47' title="bbox 269 5366 1794 5440; baseline 0.006 -23"><span class='ocrx_word' id='word_1_303' title='bbox 269 5376 523 5433; x_wconf 79' lang='lat' dir='ltr'>Pontificatu</span> <span class='ocrx_word' id='word_1_304' title='bbox 543 5381 674 5434; x_wconf 69' lang='lat' dir='ltr'>smi</span> <span class='ocrx_word' id='word_1_305' title='bbox 700 5375 808 5440; x_wconf 62' lang='lat' dir='ltr'>lv,</span> <span class='ocrx_word' id='word_1_306' title='bbox 836 5371 900 5421; x_wconf 88' lang='lat' dir='ltr'>in</span> <span class='ocrx_word' id='word_1_307' title='bbox 938 5366 1214 5419; x_wconf 78' lang='lat' dir='ltr'>universali</span> <span class='ocrx_word' id='word_1_308' title='bbox 1245 5366 1794 5438; x_wconf 81' lang='lat' dir='ltr'>Ecclesiacelebratur,</span> 
     </span>
     <span class='ocr_line' id='line_1_48' title="bbox 306 5462 949 5544; baseline -0.014 -15"><span class='ocrx_word' id='word_1_309' title='bbox 306 5477 364 5544; x_wconf 83' lang='lat' dir='ltr'>(a)</span> <span class='ocrx_word' id='word_1_310' title='bbox 389 5479 501 5532; x_wconf 81' lang='lat' dir='ltr'>Coet.</span> <span class='ocrx_word' id='word_1_311' title='bbox 527 5475 649 5530; x_wconf 74' lang='lat' dir='ltr'>edit.</span> <span class='ocrx_word' id='word_1_312' title='bbox 680 5462 949 5524; x_wconf 75' lang='lat' dir='ltr'>exultari.</span> 
     </span>
    </p>
   </div>
   <div class='ocr_carea' id='block_1_7' title="bbox 1906 620 3477 5395">
    <p class='ocr_par' dir='ltr' id='par_1_7' title="bbox 1906 620 3477 5395">
     <span class='ocr_line' id='line_1_49' title="bbox 1932 620 3477 708; baseline 0.003 -23"><span class='ocrx_word' id='word_1_313' title='bbox 1932 625 2077 686; x_wconf 90' lang='lat' dir='ltr'>vote</span> <span class='ocrx_word' id='word_1_314' title='bbox 2118 622 2416 698; x_wconf 80' lang='lat' dir='ltr'>afficitur,</span> <span class='ocrx_word' id='word_1_315' title='bbox 2446 624 2511 685; x_wconf 90' lang='lat' dir='ltr'>et</span> <span class='ocrx_word' id='word_1_316' title='bbox 2547 620 2757 703; x_wconf 89' lang='lat' dir='ltr'>magis</span> <span class='ocrx_word' id='word_1_317' title='bbox 2797 621 3151 689; x_wconf 87' lang='lat' dir='ltr'>considerat</span> <span class='ocrx_word' id='word_1_318' title='bbox 3186 641 3477 708; x_wconf 83' lang='lat' dir='ltr'>praesen-</span> 
     </span>
     <span class='ocr_line' id='line_1_50' title="bbox 1927 727 3477 812; baseline 0.003 -19"><span class='ocrx_word' id='word_1_319' title='bbox 1927 728 2038 809; x_wconf 90' lang='lat' dir='ltr'>tia,</span> <span class='ocrx_word' id='word_1_320' title='bbox 2083 747 2284 812; x_wconf 86' lang='lat' dir='ltr'>quam</span> <span class='ocrx_word' id='word_1_321' title='bbox 2322 729 2578 805; x_wconf 82' lang='lat' dir='ltr'>futura,</span> <span class='ocrx_word' id='word_1_322' title='bbox 2628 727 2840 811; x_wconf 89' lang='lat' dir='ltr'>magis</span> <span class='ocrx_word' id='word_1_323' title='bbox 2883 729 3077 794; x_wconf 89' lang='lat' dir='ltr'>etiam</span> <span class='ocrx_word' id='word_1_324' title='bbox 3122 731 3477 797; x_wconf 85' lang='lat' dir='ltr'>considerat</span> 
     </span>
     <span class='ocr_line' id='line_1_51' title="bbox 1928 835 3475 921; baseline 0.001 -18"><span class='ocrx_word' id='word_1_325' title='bbox 1928 835 2081 903; x_wconf 88' lang='lat' dir='ltr'>boni</span> <span class='ocrx_word' id='word_1_326' title='bbox 2127 837 2472 916; x_wconf 80' lang='lat' dir='ltr'>defectum,</span> <span class='ocrx_word' id='word_1_327' title='bbox 2515 854 2713 921; x_wconf 88' lang='lat' dir='ltr'>quam</span> <span class='ocrx_word' id='word_1_328' title='bbox 2754 836 3290 903; x_wconf 69' lang='lat' dir='ltr'>fundamentum?</span> <span class='ocrx_word' id='word_1_329' title='bbox 3336 837 3475 904; x_wconf 87' lang='lat' dir='ltr'>Ete-</span> 
     </span>
     <span class='ocr_line' id='line_1_52' title="bbox 1927 942 3476 1029; baseline 0.001 -20"><span class='ocrx_word' id='word_1_330' title='bbox 1927 944 2064 1009; x_wconf 89' lang='lat' dir='ltr'>nim</span> <span class='ocrx_word' id='word_1_331' title='bbox 2090 943 2148 1009; x_wconf 91' lang='lat' dir='ltr'>si</span> <span class='ocrx_word' id='word_1_332' title='bbox 2176 944 2346 1008; x_wconf 84' lang='lat' dir='ltr'>filius</span> <span class='ocrx_word' id='word_1_333' title='bbox 2372 942 2547 1026; x_wconf 84' lang='lat' dir='ltr'>regis</span> <span class='ocrx_word' id='word_1_334' title='bbox 2587 942 2852 1008; x_wconf 85' lang='lat' dir='ltr'>claudus</span> <span class='ocrx_word' id='word_1_335' title='bbox 2889 949 3221 1025; x_wconf 87' lang='lat' dir='ltr'>nascatur,</span> <span class='ocrx_word' id='word_1_336' title='bbox 3253 947 3367 1029; x_wconf 87' lang='lat' dir='ltr'>qui</span> <span class='ocrx_word' id='word_1_337' title='bbox 3394 946 3476 1012; x_wconf 86' lang='lat' dir='ltr'>sit</span> 
     </span>
     <span class='ocr_line' id='line_1_53' title="bbox 1927 1050 3471 1134; baseline 0.001 -18"><span class='ocrx_word' id='word_1_338' title='bbox 1927 1071 1967 1116; x_wconf 86' lang='lat' dir='ltr'>a</span> <span class='ocrx_word' id='word_1_339' title='bbox 2007 1050 2468 1116; x_wconf 88' lang='lat' dir='ltr'>claudicatione</span> <span class='ocrx_word' id='word_1_340' title='bbox 2509 1069 2805 1134; x_wconf 82' lang='lat' dir='ltr'>processu</span> <span class='ocrx_word' id='word_1_341' title='bbox 2850 1052 3157 1134; x_wconf 88' lang='lat' dir='ltr'>temporis</span> <span class='ocrx_word' id='word_1_342' title='bbox 3184 1052 3471 1117; x_wconf 87' lang='lat' dir='ltr'>liberan-</span> 
     </span>
     <span class='ocr_line' id='line_1_54' title="bbox 1927 1158 3474 1239; baseline 0.001 -14"><span class='ocrx_word' id='word_1_343' title='bbox 1927 1159 2068 1239; x_wconf 89' lang='lat' dir='ltr'>dus,</span> <span class='ocrx_word' id='word_1_344' title='bbox 2101 1177 2237 1225; x_wconf 93' lang='lat' dir='ltr'>non</span> <span class='ocrx_word' id='word_1_345' title='bbox 2265 1161 2359 1222; x_wconf 85' lang='lat' dir='ltr'>est</span> <span class='ocrx_word' id='word_1_346' title='bbox 2385 1158 2464 1223; x_wconf 92' lang='lat' dir='ltr'>de</span> <span class='ocrx_word' id='word_1_347' title='bbox 2493 1158 2947 1225; x_wconf 87' lang='lat' dir='ltr'>claudicatione</span> <span class='ocrx_word' id='word_1_348' title='bbox 2975 1159 3345 1238; x_wconf 89' lang='lat' dir='ltr'>dolendum,</span> <span class='ocrx_word' id='word_1_349' title='bbox 3363 1161 3474 1227; x_wconf 87' lang='lat' dir='ltr'>sed</span> 
     </span>
     <span class='ocr_line' id='line_1_55' title="bbox 1927 1266 3476 1351; baseline 0.001 -20"><span class='ocrx_word' id='word_1_350' title='bbox 1927 1268 2140 1351; x_wconf 88' lang='lat' dir='ltr'>potius</span> <span class='ocrx_word' id='word_1_351' title='bbox 2175 1266 2254 1331; x_wconf 91' lang='lat' dir='ltr'>de</span> <span class='ocrx_word' id='word_1_352' title='bbox 2290 1266 2623 1332; x_wconf 88' lang='lat' dir='ltr'>nativitate</span> <span class='ocrx_word' id='word_1_353' title='bbox 2663 1266 3101 1350; x_wconf 90' lang='lat' dir='ltr'>gaudendum.</span> <span class='ocrx_word' id='word_1_354' title='bbox 3138 1267 3259 1333; x_wconf 90' lang='lat' dir='ltr'>Per</span> <span class='ocrx_word' id='word_1_355' title='bbox 3297 1267 3476 1333; x_wconf 90' lang='lat' dir='ltr'>hunc</span> 
     </span>
     <span class='ocr_line' id='line_1_56' title="bbox 1927 1373 3474 1459; baseline 0.001 -21"><span class='ocrx_word' id='word_1_356' title='bbox 1927 1374 2192 1440; x_wconf 91' lang='lat' dir='ltr'>modum</span> <span class='ocrx_word' id='word_1_357' title='bbox 2213 1422 2232 1454; x_wconf 94' lang='lat'>,</span> <span class='ocrx_word' id='word_1_358' title='bbox 2261 1373 2314 1436; x_wconf 88' lang='lat' dir='ltr'>si</span> <span class='ocrx_word' id='word_1_359' title='bbox 2344 1374 2492 1457; x_wconf 85' lang='lat' dir='ltr'>quis</span> <span class='ocrx_word' id='word_1_360' title='bbox 2517 1374 2585 1438; x_wconf 91' lang='lat' dir='ltr'>in</span> <span class='ocrx_word' id='word_1_361' title='bbox 2614 1374 2716 1438; x_wconf 91' lang='lat' dir='ltr'>die</span> <span class='ocrx_word' id='word_1_362' title='bbox 2747 1376 3174 1459; x_wconf 89' lang='lat' dir='ltr'>conceptionis</span> <span class='ocrx_word' id='word_1_363' title='bbox 3199 1377 3342 1458; x_wconf 89' lang='lat' dir='ltr'>ejus</span> <span class='ocrx_word' id='word_1_364' title='bbox 3368 1392 3474 1440; x_wconf 86' lang='lat' dir='ltr'>so-</span> 
     </span>
     <span class='ocr_line' id='line_1_57' title="bbox 1925 1480 3472 1565; baseline 0.001 -19"><span class='ocrx_word' id='word_1_365' title='bbox 1925 1480 2245 1561; x_wconf 87' lang='lat' dir='ltr'>lemnizat,</span> <span class='ocrx_word' id='word_1_366' title='bbox 2289 1483 2622 1548; x_wconf 90' lang='lat' dir='ltr'>attendens</span> <span class='ocrx_word' id='word_1_367' title='bbox 2662 1482 2873 1565; x_wconf 88' lang='lat' dir='ltr'>magis</span> <span class='ocrx_word' id='word_1_368' title='bbox 2913 1482 3472 1547; x_wconf 84' lang='lat' dir='ltr'>sanctificationem</span> 
     </span>
     <span class='ocr_line' id='line_1_58' title="bbox 1924 1590 3469 1674; baseline 0 -19"><span class='ocrx_word' id='word_1_369' title='bbox 1924 1590 2207 1655; x_wconf 76' lang='lat' dir='ltr'>futuram</span> <span class='ocrx_word' id='word_1_370' title='bbox 2224 1637 2244 1669; x_wconf 93' lang='lat'>,</span> <span class='ocrx_word' id='word_1_371' title='bbox 2288 1607 2486 1674; x_wconf 87' lang='lat' dir='ltr'>quam</span> <span class='ocrx_word' id='word_1_372' title='bbox 2527 1591 3007 1674; x_wconf 91' lang='lat' dir='ltr'>conceptionem</span> <span class='ocrx_word' id='word_1_373' title='bbox 3050 1594 3430 1674; x_wconf 68' lang='lat' dir='ltr'>praesentem</span> <span class='ocrx_word' id='word_1_374' title='bbox 3447 1639 3469 1671; x_wconf 89' lang='lat'>,</span> 
     </span>
     <span class='ocr_line' id='line_1_59' title="bbox 1925 1697 3474 1780; baseline 0.002 -19"><span class='ocrx_word' id='word_1_375' title='bbox 1925 1715 2058 1763; x_wconf 92' lang='lat' dir='ltr'>non</span> <span class='ocrx_word' id='word_1_376' title='bbox 2100 1698 2354 1763; x_wconf 90' lang='lat' dir='ltr'>videtur</span> <span class='ocrx_word' id='word_1_377' title='bbox 2395 1697 2636 1780; x_wconf 90' lang='lat' dir='ltr'>dignus</span> <span class='ocrx_word' id='word_1_378' title='bbox 2675 1698 2979 1780; x_wconf 87' lang='lat' dir='ltr'>redargui</span> <span class='ocrx_word' id='word_1_379' title='bbox 3012 1720 3030 1764; x_wconf 71' lang='grc' dir='ltr'><strong>ε</strong></span> <span class='ocrx_word' id='word_1_380' title='bbox 3063 1702 3125 1763; x_wconf 91' lang='lat' dir='ltr'>et</span> <span class='ocrx_word' id='word_1_381' title='bbox 3156 1698 3299 1764; x_wconf 91' lang='lat' dir='ltr'>ideo</span> <span class='ocrx_word' id='word_1_382' title='bbox 3339 1697 3474 1763; x_wconf 85' lang='lat' dir='ltr'>dixi</span> 
     </span>
     <span class='ocr_line' id='line_1_60' title="bbox 1923 1803 3474 1888; baseline 0.001 -19"><span class='ocrx_word' id='word_1_383' title='bbox 1923 1805 2097 1888; x_wconf 87' lang='lat' dir='ltr'>quod</span> <span class='ocrx_word' id='word_1_384' title='bbox 2138 1804 2294 1870; x_wconf 84' lang='lat' dir='ltr'>tales</span> <span class='ocrx_word' id='word_1_385' title='bbox 2335 1823 2454 1870; x_wconf 89' lang='lat' dir='ltr'>nec</span> <span class='ocrx_word' id='word_1_386' title='bbox 2494 1805 2861 1888; x_wconf 89' lang='lat' dir='ltr'>vituperare</span> <span class='ocrx_word' id='word_1_387' title='bbox 2902 1807 3131 1886; x_wconf 88' lang='lat' dir='ltr'>audeo,</span> <span class='ocrx_word' id='word_1_388' title='bbox 3162 1823 3283 1871; x_wconf 93' lang='lat' dir='ltr'>nec</span> <span class='ocrx_word' id='word_1_389' title='bbox 3323 1803 3474 1870; x_wconf 89' lang='lat' dir='ltr'>lau-</span> 
     </span>
     <span class='ocr_line' id='line_1_61' title="bbox 1924 1911 3475 1996; baseline 0.001 -19"><span class='ocrx_word' id='word_1_390' title='bbox 1924 1913 2096 1978; x_wconf 89' lang='lat' dir='ltr'>dare.</span> <span class='ocrx_word' id='word_1_391' title='bbox 2114 1912 2310 1978; x_wconf 89' lang='lat' dir='ltr'>Credo</span> <span class='ocrx_word' id='word_1_392' title='bbox 2338 1916 2555 1977; x_wconf 88' lang='lat' dir='ltr'>tamen</span> <span class='ocrx_word' id='word_1_393' title='bbox 2585 1917 2647 1977; x_wconf 89' lang='lat' dir='ltr'>et</span> <span class='ocrx_word' id='word_1_394' title='bbox 2672 1913 2924 1979; x_wconf 83' lang='lat' dir='ltr'>confido</span> <span class='ocrx_word' id='word_1_395' title='bbox 2952 1914 3031 1980; x_wconf 88' lang='lat' dir='ltr'>de</span> <span class='ocrx_word' id='word_1_396' title='bbox 3044 1912 3310 1996; x_wconf 89' lang='lat' dir='ltr'>Virgine</span> <span class='ocrx_word' id='word_1_397' title='bbox 3339 1911 3475 1995; x_wconf 91' lang='lat' dir='ltr'>glo-</span> 
     </span>
     <span class='ocr_line' id='line_1_62' title="bbox 1922 2019 3469 2104; baseline 0.001 -19"><span class='ocrx_word' id='word_1_398' title='bbox 1922 2020 2121 2101; x_wconf 87' lang='lat' dir='ltr'>riosa,</span> <span class='ocrx_word' id='word_1_399' title='bbox 2154 2020 2324 2104; x_wconf 85' lang='lat' dir='ltr'>quod</span> <span class='ocrx_word' id='word_1_400' title='bbox 2356 2021 2406 2085; x_wconf 90' lang='lat' dir='ltr'>si</span> <span class='ocrx_word' id='word_1_401' title='bbox 2437 2020 2590 2104; x_wconf 88' lang='lat' dir='ltr'>quis</span> <span class='ocrx_word' id='word_1_402' title='bbox 2615 2019 2782 2084; x_wconf 88' lang='lat' dir='ltr'>hanc</span> <span class='ocrx_word' id='word_1_403' title='bbox 2810 2020 3279 2086; x_wconf 87' lang='lat' dir='ltr'>solemnitatem</span> <span class='ocrx_word' id='word_1_404' title='bbox 3306 2019 3469 2087; x_wconf 91' lang='lat' dir='ltr'>cele·</span> 
     </span>
     <span class='ocr_line' id='line_1_63' title="bbox 1922 2128 3474 2213; baseline 0.001 -21"><span class='ocrx_word' id='word_1_405' title='bbox 1922 2129 2066 2192; x_wconf 88' lang='lat' dir='ltr'>brat</span> <span class='ocrx_word' id='word_1_406' title='bbox 2094 2148 2221 2193; x_wconf 87' lang='lat' dir='ltr'>non</span> <span class='ocrx_word' id='word_1_407' title='bbox 2249 2147 2331 2194; x_wconf 89' lang='lat' dir='ltr'>ex</span> <span class='ocrx_word' id='word_1_408' title='bbox 2375 2146 2592 2193; x_wconf 89' lang='lat' dir='ltr'>amore</span> <span class='ocrx_word' id='word_1_409' title='bbox 2621 2128 2956 2209; x_wconf 86' lang='lat' dir='ltr'>vanitatis,</span> <span class='ocrx_word' id='word_1_410' title='bbox 2988 2129 3098 2194; x_wconf 82' lang='lat' dir='ltr'>sed</span> <span class='ocrx_word' id='word_1_411' title='bbox 3139 2131 3351 2213; x_wconf 86' lang='lat' dir='ltr'>potius</span> <span class='ocrx_word' id='word_1_412' title='bbox 3390 2147 3474 2194; x_wconf 89' lang='lat' dir='ltr'>ex</span> 
     </span>
     <span class='ocr_line' id='line_1_64' title="bbox 1922 2236 3475 2320; baseline 0 -18"><span class='ocrx_word' id='word_1_413' title='bbox 1922 2236 2258 2303; x_wconf 86' lang='lat' dir='ltr'>devotione</span> <span class='ocrx_word' id='word_1_414' title='bbox 2285 2236 2608 2320; x_wconf 85' lang='lat' dir='ltr'>Virginis,</span> <span class='ocrx_word' id='word_1_415' title='bbox 2638 2258 2769 2304; x_wconf 89' lang='lat' dir='ltr'>non</span> <span class='ocrx_word' id='word_1_416' title='bbox 2796 2236 3061 2303; x_wconf 90' lang='lat' dir='ltr'>credens</span> <span class='ocrx_word' id='word_1_417' title='bbox 3088 2256 3222 2303; x_wconf 85' lang='lat' dir='ltr'>esse</span> <span class='ocrx_word' id='word_1_418' title='bbox 3253 2241 3475 2302; x_wconf 87' lang='lat' dir='ltr'>contra</span> 
     </span>
     <span class='ocr_line' id='line_1_65' title="bbox 1921 2342 3470 2429; baseline 0.001 -21"><span class='ocrx_word' id='word_1_419' title='bbox 1921 2343 2103 2426; x_wconf 89' lang='lat' dir='ltr'>illud,</span> <span class='ocrx_word' id='word_1_420' title='bbox 2136 2345 2309 2429; x_wconf 89' lang='lat' dir='ltr'>quod</span> <span class='ocrx_word' id='word_1_421' title='bbox 2339 2345 2483 2411; x_wconf 91' lang='lat' dir='ltr'>elici</span> <span class='ocrx_word' id='word_1_422' title='bbox 2527 2351 2733 2429; x_wconf 90' lang='lat' dir='ltr'>potest</span> <span class='ocrx_word' id='word_1_423' title='bbox 2769 2364 2853 2410; x_wconf 89' lang='lat' dir='ltr'>ex</span> <span class='ocrx_word' id='word_1_424' title='bbox 2894 2363 3074 2409; x_wconf 90' lang='lat' dir='ltr'>sacra</span> <span class='ocrx_word' id='word_1_425' title='bbox 3117 2342 3470 2427; x_wconf 84' lang='lat' dir='ltr'>Scriptura,</span> 
     </span>
     <span class='ocr_line' id='line_1_66' title="bbox 1920 2451 3474 2536; baseline -0.002 -18"><span class='ocrx_word' id='word_1_426' title='bbox 1920 2453 2091 2536; x_wconf 85' lang='lat' dir='ltr'>quod</span> <span class='ocrx_word' id='word_1_427' title='bbox 2131 2452 2459 2517; x_wconf 86' lang='lat' dir='ltr'>benedicta</span> <span class='ocrx_word' id='word_1_428' title='bbox 2494 2451 2693 2536; x_wconf 91' lang='lat' dir='ltr'>Virgo</span> <span class='ocrx_word' id='word_1_429' title='bbox 2736 2451 3139 2518; x_wconf 88' lang='lat' dir='ltr'>devotionem</span> <span class='ocrx_word' id='word_1_430' title='bbox 3178 2452 3320 2533; x_wconf 87' lang='lat' dir='ltr'>ejus</span> <span class='ocrx_word' id='word_1_431' title='bbox 3364 2467 3474 2515; x_wconf 91' lang='lat' dir='ltr'>ac-</span> 
     </span>
     <span class='ocr_line' id='line_1_67' title="bbox 1920 2558 3473 2643; baseline -0.001 -19"><span class='ocrx_word' id='word_1_432' title='bbox 1920 2564 2126 2643; x_wconf 87' lang='lat' dir='ltr'>ceptat</span> <span class='ocrx_word' id='word_1_433' title='bbox 2146 2582 2163 2639; x_wconf 91' lang='lat'>;</span> <span class='ocrx_word' id='word_1_434' title='bbox 2185 2564 2248 2625; x_wconf 87' lang='lat' dir='ltr'>et</span> <span class='ocrx_word' id='word_1_435' title='bbox 2272 2560 2326 2622; x_wconf 91' lang='lat' dir='ltr'>si</span> <span class='ocrx_word' id='word_1_436' title='bbox 2354 2560 2591 2643; x_wconf 85' lang='lat' dir='ltr'>aliquid</span> <span class='ocrx_word' id='word_1_437' title='bbox 2624 2565 2718 2625; x_wconf 86' lang='lat' dir='ltr'>est</span> <span class='ocrx_word' id='word_1_438' title='bbox 2746 2558 3269 2643; x_wconf 87' lang='lat' dir='ltr'>reprehensibile,</span> <span class='ocrx_word' id='word_1_439' title='bbox 3288 2575 3473 2641; x_wconf 87' lang='lat' dir='ltr'>spero</span> 
     </span>
     <span class='ocr_line' id='line_1_68' title="bbox 1920 2665 3469 2751; baseline -0.001 -20"><span class='ocrx_word' id='word_1_440' title='bbox 1920 2668 2092 2750; x_wconf 88' lang='lat' dir='ltr'>quod</span> <span class='ocrx_word' id='word_1_441' title='bbox 2134 2667 2306 2751; x_wconf 91' lang='lat' dir='ltr'>apud</span> <span class='ocrx_word' id='word_1_442' title='bbox 2347 2670 2600 2751; x_wconf 87' lang='lat' dir='ltr'>justum</span> <span class='ocrx_word' id='word_1_443' title='bbox 2626 2667 2913 2732; x_wconf 87' lang='lat' dir='ltr'>Judicem</span> <span class='ocrx_word' id='word_1_444' title='bbox 2938 2665 3313 2748; x_wconf 88' lang='lat' dir='ltr'>dignabitur</span> <span class='ocrx_word' id='word_1_445' title='bbox 3353 2683 3469 2730; x_wconf 88' lang='lat' dir='ltr'>ex-</span> 
     </span>
     <span class='ocr_line' id='line_1_69' title="bbox 1919 2769 3466 2841; baseline -0.001 -3"><span class='ocrx_word' id='word_1_446' title='bbox 1919 2793 2166 2841; x_wconf 90' lang='lat' dir='ltr'>cusare.</span> <span class='ocrx_word' id='word_1_447' title='bbox 2214 2774 2355 2840; x_wconf 88' lang='lat' dir='ltr'>Non</span> <span class='ocrx_word' id='word_1_448' title='bbox 2395 2775 2551 2840; x_wconf 89' lang='lat' dir='ltr'>huic</span> <span class='ocrx_word' id='word_1_449' title='bbox 2594 2775 2859 2840; x_wconf 87' lang='lat' dir='ltr'>obviant</span> <span class='ocrx_word' id='word_1_450' title='bbox 2897 2773 3064 2839; x_wconf 84' lang='lat' dir='ltr'>dicta</span> <span class='ocrx_word' id='word_1_451' title='bbox 3107 2769 3417 2837; x_wconf 90' lang='lat' dir='ltr'>Bernardi</span> <span class='ocrx_word' id='word_1_452' title='bbox 3448 2794 3466 2837; x_wconf 71' lang='grc' dir='ltr'><strong>ε</strong></span> 
     </span>
     <span class='ocr_line' id='line_1_70' title="bbox 1919 2882 3472 2964; baseline -0.003 -18"><span class='ocrx_word' id='word_1_453' title='bbox 1919 2882 2134 2964; x_wconf 80' lang='lat' dir='ltr'>potius</span> <span class='ocrx_word' id='word_1_454' title='bbox 2158 2882 2334 2946; x_wconf 91' lang='lat' dir='ltr'>enim</span> <span class='ocrx_word' id='word_1_455' title='bbox 2363 2883 2631 2948; x_wconf 84' lang='lat' dir='ltr'>intendit</span> <span class='ocrx_word' id='word_1_456' title='bbox 2658 2882 2992 2948; x_wconf 86' lang='lat' dir='ltr'>excludere</span> <span class='ocrx_word' id='word_1_457' title='bbox 3023 2898 3343 2961; x_wconf 89' lang='lat' dir='ltr'>errorem,</span> <span class='ocrx_word' id='word_1_458' title='bbox 3386 2896 3472 2943; x_wconf 91' lang='lat' dir='ltr'>ne</span> 
     </span>
     <span class='ocr_line' id='line_1_71' title="bbox 1919 2987 3465 3071; baseline 0.001 -19"><span class='ocrx_word' id='word_1_459' title='bbox 1919 2988 2064 3071; x_wconf 86' lang='lat' dir='ltr'>quis</span> <span class='ocrx_word' id='word_1_460' title='bbox 2090 2989 2303 3054; x_wconf 90' lang='lat' dir='ltr'>credat</span> <span class='ocrx_word' id='word_1_461' title='bbox 2329 2987 2664 3070; x_wconf 89' lang='lat' dir='ltr'>Virginem</span> <span class='ocrx_word' id='word_1_462' title='bbox 2707 2989 3161 3054; x_wconf 83' lang='lat' dir='ltr'>sanctificatam</span> <span class='ocrx_word' id='word_1_463' title='bbox 3198 2987 3267 3050; x_wconf 91' lang='lat' dir='ltr'>in</span> <span class='ocrx_word' id='word_1_464' title='bbox 3310 3004 3465 3053; x_wconf 88' lang='lat' dir='ltr'>con·</span> 
     </span>
     <span class='ocr_line' id='line_1_72' title="bbox 1918 3095 3471 3181; baseline 0.001 -22"><span class='ocrx_word' id='word_1_465' title='bbox 1918 3096 2235 3180; x_wconf 88' lang='lat' dir='ltr'>ceptione,</span> <span class='ocrx_word' id='word_1_466' title='bbox 2269 3114 2466 3181; x_wconf 90' lang='lat' dir='ltr'>quam</span> <span class='ocrx_word' id='word_1_467' title='bbox 2495 3115 2656 3180; x_wconf 91' lang='lat' dir='ltr'>erga</span> <span class='ocrx_word' id='word_1_468' title='bbox 2684 3095 3019 3180; x_wconf 90' lang='lat' dir='ltr'>Virginem</span> <span class='ocrx_word' id='word_1_469' title='bbox 3062 3095 3471 3161; x_wconf 89' lang='lat' dir='ltr'>devotionem</span> 
     </span>
     <span class='ocr_line' id='line_1_73' title="bbox 1917 3202 3473 3288; baseline 0 -21"><span class='ocrx_word' id='word_1_470' title='bbox 1917 3209 2202 3269; x_wconf 86' lang='lat' dir='ltr'>nostram</span> <span class='ocrx_word' id='word_1_471' title='bbox 2248 3206 2572 3286; x_wconf 89' lang='lat' dir='ltr'>minuere,</span> <span class='ocrx_word' id='word_1_472' title='bbox 2617 3205 2726 3269; x_wconf 90' lang='lat' dir='ltr'>cui</span> <span class='ocrx_word' id='word_1_473' title='bbox 2767 3204 2984 3269; x_wconf 91' lang='lat' dir='ltr'>nullus</span> <span class='ocrx_word' id='word_1_474' title='bbox 3024 3207 3230 3288; x_wconf 89' lang='lat' dir='ltr'>potest</span> <span class='ocrx_word' id='word_1_475' title='bbox 3274 3202 3473 3268; x_wconf 84' lang='lat' dir='ltr'>nimis</span> 
     </span>
     <span class='ocr_line' id='line_1_74' title="bbox 1917 3309 3473 3395; baseline -0.001 -18"><span class='ocrx_word' id='word_1_476' title='bbox 1917 3330 2052 3377; x_wconf 87' lang='lat' dir='ltr'>esse</span> <span class='ocrx_word' id='word_1_477' title='bbox 2094 3313 2363 3379; x_wconf 88' lang='lat' dir='ltr'>devotus</span> <span class='ocrx_word' id='word_1_478' title='bbox 2395 3334 2411 3380; x_wconf 91' lang='lat'><strong>:</strong></span> <span class='ocrx_word' id='word_1_479' title='bbox 2443 3313 2535 3377; x_wconf 87' lang='lat' dir='ltr'>ita</span> <span class='ocrx_word' id='word_1_480' title='bbox 2576 3315 2794 3376; x_wconf 85' lang='lat' dir='ltr'>tamen</span> <span class='ocrx_word' id='word_1_481' title='bbox 2839 3311 3010 3395; x_wconf 84' lang='lat' dir='ltr'>quod</span> <span class='ocrx_word' id='word_1_482' title='bbox 3052 3309 3214 3376; x_wconf 91' lang='lat' dir='ltr'>nihil</span> <span class='ocrx_word' id='word_1_483' title='bbox 3258 3310 3473 3376; x_wconf 88' lang='lat' dir='ltr'>credat</span> 
     </span>
     <span class='ocr_line' id='line_1_75' title="bbox 1916 3419 3466 3505; baseline 0 -22"><span class='ocrx_word' id='word_1_484' title='bbox 1916 3419 1995 3484; x_wconf 91' lang='lat' dir='ltr'>de</span> <span class='ocrx_word' id='word_1_485' title='bbox 2034 3438 2133 3501; x_wconf 91' lang='lat' dir='ltr'>ea,</span> <span class='ocrx_word' id='word_1_486' title='bbox 2176 3420 2346 3505; x_wconf 87' lang='lat' dir='ltr'>quod</span> <span class='ocrx_word' id='word_1_487' title='bbox 2391 3421 2471 3485; x_wconf 91' lang='lat' dir='ltr'>sit</span> <span class='ocrx_word' id='word_1_488' title='bbox 2512 3424 2731 3485; x_wconf 90' lang='lat' dir='ltr'>contra</span> <span class='ocrx_word' id='word_1_489' title='bbox 2775 3420 3111 3485; x_wconf 86' lang='lat' dir='ltr'>veritatem</span> <span class='ocrx_word' id='word_1_490' title='bbox 3157 3421 3224 3483; x_wconf 91' lang='lat' dir='ltr'>et</span> <span class='ocrx_word' id='word_1_491' title='bbox 3266 3435 3466 3483; x_wconf 77' lang='lat' dir='ltr'>sacrae</span> 
     </span>
     <span class='ocr_line' id='line_1_76' title="bbox 1915 3524 3468 3610; baseline -0.001 -20"><span class='ocrx_word' id='word_1_492' title='bbox 1915 3524 2260 3610; x_wconf 84' lang='lat' dir='ltr'>Scripturae</span> <span class='ocrx_word' id='word_1_493' title='bbox 2306 3531 2370 3592; x_wconf 88' lang='lat' dir='ltr'>et</span> <span class='ocrx_word' id='word_1_494' title='bbox 2397 3527 2545 3592; x_wconf 85' lang='lat' dir='ltr'>fidei</span> <span class='ocrx_word' id='word_1_495' title='bbox 2586 3527 2946 3591; x_wconf 58' lang='lat' dir='ltr'>christianae</span> <span class='ocrx_word' id='word_1_496' title='bbox 2959 3572 2983 3605; x_wconf 94' lang='lat'>,</span> <span class='ocrx_word' id='word_1_497' title='bbox 3016 3542 3164 3608; x_wconf 80' lang='lat' dir='ltr'>quae</span> <span class='ocrx_word' id='word_1_498' title='bbox 3206 3543 3468 3590; x_wconf 90' lang='lat' dir='ltr'>omnem</span> 
     </span>
     <span class='ocr_line' id='line_1_77' title="bbox 1914 3631 3467 3717; baseline 0 -20"><span class='ocrx_word' id='word_1_499' title='bbox 1914 3632 2316 3699; x_wconf 85' lang='lat' dir='ltr'>devotionem</span> <span class='ocrx_word' id='word_1_500' title='bbox 2347 3640 2633 3700; x_wconf 91' lang='lat' dir='ltr'>nostram</span> <span class='ocrx_word' id='word_1_501' title='bbox 2662 3639 2794 3697; x_wconf 91' lang='lat' dir='ltr'>tam</span> <span class='ocrx_word' id='word_1_502' title='bbox 2823 3651 2981 3714; x_wconf 92' lang='lat' dir='ltr'>erga</span> <span class='ocrx_word' id='word_1_503' title='bbox 3008 3631 3235 3711; x_wconf 88' lang='lat' dir='ltr'>Deum,</span> <span class='ocrx_word' id='word_1_504' title='bbox 3266 3650 3467 3717; x_wconf 88' lang='lat' dir='ltr'>quam</span> 
     </span>
     <span class='ocr_line' id='line_1_78' title="bbox 1913 3738 3466 3825; baseline 0.001 -21"><span class='ocrx_word' id='word_1_505' title='bbox 1913 3758 2071 3823; x_wconf 90' lang='lat' dir='ltr'>erga</span> <span class='ocrx_word' id='word_1_506' title='bbox 2111 3748 2383 3807; x_wconf 89' lang='lat' dir='ltr'>matrem</span> <span class='ocrx_word' id='word_1_507' title='bbox 2435 3743 2578 3825; x_wconf 85' lang='lat' dir='ltr'>ejus</span> <span class='ocrx_word' id='word_1_508' title='bbox 2619 3741 2806 3805; x_wconf 89' lang='lat' dir='ltr'>debet</span> <span class='ocrx_word' id='word_1_509' title='bbox 2848 3739 3226 3823; x_wconf 82' lang='lat' dir='ltr'>praecedere.</span> <span class='ocrx_word' id='word_1_510' title='bbox 3286 3738 3466 3818; x_wconf 86' lang='lat' dir='ltr'>Quod</span> 
     </span>
     <span class='ocr_line' id='line_1_79' title="bbox 1911 3845 3469 3932; baseline 0.001 -21"><span class='ocrx_word' id='word_1_511' title='bbox 1911 3847 1967 3911; x_wconf 91' lang='lat' dir='ltr'>si</span> <span class='ocrx_word' id='word_1_512' title='bbox 2005 3848 2236 3931; x_wconf 88' lang='lat' dir='ltr'>aliquis</span> <span class='ocrx_word' id='word_1_513' title='bbox 2276 3848 2535 3932; x_wconf 88' lang='lat' dir='ltr'>objiciat</span> <span class='ocrx_word' id='word_1_514' title='bbox 2572 3847 2847 3912; x_wconf 90' lang='lat' dir='ltr'>aliorum</span> <span class='ocrx_word' id='word_1_515' title='bbox 2894 3845 3280 3912; x_wconf 89' lang='lat' dir='ltr'>Sanctorum</span> <span class='ocrx_word' id='word_1_516' title='bbox 3322 3865 3469 3912; x_wconf 90' lang='lat' dir='ltr'>con·</span> 
     </span>
     <span class='ocr_line' id='line_1_80' title="bbox 1913 3954 3466 4038; baseline 0 -19"><span class='ocrx_word' id='word_1_517' title='bbox 1913 3956 2238 4038; x_wconf 88' lang='lat' dir='ltr'>ceptiones</span> <span class='ocrx_word' id='word_1_518' title='bbox 2266 3974 2397 4019; x_wconf 91' lang='lat' dir='ltr'>non</span> <span class='ocrx_word' id='word_1_519' title='bbox 2425 3973 2560 4020; x_wconf 90' lang='lat' dir='ltr'>esse</span> <span class='ocrx_word' id='word_1_520' title='bbox 2589 3954 2867 4020; x_wconf 87' lang='lat' dir='ltr'>celebres</span> <span class='ocrx_word' id='word_1_521' title='bbox 2894 3957 3155 4037; x_wconf 89' lang='lat' dir='ltr'>propter</span> <span class='ocrx_word' id='word_1_522' title='bbox 3198 3972 3466 4037; x_wconf 86' lang='lat' dir='ltr'>sequen-</span> 
     </span>
     <span class='ocr_line' id='line_1_81' title="bbox 1910 4061 3467 4145; baseline 0.001 -20"><span class='ocrx_word' id='word_1_523' title='bbox 1910 4065 2006 4126; x_wconf 89' lang='lat' dir='ltr'>tes</span> <span class='ocrx_word' id='word_1_524' title='bbox 2029 4062 2579 4142; x_wconf 85' lang='lat' dir='ltr'>sanctiflcationes,</span> <span class='ocrx_word' id='word_1_525' title='bbox 2610 4061 2846 4145; x_wconf 88' lang='lat' dir='ltr'>poterit</span> <span class='ocrx_word' id='word_1_526' title='bbox 2875 4062 2934 4126; x_wconf 90' lang='lat' dir='ltr'>ei</span> <span class='ocrx_word' id='word_1_527' title='bbox 2962 4061 3081 4125; x_wconf 89' lang='lat' dir='ltr'>dici</span> <span class='ocrx_word' id='word_1_528' title='bbox 3098 4108 3121 4142; x_wconf 88' lang='lat'>,</span> <span class='ocrx_word' id='word_1_529' title='bbox 3155 4062 3329 4145; x_wconf 87' lang='lat' dir='ltr'>quod</span> <span class='ocrx_word' id='word_1_530' title='bbox 3355 4061 3467 4126; x_wconf 89' lang='lat' dir='ltr'>alii</span> 
     </span>
     <span class='ocr_line' id='line_1_82' title="bbox 1911 4165 3468 4253; baseline 0.001 -20"><span class='ocrx_word' id='word_1_531' title='bbox 1911 4165 2130 4234; x_wconf 88' lang='lat' dir='ltr'>Sancti</span> <span class='ocrx_word' id='word_1_532' title='bbox 2178 4188 2296 4253; x_wconf 90' lang='lat' dir='ltr'>pro</span> <span class='ocrx_word' id='word_1_533' title='bbox 2349 4170 2517 4235; x_wconf 89' lang='lat' dir='ltr'>malo</span> <span class='ocrx_word' id='word_1_534' title='bbox 2557 4188 2691 4235; x_wconf 89' lang='lat' dir='ltr'>non</span> <span class='ocrx_word' id='word_1_535' title='bbox 2732 4170 3098 4250; x_wconf 88' lang='lat' dir='ltr'>habebunt,</span> <span class='ocrx_word' id='word_1_536' title='bbox 3144 4172 3198 4234; x_wconf 91' lang='lat' dir='ltr'>si</span> <span class='ocrx_word' id='word_1_537' title='bbox 3235 4170 3468 4253; x_wconf 88' lang='lat' dir='ltr'>aliquis</span> 
     </span>
     <span class='ocr_line' id='line_1_83' title="bbox 1909 4275 3462 4360; baseline 0.001 -21"><span class='ocrx_word' id='word_1_538' title='bbox 1909 4275 2120 4340; x_wconf 91' lang='lat' dir='ltr'>honor</span> <span class='ocrx_word' id='word_1_539' title='bbox 2177 4277 2465 4360; x_wconf 88' lang='lat' dir='ltr'>specialis</span> <span class='ocrx_word' id='word_1_540' title='bbox 2527 4277 2719 4341; x_wconf 90' lang='lat' dir='ltr'>matri</span> <span class='ocrx_word' id='word_1_541' title='bbox 2786 4275 3039 4341; x_wconf 92' lang='lat' dir='ltr'>Domini</span> <span class='ocrx_word' id='word_1_542' title='bbox 3105 4277 3424 4341; x_wconf 88' lang='lat' dir='ltr'>tribuatur</span> <span class='ocrx_word' id='word_1_543' title='bbox 3441 4324 3462 4357; x_wconf 93' lang='lat'>,</span> 
     </span>
     <span class='ocr_line' id='line_1_84' title="bbox 1909 4383 3466 4467; baseline 0.002 -20"><span class='ocrx_word' id='word_1_544' title='bbox 1909 4383 2218 4466; x_wconf 89' lang='lat' dir='ltr'>quoniam</span> <span class='ocrx_word' id='word_1_545' title='bbox 2275 4383 2792 4448; x_wconf 84' lang='lat' dir='ltr'>sanctificationis</span> <span class='ocrx_word' id='word_1_546' title='bbox 2844 4384 3041 4467; x_wconf 89' lang='lat' dir='ltr'>ipsius</span> <span class='ocrx_word' id='word_1_547' title='bbox 3083 4384 3466 4466; x_wconf 89' lang='lat' dir='ltr'>magnitudo</span> 
     </span>
     <span class='ocr_line' id='line_1_85' title="bbox 1909 4489 3465 4556; baseline 0.001 -3"><span class='ocrx_word' id='word_1_548' title='bbox 1909 4493 1973 4553; x_wconf 91' lang='lat' dir='ltr'>et</span> <span class='ocrx_word' id='word_1_549' title='bbox 1999 4490 2364 4556; x_wconf 87' lang='lat' dir='ltr'>acceleratio</span> <span class='ocrx_word' id='word_1_550' title='bbox 2392 4495 2653 4555; x_wconf 80' lang='lat' dir='ltr'>caeteras</span> <span class='ocrx_word' id='word_1_551' title='bbox 2680 4491 3016 4556; x_wconf 89' lang='lat' dir='ltr'>antecellit.</span> <span class='ocrx_word' id='word_1_552' title='bbox 3049 4489 3130 4556; x_wconf 90' lang='lat' dir='ltr'>Et</span> <span class='ocrx_word' id='word_1_553' title='bbox 3153 4490 3296 4556; x_wconf 92' lang='lat' dir='ltr'>ideo</span> <span class='ocrx_word' id='word_1_554' title='bbox 3331 4491 3465 4555; x_wconf 90' lang='lat' dir='ltr'>mi-</span> 
     </span>
     <span class='ocr_line' id='line_1_86' title="bbox 1909 4595 3462 4681; baseline 0 -19"><span class='ocrx_word' id='word_1_555' title='bbox 1909 4600 2187 4663; x_wconf 90' lang='lat' dir='ltr'>randum</span> <span class='ocrx_word' id='word_1_556' title='bbox 2216 4617 2353 4663; x_wconf 93' lang='lat' dir='ltr'>non</span> <span class='ocrx_word' id='word_1_557' title='bbox 2381 4602 2499 4677; x_wconf 86' lang='lat' dir='ltr'>est,</span> <span class='ocrx_word' id='word_1_558' title='bbox 2532 4598 2585 4660; x_wconf 92' lang='lat' dir='ltr'>si</span> <span class='ocrx_word' id='word_1_559' title='bbox 2614 4595 2896 4681; x_wconf 91' lang='lat' dir='ltr'>Spiritus</span> <span class='ocrx_word' id='word_1_560' title='bbox 2923 4601 3182 4662; x_wconf 91' lang='lat' dir='ltr'>sanctus</span> <span class='ocrx_word' id='word_1_561' title='bbox 3206 4597 3462 4662; x_wconf 86' lang='lat' dir='ltr'>inhabi-</span> 
     </span>
     <span class='ocr_line' id='line_1_87' title="bbox 1908 4703 3462 4786; baseline 0.001 -16"><span class='ocrx_word' id='word_1_562' title='bbox 1908 4709 2051 4770; x_wconf 87' lang='lat' dir='ltr'>tans</span> <span class='ocrx_word' id='word_1_563' title='bbox 2076 4707 2148 4770; x_wconf 93' lang='lat' dir='ltr'>in</span> <span class='ocrx_word' id='word_1_564' title='bbox 2176 4707 2475 4771; x_wconf 89' lang='lat' dir='ltr'>cordibus</span> <span class='ocrx_word' id='word_1_565' title='bbox 2502 4703 2811 4785; x_wconf 83' lang='lat' dir='ltr'>fidelium,</span> <span class='ocrx_word' id='word_1_566' title='bbox 2829 4705 3042 4786; x_wconf 91' lang='lat' dir='ltr'>magis</span> <span class='ocrx_word' id='word_1_567' title='bbox 3059 4704 3462 4771; x_wconf 89' lang='lat' dir='ltr'>devotionem</span> 
     </span>
     <span class='ocr_line' id='line_1_88' title="bbox 1908 4811 3463 4899; baseline 0.001 -22"><span class='ocrx_word' id='word_1_568' title='bbox 1908 4812 2198 4899; x_wconf 89' lang='lat' dir='ltr'>ipsorum</span> <span class='ocrx_word' id='word_1_569' title='bbox 2242 4830 2402 4895; x_wconf 92' lang='lat' dir='ltr'>erga</span> <span class='ocrx_word' id='word_1_570' title='bbox 2448 4811 2782 4895; x_wconf 90' lang='lat' dir='ltr'>Virginem</span> <span class='ocrx_word' id='word_1_571' title='bbox 2824 4811 3217 4893; x_wconf 85' lang='lat' dir='ltr'>inflammat,</span> <span class='ocrx_word' id='word_1_572' title='bbox 3264 4831 3463 4896; x_wconf 89' lang='lat' dir='ltr'>quam</span> 
     </span>
     <span class='ocr_line' id='line_1_89' title="bbox 1907 4912 3463 4998; baseline 0 -17"><span class='ocrx_word' id='word_1_573' title='bbox 1907 4932 2067 4998; x_wconf 89' lang='lat' dir='ltr'>erga</span> <span class='ocrx_word' id='word_1_574' title='bbox 2091 4916 2250 4981; x_wconf 88' lang='lat' dir='ltr'>alios</span> <span class='ocrx_word' id='word_1_575' title='bbox 2277 4914 2546 4980; x_wconf 90' lang='lat' dir='ltr'>Sanctos</span> <span class='ocrx_word' id='word_1_576' title='bbox 2573 4921 2637 4978; x_wconf 86' lang='lat' dir='ltr'>et</span> <span class='ocrx_word' id='word_1_577' title='bbox 2674 4912 2960 4978; x_wconf 90' lang='lat' dir='ltr'>Sanctas.</span> <span class='ocrx_word' id='word_1_578' title='bbox 2992 4913 3124 4979; x_wconf 88' lang='lat' dir='ltr'>Hac</span> <span class='ocrx_word' id='word_1_579' title='bbox 3163 4915 3357 4979; x_wconf 89' lang='lat' dir='ltr'>etiam</span> <span class='ocrx_word' id='word_1_580' title='bbox 3384 4915 3463 4981; x_wconf 91' lang='lat' dir='ltr'>de</span> 
     </span>
     <span class='ocr_line' id='line_1_90' title="bbox 1907 5019 3462 5108; baseline 0 -19"><span class='ocrx_word' id='word_1_581' title='bbox 1907 5042 2101 5089; x_wconf 90' lang='lat' dir='ltr'>causa</span> <span class='ocrx_word' id='word_1_582' title='bbox 2139 5021 2422 5108; x_wconf 89' lang='lat' dir='ltr'>quotidie</span> <span class='ocrx_word' id='word_1_583' title='bbox 2461 5023 2540 5087; x_wconf 90' lang='lat' dir='ltr'>de</span> <span class='ocrx_word' id='word_1_584' title='bbox 2565 5019 2832 5103; x_wconf 90' lang='lat' dir='ltr'>Virgine</span> <span class='ocrx_word' id='word_1_585' title='bbox 2873 5022 3154 5104; x_wconf 90' lang='lat' dir='ltr'>gloriosa</span> <span class='ocrx_word' id='word_1_586' title='bbox 3186 5023 3462 5089; x_wconf 84' lang='lat' dir='ltr'>facimus</span> 
     </span>
     <span class='ocr_line' id='line_1_91' title="bbox 1906 5181 3461 5252; baseline -0.001 -16"><span class='ocrx_word' id='word_1_587' title='bbox 1906 5200 2000 5252; x_wconf 89' lang='lat' dir='ltr'>per</span> <span class='ocrx_word' id='word_1_588' title='bbox 2024 5186 2255 5252; x_wconf 83' lang='lat' dir='ltr'>ejusdem</span> <span class='ocrx_word' id='word_1_589' title='bbox 2303 5181 2563 5236; x_wconf 72' lang='lat' dir='ltr'>pontificis</span> <span class='ocrx_word' id='word_1_590' title='bbox 2609 5186 3029 5247; x_wconf 82' lang='lat' dir='ltr'>extravagantem</span> <span class='ocrx_word' id='word_1_591' title='bbox 3090 5184 3153 5236; x_wconf 87' lang='lat' dir='ltr'>de</span> <span class='ocrx_word' id='word_1_592' title='bbox 3206 5185 3369 5250; x_wconf 85' lang='lat' dir='ltr'>Reliq.</span> <span class='ocrx_word' id='word_1_593' title='bbox 3408 5187 3461 5235; x_wconf 87' lang='lat' dir='ltr'>et</span> 
     </span>
     <span class='ocr_line' id='line_1_92' title="bbox 1907 5254 3459 5317; baseline -0.001 -9"><span class='ocrx_word' id='word_1_594' title='bbox 1907 5273 2083 5310; x_wconf 83' lang='lat' dir='ltr'>vener.</span> <span class='ocrx_word' id='word_1_595' title='bbox 2130 5261 2292 5307; x_wconf 85' lang='lat' dir='ltr'>sanct.</span> <span class='ocrx_word' id='word_1_596' title='bbox 2338 5256 2427 5306; x_wconf 87' lang='lat' dir='ltr'>lib.</span> <span class='ocrx_word' id='word_1_597' title='bbox 2462 5254 2547 5317; x_wconf 84' lang='lat' dir='ltr'>m,</span> <span class='ocrx_word' id='word_1_598' title='bbox 2572 5267 2684 5317; x_wconf 88' lang='lat' dir='ltr'>cap.</span> <span class='ocrx_word' id='word_1_599' title='bbox 2717 5265 2756 5314; x_wconf 76' lang='lat'>¹3</span> <span class='ocrx_word' id='word_1_600' title='bbox 2782 5267 2875 5316; x_wconf 89' lang='lat' dir='ltr'>per</span> <span class='ocrx_word' id='word_1_601' title='bbox 2904 5255 3094 5305; x_wconf 79' lang='lat' dir='ltr'>Concil.</span> <span class='ocrx_word' id='word_1_602' title='bbox 3126 5255 3286 5317; x_wconf 52' lang='lat' dir='ltr'>reid„</span> <span class='ocrx_word' id='word_1_603' title='bbox 3329 5270 3459 5306; x_wconf 74' lang='lat' dir='ltr'>sess.</span> 
     </span>
     <span class='ocr_line' id='line_1_93' title="bbox 1907 5323 3457 5395; baseline -0.004 -14"><span class='ocrx_word' id='word_1_604' title='bbox 1907 5343 1959 5395; x_wconf 84' lang='lat' dir='ltr'>v,</span> <span class='ocrx_word' id='word_1_605' title='bbox 1989 5331 2053 5380; x_wconf 84' lang='lat' dir='ltr'>de</span> <span class='ocrx_word' id='word_1_606' title='bbox 2078 5343 2183 5395; x_wconf 85' lang='lat' dir='ltr'>pec.</span> <span class='ocrx_word' id='word_1_607' title='bbox 2224 5329 2378 5393; x_wconf 54' lang='grc' dir='ltr'>σήμ,</span> <span class='ocrx_word' id='word_1_608' title='bbox 2408 5327 2464 5376; x_wconf 89' lang='lat' dir='ltr'>in</span> <span class='ocrx_word' id='word_1_609' title='bbox 2504 5337 2629 5388; x_wconf 88' lang='lat' dir='ltr'>nne,</span> <span class='ocrx_word' id='word_1_610' title='bbox 2674 5323 3011 5391; x_wconf 81' lang='lat' dir='ltr'>declaratam,</span> <span class='ocrx_word' id='word_1_611' title='bbox 3040 5331 3092 5378; x_wconf 89' lang='lat' dir='ltr'>et</span> <span class='ocrx_word' id='word_1_612' title='bbox 3126 5327 3457 5379; x_wconf 82' lang='lat' dir='ltr'>innovatam.</span> 
     </span>
    </p>
   </div>
   <div class='ocr_carea' id='block_1_8' title="bbox 1905 5395 3460 5537">
    <p class='ocr_par' dir='ltr' id='par_1_8' title="bbox 1905 5395 3460 5537">
     <span class='ocr_line' id='line_1_94' title="bbox 1906 5395 3460 5466; baseline -0.01 -11"><span class='ocrx_word' id='word_1_613' title='bbox 1906 5403 2049 5455; x_wconf 79' lang='lat' dir='ltr'>Adde</span> <span class='ocrx_word' id='word_1_614' title='bbox 2083 5400 2224 5466; x_wconf 90' lang='lat' dir='ltr'>quod</span> <span class='ocrx_word' id='word_1_615' title='bbox 2261 5413 2399 5450; x_wconf 89' lang='lat' dir='ltr'>nunc</span> <span class='ocrx_word' id='word_1_616' title='bbox 2423 5410 2509 5448; x_wconf 76' lang='lat' dir='ltr'>res</span> <span class='ocrx_word' id='word_1_617' title='bbox 2529 5395 2749 5448; x_wconf 79' lang='lat' dir='ltr'>delinita</span> <span class='ocrx_word' id='word_1_618' title='bbox 2768 5400 2850 5448; x_wconf 82' lang='lat' dir='ltr'>cst</span> <span class='ocrx_word' id='word_1_619' title='bbox 2864 5398 2932 5449; x_wconf 86' lang='lat' dir='ltr'>ab</span> <span class='ocrx_word' id='word_1_620' title='bbox 2963 5399 3192 5451; x_wconf 58' lang='lat' dir='ltr'>medonis</span> <span class='ocrx_word' id='word_1_621' title='bbox 3212 5412 3307 5464; x_wconf 64' lang='lat' dir='ltr'>per</span> <span class='ocrx_word' id='word_1_622' title='bbox 3334 5396 3460 5451; x_wconf 62' lang='lat' dir='ltr'>hul..</span> 
     </span>
     <span class='ocr_line' id='line_1_95' title="bbox 1905 5467 2703 5537; baseline -0.011 -11"><span class='ocrx_word' id='word_1_623' title='bbox 1905 5473 2011 5526; x_wconf 78' lang='lat' dir='ltr'>lam</span> <span class='ocrx_word' id='word_1_624' title='bbox 2034 5471 2316 5537; x_wconf 67' lang='lat' dir='ltr'>ineffabili:</span> <span class='ocrx_word' id='word_1_625' title='bbox 2341 5472 2492 5532; x_wconf 70' lang='lat' dir='ltr'>Dm,</span> <span class='ocrx_word' id='word_1_626' title='bbox 2519 5467 2597 5520; x_wconf 80' lang='lat' dir='ltr'>Pii</span> <span class='ocrx_word' id='word_1_627' title='bbox 2614 5468 2703 5519; x_wconf 76' lang='lat' dir='ltr'>lx.</span> 
     </span>
    </p>
   </div>
  </div>
 </body>
</html>
