4185 6288
1705 417 2067 488 ms‘rch
2105 420 2236 487 XV.
3444 424 3554 488 ³3¹

455 556 756 637 conjunctae.
790 561 869 628 Et
892 580 1005 647 per
1033 563 1157 630 hoc
1195 564 1368 646 patet
1410 576 1722 643 sequens,
1763 558 1916 641 quia

450 659 634 731 ratione
658 670 877 750 gratiae
905 671 1264 753 oonJunctae
1296 667 1405 732 illa
1450 670 1731 734 vetustas
1768 665 1920 729 sim-

447 763 556 847 Plex
576 776 795 842 excedit
819 781 1102 844 nostram
1131 776 1470 861 duplicem.
1502 774 1766 857 Propter
1794 772 1917 838 hoc

444 877 572 942 enim
596 883 750 965 quod
777 883 1063 951 Christus
1087 884 1317 949 habuit
1358 882 1634 964 gratiam
1673 898 1809 945 non
1835 880 1917 944 ad

440 1000 766 1067 mensuram,
792 993 1064 1075 perfecte
1086 991 1270 1057 nobis
1317 989 1551 1055 meruit
1594 988 1914 1054 liberatio·

435 1107 550 1160 nem
573 1115 606 1162 a
627 1116 832 1183 penna,
856 1104 922 1166 et
946 1100 1154 1184 culpa.

1008 1351 1148 1398 DUB.
1193 1351 1263 1395 11.

684 1485 825 1546 Quos
851 1483 989 1537 enim
1015 1484 1246 1536 deiectus
1269 1481 1480 1544 babuit,
1505 1484 1605 1533 etc.

493 1632 687 1701 Contra
715 1659 731 1702 ε
764 1636 832 1702 Si
859 1636 962 1701 isti
988 1636 1268 1702 defectus
1293 1652 1424 1700 non
1468 1638 1620 1699 sunt
1644 1634 1723 1699 de
1748 1633 1914 1698 veri·

428 1740 525 1804 tate
539 1742 825 1811 humanm
858 1747 1108 1809 naturae
1126 1792 1143 1819 ,
1184 1762 1315 1809 non
1348 1743 1589 1807 faciunt
1626 1741 1708 1805 ad
1742 1760 1914 1806 verae

423 1840 785 1918 humanitatis
811 1852 1261 1917 ostensionem.-
1305 1850 1486 1928 Quod
1536 1853 1753 1915 autem
1781 1866 1913 1913 non

423 1948 522 2016 sint
569 1958 636 2023 de
675 1960 941 2026 veritate
979 1959 1288 2023 humanae
1330 1961 1604 2034 naturae,
1645 1956 1915 2021 ostendit

425 2057 710 2131 Anselmus
733 2066 846 2131 tali
873 2065 1117 2130 ratione
1157 2069 1175 2100 ¹
1216 2088 1231 2129 ε
1291 2089 1322 2127 α
1357 2064 1654 2129 Humana
1683 2068 1914 2128 natura

423 2179 524 2230 uno
561 2173 735 2238 modo
777 2177 873 2237 est
908 2190 1063 2236 vera
1103 2173 1459 2237 secundum
1499 2174 1737 2236 statum
1771 2190 1912 2236 cor-

418 2277 684 2354 ruptionis
709 2285 773 2345 et
796 2279 1313 2363 incorruptionis.
1341 2303 1373 2340 s
1410 2277 1531 2344 Sed
1559 2280 1662 2342 isti
1703 2279 1911 2344 desec-

418 2375 499 2439 tus
518 2399 631 2451 non
653 2390 1020 2471 competunt
1057 2387 1118 2451 ei
1162 2387 1513 2452 secundum
1547 2391 1782 2451 statum
1818 2387 1912 2452 in-

411 2495 794 2573 corruptionis
839 2517 854 2559 :
913 2512 1071 2576 ergo
1125 2512 1256 2559 non
1310 2500 1462 2559 sunt
1513 2495 1591 2559 de
1645 2494 1913 2560 veritate

403 2580 670 2666 humana}
699 2605 972 2666 naturae.
1014 2600 1172 2664 Item
1209 2599 1494 2664 Christus
1529 2605 1671 2683 post
1704 2620 1914 2667 resur-

393 2699 713 2774 rectionem
741 2727 963 2774 veram
1007 2708 1473 2772 humanitatem
1505 2707 1807 2786 ostendit,
1851 2712 1914 2771 et

390 2792 579 2874 ‘amen
608 2817 765 2899 ipsis
790 2817 1091 2900 apostolis
1113 2816 1392 2880 defectus
1420 2820 1482 2879 et
1519 2815 1912 2898 poeualitates

379 2909 486 3011 ,Ποῦ
515 2923 795 2988 ostendit
825 2943 842 2986 ε
883 2940 1044 3003 ergo
1090 2940 1222 2986 non
1267 2922 1522 2987 videtur
1563 2923 1736 3005 quod
1779 2923 1909 2986 hu-

363 3013 388 3075 J
395 3018 642 3094 asmodi
691 3030 973 3095 desectus
1017 3031 1291 3094 facerent
1332 3030 1413 3094 ad
1456 3030 1739 3095 veritatis
1785 3030 1907 3094 hu-

359 3118 567 3194 man&
602 3142 857 3204 naturae
886 3137 1335 3203 ostensionem.

406 3216 718 3326 Rffipon.
749 3245 1102 3309 Dicendum
1126 3248 1242 3322 est,
1271 3244 1443 3327 quod
1466 3248 1561 3309 est
1582 3246 1912 3311 ostendere

337 3329 699 3418 veritatem
723 3353 1031 3418 humanae
1067 3356 1340 3430 naturae,
1372 3351 1476 3416 vel
1514 3353 1909 3434 simpliciter,

317 3429 398 3538 ‚Vel
434 3458 849 3528 Secundum
876 3463 1114 3526 statum
1149 3483 1165 3524 ι
1211 3460 1351 3524 dico
1385 3478 1542 3541 ergo
1580 3461 1753 3543 quod
1785 3463 1910 3526 hu-

301 3541 642 3664 ,lusu-lodi
689 3568 972 3634 defectus
1018 3566 1328 3648 assumpti
1373 3566 1636 3631 fuerunt
1683 3568 1762 3632 ad
1803 3587 1914 3633 os-

303 3631 717 3741 te¹¹⁸¹011em
801 3692 974 3739 verae
1051 3672 1468 3738 humanitatis
1561 3677 1912 3741 secundum

294 3742 602 3846 “nutu
628 3782 1077 3865 corruptionis,
1121 3785 1185 3845 et
1223 3781 1312 3845 sic
1340 3780 1624 3846 Christus
1663 3784 1915 3850 volebat

301 3845 691 3987 &Pdere
708 3921 725 3969 ,
741 3888 948 3956 voluit
958 3888 1130 3953 enim
1158 3906 1224 3953 se
1248 3888 1433 3952 nobis
1455 3890 1856 3957 conformare
1889 3915 1904 3958 ε

307 3967 368 4045 W'
393 3975 963 4064 &militudinem
1000 3996 1177 4060 enim
1201 3996 1529 4062 hommum
1558 3999 1767 4077 factus
1792 4005 1909 4080 est,

341 4102 436 4192 nx
468 4094 628 4170 dicit
672 4104 1014 4187 Apostolus
1037 4110 1082 4182 ²,
1117 4110 1177 4170 et
1217 4104 1444 4170 habitu
1481 4106 1780 4171 inventus
1823 4113 1915 4173 est

383 4232 448 4298 „t
474 4213 673 4279 homo.
701 4212 799 4276 Ad
826 4211 983 4275 illud
1021 4211 1192 4293 quod
1232 4211 1550 4293 oincitur‚
1584 4212 1754 4295 quod
1783 4231 1915 4278 non

383 4319 521 4389 facit
538 4320 618 4384 ad
643 4317 1067 4384 ostensionem
1096 4336 1267 4383 verae
1300 4319 1718 4383 humanitatis
1743 4321 1914 4403 quod

385 4444 504 4490 non
527 4430 622 4490 est
647 4425 726 4489 de
750 4425 1019 4491 veritate
1044 4425 1134 4489 hu
1142 4443 1350 4490 manae
1379 4430 1650 4505 naturae,
1698 4427 1916 4492 dioen-

385 4534 529 4598 dum
583 4533 754 4617 quod
807 4533 1038 4597 falsum
1089 4537 1222 4611 est;
1278 4533 1535 4617 aliquod
1576 4535 1740 4601 enim
1793 4555 1912 4600 an-

385 4658 615 4705 nexum
639 4639 830 4703 alicui
853 4639 1045 4703 statui
1073 4639 1377 4704 humanae
1421 4645 1671 4707 naturae
1712 4648 1917 4725 potest

385 4766 510 4812 esse
553 4746 950 4813 omnsivum
989 4747 1272 4813 veritatis
1320 4769 1336 4811 :
1370 4749 1715 4815 accidentia
1739 4752 1916 4816 enim

385 4872 679 4935 magnam
725 4857 972 4936 partem
1026 4853 1360 4918 conferunt
1401 4856 1480 4920 ad
1523 4875 1917 4939 cognoscen-

383 4959 530 5025 dum
570 4961 743 5045 quod
797 4960 953 5042 quid
1005 4964 1121 5040 est,
1176 4963 1473 5044 quamvis
1516 4982 1647 5029 non
1683 4965 1812 5029 sint
1837 4966 1917 5030 de

382 5068 639 5134 essentia
687 5066 782 5132 rei
823 5071 868 5130 ⁸.
917 5067 1016 5131 Ad
1041 5068 1344 5135 ultimum
1378 5074 1551 5154 patet
1588 5074 1915 5156 responsio

383 5192 489 5256 per
511 5194 610 5258 ea,
636 5192 788 5259 quae
814 5172 978 5240 dicta
1001 5179 1173 5241 sunt.

447 5337 462 5369 ¹
486 5335 841 5398 Amelm.,Cur
855 5336 1159 5401 Deukome,
1175 5337 1264 5406 lib.
1278 5338 1341 5402 n,
1356 5353 1401 5389 c.
1419 5350 1492 5400 ιι,
1505 5341 1676 5403 quoad
1685 5355 1909 5396 sensum.

383 5431 440 5443 -
455 5407 477 5442 ¹
492 5409 763 5474 Philip.,u,
779 5409 893 5458 8.—
911 5407 934 5442 ⁸
949 5409 1122 5472 Arist„
1143 5408 1205 5458 de
1222 5408 1428 5475 Anima,
1446 5409 1535 5461 tib.
1557 5411 1595 5468 1,
1624 5417 1762 5465 cont.
1788 5427 1911 5466 ιι.-

2674 639 2812 685 DUB.
2856 638 2945 683 m.

2025 761 2274 821 Quodam
2299 766 2476 815 tamen
2504 763 2829 829 reperiuntur
2843 763 2896 813 in
2916 764 3222 814 Sanctorum
3245 760 3561 826 tractatibus,

2507 849 2621 901 quas
2647 834 2957 900 praemissis,
2983 837 3083 884 etc.

2102 983 2366 1050 Videtur
2394 987 2565 1070 quod
2595 987 2722 1051 illae
2765 986 3166 1050 auctoritates
3196 1001 3426 1048 verum
3460 984 3564 1048 di-

2022 1099 2191 1170 cant,
2230 1110 2377 1175 quae
2434 1094 2655 1159 dicunt
2699 1094 3017 1158 Christum
3064 1111 3195 1157 nou
3252 1091 3562 1156 timuisse.

2022 1199 2335 1265 Scribitur
2378 1202 2552 1266 enim
2602 1202 2624 1236 ⁴
2679 1219 2695 1265 ε
2740 1202 3027 1282 Perfecta
3062 1201 3349 1267 charitas
3389 1199 3565 1279 foras

2022 1307 2226 1374 mittit
2248 1309 2536 1374 timorem
2562 1328 2585 1370 .·
2605 1308 2716 1374 sed
2739 1306 3021 1374 Christus
3038 1306 3563 1390 perfectissimam

2021 1415 2248 1480 habuit
2294 1415 2666 1482 charitatem
2717 1440 2732 1481 :
2780 1435 2937 1498 ergo
2976 1416 3195 1483 nunus
3239 1416 3309 1479 in
3341 1434 3417 1480 eo
3457 1416 3565 1482 vi-

2020 1522 2208 1587 detur
2243 1523 2436 1587 timor
2479 1523 2695 1588 fuisse.
2744 1523 2904 1588 Item
2926 1571 2943 1602 ,
3001 1522 3406 1603 Augustinus
3427 1571 3445 1602 ‚
3488 1523 3565 1586 li·

2019 1632 2140 1696 bro
2163 1630 2398 1696 LXXX
2396 1632 2506 1695 HI
2526 1633 2956 1714 quaestionum
2975 1632 3035 1695 ⁸:
3067 1655 3097 1692 α
3119 1630 3398 1712 Signum
3427 1649 3569 1714 per-

2019 1739 2305 1804 fectionis
2348 1744 2444 1803 est
2470 1739 2685 1803 nullus
2715 1741 2926 1804 timor.
2966 1762 2997 1798 n
3049 1736 3171 1803 Sed
3215 1740 3285 1802 in
3327 1737 3572 1802 Christo

2021 1848 2144 1911 fuit
2171 1865 2430 1912 summa
2457 1846 2756 1929 perfectio
2788 1869 2803 1910 :
2849 1829 3007 1928 ergo
3052 1845 3274 1911 nunus
3308 1845 3571 1910 omnino

2021 1955 2144 2019 fuit
2180 1953 2245 2017 in
2283 1972 2360 2018 eo
2407 1954 2621 2019 timor.
2669 1953 2854 2034 Item,
2905 1953 3124 2018 nullus
3166 1953 3349 2017 timet
3400 1954 3574 2037 quod

2022 2064 2230 2144 potoet
2280 2061 2570 2143 effugere
2614 2079 2631 2123 ε
2679 2062 2789 2127 sed
2833 2061 3122 2126 Christus
3170 2066 3383 2127 certus
3436 2066 3573 2128 erat

2020 2188 2283 2235 omnem
2330 2188 2588 2251 poenam
2638 2188 2705 2234 se
2754 2188 2938 2252 posse
2990 2169 3276 2251 effugere
3334 2192 3350 2235 ε
3405 2189 3565 2253 ergo

2021 2276 2280 2340 videtur
2309 2276 2481 2358 quod
2508 2276 2666 2341 nihil
2693 2277 2973 2342 timebat.

2108 2383 2288 2466 Resp.
2322 2383 2667 2448 Dicendum
2693 2385 2863 2465 quod
2890 2384 3081 2450 timor
3106 2388 3199 2448 est
3226 2384 3293 2447 in
3335 2385 3571 2468 triplici

2021 2490 2378 2555 differentia
2436 2510 2454 2553 ε
2509 2491 2771 2572 quidam
2822 2491 2997 2555 enim
3051 2496 3145 2554 est
3199 2492 3565 2572 gratuitus;

2022 2597 2284 2679 quidam
2313 2597 2723 2676 libidinosus3
2751 2598 3014 2679 quidam
3041 2598 3370 2678 naturalis,
3400 2600 3567 2665 inter

2022 2709 2370 2786 utrumque
2415 2706 2684 2771 mediuS.
2733 2705 2952 2771 Timor
2992 2711 3206 2770 autem
3251 2707 3573 2787 gratuitus

2022 2811 2213 2874 estin
2247 2811 2475 2893 triplici
2508 2811 2862 2876 differentia
2897 2835 2911 2877 :
2959 2812 3224 2894 quidam
3258 2803 3354 2877 est
3380 2815 3572 2879 timor

2023 2936 2262 3001 poenae3
2297 2920 2558 3002 quidam
2586 2924 2681 2985 est
2726 2920 2919 2985 timor
2962 2921 3258 3000 offensae3
3307 2923 3572 3004 quidam

2020 3027 2421 3092 reverentiae.
2479 3026 2697 3092 Prima
2766 3031 2829 3092 et
2885 3029 3162 3093 secunda
3214 3030 3568 3096 differentia

2021 3155 2155 3201 non
2191 3135 2316 3200 fuit
2355 3136 2425 3200 in
2480 3135 2751 3216 Christo,
2792 3156 2908 3220 pro
2940 3156 3018 3202 eo
3065 3138 3235 3219 quod
3282 3142 3567 3220 perlecta

2022 3245 2309 3311 charitas
2362 3247 2537 3325 foras
2584 3245 2786 3312 mittit
2834 3246 3124 3312 timorem
3177 3250 3557 3329 utrumque;

2027 3352 2136 3415 sed
2184 3353 2537 3417 secundum
2594 3352 2846 3419 tertiam
2893 3353 3314 3417 differentiam
3355 3354 3475 3418 fuit
3499 3354 3568 3418 in

2032 3458 2299 3536 Christo,
2344 3460 2501 3541 quia
2545 3460 2636 3523 sic
2680 3478 2719 3523 a
2765 3461 3038 3542 perfecta
3086 3460 3391 3525 charitate
3438 3479 3569 3525 nou

2024 3567 2387 3650 expellitur,
2418 3567 2528 3631 sed
2552 3567 2764 3649 potius
2790 3572 3298 3647 consummatur,
3346 3587 3571 3633 secun-

2023 3676 2183 3739 dum
2220 3675 2377 3739 illud
2404 3675 2426 3710 ⁶
2459 3696 2474 3738 ε
2507 3675 2787 3756 Reptebit
2826 3691 2966 3740 eum
3007 3677 3281 3757 spiritus
3317 3678 3569 3744 timoris

2025 3789 2290 3855 Domini
2302 3810 2319 3866 ;
2344 3792 2406 3853 et
2416 3788 2767 3852 secundum
2790 3787 2948 3851 illud
2969 3793 2991 3828 ⁷
3015 3810 3032 3851 :
3070 3787 3283 3855 Timor
3310 3789 3570 3858 Domini

2023 3903 2283 3963 sanctus
2306 3901 2634 3977 permanet
2660 3898 2734 3961 in
2761 3896 3063 3962 saeculum
3079 3897 3319 3962 soeculi.
3352 3898 3430 3961 Et
3456 3917 3571 3981 per

2027 4004 2149 4068 hoc
2188 4007 2360 4086 patet
2398 4003 2724 4085 responsio
2766 4004 2846 4067 ad
2881 4004 3180 4085 {primum
3221 4004 3323 4087 obj
3331 4009 3565 4071 ectum.

2027 4113 2135 4178 Est
2152 4113 2344 4177 etiam
2367 4113 2531 4176 alius
2548 4111 2741 4176 timor
2758 4111 3154 4189 libidinosuS‚
3187 4117 3250 4176 et
3267 4113 3372 4177 ille
3399 4114 3572 4177 simi-

2023 4220 2169 4283 liter
2211 4219 2282 4283 in
2328 4217 2664 4301 multiplici
2714 4218 3073 4283 differentia
3119 4222 3234 4296 est,
3280 4219 3434 4301 quia
3478 4225 3574 4285 est

2025 4326 2219 4390 timor
2246 4325 2636 4404 mundanus,
2668 4328 2732 4389 et
2758 4328 2852 4389 est
2882 4324 3073 4389 timor
3106 4325 3431 4389 humanus
3461 4343 3478 4389 ε
3508 4331 3572 4390 et

2024 4433 2243 4498 nullus
2268 4434 2538 4496 istorum
2566 4432 2686 4496 tuit
2712 4432 2781 4494 in
2810 4430 3078 4510 Christo,
3131 4450 3247 4496 nec
3286 4432 3478 4496 etiam
3501 4433 3570 4497 in

2025 4542 2169 4605 viro
2221 4540 2497 4623 perfecto
2556 4561 2572 4602 t
2625 4542 2688 4602 et
2739 4538 2827 4603 sic
2874 4538 3255 4620 intelligitur
3295 4540 3570 4605 verbum

2027 4646 2378 4728 Augustini
2397 4664 2417 4724 ‚¹
2467 4646 2640 4728 quod
2701 4646 2967 4726 signum
3027 4646 3426 4727 perfectionis
3477 4653 3573 4714 est

2025 4754 2244 4819 nullus
2269 4754 2481 4818 timor.
2532 4752 2612 4817 Et
2648 4771 2762 4835 per
2784 4751 2908 4817 hoc
2936 4756 3109 4833 patet
3132 4755 3460 4836 responsio
3490 4757 3570 4820 ad

2025 4862 2402 4927 secundum.
2434 4860 2542 4924 Est
2566 4861 2801 4924 iterum
2830 4860 3020 4923 timor
3065 4860 3134 4923 in
3177 4861 3359 4925 tertia
3393 4862 3571 4927 diffe-

2026 4969 2253 5047 rentia,
2303 4967 2498 5030 timor
2536 4965 2771 5030 scilicet
2813 4965 3122 5029 naturalis
3168 4984 3185 5029 ε
3234 4970 3297 5030 et
3322 4967 3440 5032 iste
3476 4974 3571 5035 est

2026 5077 2097 5141 in
2116 5074 2348 5158 triplici
2371 5074 2724 5138 differentia
2774 5096 2790 5138 :
2829 5073 3095 5157 quidam
3131 5079 3226 5140 est
3265 5078 3570 5143 sensuali-

2025 5183 2172 5248 tatis
2216 5181 2664 5265 praevenientis
2699 5182 3050 5259 rationem;
3105 5181 3367 5265 quidam
3419 5201 3571 5249 sen-

2025 5346 2048 5380 ⁸
2083 5345 2100 5395 1
2129 5344 2298 5407 Joan„
2327 5355 2398 5406 lv,
2420 5347 2494 5394 ¹8.
2516 5369 2577 5383 -
2607 5345 2625 5375 ⁸
2661 5345 2815 5409 Aug„
2856 5342 2915 5393 de
2940 5342 3043 5394 div.
3088 5342 3267 5405 Quasi,
3298 5346 3566 5414 Lnxm,

2026 5431 2076 5482 q.
2109 5427 2289 5467 xxxiv.
2313 5441 2367 5451 —-
2392 5415 2415 5451 ⁸
2436 5416 2553 5478 Ira„
2582 5426 2656 5475 xx,
2690 5417 2739 5467 2.
2763 5415 2866 5456 --'¹
2890 5413 3027 5467 Paul.
3048 5425 3200 5478 xvm,
3225 5418 3300 5471 to.
