4185 6288
61 4305 305 4366 11„me-

287 1517 301 1532 ,
348 1459 454 1523 tur
502 1457 735 1540 triplex
774 1458 1003 1523 modus
1056 1458 1323 1524 dicendi.

1330 466 1526 535 nls'r.
1564 468 1806 536 xxvn.
1849 466 2033 534 ΛΒΤ.
2077 467 2128 532 1.
2168 466 2468 545 QUAEST.
2512 469 2563 534 Ι.

910 684 1337 748 CONCLUSIO.

354 833 605 891 Charitas
646 835 722 888 est
770 832 987 889 habitus
1023 834 1248 891 virtutis
1299 835 1369 891 ab
1418 836 1549 893 aliis
1596 834 1893 892 virtutibus

424 921 742 990 distinctus,
791 925 855 978 ut
874 926 1033 994 patet
1059 939 1127 979 erc
1151 927 1554 996 comparatione
1577 924 1651 981 ad
1677 928 1855 981 acham
1873 965 1889 993 ,

425 1005 500 1063 ad
531 1006 828 1077 objectum,
872 1007 952 1064 ad
984 1008 1306 1079 subiectum,
1346 1009 1422 1065 ad
1456 1013 1744 1082 proemium
1767 1051 1784 1078 ,
1822 1010 1897 1065 ad

414 1099 782 1169 principium,
815 1101 868 1153 et
896 1097 970 1154 ad
993 1102 1316 1171 oppositum.

431 1243 616 1327 Raep.
640 1244 718 1308 ad
747 1263 890 1326 arg.
926 1245 1025 1310 Ad
1050 1246 1499 1330 praedictorum
1525 1248 1889 1331 intelligen-

347 1350 503 1414 tiam
530 1354 626 1415 est
650 1350 1003 1416 notandum
1022 1401 1041 1431 ,
1074 1352 1247 1435 quod
1281 1353 1447 1417 circa
1489 1354 1613 1418 hoc
1652 1356 1892 1438 reperi-

1388 1459 1658 1537 Quidam
1714 1462 1889 1526 enim

345 1568 552 1635 dicere
577 1569 941 1650 voluerunt,
968 1571 1140 1652 quod
1166 1571 1488 1636 charitatis
1518 1571 1773 1637 habitus
1795 1580 1891 1638 est

345 1677 425 1741 ab
454 1677 595 1742 aliis
614 1677 938 1742 habitibus
966 1677 1386 1754 indistinctae,
1416 1684 1672 1761 propter
1714 1681 1880 1762 ipso·

346 1802 496 1848 rum
520 1785 861 1849 habituum
900 1784 1297 1849 essentialem
1331 1785 1666 1850 unitatem.
1699 1786 1888 1852 Dixe-

344 1897 499 1957 runt
541 1893 714 1956 enim
751 1893 921 1975 ipsos
963 1893 1219 1958 habitus
1261 1894 1683 1970 virtutumah
1711 1896 1885 1961 invi-

345 2017 483 2064 cem
510 2018 640 2064 non
666 1999 921 2064 differre
957 2019 1071 2083 per
1097 2000 1455 2080 essentiam,
1488 2002 1598 2066 sed
1623 2001 1757 2066 sola
1784 2013 1886 2066 re·‘

344 2108 580 2173 latione
606 2109 686 2172 ad
714 2112 916 2173 actus.
950 2108 1028 2172 Et
1054 2108 1174 2172 hoc
1215 2108 1426 2190 ipsum
1465 2107 1768 2173 dixerunt
1807 2109 1887 2174 de

344 2215 641 2297 potentiis
689 2215 948 2280 animae.
1001 2214 1081 2279 Et
1125 2213 1297 2297 quod
1338 2215 1462 2278 sint
1511 2232 1720 2279 unum
1770 2233 1887 2298 per

344 2323 678 2387 essentiam
720 2322 888 2386 inter
934 2340 1001 2386 se
1054 2322 1332 2386 invicem
1359 2370 1378 2401 ,
1413 2323 1681 2404 probare
1714 2321 1886 2386 inni-

343 2431 569 2493 tuntur
594 2447 710 2512 per
734 2432 1030 2494 mutuam
1068 2428 1359 2511 ipsorum
1386 2429 1749 2494 habituum·
1773 2429 1885 2496 de-

344 2536 863 2602 nominationem.
894 2535 1055 2601 Cum
1083 2536 1258 2600 enim
1295 2537 1520 2601 formae
1548 2536 1886 2619 disparatae

343 2643 520 2708 nullo
565 2644 754 2709 modo
796 2644 1037 2726 possint
1080 2644 1317 2727 seipsas
1355 2645 1789 2728 denominare,
1821 2651 1886 2711 et

343 2768 474 2815 una
506 2751 712 2815 virtus
761 2751 957 2816 aliam
1005 2751 1393 2831 denominet,
1425 2755 1498 2816 ut
1526 2769 1543 2816 ε
1579 2749 1885 2817 «lustitia

344 2862 438 2922 est
463 2858 766 2940 prudenS,
794 2857 1132 2940 prudentia
1158 2863 1253 2923 est
1273 2861 1470 2940 Justa,
1501 2859 1659 2924 fides
1684 2863 1879 2939 amat,

343 2970 404 3029 et
431 2966 707 3030 charitas
732 2966 965 3046 credit3
997 2989 1028 3026 ι)
1063 2967 1451 3051 impossihile
1494 2972 1590 3032 est
1628 2967 1885 3033 habitus

343 3073 659 3139 virtutum
698 3073 1112 3139 essentialiter
1148 3074 1316 3138 inter
1355 3092 1423 3137 se
1468 3074 1741 3139 differre.
1786 3075 1883 3140 Ex

344 3185 465 3249 hac
499 3184 722 3249 eadem
773 3187 1019 3250 ratione
1074 3185 1446 3251 concludere
1497 3185 1878 3264 voluerunt,

343 3297 513 3379 quod
539 3315 672 3361 non
711 3297 1008 3363 differant
1041 3316 1081 3362 a
1118 3297 1441 3377 charitate,
1481 3317 1629 3362 cum
1669 3298 1878 3362 chari-

342 3408 454 3469 tati
505 3406 939 3471 attribuantur
983 3406 1167 3490 quasi
1221 3407 1516 3470 omnium
1567 3407 1881 3471 virtutum

341 3515 557 3588 actus,
587 3512 750 3576 sicut
788 3512 971 3577 dicit¹
1002 3513 1360 3596 Apostolus
1395 3513 1471 3577 Et
1502 3513 1623 3578 hoc
1670 3515 1880 3597 ipsum

337 3619 560 3683 dicunt
593 3619 861 3684 sensisse
887 3620 1328 3702 Augustinum
1357 3620 1425 3684 in
1453 3620 1613 3686 libro
1636 3620 1715 3687 de
1744 3624 1877 3689 Μο-

340 3725 519 3791 ribus
541 3725 867 3804 Ecclesiae,
899 3726 1010 3789 uhi
1031 3725 1121 3790 sic
1148 3726 1464 3792 diffiniens
1496 3728 1796 3793 virtutem
1832 3737 1875 3793 ²:

350 3857 381 3895 ι
406 3833 575 3899 Nihil
602 3835 868 3899 omnino
892 3852 1027 3899 esse
1055 3834 1362 3899 virtutem
1396 3836 1876 3917 affirmaverim,

341 3941 465 4005 nisi
503 3958 836 4007 summum
880 3960 1165 4006 amorem
1220 3941 1353 4007 Dei.
1398 3966 1429 4002 n
1482 3942 1645 4007 Nam
1696 3945 1878 4026 illud,

340 4049 511 4130 quod
547 4048 1008 4131 quadripartita
1041 4048 1275 4113 dicitur
1302 4049 1532 4128 virtus,
1574 4051 1883 4133 exipsius

339 4155 574 4220 amoris
609 4155 1017 4238 quaternario
1054 4156 1283 4220 affectu
1297 4205 1314 4235 ,
1345 4162 1660 4238 quantum
1689 4158 1882 4222 intel-

336 4260 504 4342 ligo,
553 4261 803 4327 dicitur.
856 4261 979 4327 Sed
1017 4265 1611 4345 quantumcumque
1636 4265 1757 4328 hoc
1781 4266 1881 4329 in-

337 4368 598 4434 nuerint
640 4370 1046 4434 auctoritates
1064 4418 1085 4448 ,
1134 4387 1374 4452 ponere
1407 4374 1623 4434 tamen
1661 4389 1883 4438 omnes

337 4473 594 4538 habitus
634 4474 950 4540 virtutum
973 4494 1013 4538 a
1038 4493 1105 4539 se
1146 4476 1422 4541 invicem
1465 4496 1594 4543 non
1631 4479 1883 4547 differre

336 4581 462 4646 nisi
492 4580 626 4646 sola
660 4581 966 4646 relatione
987 4628 1004 4658 ,
1052 4601 1186 4646 non
1226 4583 1476 4649 videtur
1528 4592 1881 4653 consonum

336 4688 593 4764 rationi,
626 4707 747 4753 nec
772 4690 967 4753 etiam
991 4691 1293 4755 doctrinae
1316 4694 1667 4757 communi.
1705 4695 1881 4772 Quod

340 4796 515 4860 enim
569 4795 901 4861 diversitas
953 4799 1034 4862 sit
1090 4798 1160 4862 in
1209 4800 1503 4881 potentiis
1547 4802 1782 4866 animae
1822 4809 1885 4868 et

342 4903 630 4987 ipsarum
669 4904 990 4969 habitibus
1007 4953 1029 4985 ‚
1063 4906 1420 4970 manifestat
1454 4908 1593 4989 ipsa
1618 4908 1882 4974 diversi-

342 5014 714 5078 tasactuum
741 5013 806 5075 et
830 5010 1244 5093 objectorum.
1262 5010 1342 5076 Et
1362 5017 1712 5096 propterea,
1731 5033 1883 5080 cum

342 5136 476 5183 nna
491 5118 700 5184 virtus
723 5117 1091 5183 denominat
1115 5119 1329 5198 aliam,
1349 5120 1454 5185 vel
1480 5125 1660 5186 actus
1688 5124 1884 5188 unius

341 5226 713 5292 attribuitur
758 5224 937 5289 alteri
958 5273 976 5304 ,
1022 5224 1144 5290 hoc
1188 5245 1321 5292 non
1366 5231 1460 5292 est
1515 5228 1883 5311 intelligen-

404 5393 424 5427 ¹
451 5392 608 5455 Rom„
631 5401 748 5452 xm,
778 5392 824 5440 9.
854 5415 908 5424 —-
932 5389 952 5421 ¹
976 5390 1126 5452 Aug„
1152 5388 1213 5437 de
1238 5387 1423 5438 florib.
1455 5388 1610 5457 Ecce„
1637 5404 1683 5440 c.
1704 5403 1788 5445 xv.
1820 5417 1880 5429 -

338 5465 361 5499 ⁸
387 5462 481 5527 ld„
508 5462 569 5513 de
588 5461 744 5513 Οῑυὲι.
777 5459 890 5523 Dei,
911 5457 1001 5510 lib.
1030 5458 1142 5519 xv,
1173 5474 1219 5508 c.
1242 5470 1379 5512 xxn.

3423 474 3535 534 001

2000 603 2158 668 dum
2192 603 2333 670 fleri
2349 607 2607 687 propter
2636 602 3068 668 omnimodam
3109 603 3396 686 ipsorum
3422 603 3540 667 ha-

1998 710 2256 774 bituum
2294 709 2806 790 indifferentiam,
2837 710 2945 775 sed
2960 713 3219 793 propter
3242 713 3541 775 mutuam

1998 817 2657 883 circumincessionem
2686 821 2748 882 et
2768 817 3344 897 concomitantiam,
3379 818 3542 882 sicut

1998 924 2267 989 dicimus
2303 926 2383 990 de
2426 927 2723 1009 potentiis
2765 925 3037 1007 animae,
3071 926 3241 1007 quod
3276 943 3344 989 se
3370 925 3541 989 invi-

1999 1049 2138 1096 cem
2179 1032 2755 1112 circumincedant,
2783 1037 2847 1097 et
2873 1050 3068 1115 supra
3094 1051 3161 1096 se
3190 1035 3416 1097 mntno
3442 1051 3541 1096 re-

1995 1138 2371 1204 flectantur:
2407 1159 2541 1205 non
2570 1142 2722 1225 quia
2752 1141 3015 1205 omnino
3040 1139 3211 1206 idem
3235 1141 3397 1218 sint,
3430 1141 3539 1207 sed

1995 1245 2167 1328 quia,
2199 1265 2348 1311 cum
2373 1247 2504 1312 sint
2530 1248 2601 1312 in
2640 1247 2862 1313 eodem
2886 1295 2904 1324 ,
2949 1252 3013 1312 et
3041 1249 3283 1330 possint
3303 1247 3538 1313 reflecti

1993 1370 2188 1436 super
2211 1354 2371 1419 illud
2395 1354 2466 1418 in
2492 1373 2623 1437 quo
2652 1357 2804 1419 sunt
2820 1403 2837 1431 ,
2869 1355 3022 1437 quia
3046 1355 3262 1420 anima
3304 1355 3538 1419 intelli-

1995 1462 2090 1542 git
2113 1480 2202 1541 se,
2225 1465 2288 1526 et
2308 1466 2477 1526 amat
2502 1482 2590 1542 se,
2617 1481 2732 1546 per
2749 1481 3141 1546 consequens
3158 1468 3221 1528 et
3245 1482 3438 1546 snpra
3467 1483 3536 1529 se

1993 1567 2271 1634 invicem
2298 1571 2730 1635 reflectuntur.
2763 1570 2841 1635 Et
2866 1576 3220 1654 propterea,
3251 1572 3403 1653 quia
3425 1589 3529 1636 re-

1993 1674 2184 1739 flexio
2237 1694 2369 1740 non
2421 1678 2865 1744 tantummodo
2902 1679 2977 1741 flt
3025 1681 3278 1761 propter
3322 1678 3533 1741 omni-

1995 1781 2250 1845 modam
2290 1783 2738 1848 indivisionem
2785 1785 3269 1864 convenientiae,
3300 1803 3531 1850 verum

1992 1893 2185 1957 etiam
2216 1898 2475 1977 propter
2498 1894 3157 1960 circumincessionem
3210 1897 3528 1961 concomi-

1991 2000 2241 2078 tantiae3
2275 2001 2416 2065 ideo
2442 2019 2573 2065 non
2598 2001 2896 2083 cogimur
2921 2022 3154 2086 ponere
3172 2022 3289 2068 nec
3308 2010 3524 2088 poten-

1991 2106 2113 2170 tias
2140 2107 2397 2186 animae,
2426 2126 2546 2173 nec
2569 2109 2848 2186 habituS,
2895 2111 3243 2175 secundum
3268 2111 3334 2175 id
3360 2113 3532 2194 quod

1990 2218 2164 2293 sunt,
2195 2215 2576 2281 abinvicem
2612 2235 2741 2296 non
2777 2216 3053 2282 differre.
3102 2216 3229 2282 Nec
3265 2218 3531 2300 Augus-

1991 2321 2184 2400 tinus,
2215 2322 2286 2386 in
2317 2322 2482 2388 libro
2509 2323 2586 2390 de
2613 2324 2895 2391 Moribus
2923 2325 3236 2405 Ecclesiae,
3266 2325 3411 2390 vult
3432 2326 3528 2391 di-

1991 2443 2132 2492 cere
2159 2428 2314 2492 illnd
2343 2450 2359 2506 ;
2404 2430 2513 2493 sed
2558 2448 2782 2494 omnes
2812 2431 3082 2494 virtutes
3108 2431 3262 2495 alias
3287 2431 3427 2496 vult
3452 2433 3532 2498 ad

1988 2534 2360 2599 charitatem
2378 2539 2680 2619 tanquam
2708 2537 2790 2602 ad
2820 2537 3312 2603 fundamentum
3337 2540 3534 2604 redu-

1989 2659 2152 2721 cere,
2173 2643 2309 2707 sine
2347 2662 2476 2726 qua
2513 2644 2656 2709 aliae
2682 2645 2971 2724 virtutes,
3003 2663 3137 2711 non
3164 2651 3315 2710 sunt
3359 2665 3532 2713 verae

1988 2749 2256 2814 virtutes
2266 2751 2419 2833 quia
2431 2751 2507 2814 ad
2525 2769 2744 2815 veram
2759 2751 3212 2817 beatitudinem
3229 2772 3363 2818 non
3389 2772 3531 2836 per-

1987 2855 2252 2919 ducunt.
2285 2855 2391 2920 Est
2419 2860 2484 2921 et
2514 2856 2622 2921 hic
2642 2856 2809 2921 alius
2835 2858 3063 2923 modus
3087 2859 3331 2924 dicendi
3340 2860 3529 2940 ,vide-
3557 2894 3686 2952 0930,
3688 2895 3772 2940 om

1986 2960 2156 3042 licet,
2169 2962 2340 3045 quod
2355 2964 2625 3028 charitas
2638 2965 2719 3029 ab
2746 2965 2884 3029 aliis
2898 2966 3244 3031 virtutihus
3258 2986 3389 3031 non
3406 2969 3532 3032 dis-

1987 3069 2314 3151 tinguitur
2340 3074 2594 3155 propter
2631 3072 2832 3156 ipsius
2857 3073 3178 3138 charitatis
3214 3076 3533 3157 generali-

1989 3180 2203 3243 tatem.
2225 3177 2580 3243 Voluerunt
2618 3181 2792 3244 enim
2807 3181 3067 3264 quidam
3095 3181 3324 3262 dicere,
3361 3184 3529 3265 quod

1988 3289 2126 3371 ipsa
2140 3289 2237 3353 vis
2253 3291 2759 3379 concupiscibilis
2776 3292 3156 3358 diffunditur
3176 3313 3291 3378 per
3313 3312 3534 3359 omnes

1988 3397 2144 3460 alias
2163 3397 2350 3476 vireS‚
2370 3416 2486 3480 pro
2504 3415 2580 3461 co
2599 3398 2768 3481 quod
2787 3416 3010 3463 omnes
3029 3400 3173 3465 aliae
3205 3400 3372 3465 vires
3403 3403 3538 3466 ani·

1990 3520 2115 3567 mae
2143 3507 2453 3586 appetunt
2478 3504 2725 3587 objecta
2763 3525 2902 3570 sua.
2953 3506 3128 3573 Unde
3167 3508 3319 3591 quia
3355 3528 3538 3576 amor

1989 3612 2303 3694 reperitur
2353 3613 2421 3676 in
2445 3614 2744 3679 omnibus
2786 3616 3058 3693 viribus,
3088 3621 3162 3681 ut
3202 3617 3443 3699 dicunt,
3475 3622 3539 3683 et

1988 3739 2172 3786 amor
2198 3722 2526 3785 ordinatus
2558 3722 2627 3785 in
2651 3724 2950 3788 omnibus
2977 3725 3355 3806 virtutibus,
3385 3727 3538 3810 quia

1988 3830 2262 3893 charitas
2287 3848 2420 3893 non
2453 3835 2547 3893 est
2572 3830 2746 3895 aliud
2774 3835 2820 3910 ⁸,
2850 3850 3045 3914 quam
3075 3832 3229 3898 ordo
3259 3835 3531 3914 amoris3

1988 3937 2142 4001 hinc
2177 3942 2273 4002 est
2305 3937 2476 4019 quod
2520 3938 2727 4003 dicere
2772 3938 3121 4004 voluerunt
3160 3940 3533 4007 charitatem

1989 4048 2071 4111 ob
2099 4065 2283 4111 suam
2313 4047 2792 4129 generalitatem
2816 4066 2947 4112 non
2960 4048 3267 4130 distingui
3285 4049 3366 4113 ah
3390 4051 3530 4114 aliis

1989 4154 2358 4219 virtutibus.
2394 4152 2517 4218 Sed
2543 4173 2659 4218 nec
2692 4154 2851 4218 illud
2879 4155 3131 4220 videtur
3158 4156 3527 4222 rationabile
3571 4175 3757 4231 lmpmb.

1988 4280 2472 4345 usquequaque,
2526 4280 2643 4326 nec
2684 4262 3139 4328 convenienter
3166 4264 3330 4342 dici,
3377 4285 3527 4330 cum

1989 4369 2329 4452 Apostolus
2405 4387 2548 4433 eam
2623 4369 2973 4452 distinguat
3040 4372 3120 4435 ab
3187 4372 3346 4437 aliis.
3405 4371 3532 4438 Nec

1990 4478 2153 4542 ratio
2179 4495 2375 4560 quam
2405 4477 2770 4558 assignant,
2816 4479 3095 4542 multum
3144 4484 3239 4544 est
3283 4481 3529 4560 efficaX,

1992 4602 2109 4665 pro
2143 4601 2218 4646 eo
2260 4583 2430 4665 quod
2477 4583 2981 4666 concupiscibilis
3006 4585 3095 4648 ita
3123 4589 3217 4650 est
3245 4586 3439 4651 visin
3469 4605 3536 4652 se

1993 4690 2305 4769 distincta,
2337 4690 2502 4753 sicut
2528 4690 2851 4755 rationalis
2878 4695 2940 4756 et
2969 4692 3338 4757 irascibilis:
3364 4695 3537 4760 unde

1991 4799 2162 4881 quod
2194 4802 2374 4862 actus
2400 4798 2908 4881 concupiscibilis
2931 4797 3010 4861 ad
3030 4802 3245 4863 actum
3263 4800 3538 4866 aliarum

1992 4906 2233 4971 virium
2260 4907 2615 4984 concurrat,
2641 4905 2763 4968 hoc
2788 4923 2919 4969 non
2948 4909 3044 4969 est
3069 4910 3328 4989 propter
3358 4906 3538 4972 iden·

1991 5013 2237 5078 titatem
2267 5016 2328 5077 et
2362 5012 2810 5078 indivisionem
2836 5013 2904 5076 in
2933 5013 3220 5092 essendo,
3249 5013 3357 5078 sed
3383 5031 3538 5096 pro-

1991 5123 2132 5205 pter
2182 5120 2570 5185 simultatem
2620 5122 2686 5185 et
2741 5119 3030 5185 ordinem
3074 5120 3144 5184 in
3198 5122 3536 5191 movendo.

1991 5229 2169 5295 Unde
2220 5226 2516 5310 generale
2541 5275 2560 5307 ,
2600 5228 2734 5293 sive
2777 5227 3139 5300 universale
3163 5276 3182 5307 ,
3213 5229 3543 5294 consuevit

1988 5335 2231 5420 aliquid
2274 5335 2399 5401 dici
2447 5335 2805 5418 dupliciter,
2833 5336 2938 5401 vel
2963 5339 3220 5420 propter
3241 5355 3534 5407 commu-

1986 5445 2252 5513 nitatem
2281 5444 2351 5509 in
2380 5443 2805 5529 praedicando,
2837 5445 2939 5511 vel
2966 5448 3227 5528 propter
3254 5462 3540 5516 commu-
