4185 6288
755 440 884 501 560

756 569 931 656 qnod
977 570 1175 652 nigro
1215 571 1312 635 ent
1354 566 1910 651 impermixtius¹‚
1959 572 2024 633 et
2069 569 2307 635 certius

756 676 934 760 quod
968 677 1179 759 magis
1221 680 1544 740 remotum
1584 678 1679 739 est
1713 675 1795 739 ab
1826 675 2003 740 omni
2046 675 2307 741 dubita-

757 785 971 862 tione3
1001 788 1068 850 et
1108 799 1295 867 aeque
1331 788 1470 848 erat
1516 786 1763 847 remota
1804 782 1963 847 fides
2000 783 2306 864 antiquo-

757 910 907 958 rum
934 896 1193 975 patrum
1218 893 1299 957 ab
1324 909 1542 958 errore
1580 895 1645 955 et
1681 889 2076 955 dubitatione
2091 940 2109 970 ,
2142 891 2308 956 sicut

761 1005 827 1065 et
859 1006 1114 1079 nostra3
1145 1017 1305 1081 ergo
1348 999 1678 1082 aequaliter
1728 1003 1865 1063 erat
1893 1002 2067 1063 certa
2100 1020 2116 1063 :
2146 1016 2307 1080 ergo

756 1106 915 1173 fides
941 1126 1076 1174 non
1102 1107 1305 1173 crevit
1337 1109 1655 1190 quantum
1682 1105 1765 1171 ad
1789 1104 2260 1171 certitudinem.

1310 1298 1768 1365 CONCLUSIO.

758 1441 914 1498 Fidei
947 1439 1211 1497 certitudo
1254 1442 1317 1495 in
1344 1440 1747 1511 comparatione
1773 1437 1849 1495 ad
1884 1441 2165 1495 veritatem
2190 1437 2307 1495 dic-

835 1534 1035 1587 tantem
1053 1545 1161 1585 nou
1176 1531 1364 1592 cmm,
1389 1529 1512 1584 licet
1533 1530 1594 1584 in
1613 1530 2018 1600 comparatione
2036 1527 2113 1583 ad
2132 1528 2309 1600 ipsum

833 1616 1124 1674 credentem
1151 1620 1371 1673 crescat.

841 1753 1026 1837 Resp.
1057 1753 1139 1818 ad
1168 1771 1309 1834 arg.
1340 1752 1692 1818 Dicendum
1720 1753 1896 1835 quod
1928 1754 2008 1819 de
2045 1752 2308 1818 certitu·

760 1861 907 1927 dine
932 1861 1081 1925 ssdei
1108 1865 1199 1925 est
1223 1861 1397 1944 loqui
1427 1859 1783 1944 dupliciter,
1806 1861 2161 1926 secundum
2187 1859 2311 1925 du-

760 1968 989 2054 plicem
1049 1969 1614 2051 comparationem.
1666 1964 1873 2031 Habet
1920 1967 2096 2032 enim
2154 1967 2311 2031 fides

761 2074 1117 2159 comparari
1166 2074 1248 2139 ad
1292 2073 1498 2156 ipsam
1541 2072 1878 2139 veritatem
1923 2072 2307 2153 dictantem;

762 2183 957 2249 habet
980 2184 1175 2248 etiam
1202 2182 1558 2264 comparari
1578 2181 1659 2246 ad
1687 2181 1900 2264 ipsum
1922 2181 2310 2246 intellectum

764 2291 1239 2356 assentientem.
1292 2291 1361 2355 Si
1416 2289 1761 2373 loquamur
1814 2290 1892 2355 de
1936 2291 2313 2356 certitudine

768 2397 917 2462 fidei
953 2415 1067 2480 per
1099 2396 1643 2481 comparationem
1686 2396 1768 2462 ad
1813 2396 2150 2462 veritatem
2189 2396 2315 2462 dic-

766 2507 1006 2567 tantem
1025 2551 1043 2579 ,
1088 2503 1180 2570 sic
1206 2503 1516 2569 certitudo
1542 2522 1662 2568 nec
1702 2503 1894 2569 habet
1922 2504 2164 2586 minui,
2196 2524 2315 2570 nec

766 2611 999 2693 augeri
1030 2632 1047 2676 :
1078 2612 1232 2695 quia
1269 2631 1420 2677 cum
1457 2612 1594 2695 ipsa
1631 2613 1869 2678 veritas
1912 2613 2134 2679 divina
2171 2632 2317 2679 cer-

768 2719 1012 2784 tissima
1037 2720 1154 2800 sit,
1186 2724 1250 2785 et
1280 2721 1412 2785 falli
1437 2739 1570 2786 non
1610 2722 1843 2803 possit,
1875 2724 2194 2805 quantum
2220 2725 2317 2788 est

768 2845 848 2891 ex
875 2830 1054 2909 parte
1079 2828 1343 2893 rationis
1369 2828 1661 2893 dictantis
1679 2876 1696 2906 ,
1727 2829 1796 2893 in
1840 2829 1964 2894 fide
1996 2847 2315 2912 quacum-

767 2951 895 3018 que
931 2953 1081 3018 quae
1106 2936 1184 3018 (a)
1219 2935 1478 3000 assentit
1514 2934 1751 3000 divinae
1780 2936 2028 3001 veritati
2057 2941 2317 3021 propter

766 3058 859 3121 se,
880 3047 942 3106 et
959 3059 1153 3125 super
1168 3042 1409 3124 omnia,
1426 3047 1630 3109 status
1647 3046 1741 3110 est
1757 3043 2178 3124 certitudinis,
2197 3061 2318 3108 nec

766 3152 959 3218 habet
988 3172 1070 3219 ex
1096 3153 1206 3218 illa
1232 3159 1410 3237 parte
1436 3155 1594 3219 fides
1620 3154 1928 3238 proficere
1954 3152 2024 3217 in
2046 3151 2317 3218 certitu-

766 3259 953 3341 dine,
987 3261 1153 3325 sicut
1178 3260 1520 3326 ostendunt
1545 3261 1822 3327 rationes
1859 3259 1940 3325 ad
1969 3257 2317 3326 secundam

767 3373 1015 3452 partem
1045 3368 1347 3435 inductae.
1374 3367 1443 3434 Si
1469 3373 1689 3435 autem
1713 3369 2058 3452 loquamur
2083 3368 2162 3435 de
2190 3386 2318 3434 cer-

767 3476 1042 3543 titudine
1074 3475 1225 3542 fldei
1252 3493 1368 3559 per
1394 3475 1931 3559 comparationem
1975 3474 2057 3541 ad
2102 3475 2319 3558 ipsum

768 3582 1130 3648 credentem
1154 3629 1173 3658 ,
1218 3584 1308 3648 sic
1372 3581 1635 3648 concedi
1678 3585 1884 3665 potest
1930 3579 2106 3664 quod
2160 3579 2319 3645 fides

769 3690 991 3756 crescit
1014 3693 1333 3774 quantum
1359 3691 1440 3756 ad
1466 3689 1941 3768 certitudinem,
1966 3693 2106 3754 tum
2135 3706 2321 3773 prop-

769 3801 868 3862 ter
890 3797 1224 3863 clariorem
1249 3797 1708 3879 cognitionem,
1735 3800 1877 3863 tum
1907 3801 2168 3880 propter
2189 3813 2322 3861 ma·

763 3905 976 3986 jorem
1029 3905 1456 3972 devotionem.
1507 3903 1621 3969 Illa
1666 3903 1840 3969 enim
1882 3903 2041 3969 fides
2091 3901 2321 3968 certior

768 4014 887 4093 est,
916 4028 1065 4095 quae
1091 4013 1373 4095 apertius
1407 4011 1771 4093 cognoscit,
1801 4014 1864 4077 et
1899 4010 2194 4078 devotius
2219 4028 2321 4074 ac-

768 4118 1036 4202 quiescit
1066 4139 1082 4184 :
1115 4122 1178 4183 et
1203 4121 1523 4201 quantum
1555 4118 1635 4184 ad
1671 4119 1814 4184 haec
1852 4117 1984 4185 duo
2018 4118 2179 4182 fides
2214 4135 2321 4182 se·

771 4225 1054 4291 cundum
1123 4226 1553 4292 diversitatem
1618 4231 1984 4310 temporum
2050 4225 2316 4306 crescit,

770 4332 1123 4399 secundum
1177 4334 1352 4417 quod
1411 4333 1563 4398 dicit
1616 4333 1923 4415 magister
1986 4330 2184 4414 Hugo
2241 4331 2321 4398 de

771 4439 1004 4506 Sancto
1051 4441 1303 4509 Victore
1334 4441 1406 4506 in
1438 4442 1605 4507 libro
1643 4444 1733 4508 De
1776 4441 2221 4509 sacramentis
2242 4443 2265 4477 ³
2299 4463 2315 4506 ι

779 4569 811 4608 α
837 4546 977 4614 Duo
999 4596 1020 4630 ,
1067 4548 1277 4633 inquit
1295 4597 1314 4628 ,
1360 4553 1514 4615 sunt
1558 4549 1913 4615 secundum
1967 4568 2116 4633 quae
2163 4550 2321 4615 fides

771 4671 1051 4722 crescere
1096 4655 1354 4736 dicitur,
1396 4656 1680 4739 cognitio
1696 4705 1717 4737 ,
1766 4662 1829 4722 et
1876 4657 2165 4723 affectus.
2213 4655 2321 4723 Se-

771 4763 1059 4827 cundum
1098 4763 1532 4846 cognitionem
1569 4763 1727 4830 fides
1761 4766 2018 4843 crescit,
2061 4764 2319 4847 quando

772 4870 1064 4935 eruditur
1101 4870 1184 4936 ad
1217 4869 1587 4950 scientiam;
1617 4872 1972 4937 secundum
2017 4872 2317 4937 affectum

773 4994 950 5057 vero,
998 4977 1256 5061 quando
1294 4978 1376 5044 ad
1420 4976 1824 5045 devotionem
1869 4977 2207 5058 excitatur,
2257 4981 2322 5044 et

772 5083 1115 5152 roboratur
1179 5084 1262 5150 ad
1319 5085 1765 5151 constantiam.
1812 5106 1844 5146 n
1902 5085 1983 5150 Et
2042 5089 2320 5169 utroque

775 5192 967 5258 modo
1012 5193 1215 5261 crevit
1260 5194 1418 5259 fides
1475 5194 1829 5260 secundum
1887 5193 2319 5260 diversitatem

838 5347 857 5383 ¹
881 5348 1053 5412 Arist„
1088 5351 1269 5415 Τομέα,
1310 5349 1398 5400 lib.
1431 5351 1528 5414 ΙΙΙ,
1556 5364 1603 5402 c.
1634 5361 1715 5413 lv,
1745 5350 1844 5401 loc.
1876 5353 1926 5401 9.
1948 5378 1998 5388 -
2025 5354 2048 5386 ²
2068 5353 2223 5418 Hug„
2260 5352 2321 5403 de

1904 431 2533 500 SENTEN'HARUM
2572 431 2721 500 LIB.
2767 432 2877 498 111.

2418 574 2806 652 temporum.
2827 567 3011 647 Quod
3036 567 3214 634 enim
3240 568 3514 635 creverit
3537 574 3862 655 quantum
3883 575 3956 640 ad

2417 676 2855 757 devotionem,
2885 677 3037 741 satis
3061 676 3403 742 ostendunt
3425 683 3794 762 martyrum
3820 699 3957 763 pas-

2416 783 2668 863 siones;
2703 789 2767 849 et
2809 788 3125 867 quantum
3164 784 3246 849 ad
3280 785 3634 867 scientiam,
3676 789 3834 852 satis
3869 807 3959 854 os-

2415 891 2691 955 tendunt
2733 891 3069 956 doctorum
3113 891 3524 957 eruditiones.
3557 893 3736 958 Unde
3779 893 3958 977 Hugo

2417 1000 2590 1080 dicit,
2617 1002 2791 1084 quod
2819 1001 2976 1066 illud
3004 1003 3334 1083 signatum
3373 1002 3498 1066 fuit
3521 1003 3595 1067 in
3619 1003 3919 1071 Numer-ts
3937 1005 3957 1040 ⁸

2416 1105 2497 1171 de
2536 1108 2742 1188 botro,
2783 1108 2896 1190 qui
2941 1108 3312 1192 portabatur
3346 1108 3415 1171 in
3458 1112 3667 1185 vecte,
3716 1109 3800 1175 de
3837 1129 3955 1194 qno

2418 1214 2508 1280 ait
2535 1215 2625 1280 sic
2655 1238 2672 1281 :
2702 1238 2736 1276 α
2755 1215 2986 1282 Botrus
3006 1217 3324 1300 siquidem
3348 1217 3421 1281 in
3448 1223 3653 1298 vecte,
3677 1217 3961 1285 ‘Christus

2418 1320 2488 1385 in
2506 1340 2694 1387 cruce
2720 1326 2837 1403 est,
2858 1325 2960 1406 cuj
2969 1342 3046 1388 us
3069 1324 3451 1407 mysterium
3476 1326 3545 1388 in
3571 1334 3960 1394 sacramento

2417 1427 2548 1492 duo
2573 1429 2792 1511 populi
2826 1434 3081 1512 portant
3111 1449 3130 1493 ι
3163 1430 3280 1513 qui
3308 1438 3804 1514 praecesserunt,
3831 1452 3963 1517 por-

2418 1539 2740 1615 taverunt,
2769 1537 2878 1601 sed
2907 1555 3036 1602 non
3060 1538 3390 1618 viderunt,
3419 1540 3576 1622 quia
3603 1542 3962 1623 praeceden·

2419 1645 2515 1706 tes
2540 1642 2892 1709 adventum
2919 1647 2975 1728 ej
2985 1664 3082 1726 us,
3111 1652 3510 1711 sacramenta
3538 1649 3856 1730 passionis
3883 1651 3965 1733 ip-

2419 1748 2553 1813 sius
2580 1755 3028 1832 portaverunt,
3057 1753 3166 1817 sed
3194 1772 3326 1820 non
3354 1773 3583 1820 omnes
3605 1772 3723 1838 per
3748 1758 3963 1839 cogni-

2420 1858 2659 1924 tionem
2679 1861 3034 1944 intelligere
3061 1861 3426 1927 valuerunt.
3451 1862 3731 1928 Secundi
3760 1867 3965 1928 autem

2420 1970 2711 2049 portant,
2742 1971 2805 2031 et
2846 1968 3099 2047 vident,
3130 1969 3283 2051 quia
3317 1969 3540 2034 fideles
3570 1977 3719 2053 post
3743 1969 3966 2037 adven·

2420 2077 2562 2138 tum
2590 2073 2817 2139 Christi
2845 2080 3317 2141 sacramentum
3351 2076 3672 2160 passionis
3699 2079 3843 2160 ejus
3867 2095 3967 2160 per

2420 2180 2616 2244 fldem
2645 2182 3020 2265 suscipiunt,
3051 2186 3116 2247 et
3141 2201 3256 2265 per
3280 2183 3635 2248 revelatam
3662 2183 3969 2268 cognitio·

2422 2307 2572 2354 nem
2589 2290 2731 2372 jam
2768 2294 2986 2374 aperte
3014 2296 3432 2374 cognoscunt.
3462 2311 3493 2351 υ
3531 2290 3639 2356 Sic
3678 2310 3841 2374 ergo
3865 2310 3970 2375 pa-

2425 2400 2532 2477 tet,
2564 2396 2735 2480 quod
2761 2399 2879 2462 etsi
2901 2399 3216 2464 certitudo
3242 2397 3393 2463 fidei
3422 2418 3462 2463 a
3483 2405 3667 2482 parte
3693 2400 3969 2465 veritatis

2422 2503 2715 2570 dictantis
2739 2521 2873 2569 non
2900 2505 3094 2570 habet
3117 2506 3589 2570 incrementum
3605 2555 3625 2585 ‚
3660 2507 3857 2573 habet
3881 2512 3970 2570 ta·

2425 2630 2577 2676 men
2603 2613 2908 2696 proficere
2937 2631 3020 2678 ex
3062 2617 3243 2696 parte
3276 2613 3482 2696 ipsius
3517 2615 3862 2680 credentis,
3901 2614 3972 2681 Et

2424 2719 2776 2785 secundum
2813 2719 2938 2784 hoc
2978 2724 3153 2804 patet
3188 2721 3517 2803 responsio
3555 2720 3639 2785 ad
3681 2721 3974 2804 quastio-

2424 2845 2575 2891 nem
2621 2828 3039 2911 propositam.
3071 2826 3251 2893 Patet
3289 2827 3485 2891 etiam
3525 2830 3865 2911 responsio
3899 2828 3974 2893 ad

2426 2935 2673 3018 objecta
2692 2984 2709 3015 ,
2759 2934 2913 3018 quia
2958 2934 3235 3000 rationes
3273 2935 3351 2999 ad
3404 2936 3688 3018 primam
3734 2941 3975 3020 partem

2425 3042 2776 3124 procedunt
2801 3042 3152 3107 secundum
3181 3060 3382 3108 unam
3408 3045 3584 3109 viam
3610 3090 3631 3120 ,
3681 3049 3749 3109 et
3794 3045 3974 3110 ratio-

2425 3168 2541 3214 nes
2598 3148 2676 3214 ad
2741 3151 3088 3217 secundam
3153 3155 3398 3235 partem
3449 3152 3810 3237 procedunt
3865 3170 3978 3236 per

2425 3256 2618 3321 aliam
2635 3305 2653 3339 ,
2706 3258 2870 3323 sicut
2927 3256 3338 3323 manifestum
3393 3263 3491 3323 est
3539 3260 3972 3343 pertractanti.

2427 3364 2606 3429 Patet
2652 3365 2846 3430 etiam
2895 3365 3278 3447 generaliter
3316 3383 3399 3429 ex
3435 3366 3788 3448 praedictis‚
3836 3367 3976 3449 quis

2426 3472 2510 3537 sit
2548 3470 2778 3536 modus
2822 3472 3192 3555 proficiendi
3231 3474 3303 3537 in
3339 3473 3477 3557 ipsa
3514 3472 3644 3539 fide
3675 3494 3693 3538 ε
3729 3477 3976 3557 proficit

2426 3579 2602 3644 enim
2634 3578 2793 3643 fides
2834 3578 3114 3662 quodam
3160 3580 3350 3646 modo
3386 3581 3721 3647 extensive
3767 3600 3976 3664 quan·

2425 3692 2569 3753 tum
2610 3687 2689 3752 ad
2717 3687 3133 3752 articulorum
3163 3687 3653 3771 explicationem
3678 3712 3695 3767 ;
3730 3690 3976 3773 proficit

2426 3776 2620 3859 etiam
2646 3792 2958 3859 intensive
2984 3797 3299 3877 quantum
3336 3795 3418 3859 ad
3453 3795 3790 3862 clariorem
3826 3798 3975 3863 illu-

2428 3901 2883 3981 minationem;
2914 3902 3162 3985 proficit
3188 3902 3384 3966 etiam
3411 3903 3760 3971 radicative
3781 3923 3975 3989 quan-

2425 4014 2568 4075 tum
2611 4009 2694 4075 ad
2731 4010 3128 4075 certitudinis
3166 4014 3231 4075 et
3265 4010 3626 4076 devotionis
3662 4011 3974 4079 adhaesio-

2425 4135 2578 4184 nem
2623 4136 2640 4183 z
2679 4122 2743 4182 et
2786 4117 2911 4183 hoc
2955 4116 3121 4198 dice,
3169 4117 3561 4202 respiciendo
3610 4119 3696 4185 ad
3742 4127 3974 4187 statum

2427 4243 2862 4291 communem.
2931 4224 3011 4290 Et
3067 4242 3182 4308 per
3243 4225 3644 4292 consimilem
3713 4230 3976 4295 modum

2427 4335 2734 4417 proficere
2762 4332 2955 4398 habet
2989 4332 3057 4396 in
3094 4332 3318 4398 eodem
3356 4333 3624 4400 homine
3645 4385 3665 4417 ,
3695 4342 3765 4402 et
3791 4338 3976 4402 etiam

2425 4442 2493 4506 in
2520 4440 2787 4506 diversis
2812 4438 3182 4504 hominibus
3200 4488 3219 4519 ,
3262 4439 3379 4524 qui
3406 4446 3556 4505 sunt
3588 4443 3718 4507 sub
3757 4445 3975 4509 eadem

2425 4547 2571 4630 lege
2584 4596 2601 4629 ,
2632 4566 2766 4612 sese
2793 4547 3111 4630 gradatim
3138 4547 3592 4613 excedentibus
3619 4550 3976 4615 secundum

2425 4655 2574 4722 fidei
2601 4657 2973 4740 profectum.
3009 4652 3089 4719 Et
3123 4653 3246 4719 hoc
3272 4658 3366 4719 est
3398 4656 3569 4739 quod
3601 4655 3762 4722 dicit
3789 4656 3978 4738 Hugo

2426 4763 2506 4828 de
2533 4761 2764 4827 Sancto
2789 4761 3036 4826 Victore
3067 4779 3083 4822 :
3124 4784 3156 4821 α
3182 4759 3553 4826 Secundum
3582 4762 3978 4829 incrementa

2425 4869 2574 4934 fidei
2637 4869 2890 4934 diversa
2948 4885 3189 4949 genera
3229 4868 3576 4934 hominum
3628 4869 3980 4935 inveniun-

2425 4980 2554 5042 tur.
2593 4997 2624 5037 ι»
2661 4975 2935 5055 Quidam
2975 4975 3147 5039 enim
3197 4974 3416 5040 fideles
3459 4978 3643 5056 sunt,
3687 4976 3806 5059 qui
3847 4975 3981 5042 soh

2425 5083 2657 5167 pietate
2683 5082 2939 5148 credere
2980 5082 3267 5165 eligunt;
3298 5082 3408 5147 sed
3451 5085 3680 5147 utmm
3721 5083 3980 5149 crfflen·

2424 5190 2584 5255 dum
2613 5189 2727 5269 sit,
2755 5189 2860 5256 vel
2897 5205 3058 5269 non,
3088 5189 3335 5255 ratione
3378 5205 3515 5253 non
3558 5189 3980 5275 comprehen-

2427 5298 2610 5363 dunt.
2640 5295 2766 5361 Alii
2789 5313 2945 5363 vero
2969 5296 3211 5361 ratione
3237 5295 3626 5379 approbant,
3651 5297 3829 5381 quod
3853 5295 3980 5361 flde

780 5415 942 5483 sacr„
962 5419 1052 5473 m).
1074 5424 1174 5484 tp.
1195 5432 1270 5483 xl,
1289 5421 1849 5485 c.1v.-⁸Nmn.,xm,
1867 5424 2084 5489 εει-(α)
2103 5424 2317 5490 nuqua.
2420 5407 2558 5489 jam
2581 5404 2868 5481 credunt.
2897 5403 3023 5469 Alii
3046 5421 3234 5483 vero,
3261 5403 3439 5488 quod
3463 5403 3596 5469 fide
3621 5403 3896 5470 credunt
3918 5404 3980 5466 et
