4185 6288
1680 473 2056 540 DISTINGT.
2108 472 2295 538 XXX.
3460 481 3578 542 665

380 611 602 682 diceus
627 619 647 655 ¹
680 636 695 679 ε
740 612 815 679 Si
858 609 1245 679 dimiseritis
1288 609 1663 680 hominibus
1694 622 1974 703 peccata
2019 632 2268 693 eorum,
2320 608 2619 679 dimittet
2655 622 2719 679 et
2758 611 2937 680 vobis
2982 615 3187 679 Pater
3222 623 3454 680 vester.
3502 613 3579 680 Si

381 752 529 797 vero
556 751 691 796 non
719 726 1132 809 dimiseritiS,
1166 751 1286 796 nec
1315 732 1518 797 Pater
1576 741 1784 797 vester
1835 723 2136 796 dimittet
2173 727 2353 796 vobis
2383 740 2671 819 peccata
2715 740 2957 796 vestra.
3002 727 3163 796 Ecce
3196 728 3302 797 hic
3344 729 3571 798 haberi

379 845 686 931 videtur,
733 842 914 936 quod
960 851 1025 912 et
1062 845 1606 936 praemxavimuS,
1655 844 1900 912 scilicet
1953 843 2222 936 majoris
2264 844 2531 912 virtutis
2577 867 2711 912 esse
2757 844 3031 935 diligere
3077 845 3454 934 inimicum,
3508 854 3572 913 et

376 961 754 1031 benefacere
809 960 895 1046 ei,
951 983 1152 1051 quam
1207 959 1402 1028 illum
1471 960 1589 1053 qui
1642 960 1813 1028 nihil
1868 960 2028 1028 mali
2079 960 2231 1028 fecit
2280 960 2506 1047 nobiS,
2534 961 2642 1030 vel
2692 961 3002 1030 amicum.
3062 961 3254 1043 Quod
3309 964 3364 1030 si
3421 961 3571 1053 quis

374 1077 724 1147 concedere
751 1076 1131 1168 simpliciter
1156 1077 1468 1163 noluerit,
1503 1076 1723 1145 dicens
1753 1101 1769 1144 ε
1814 1102 1849 1142 α
1876 1076 2207 1144 Intensius
2233 1076 2537 1166 diligitur
2584 1077 2835 1146 amicus
2871 1101 3074 1168 quam
3116 1076 3456 1163 inimicuS,
3506 1084 3572 1146 et

373 1192 521 1263 ideo
548 1193 719 1262 illud
747 1193 963 1285 potius
985 1193 1135 1279 isto,
1169 1218 1205 1258 >v
1234 1193 1626 1262 determinet
1651 1193 1776 1260 ista
1800 1174 2165 1260 secundum
2193 1193 2599 1284 praemissam
2630 1192 3137 1282 intelligentiam
3154 1247 3171 1279 ,
3217 1194 3439 1263 dicens
3474 1193 3568 1261 ibi

372 1309 927 1402 comparationem
961 1309 1197 1377 factam
1237 1309 1411 1377 inter
1445 1309 1894 1395 dilectionem,
1951 1331 2086 1400 qua
2124 1308 2427 1397 diligitur
2467 1316 2729 1377 tantum
2762 1310 3049 1394 amicuS,
3096 1317 3161 1377 et
3204 1310 3390 1377 illam
3435 1333 3569 1401 qua

372 1426 625 1496 amicus
649 1433 715 1493 et
739 1425 1048 1494 inimicus
1074 1425 1398 1514 diligitur.
1429 1425 1606 1494 Illud
1639 1449 1794 1496 vero
1821 1425 1999 1518 quod
2025 1425 2352 1516 sequitur,
2397 1426 2609 1514 magis
2646 1448 2767 1494 nos
2813 1432 3071 1511 movet,
3111 1425 3289 1516 quod
3327 1425 3569 1494 scilicet

369 1543 528 1612 dicit
553 1564 688 1611 non
718 1564 853 1611 esse
895 1549 1090 1611 tantae
1125 1541 1575 1611 multitudinis
1618 1542 1894 1630 diligere
1938 1541 2276 1627 inimicOS,
2320 1548 2569 1632 quanta
2619 1540 3007 1629 exauditur,
3059 1564 3210 1609 cum
3257 1540 3498 1610 dicitur
3548 1567 3562 1608 ε

367 1659 653 1727 Dimitte
704 1658 890 1727 nobis
937 1657 1160 1727 debita
1221 1670 1482 1745 nostra,
1525 1665 1683 1743 etc.;
1726 1656 1842 1725 ubi
1888 1656 2001 1724 dat
2047 1656 2373 1746 intelligi,
2428 1657 2607 1748 quod
2645 1657 2843 1725 alicui
2888 1681 2926 1725 a
2964 1658 3098 1726 Deo
3141 1658 3573 1727 dimittuntur

369 1783 628 1867 peccata
652 1797 788 1843 non
813 1774 1120 1864 diligenti
1147 1774 1520 1860 inimicum,
1553 1774 1608 1841 si
1639 1782 1859 1842 tamen
1886 1772 2075 1842 fratri
2104 1773 2391 1862 roganti,
2421 1772 2537 1864 qui
2565 1773 2635 1839 in
2665 1795 2733 1841 se
2761 1774 3072 1866 peccavit,
3110 1774 3405 1843 dimittit.
3439 1774 3568 1843 Sed

368 1914 522 1960 cum
578 1898 839 1982 peccata
892 1912 1026 1958 non
1080 1889 1498 1958 dimittantur
1549 1889 1751 1957 alicui
1800 1889 2062 1974 adulto,
2130 1889 2258 1956 nisi
2319 1888 2703 1972 charitatem
2775 1889 3011 1959 habeat
3044 1943 3063 1975 ,
3136 1891 3439 1982 sequitur
3495 1899 3572 1959 ut

367 2007 750 2075 charitatem
789 2006 1024 2074 habeat
1068 2006 1186 2098 qui
1230 2027 1364 2072 non
1408 2005 1626 2095 diligit
1679 2005 2048 2073 inimicum.
2102 2005 2446 2087 Quomodo
2497 2027 2654 2094 ergo
2700 2006 2968 2075 nomine
3015 2007 3299 2098 proximi
3354 2008 3569 2076 omnis

368 2124 567 2193 homo
605 2123 1001 2213 intelligitur
1041 2123 1112 2190 in
1160 2123 1276 2192 illo
1317 2122 1625 2191 mandato
1673 2147 1689 2190 ε
1738 2123 1989 2213 Diliqes
2017 2123 2411 2215 proximum
2459 2134 2646 2189 tuum
2692 2122 2863 2190 sicut
2911 2122 3236 2214 teipsum?
3280 2122 3353 2191 Si
3388 2124 3568 2191 enim

367 2239 582 2310 omnis
628 2241 827 2308 homo
869 2219 1211 2331 proximus
1254 2247 1381 2325 est,
1432 2246 1591 2307 tunc
1636 2247 1700 2307 et
1750 2239 2106 2308 inimicus:
2149 2238 2566 2330 praecipimnr
2614 2260 2769 2327 ergo
2806 2248 2872 2305 et
2917 2238 3219 2307 inimicos
3261 2238 3559 2327 diligere.

362 2356 445 2424 Et
480 2356 640 2448 quia
677 2354 850 2423 illud
896 2362 1288 2446 praeceptum
1325 2356 1628 2444 generale
1665 2363 1801 2442 est,
1847 2355 2156 2424 omnibus
2207 2355 2586 2447 praecipitur
2642 2377 2870 2423 omnes
2912 2354 3215 2422 homines
3260 2354 3559 2444 diligere,

361 2471 559 2540 etiam
587 2470 907 2540 inimicoS.
942 2471 1226 2553 Quidam
1252 2471 1431 2563 quod
1469 2471 1575 2540 hic
1613 2472 1854 2539 dicitur
1888 2471 2276 2563 simpliciter
2313 2477 2534 2539 tenere
2571 2470 2905 2555 volenteS,
2952 2470 3121 2538 illud
3168 2478 3562 2563 praeceptum

359 2588 837 2675 determinant,
893 2589 1212 2674 dicenteS,
1255 2589 1395 2656 illic
1440 2589 1742 2680 perfectis
1782 2588 1927 2657 dari
1984 2589 2055 2656 in
2104 2598 2499 2680 praeceptum
2548 2586 2826 2678 diligere
2883 2611 3146 2656 omnem
3195 2587 3560 2673 hominem,

362 2706 560 2773 etiam
601 2705 982 2793 inimicum3
1040 2705 1407 2774 minoribus
1449 2728 1607 2774 vero
1644 2705 1717 2773 in
1762 2704 2146 2791 consilium3
2195 2705 2267 2772 in
2311 2713 2709 2797 proeceptnm
2750 2727 2909 2773 vero
2948 2727 3058 2772 eos
3101 2704 3412 2793 diligere,
3445 2698 3564 2795 qui

359 2822 530 2890 nihil
558 2822 720 2890 mali
746 2822 1043 2890 fecerunt
1069 2822 1186 2906 eis,
1220 2828 1284 2889 et
1310 2821 1611 2891 inimicos
1639 2843 1772 2890 non
1801 2821 2009 2890 odire.
2041 2821 2171 2890 Sed
2205 2822 2443 2889 melius
2470 2827 2566 2888 est
2597 2827 2670 2888 ut
2697 2820 3110 2910 intelligatur
3133 2821 3215 2888 ab
3255 2820 3567 2889 omnibus

363 2938 480 3007 illo
512 2936 820 3005 mandato
847 2937 1111 3030 praecipi
1136 2946 1403 3005 cunctos
1429 2938 1726 3026 diligere,
1756 2938 1953 3005 etiam
1984 2937 2289 3006 inimicos
2320 2963 2335 3005 :
2366 2938 2474 3006 cui
2501 2936 2723 3006 sensui
2767 2944 3159 3005 attestantur
3200 2948 3223 2981 ⁸
3264 2936 3568 3028 superius

322 3133 332 3142 „
363 3054 590 3146 positae
618 3053 1059 3142 auctoritates,
1090 3061 1155 3121 et
1180 3054 1328 3123 aliae
1358 3053 1602 3122 multae.
1637 3053 1813 3121 Illud
1841 3075 1998 3122 vero
2027 3054 2389 3143 Augustini
2418 3053 2773 3121 novissime
2802 3052 3113 3143 positum,
3165 3053 3246 3121 dc
3283 3053 3569 3143 perfecta

365 3170 675 3239 charitate
702 3170 953 3238 dictum
981 3170 1399 3260 intelligitur,
1432 3193 1582 3261 quae
1610 3178 1871 3239 tantum
1898 3179 1994 3238 est
2021 3172 2485 3262 perfectorum,
2534 3171 2653 3262 qui
2699 3194 2835 3239 non
2882 3171 3098 3239 solum
3148 3171 3414 3255 amicoS,
3454 3169 3565 3237 sed

366 3285 565 3355 etiam
592 3286 892 3354 inimicos
918 3286 1196 3377 perfecte
1223 3287 1535 3376 diligunt,
1569 3287 1794 3378 eisque
1819 3286 2239 3356 benefaciunt
2280 3312 2295 3354 ι
2342 3309 2493 3378 quae
2542 3286 2849 3378 perfectio
2887 3285 3254 3354 dilectionis
3293 3308 3428 3353 non
3470 3294 3568 3353 est

364 3409 566 3470 tantae
595 3402 1044 3471 multitudinis
1083 3414 1333 3495 quanta
1378 3404 1730 3472 exauditur
1764 3406 1834 3471 in
1872 3404 2168 3473 oratione
2209 3403 2563 3472 dominica.
2604 3402 2744 3470 Hoc
2780 3424 3009 3470 revera
3051 3403 3298 3492 grande
3339 3411 3458 3487 est,
3502 3411 3566 3471 et

366 3519 621 3588 eximite
670 3519 1014 3606 bonitatis,
1067 3520 1308 3589 scilicet
1345 3521 1943 3612 perfectediligere
1987 3520 2355 3589 inimicum.
2405 3519 2504 3587 Ita
2548 3526 2612 3587 et
2650 3540 2802 3586 cum
2852 3518 3011 3585 dicit
3052 3518 3314 3608 impleri
3361 3518 3562 3586 verba

356 3636 543 3711 illius
568 3637 936 3728 sponsionis
973 3639 1055 3706 ab
1091 3637 1357 3707 homine
1379 3691 1397 3725 ,
1456 3638 1573 3730 qui
1620 3660 1754 3707 non
1792 3638 1885 3707 ita
1920 3637 2226 3730 profecit,
2275 3645 2349 3704 ut
2386 3634 2623 3725 diligat
2674 3633 3018 3702 inimicum
3040 3685 3057 3719 ‚
3097 3633 3179 3702 de
3214 3634 3562 3704 dilectione

368 3752 652 3844 perfecta
677 3753 1131 3845 accipiendum
1162 3761 1277 3823 est.

743 4026 1156 4093 EXPOSITIO
1197 4025 1525 4094 TEXTUS.

617 4206 712 4257 Hic
740 4206 871 4257 solet
896 4205 1058 4270 quaeri
1085 4205 1208 4270 quid
1239 4205 1408 4270 potius
1436 4207 1527 4272 sit,
1555 4210 1653 4258 etc.

437 4356 647 4439 Supra
699 4355 833 4437 egit
869 4355 1173 4437 Magister
1216 4356 1294 4419 de
1343 4356 1650 4421 charitate
1704 4375 1903 4440 quan-

356 4468 498 4528 tum
526 4464 606 4528 ad
633 4463 991 4541 essentiam,
1013 4466 1077 4527 et
1103 4462 1587 4543 distinctionem,
1612 4467 1675 4529 et
1703 4483 1904 4548 quan·

356 4576 496 4637 tum
525 4572 609 4637 ad
636 4571 922 4636 ordinem
946 4592 965 4649 ;
995 4572 1102 4635 hic
1127 4572 1418 4654 sequitur
1448 4576 1680 4654 quarta
1719 4592 1898 4656 para,

352 4680 420 4746 in
463 4672 608 4763 qua
628 4679 768 4761 agit
810 4679 887 4744 de
929 4679 1152 4745 eadem
1201 4683 1517 4763 quantum
1567 4681 1647 4745 ad
1693 4681 1904 4746 meriti

352 4787 823 4869 perfectionem.
855 4787 1173 4852 Dividitur
1217 4792 1434 4853 autem
1476 4807 1625 4871 pars
1667 4789 1790 4853 ista
1832 4788 1902 4851 in

351 4894 509 4959 duas
551 4898 793 4977 partes,
837 4895 908 4958 in
950 4913 1225 4976 quarum
1270 4897 1478 4977 prima
1521 4896 1901 4961 determinat

349 5002 428 5066 de
454 5002 835 5086 perfectione
862 5002 1188 5067 charitatis
1219 5003 1288 5067 in
1320 5004 1550 5069 merito
1580 5008 1898 5088 qnantum

348 5109 430 5176 ad
457 5111 598 5192 ejus
634 5110 848 5173 motus
883 5115 1281 5193 comparatos
1323 5112 1404 5177 ad
1444 5112 1720 5177 invicem
1740 5161 1757 5191 ,
1788 5116 1902 5177 ut-

346 5221 492 5300 pote
517 5217 596 5282 de
624 5216 961 5282 dilectione
982 5218 1341 5285 amicorum
1369 5222 1433 5282 et
1450 5220 1896 5298 inimicorum;

343 5325 414 5389 in
440 5326 718 5392 secunda
744 5343 900 5391 vero
927 5326 1064 5406 agit
1097 5326 1177 5391 de
1212 5326 1432 5391 eadem
1463 5327 1534 5391 in
1561 5316 1898 5410 compara-

411 5455 425 5497 ¹
453 5454 659 5520 natm,
692 5467 769 5518 vr,
802 5456 878 5504 u.
897 5477 958 5489 -
976 5454 1000 5488 ¹
1019 5452 1142 5510 Dist.
1173 5465 1342 5511 xxvm
1369 5456 1423 5504 et
1440 5464 1585 5504 xxx.

2010 4031 2184 4096 tione
2225 4034 2306 4099 ad
2351 4035 2757 4117 diligentem,
2798 4038 2888 4103 ihi
2930 4061 2946 4104 ε
2988 4040 3162 4107 Illud
3202 4055 3350 4106 vero
3395 4036 3570 4120 quod

2011 4144 2323 4223 sequitur,
2354 4145 2563 4225 maqis
2592 4159 2711 4210 nos
2746 4151 2972 4222 movet,
3014 4151 3133 4211 etc.
3167 4146 3384 4212 Prima
3421 4164 3569 4228 pars

2011 4248 2317 4313 dividitur
2369 4250 2438 4312 in
2483 4253 2611 4313 tres
2654 4254 2865 4332 partes
2918 4276 2933 4317 ε
2983 4254 3050 4317 in
3096 4254 3307 4336 prima
3350 4253 3567 4316 movet

2011 4358 2453 4439 quaestionem,
2485 4359 2550 4420 et
2579 4358 2959 4423 determinat
2990 4359 3347 4443 secundum
3376 4376 3563 4422 suam

2010 4466 2377 4548 opinionem
2400 4488 2417 4544 ;
2448 4465 2517 4528 in
2547 4466 2825 4531 secunda
2850 4485 3005 4531 vero
3036 4466 3380 4531 introducit
3404 4484 3558 4529 auc·
3633 4546 3640 4554 α

2009 4572 2330 4635 toritatem
2377 4573 2748 4653 Augustini,
2799 4590 2948 4655 quae
2990 4592 3126 4638 suae
3170 4572 3567 4655 responsioni

2009 4681 2266 4744 videtur
2317 4679 2618 4758 obviare,
2676 4681 2763 4744 ibi
2822 4701 2839 4745 z
2890 4682 3296 4764 Anqustinus
3354 4686 3565 4748 tamen

2007 4790 2243 4854 sentire
2259 4787 2546 4864 videtur,
2568 4792 2713 4865 etc.;
2731 4787 2801 4851 in
2817 4789 2999 4853 tertia
3019 4807 3173 4855 vero
3194 4788 3562 4871 praedictam

2010 4895 2453 4960 auctoritatem
2486 4894 2805 4977 explanat,
2838 4895 2926 4960 ibi
2957 4920 2971 4960 ι
3007 4897 3162 4962 Ecce
3196 4896 3303 4961 hic
3340 4894 3564 4963 haberi
3589 4952 3595 4959 .

2007 5001 2290 5081 videtur,
2306 5002 2477 5084 quod
2488 5006 2551 5068 et
2565 5003 3102 5082 praetaxavimus,
3121 5005 3238 5067 etc.
3258 5000 3564 5066 Similiter

2007 5108 2288 5173 secunda
2322 5127 2471 5191 pars
2516 5114 2643 5173 tres
2679 5109 2873 5173 habet
2912 5114 3156 5193 parteS,
3187 5111 3256 5174 in
3283 5128 3564 5192 quarum

2007 5216 2216 5298 prima
2260 5215 2607 5278 introducit
2628 5201 3059 5297 'quaestionem
3092 5234 3240 5300 quae
3272 5235 3356 5281 ex
3398 5236 3560 5281 auc-

2005 5321 2369 5386 toritatibus
2413 5321 2766 5403 Augustini
2805 5323 3001 5389 habet
3044 5324 3390 5405 originem,
3432 5342 3563 5406 qua

2006 5429 2321 5517 quaeritur
2346 5428 2424 5495 de
2454 5430 2793 5497 dilectione
2823 5431 3235 5505 inimicorum
3273 5432 3347 5506 in
3384 5449 3561 5498 com-
