4185 6288
110 4558 237 4626 *dm

1154 469 1525 539 DISTINCT.
1573 468 1679 535 III.
1727 465 1906 533 ΛΒΤ.
1957 466 2002 531 I.
2049 464 2350 545 QUAEST.
2396 467 2474 531 11.
3330 468 3412 529 95

257 609 483 692 objecta,
516 608 670 693 quia
693 627 937 674 verum
979 608 1360 675 concludunt
1396 607 1754 673 secundum

257 715 487 780 diversas
511 716 669 793 vias,
692 716 874 799 quod
892 714 1342 781 incarnationis
1370 713 1749 799 mysterium

254 822 471 888 diversis
495 824 574 889 de
597 824 810 888 causis
838 827 1044 908 potest
1068 822 1463 907 appropriari
1496 820 1754 885 cuilibet

254 929 410 994 trium
447 950 896 1013 personarum.
937 931 1004 996 Si
1056 930 1203 1014 quis
1249 932 1466 995 autem
1513 947 1595 993 ex
1651 928 1752 991 his

252 1036 369 1100 velit
383 1055 648 1119 arguere
669 1087 687 1117 ,
714 1037 896 1121 quod
922 1036 1375 1102 incarnationis
1407 1053 1571 1117 opus
1611 1052 1752 1098 ma-

249 1142 328 1223 gis
351 1142 515 1207 debet
538 1144 944 1228 appropriari
972 1143 1164 1223 Patri,
1198 1144 1299 1210 vel
1321 1143 1481 1207 Filio
1499 1192 1517 1223 ‚
1551 1160 1748 1226 quam

248 1247 468 1331 Spiritui
493 1255 734 1331 sancto,
761 1253 848 1317 ad
873 1252 1089 1317 omnia
1111 1255 1207 1315 aet
1230 1270 1364 1315 una
1381 1249 1706 1334 responsio
1730 1271 1746 1314 ε

244 1357 366 1440 quia
392 1359 740 1443 procedunt
777 1379 864 1425 ex
899 1358 1311 1424 insufficienti
1332 1407 1351 1436 ,
1382 1362 1444 1424 et
1489 1361 1751 1441 peccant

245 1467 548 1532 secundum
575 1487 981 1551 consequens
1010 1485 1028 1533 z
1058 1466 1211 1551 quia
1248 1486 1381 1532 una
1420 1468 1557 1532 sola
1585 1464 1749 1531 ratio

243 1592 347 1638 non
385 1576 607 1641 sufficit
648 1577 1056 1661 appropriari
1096 1577 1212 1641 uni
1251 1576 1367 1640 soli
1418 1593 1706 1658 personae
1729 1622 1746 1655 ,

244 1680 333 1743 ubi
350 1687 620 1764 respectu
639 1682 911 1749 alterius
938 1701 1227 1766 personae
1250 1683 1566 1765 reperitur
1587 1681 1747 1746 ratio

243 1787 465 1871 majoris
501 1791 947 1871 congruentiae
981 1811 998 1856 z
1030 1796 1092 1855 et
1135 1790 1227 1854 sic
1267 1795 1361 1854 est
1405 1789 1475 1853 in
1516 1807 1752 1871 propo-

244 1895 358 1959 sito.
380 1894 501 1961 111ae
525 1902 746 1963 tamen
768 1898 920 1963 duae
949 1897 1257 1974 rationae,
1293 1916 1441 1978 quae
1474 1896 1748 1960 fundan-

243 2007 330 2066 tur
351 2023 526 2087 super
554 2006 702 2084 hoc,
735 2006 911 2089 quod
935 2005 1079 2070 Filii
1107 2005 1217 2069 Dei
1245 2004 1593 2068 incarnatio
1617 2023 1749 2068 non

244 2112 322 2172 est
348 2111 502 2175 aliud
525 2131 728 2195 quam
757 2112 976 2177 missio
997 2162 1016 2192 ,
1052 2116 1115 2177 et
1144 2112 1468 2194 conceptio
1498 2129 1626 2174 non
1659 2114 1754 2174 est

245 2214 386 2280 aliud
420 2237 608 2300 quam
642 2220 859 2284 carnis
900 2219 1252 2301 assumptio
1273 2267 1289 2294 ,
1319 2236 1448 2281 non
1486 2217 1700 2283 valent
1730 2236 1747 2281 τ

246 2323 368 2405 quia
386 2328 507 2390 tam
532 2328 755 2392 missio
782 2346 980 2410 quam
1007 2327 1355 2409 assumptio
1406 2328 1752 2409 important

246 2430 567 2498 relationem
593 2482 611 2512 ,
663 2453 817 2519 quae
871 2435 1127 2517 proprie
1180 2437 1386 2517 potest
1443 2434 1752 2516 respicere

249 2553 537 2618 personam
568 2542 776 2608 Patris
805 2547 868 2608 et
897 2541 1040 2607 Filii
1071 2567 1086 2608 :
1117 2542 1576 2624 sed-conceptio
1607 2540 1755 2605 dicit

253 2645 499 2713 effectum
524 2655 588 2715 et
614 2650 1077 2734 operationem,
1107 2668 1256 2733 quae
1283 2647 1644 2714 communis
1660 2651 1754 2711 est

256 2751 416 2817 tribus
455 2758 742 2839 personis
794 2779 811 2822 ε
861 2763 927 2822 et
976 2756 1427 2840 appropriatur
1488 2754 1753 2837 Spiritui

258 2865 427 2925 sancto
450 2881 531 2927 ex
555 2864 765 2929 causis
799 2864 1117 2947 praedictis
1137 2912 1155 2944 ,
1198 2862 1495 2947 quamvis
1524 2869 1586 2927 et
1612 2861 1756 2925 aliae

259 2965 485 3033 rationes
509 2972 954 3052 congruentiae
982 2970 1224 3054 possint
1248 2969 1563 3050 assignari
1583 2992 1597 3033 ε
1617 2968 1754 3033 sive

259 3072 376 3152 quia
407 3079 729 3143 nominato
759 3078 1002 3163 Spiritu
1042 3083 1258 3142 sancto
1307 3077 1756 3159 intelliguntur

258 3176 368 3244 aliae
396 3202 705 3265 personae,
736 3188 894 3270 quia
933 3192 1030 3251 est
1072 3186 1411 3251 amborum
1455 3186 1666 3251 unitas
1693 3189 1758 3250 et

260 3295 606 3374 communio,
654 3295 821 3359 sicut
864 3294 1269 3376 Augustinus
1329 3294 1631 3376 explanat
1685 3293 1756 3356 in

259 3388 446 3478 littera,
478 3402 609 3466 sive
639 3402 795 3484 quia
821 3401 889 3464 in
917 3401 1348 3464 incarnatione
1379 3400 1502 3463 fuit
1542 3398 1755 3481 eopio-

260 3499 464 3570 sisssima
483 3508 716 3572 divinae
743 3507 1046 3572 bonitatis
1069 3507 1329 3585 effusio,
1359 3507 1535 3571 etsie
1562 3504 1758 3589 Spiri-

262 3608 337 3669 tui
373 3620 570 3678 sancto
610 3615 1061 3698 appropriatur
1105 3614 1426 3698 conceptio
1475 3612 1703 3677 Christi
1736 3633 1752 3676 ε

261 3715 373 3778 tum
397 3721 624 3786 ratione
652 3723 917 3804 proprii,
943 3722 1095 3805 quia
1120 3726 1215 3786 aet
1243 3721 1586 3786 amborum
1613 3720 1757 3784 uni-

266 3816 363 3895 ἴδες
386 3825 518 3886 tum
542 3825 782 3890 ratione
807 3826 1214 3909 appropriati,
1247 3826 1398 3907 quia
1423 3829 1517 3889 est
1539 3824 1758 3887 ambo-

266 3937 384 3990 rum
407 3929 662 3997 bonitas.
695 3932 795 3997 Ex
818 3933 923 3996 his
948 3938 1167 3996 autem
1202 3933 1356 3996 satis
1396 3935 1609 4014 patere
1640 3949 1757 4013 po—

268 4030 360 4096 test
379 4039 687 4119 responsio
714 4039 796 4105 ad
821 4040 1088 4122 objecta.

739 4254 1100 4334 QUAESTIO
1141 4255 1222 4322 II.

321 4411 408 4471 Aa
431 4379 650 4479 οτι-ιω
667 4423 849 4496 ponit
874 4421 986 4477 αισι·
1015 4421 1167 4492 fitius
1191 4420 1435 4493 Spiritu
1460 4421 1638 4477 mes·
1661 4418 1700 4477 ¹.

333 4572 527 4645 Utrum
553 4583 840 4648 Christus
881 4581 1075 4665 possit
1116 4581 1243 4646 dici
1283 4581 1458 4645 filius
1487 4581 1761 4665 Spiritus

265 4684 460 4764 sancti;
488 4695 544 4753 et
565 4691 736 4774 quod
764 4690 878 4768 sic,
908 4690 1166 4753 videtur
1195 4710 1211 4752 t
1240 4689 1393 4771 quia
1420 4689 1758 4754 Damasce-

264 4803 370 4852 nus
391 4792 516 4861 dicit
531 4803 554 4836 ³
577 4823 591 4864 ε
615 4825 646 4864 α
668 4797 1012 4865 Descendit
1030 4799 1100 4861 in
1116 4796 1450 4879 Virginem
1477 4796 1758 4861 Verbum

265 4897 516 4981 tanquam
533 4909 676 4984 θεῖος
708 4907 942 4987 σπόρος,
973 4903 1037 4967 id
1065 4908 1158 4968 est
1183 4903 1480 4967 divinum
1494 4922 1712 4968 semen
1738 4926 1754 4968 ε

266 5005 348 5068 sed
370 5015 514 5094 quod
530 5023 842 5104 operatur
868 5014 950 5078 ad
975 5014 1251 5097 alicujus
1277 5014 1759 5095 generationem

264 5118 519 5193 mediante
538 5128 824 5206 semine,
853 5123 1049 5188 habet
1073 5122 1386 5187 rationem
1415 5121 1664 5188 Patris:
1704 5125 1760 5188 si

302 5317 403 5386 ¹Cf.
423 5329 546 5383 Alex.
563 5328 819 5391 AlensiS,
847 5340 904 5391 p.
925 5325 1014 5388 11¹,
1041 5338 1092 5390 q.
1122 5335 1251 5388 vm,
1275 5323 1469 5376 memb.
1501 5328 1562 5389 3,
1584 5330 1680 5376 art.
1703 5329 1756 5391 ⁴5

256 5385 516 5469 whom,
549 5421 606 5474 p.
644 5405 740 5467 ιιι,
768 5414 826 5464 q.
857 5408 1036 5461 xxxin,
1064 5402 1160 5447 art.
1190 5401 1245 5460 23
1285 5401 1339 5449 et
1357 5397 1420 5447 ιιι
1454 5400 1615 5463 sent„
1642 5398 1762 5449 dist.

251 5473 302 5526 W,
325 5484 366 5536 q.
390 5486 421 5541 1,
444 5485 524 5534 m,
551 5488 586 5536 2
599 5498 623 5548 3
659 5484 718 5530 et
756 5475 825 5527 tv
855 5477 1032 5524 contra
1051 5474 1221 5537 Geni„
1250 5487 1297 5524 e.
1322 5485 1503 5538 xnv113
1529 5474 1761 5539 AEgidius

1865 620 2025 683 ergo
2052 603 2175 666 hoc
2215 602 2407 666 modo
2451 603 2750 684 operatus
2781 604 2877 665 est
2911 600 3187 683 Spiritus
3225 617 3411 664 sane-

1862 717 1985 789 tus,
2005 716 2076 775 ut
2103 711 2253 774 dicit
2282 710 2721 789 Damascenm,
2744 727 2904 790 ergo
2926 714 3019 773 est
3039 707 3226 773 Pater
3243 710 3300 790 ej
3309 725 3406 772 us.

1939 825 1998 884 ⁴2.
2029 818 2189 883 Item
2224 822 2400 902 pater
2427 822 2556 896 est,
2585 816 2688 881 vel
2715 816 2983 896 dicitur,
3015 816 3128 899 qui
3157 815 3412 880 deducit

1860 945 1996 990 rem
2024 926 2104 990 ad
2133 944 2268 990 esse
2301 943 2319 989 ε
2354 943 2512 1007 ergo
2540 926 2593 989 si
2626 924 2834 1006 magis
2872 923 3126 988 deducit
3164 941 3301 987 rem
3327 923 3409 988 ad

1858 1052 2014 1111 esse,
2047 1033 2259 1115 magis
2289 1034 2472 1097 debet
2508 1032 2632 1095 dici
2676 1036 2856 1114 pater
2885 1053 2901 1096 t
2933 1049 3092 1113 ergo
3119 1031 3172 1092 si
3204 1029 3405 1114 Spiri-

1859 1145 1963 1205 tus
1990 1147 2248 1206 sanctus
2272 1141 2485 1224 magis
2515 1142 2816 1225 operatus
2840 1144 2935 1203 est
2959 1138 3039 1202 ad
3067 1138 3210 1217 hoc,
3233 1141 3406 1221 quod

1856 1267 2004 1313 caro
2035 1248 2260 1314 Christi
2291 1249 2749 1331 produceretur
2775 1248 2842 1311 in
2873 1265 3031 1324 esse,
3061 1265 3260 1330 quam
3287 1248 3407 1314 ali-

1856 1354 2001 1438 quis
2029 1360 2209 1438 pater
2233 1358 2523 1438 respectu
2547 1355 2743 1439 prolis
2774 1356 3201 1439 procreandas,
3231 1356 3407 1422 vide·

1859 1465 1967 1526 tur
1993 1462 2167 1545 quod
2193 1461 2478 1527 Christus
2521 1462 2602 1527 sit
2645 1462 2818 1527 fliius
2859 1462 3131 1546 Spiritus
3162 1463 3403 1542 sancti,

1855 1568 2176 1653 loquendo
2212 1571 2485 1654 proprie.

1938 1681 1998 1742 3.
2035 1677 2194 1742 Item
2216 1678 2488 1762 Spiritus
2510 1683 2766 1743 sanctus
2792 1698 2942 1744 cum
2965 1679 3232 1763 Virgine
3260 1699 3407 1765 ope·

1858 1791 2036 1851 ratus
2065 1791 2161 1851 est
2186 1786 2325 1850 Filii
2352 1787 2581 1853 Christi
2608 1788 3079 1871 conceptionem
3102 1838 3119 1867 ‚
3144 1809 3260 1854 nec
3283 1791 3408 1854 mi-

1859 1913 1983 1958 nus
2031 1899 2331 1977 operatus
2384 1899 2477 1958 est
2536 1893 2808 1977 Spiritus
2869 1901 3158 1973 sanctu8‚
3209 1916 3407 1981 quam

1859 2001 2079 2085 Virgo,
2112 2001 2219 2065 sed
2251 2002 2454 2066 multo
2482 2002 2758 2086 amplius
2789 2022 2807 2067 ε
2842 2003 2898 2067 si
2925 2022 3085 2086 ergo
3120 2004 3408 2070 Christus

1859 2110 2090 2174 dicitur
2119 2110 2288 2174 tilius
2320 2109 2601 2192 Virginis
2620 2160 2637 2190 ,
2668 2114 2734 2175 et
2778 2110 2977 2194 Virgo
3006 2114 3240 2177 dicitur
3269 2117 3410 2196 ejus

1860 2222 2104 2297 mater,
2150 2217 2406 2282 videtur
2448 2218 2624 2300 quod
2666 2219 2873 2285 multo
2917 2220 3142 2285 fortius
3186 2221 3409 2287 debeat

1860 2325 2138 2407 Spiritus
2159 2328 2415 2390 sanctus
2443 2326 2565 2389 dici
2589 2327 2734 2407 ejus
2758 2332 2960 2409 pater.

1940 2437 2000 2496 4.
2047 2431 2205 2496 Item
2241 2452 2433 2497 omne
2466 2435 2636 2516 quod
2664 2438 2758 2498 est
2801 2434 2880 2498 de
2910 2434 3126 2518 aliquo
3165 2454 3278 2519 per
3304 2455 3407 2501 ac-

1861 2543 2003 2603 tum
2030 2540 2459 2623 conceptionis
2486 2542 2730 2606 habens
2755 2541 3234 2607 similitudinem
3263 2544 3411 2608 sub-

1861 2648 2114 2712 stantiae
2154 2666 2304 2713 cum
2356 2649 2505 2724 illo,
2550 2648 2783 2715 dicitur
2827 2651 2969 2732 ejus
3013 2654 3190 2732 pater
3235 2674 3252 2717 ε
3299 2653 3409 2717 sed

1862 2756 2148 2822 Christus
2177 2763 2521 2839 conceptus
2552 2762 2645 2820 est
2674 2757 2752 2821 de
2779 2758 3022 2840 Spiritu
3048 2764 3267 2823 sancto
3285 2808 3304 2837 ,
3345 2764 3409 2824 et

1861 2862 2087 2925 similis
2127 2869 2222 2928 est
2284 2864 2352 2927 in
2400 2864 2755 2928 substantia
2808 2883 2958 2929 cum
3016 2864 3125 2929 illo
3184 2881 3202 2927 τ
3251 2883 3410 2948 ergo

1863 2970 2153 3035 Christus
2179 2975 2272 3035 est
2298 2973 2467 3036 sslius
2497 2972 2772 3054 Spiritus
2798 2974 3019 3038 sancti.

1944 3084 2003 3146 5.
2039 3080 2197 3144 Item
2241 3081 2632 3165 quicumque
2674 3082 2864 3148 habet
2905 3083 3181 3167 gratiam
3209 3084 3413 3167 Spiri-

1864 3194 1968 3253 tus
1990 3189 2214 3268 sancti,
2245 3189 2367 3254 hoc
2393 3191 2530 3273 ipso
2557 3195 2652 3255 est
2675 3192 2844 3256 sslius
2869 3193 3048 3275 ejus:
3071 3194 3179 3258 sed
3208 3193 3414 3259 Chris-

1865 3301 1971 3359 tus
1999 3295 2080 3359 ab
2121 3297 2381 3360 instanti
2408 3298 2839 3380 conceptionis
2873 3299 3097 3363 habuit
3136 3302 3412 3381 gratiam

1866 3402 2461 3468 excellentissimam
2484 3402 2760 3487 Spiritus
2790 3406 2989 3469 sancti
3016 3428 3032 3470 ε
3058 3424 3217 3488 ergo
3248 3407 3414 3472 vide·

1866 3514 1974 3573 tur
2008 3511 2180 3592 quod
2209 3510 2426 3575 filiatio
2456 3513 2793 3576 conveniat
2833 3511 3081 3576 Christo
3120 3517 3411 3596 respectu

1864 3614 2140 3699 Spiritus
2166 3618 2391 3682 sancti.

1947 3724 2072 3788 Sed
2100 3731 2323 3789 eontra
2354 3743 2372 3788 ι
2403 3724 2689 3788 Christus
2712 3725 2957 3790 nullius
2979 3731 3074 3791 est
3100 3727 3269 3792 {llius
3288 3729 3404 3792 nisi
3440 3753 3654 3801 mam,

1868 3834 2101 3894 natura
2150 3853 2165 3895 ε
2207 3832 2317 3895 sed
2366 3832 2563 3896 solius
2610 3831 2852 3913 Patris,
2900 3833 3002 3898 vel
3052 3836 3275 3897 matris
3319 3840 3414 3899 est

1867 3937 2040 4002 tilius
2110 3957 2223 4022 per
2289 3943 2588 4003 naturam
2646 3959 2664 4004 t
2724 3959 2857 4005 non
2920 3960 3078 4024 ergo
3140 3941 3414 4025 Spiritus

1866 4046 2089 4109 sancti.

1950 4155 2110 4219 Item
2142 4155 2361 4220 ssliatio
2391 4156 2648 4239 respicit
2679 4157 3075 4242 hypostasim
3106 4180 3122 4223 ε
3155 4158 3263 4224 sed
3290 4160 3417 4243 hy-

1868 4263 2136 4344 postasis
2159 4261 2304 4327 Filii
2336 4263 2440 4327 Dei
2481 4264 2662 4329 nullo
2689 4265 2881 4330 modo
2925 4266 3116 4330 habet
3155 4285 3416 4349 compa-

1870 4373 1998 4436 rari
2053 4372 2136 4436 ad
2190 4371 2502 4451 Spiritum
2561 4379 2851 4438 sanctum
2913 4374 2981 4437 in
3044 4373 3414 4439 habitudine

1871 4479 2233 4558 filiationiS‚
2278 4480 2410 4543 imo
2451 4480 2665 4562 potius
2713 4482 2781 4544 in
2825 4482 3196 4548 habitudine
3236 4483 3417 4566 prin-

1870 4584 2017 4667 cipii
2051 4606 2066 4648 :
2100 4604 2260 4667 ergo
2287 4586 2582 4651 similiter
2609 4589 2838 4652 salsum
2878 4595 2974 4654 est
3011 4590 3216 4654 dicere
3243 4591 3415 4673 quod

1870 4693 2155 4758 Christus
2175 4695 2256 4757 sit
2277 4696 2449 4759 sslius
2474 4694 2749 4779 Spiritus
2772 4699 2992 4761 sancti.

1952 4800 2134 4881 Item,
2166 4801 2221 4864 si
2248 4803 2532 4867 Christus
2557 4808 2652 4868 est
2676 4805 2847 4868 filius
2874 4805 3146 4888 Spiritus
3176 4809 3375 4871 sancti
3393 4857 3417 4891 ,

1871 4927 2029 4992 ergo
2070 4910 2345 4994 Spiritus
2391 4919 2647 4978 sanctus
2697 4919 2792 4978 est
2831 4920 3011 4997 pater
3056 4913 3309 4996 Christi,
3353 4922 3420 4984 et

1873 5015 2038 5081 Deus
2075 5016 2260 5083 Pater
2303 5023 2400 5084 est
2437 5026 2617 5104 pater
2647 5021 2873 5087 Christi
2907 5044 2922 5087 ε
2955 5041 3112 5106 ergo
3141 5024 3271 5090 duo
3298 5043 3413 5108 pa·

1871 5130 1998 5190 tres
2024 5126 2095 5188 in
2122 5124 2446 5192 Trinitate.

1874 5327 2128 5392 Rom.,Ill
2157 5329 2317 5388 Seni„
2353 5329 2472 5379 dist.
2510 5341 2586 5395 iv,
2616 5345 2667 5396 q.
2701 5342 2769 5396 113
2799 5333 3120 5397 Richardus,
3155 5335 3216 5386 ΙΙΙ
3249 5337 3415 5401 8εητ.,

1874 5399 1991 5450 dist.
2015 5413 2096 5464 iv,
2126 5416 2178 5466 q.
2208 5414 2275 5466 113
2304 5402 2487 5456 Thom.
2514 5405 2745 5468 Argent„
2777 5406 2839 5456 ul
2868 5407 3027 5469 sent„
3055 5407 3171 5459 dist.
3193 5420 3270 5474 iv,
3295 5424 3347 5474 q.
3374 5421 3414 5475 1,

1873 5477 1970 5523 art.
2002 5474 2051 5527 ὁ.
2071 5497 2134 5510 -
2151 5475 2175 5508 ¹
2193 5475 2448 5540 Damaso„
2467 5473 2528 5524 de
2552 5476 2679 5527 Fide
2698 5476 2864 5542 Orth„
2880 5478 2967 5531 lib.
2991 5481 3077 5544 111,
3105 5493 3150 5530 c.
3176 5482 3224 5531 2.
