<?xml version="1.0" encoding="UTF-8"?>
<!DOCTYPE html PUBLIC "-//W3C//DTD XHTML 1.0 Transitional//EN"
    "http://www.w3.org/TR/xhtml1/DTD/xhtml1-transitional.dtd">
<html xmlns="http://www.w3.org/1999/xhtml" xml:lang="en" lang="en">
 <head>
  <title>
</title>
<meta http-equiv="Content-Type" content="text/html;charset=utf-8" />
  <meta name='ocr-system' content='tesseract 3.04.00' />
  <meta name='ocr-capabilities' content='ocr_page ocr_carea ocr_par ocr_line ocrx_word'/>
</head>
<body>
  <div class='ocr_page' id='page_1' title='image "./srecardinalissb01cargoog_0631.png"; bbox 0 0 4185 6288; ppageno 0'>
   <div class='ocr_carea' id='block_1_1' title="bbox 1130 419 2429 501">
    <p class='ocr_par' dir='ltr' id='par_1_1' title="bbox 1130 419 2429 501">
     <span class='ocr_line' id='line_1_1' title="bbox 1130 419 2429 501; baseline -0.002 -11"><span class='ocrx_word' id='word_1_1' title='bbox 1130 421 1329 490; x_wconf 87' lang='lat' dir='ltr'><strong>DIST.</strong></span> <span class='ocrx_word' id='word_1_2' title='bbox 1370 420 1611 491; x_wconf 82' lang='lat' dir='ltr'><strong>XXVII.</strong></span> <span class='ocrx_word' id='word_1_3' title='bbox 1656 419 1838 488; x_wconf 71' lang='grc' dir='ltr'><strong>ΛΒΤ.</strong></span> <span class='ocrx_word' id='word_1_4' title='bbox 1885 420 1933 487; x_wconf 93' lang='lat'><strong>1.</strong></span> <span class='ocrx_word' id='word_1_5' title='bbox 1979 420 2277 501; x_wconf 83' lang='lat' dir='ltr'><strong>QUAEST.</strong></span> <span class='ocrx_word' id='word_1_6' title='bbox 2325 422 2429 490; x_wconf 78' lang='lat' dir='ltr'><strong>IV.</strong></span> 
     </span>
    </p>
   </div>
   <div class='ocr_carea' id='block_1_2' title="bbox 190 558 1735 1502">
    <p class='ocr_par' dir='ltr' id='par_1_2' title="bbox 190 558 1735 1502">
     <span class='ocr_line' id='line_1_2' title="bbox 272 558 1725 643; baseline -0.003 -18"><span class='ocrx_word' id='word_1_7' title='bbox 272 565 327 626; x_wconf 89' lang='lat'><strong>3.</strong></span> <span class='ocrx_word' id='word_1_8' title='bbox 355 558 455 625; x_wconf 88' lang='lat' dir='ltr'><strong>Ad</strong></span> <span class='ocrx_word' id='word_1_9' title='bbox 480 558 641 624; x_wconf 91' lang='lat' dir='ltr'><strong>illud</strong></span> <span class='ocrx_word' id='word_1_10' title='bbox 665 559 835 642; x_wconf 88' lang='lat' dir='ltr'><strong>quod</strong></span> <span class='ocrx_word' id='word_1_11' title='bbox 861 559 1181 642; x_wconf 88' lang='lat' dir='ltr'><strong>objicitur,</strong></span> <span class='ocrx_word' id='word_1_12' title='bbox 1214 559 1387 643; x_wconf 89' lang='lat' dir='ltr'><strong>quod</strong></span> <span class='ocrx_word' id='word_1_13' title='bbox 1421 576 1604 623; x_wconf 92' lang='lat' dir='ltr'><strong>amor</strong></span> <span class='ocrx_word' id='word_1_14' title='bbox 1629 561 1725 622; x_wconf 89' lang='lat' dir='ltr'><strong>est</strong></span> 
     </span>
     <span class='ocr_line' id='line_1_3' title="bbox 198 666 1726 750; baseline -0.001 -20"><span class='ocrx_word' id='word_1_15' title='bbox 198 667 323 731; x_wconf 83' lang='lat' dir='ltr'><strong>vita</strong></span> <span class='ocrx_word' id='word_1_16' title='bbox 366 667 602 731; x_wconf 83' lang='lat' dir='ltr'><strong>animae</strong></span> <span class='ocrx_word' id='word_1_17' title='bbox 620 714 638 743; x_wconf 93' lang='lat'><strong>,</strong></span> <span class='ocrx_word' id='word_1_18' title='bbox 686 667 1028 731; x_wconf 88' lang='lat' dir='ltr'><strong>dicendum</strong></span> <span class='ocrx_word' id='word_1_19' title='bbox 1071 666 1245 750; x_wconf 86' lang='lat' dir='ltr'><strong>quod</strong></span> <span class='ocrx_word' id='word_1_20' title='bbox 1286 667 1454 730; x_wconf 90' lang='lat' dir='ltr'><strong>sicut</strong></span> <span class='ocrx_word' id='word_1_21' title='bbox 1496 667 1566 729; x_wconf 94' lang='lat' dir='ltr'><strong>in</strong></span> <span class='ocrx_word' id='word_1_22' title='bbox 1593 666 1726 731; x_wconf 83' lang='lat' dir='ltr'><strong>vita</strong></span> 
     </span>
     <span class='ocr_line' id='line_1_4' title="bbox 196 774 1727 857; baseline 0.001 -20"><span class='ocrx_word' id='word_1_23' title='bbox 196 778 437 839; x_wconf 85' lang='lat' dir='ltr'><strong>naturae</strong></span> <span class='ocrx_word' id='word_1_24' title='bbox 463 777 680 842; x_wconf 80' lang='lat' dir='ltr'><strong>vivere</strong></span> <span class='ocrx_word' id='word_1_25' title='bbox 706 775 937 841; x_wconf 87' lang='lat' dir='ltr'><strong>dicitur</strong></span> <span class='ocrx_word' id='word_1_26' title='bbox 976 775 1310 857; x_wconf 82' lang='lat' dir='ltr'>dupliciter</span> <span class='ocrx_word' id='word_1_27' title='bbox 1330 823 1348 853; x_wconf 93' lang='lat'><strong>,</strong></span> <span class='ocrx_word' id='word_1_28' title='bbox 1376 792 1508 839; x_wconf 93' lang='lat' dir='ltr'><strong>uno</strong></span> <span class='ocrx_word' id='word_1_29' title='bbox 1537 774 1727 838; x_wconf 90' lang='lat' dir='ltr'><strong>modo</strong></span> 
     </span>
     <span class='ocr_line' id='line_1_5' title="bbox 193 882 1729 965; baseline -0.001 -19"><span class='ocrx_word' id='word_1_30' title='bbox 193 888 379 965; x_wconf 89' lang='lat' dir='ltr'><strong>prout</strong></span> <span class='ocrx_word' id='word_1_31' title='bbox 402 886 497 947; x_wconf 90' lang='lat' dir='ltr'><strong>est</strong></span> <span class='ocrx_word' id='word_1_32' title='bbox 520 887 699 947; x_wconf 89' lang='lat' dir='ltr'><strong>actus</strong></span> <span class='ocrx_word' id='word_1_33' title='bbox 725 882 994 965; x_wconf 86' lang='lat' dir='ltr'><strong>primus,</strong></span> <span class='ocrx_word' id='word_1_34' title='bbox 1023 883 1147 947; x_wconf 88' lang='lat' dir='ltr'><strong>alio</strong></span> <span class='ocrx_word' id='word_1_35' title='bbox 1177 884 1368 947; x_wconf 90' lang='lat' dir='ltr'><strong>modo</strong></span> <span class='ocrx_word' id='word_1_36' title='bbox 1403 889 1595 965; x_wconf 85' lang='lat' dir='ltr'><strong>prout</strong></span> <span class='ocrx_word' id='word_1_37' title='bbox 1622 900 1729 945; x_wconf 87' lang='lat' dir='ltr'><strong>ac-</strong></span> 
     </span>
     <span class='ocr_line' id='line_1_6' title="bbox 196 989 1729 1072; baseline -0.001 -20"><span class='ocrx_word' id='word_1_38' title='bbox 196 994 297 1053; x_wconf 92' lang='lat' dir='ltr'><strong>tus</strong></span> <span class='ocrx_word' id='word_1_39' title='bbox 317 989 633 1055; x_wconf 89' lang='lat' dir='ltr'><strong>secundus</strong></span> <span class='ocrx_word' id='word_1_40' title='bbox 655 1011 672 1069; x_wconf 89' lang='grc'><strong>;</strong></span> <span class='ocrx_word' id='word_1_41' title='bbox 701 994 765 1054; x_wconf 87' lang='lat' dir='ltr'><strong>et</strong></span> <span class='ocrx_word' id='word_1_42' title='bbox 800 991 1011 1072; x_wconf 86' lang='lat' dir='ltr'><strong>primo</strong></span> <span class='ocrx_word' id='word_1_43' title='bbox 1046 991 1238 1054; x_wconf 90' lang='lat' dir='ltr'><strong>modo</strong></span> <span class='ocrx_word' id='word_1_44' title='bbox 1265 992 1361 1053; x_wconf 90' lang='lat' dir='ltr'><strong>est</strong></span> <span class='ocrx_word' id='word_1_45' title='bbox 1385 990 1466 1053; x_wconf 88' lang='lat' dir='ltr'><strong>ab</strong></span> <span class='ocrx_word' id='word_1_46' title='bbox 1495 989 1729 1052; x_wconf 80' lang='lat' dir='ltr'><strong>animae</strong></span> 
     </span>
     <span class='ocr_line' id='line_1_7' title="bbox 193 1094 1732 1178; baseline -0.002 -18"><span class='ocrx_word' id='word_1_47' title='bbox 193 1098 462 1161; x_wconf 76' lang='lat' dir='ltr'><strong>essentia</strong></span> <span class='ocrx_word' id='word_1_48' title='bbox 481 1145 500 1177; x_wconf 90' lang='lat'>‚</span> <span class='ocrx_word' id='word_1_49' title='bbox 527 1102 591 1161; x_wconf 90' lang='lat' dir='ltr'><strong>et</strong></span> <span class='ocrx_word' id='word_1_50' title='bbox 616 1098 895 1162; x_wconf 87' lang='lat' dir='ltr'><strong>secundo</strong></span> <span class='ocrx_word' id='word_1_51' title='bbox 921 1097 1002 1161; x_wconf 91' lang='lat' dir='ltr'><strong>ab</strong></span> <span class='ocrx_word' id='word_1_52' title='bbox 1043 1097 1275 1162; x_wconf 86' lang='lat' dir='ltr'><strong>animae</strong></span> <span class='ocrx_word' id='word_1_53' title='bbox 1300 1095 1613 1178; x_wconf 88' lang='lat' dir='ltr'><strong>potentia;</strong></span> <span class='ocrx_word' id='word_1_54' title='bbox 1641 1094 1732 1158; x_wconf 88' lang='lat' dir='ltr'><strong>sic</strong></span> 
     </span>
     <span class='ocr_line' id='line_1_8' title="bbox 193 1203 1733 1286; baseline 0.001 -20"><span class='ocrx_word' id='word_1_55' title='bbox 193 1203 678 1286; x_wconf 87' lang='lat' dir='ltr'><strong>intelligendum</strong></span> <span class='ocrx_word' id='word_1_56' title='bbox 696 1209 789 1269; x_wconf 68' lang='lat' dir='ltr'><strong>est</strong></span> <span class='ocrx_word' id='word_1_57' title='bbox 805 1205 874 1268; x_wconf 94' lang='lat' dir='ltr'><strong>in</strong></span> <span class='ocrx_word' id='word_1_58' title='bbox 892 1222 1027 1269; x_wconf 87' lang='lat' dir='ltr'><strong>esse</strong></span> <span class='ocrx_word' id='word_1_59' title='bbox 1049 1205 1273 1284; x_wconf 87' lang='lat' dir='ltr'><strong>moris,</strong></span> <span class='ocrx_word' id='word_1_60' title='bbox 1303 1203 1477 1286; x_wconf 87' lang='lat' dir='ltr'><strong>quod</strong></span> <span class='ocrx_word' id='word_1_61' title='bbox 1497 1205 1733 1280; x_wconf 80' lang='lat' dir='ltr'><strong>vivere,</strong></span> 
     </span>
     <span class='ocr_line' id='line_1_9' title="bbox 190 1309 1735 1394; baseline 0 -21"><span class='ocrx_word' id='word_1_62' title='bbox 190 1314 385 1394; x_wconf 87' lang='lat' dir='ltr'><strong>prout</strong></span> <span class='ocrx_word' id='word_1_63' title='bbox 426 1315 522 1375; x_wconf 91' lang='lat' dir='ltr'><strong>est</strong></span> <span class='ocrx_word' id='word_1_64' title='bbox 566 1316 746 1376; x_wconf 90' lang='lat' dir='ltr'><strong>actus</strong></span> <span class='ocrx_word' id='word_1_65' title='bbox 786 1312 1037 1394; x_wconf 89' lang='lat' dir='ltr'><strong>primus</strong></span> <span class='ocrx_word' id='word_1_66' title='bbox 1055 1360 1074 1392; x_wconf 90' lang='lat'><strong>,</strong></span> <span class='ocrx_word' id='word_1_67' title='bbox 1103 1315 1199 1375; x_wconf 91' lang='lat' dir='ltr'><strong>est</strong></span> <span class='ocrx_word' id='word_1_68' title='bbox 1223 1311 1306 1375; x_wconf 90' lang='lat' dir='ltr'><strong>ab</strong></span> <span class='ocrx_word' id='word_1_69' title='bbox 1347 1311 1486 1394; x_wconf 88' lang='lat' dir='ltr'><strong>ipsa</strong></span> <span class='ocrx_word' id='word_1_70' title='bbox 1525 1309 1735 1392; x_wconf 89' lang='lat' dir='ltr'><strong>gratia</strong></span> 
     </span>
     <span class='ocr_line' id='line_1_10' title="bbox 193 1417 1735 1502; baseline 0 -22"><span class='ocrx_word' id='word_1_71' title='bbox 193 1418 562 1483; x_wconf 84' lang='lat' dir='ltr'><strong>vivificante</strong></span> <span class='ocrx_word' id='word_1_72' title='bbox 592 1419 795 1502; x_wconf 83' lang='lat' dir='ltr'>ipsam</span> <span class='ocrx_word' id='word_1_73' title='bbox 824 1419 1112 1483; x_wconf 90' lang='lat' dir='ltr'><strong>animam</strong></span> <span class='ocrx_word' id='word_1_74' title='bbox 1139 1421 1339 1483; x_wconf 88' lang='lat' dir='ltr'><strong>totam</strong></span> <span class='ocrx_word' id='word_1_75' title='bbox 1361 1439 1379 1496; x_wconf 88' lang='lat'>;</span> <span class='ocrx_word' id='word_1_76' title='bbox 1408 1417 1518 1481; x_wconf 91' lang='lat' dir='ltr'><strong>sed</strong></span> <span class='ocrx_word' id='word_1_77' title='bbox 1543 1419 1735 1500; x_wconf 89' lang='lat' dir='ltr'><strong>prout</strong></span> 
     </span>
    </p>
   </div>
   <div class='ocr_carea' id='block_1_3' title="bbox 191 1524 1738 1608">
    <p class='ocr_par' dir='ltr' id='par_1_3' title="bbox 191 1524 1738 1608">
     <span class='ocr_line' id='line_1_11' title="bbox 191 1524 1738 1608; baseline -0.001 -19"><span class='ocrx_word' id='word_1_78' title='bbox 191 1529 286 1589; x_wconf 88' lang='lat' dir='ltr'><strong>est</strong></span> <span class='ocrx_word' id='word_1_79' title='bbox 327 1528 511 1590; x_wconf 89' lang='lat' dir='ltr'><strong>actus</strong></span> <span class='ocrx_word' id='word_1_80' title='bbox 548 1526 894 1603; x_wconf 74' lang='lat' dir='ltr'><strong>secunduS,</strong></span> <span class='ocrx_word' id='word_1_81' title='bbox 936 1530 1030 1590; x_wconf 90' lang='lat' dir='ltr'><strong>est</strong></span> <span class='ocrx_word' id='word_1_82' title='bbox 1072 1524 1153 1588; x_wconf 91' lang='lat' dir='ltr'><strong>ab</strong></span> <span class='ocrx_word' id='word_1_83' title='bbox 1199 1526 1338 1608; x_wconf 91' lang='lat' dir='ltr'><strong>ipsa</strong></span> <span class='ocrx_word' id='word_1_84' title='bbox 1368 1525 1644 1591; x_wconf 88' lang='lat' dir='ltr'><strong>virtute:</strong></span> <span class='ocrx_word' id='word_1_85' title='bbox 1674 1527 1738 1588; x_wconf 87' lang='lat' dir='ltr'><strong>et</strong></span> 
     </span>
    </p>
   </div>
   <div class='ocr_carea' id='block_1_4' title="bbox 189 1631 1733 1716">
    <p class='ocr_par' dir='ltr' id='par_1_4' title="bbox 189 1631 1733 1716">
     <span class='ocr_line' id='line_1_12' title="bbox 189 1631 1733 1716; baseline -0.003 -18"><span class='ocrx_word' id='word_1_86' title='bbox 189 1634 493 1716; x_wconf 84' lang='lat' dir='ltr'><strong>quamvis</strong></span> <span class='ocrx_word' id='word_1_87' title='bbox 513 1635 710 1716; x_wconf 85' lang='lat' dir='ltr'>possit</span> <span class='ocrx_word' id='word_1_88' title='bbox 734 1634 999 1698; x_wconf 77' lang='lat' dir='ltr'><strong>attribui</strong></span> <span class='ocrx_word' id='word_1_89' title='bbox 1027 1632 1204 1697; x_wconf 86' lang='lat' dir='ltr'><strong>omni</strong></span> <span class='ocrx_word' id='word_1_90' title='bbox 1230 1632 1459 1697; x_wconf 83' lang='lat' dir='ltr'><strong>virtuti</strong></span> <span class='ocrx_word' id='word_1_91' title='bbox 1487 1631 1733 1714; x_wconf 89' lang='lat' dir='ltr'><strong>gratui-</strong></span> 
     </span>
    </p>
   </div>
   <div class='ocr_carea' id='block_1_5' title="bbox 190 1738 1741 2037">
    <p class='ocr_par' dir='ltr' id='par_1_5' title="bbox 190 1738 1741 2037">
     <span class='ocr_line' id='line_1_13' title="bbox 190 1738 1739 1825; baseline -0.001 -20"><span class='ocrx_word' id='word_1_92' title='bbox 190 1745 276 1805; x_wconf 80' lang='lat' dir='ltr'><strong>tae</strong></span> <span class='ocrx_word' id='word_1_93' title='bbox 290 1788 312 1820; x_wconf 90' lang='lat'><strong>,</strong></span> <span class='ocrx_word' id='word_1_94' title='bbox 343 1745 565 1825; x_wconf 84' lang='lat' dir='ltr'><strong>utpote</strong></span> <span class='ocrx_word' id='word_1_95' title='bbox 589 1742 712 1824; x_wconf 85' lang='lat' dir='ltr'><strong>ipsi</strong></span> <span class='ocrx_word' id='word_1_96' title='bbox 752 1741 899 1806; x_wconf 85' lang='lat' dir='ltr'><strong>fidei</strong></span> <span class='ocrx_word' id='word_1_97' title='bbox 913 1789 932 1820; x_wconf 95' lang='lat'><strong>,</strong></span> <span class='ocrx_word' id='word_1_98' title='bbox 962 1741 1316 1806; x_wconf 89' lang='lat' dir='ltr'><strong>secundum</strong></span> <span class='ocrx_word' id='word_1_99' title='bbox 1361 1739 1520 1804; x_wconf 92' lang='lat' dir='ltr'><strong>illud</strong></span> <span class='ocrx_word' id='word_1_100' title='bbox 1567 1738 1739 1821; x_wconf 86' lang='lat' dir='ltr'><strong>quod</strong></span> 
     </span>
     <span class='ocr_line' id='line_1_14' title="bbox 190 1847 1741 1930; baseline -0.003 -18"><span class='ocrx_word' id='word_1_101' title='bbox 190 1847 433 1913; x_wconf 87' lang='lat' dir='ltr'><strong>dicitur</strong></span> <span class='ocrx_word' id='word_1_102' title='bbox 458 1849 478 1884; x_wconf 83' lang='lat'>¹</span> <span class='ocrx_word' id='word_1_103' title='bbox 508 1870 523 1913; x_wconf 75' lang='grc' dir='ltr'>ε</span> <span class='ocrx_word' id='word_1_104' title='bbox 559 1849 780 1915; x_wconf 70' lang='lat' dir='ltr'><strong>Iustus</strong></span> <span class='ocrx_word' id='word_1_105' title='bbox 806 1864 892 1915; x_wconf 72' lang='lat' dir='ltr'><strong>ea·</strong></span> <span class='ocrx_word' id='word_1_106' title='bbox 920 1847 1047 1929; x_wconf 77' lang='lat' dir='ltr'><strong>fide</strong></span> <span class='ocrx_word' id='word_1_107' title='bbox 1071 1849 1283 1929; x_wconf 81' lang='lat' dir='ltr'><strong>vivit;</strong></span> <span class='ocrx_word' id='word_1_108' title='bbox 1309 1847 1630 1930; x_wconf 85' lang='lat' dir='ltr'><strong>potissime</strong></span> <span class='ocrx_word' id='word_1_109' title='bbox 1651 1850 1741 1909; x_wconf 88' lang='lat' dir='ltr'><strong>ta-</strong></span> 
     </span>
     <span class='ocr_line' id='line_1_15' title="bbox 190 1954 1741 2037; baseline -0.001 -20"><span class='ocrx_word' id='word_1_110' title='bbox 190 1970 346 2018; x_wconf 89' lang='lat' dir='ltr'><strong>men</strong></span> <span class='ocrx_word' id='word_1_111' title='bbox 370 1954 745 2019; x_wconf 75' lang='lat' dir='ltr'><strong>attribuitur</strong></span> <span class='ocrx_word' id='word_1_112' title='bbox 769 1954 891 2037; x_wconf 91' lang='lat' dir='ltr'><strong>ipsi</strong></span> <span class='ocrx_word' id='word_1_113' title='bbox 919 1954 1245 2030; x_wconf 89' lang='lat' dir='ltr'><strong>charitati,</strong></span> <span class='ocrx_word' id='word_1_114' title='bbox 1274 1957 1533 2036; x_wconf 89' lang='lat' dir='ltr'><strong>propter</strong></span> <span class='ocrx_word' id='word_1_115' title='bbox 1562 1970 1741 2033; x_wconf 88' lang='lat' dir='ltr'><strong>mag·</strong></span> 
     </span>
    </p>
   </div>
   <div class='ocr_carea' id='block_1_6' title="bbox 186 2061 1629 2145">
    <p class='ocr_par' dir='ltr' id='par_1_6' title="bbox 186 2061 1629 2145">
     <span class='ocr_line' id='line_1_16' title="bbox 186 2061 1629 2145; baseline -0.001 -20"><span class='ocrx_word' id='word_1_116' title='bbox 186 2077 345 2125; x_wconf 88' lang='lat' dir='ltr'><strong>nam</strong></span> <span class='ocrx_word' id='word_1_117' title='bbox 377 2062 755 2127; x_wconf 78' lang='lat' dir='ltr'><strong>affinitatem</strong></span> <span class='ocrx_word' id='word_1_118' title='bbox 785 2079 981 2145; x_wconf 81' lang='lat' dir='ltr'><strong>quam</strong></span> <span class='ocrx_word' id='word_1_119' title='bbox 1007 2062 1200 2127; x_wconf 89' lang='lat' dir='ltr'><strong>habet</strong></span> <span class='ocrx_word' id='word_1_120' title='bbox 1225 2061 1305 2126; x_wconf 91' lang='lat' dir='ltr'><strong>ad</strong></span> <span class='ocrx_word' id='word_1_121' title='bbox 1332 2061 1629 2143; x_wconf 82' lang='lat' dir='ltr'><strong>gratiam.</strong></span> 
     </span>
    </p>
   </div>
   <div class='ocr_carea' id='block_1_7' title="bbox 175 2167 1754 3221">
    <p class='ocr_par' dir='ltr' id='par_1_7' title="bbox 175 2167 1754 3221">
     <span class='ocr_line' id='line_1_17' title="bbox 270 2167 1744 2252; baseline -0.001 -19"><span class='ocrx_word' id='word_1_122' title='bbox 270 2173 338 2233; x_wconf 74' lang='lat'><strong>4.</strong></span> <span class='ocrx_word' id='word_1_123' title='bbox 369 2169 474 2234; x_wconf 88' lang='lat' dir='ltr'><strong>Ad</strong></span> <span class='ocrx_word' id='word_1_124' title='bbox 499 2168 673 2234; x_wconf 26' lang='lat' dir='ltr'><strong>illud.</strong></span> <span class='ocrx_word' id='word_1_125' title='bbox 698 2169 869 2251; x_wconf 79' lang='lat' dir='ltr'><strong>q‘uod</strong></span> <span class='ocrx_word' id='word_1_126' title='bbox 897 2169 1195 2252; x_wconf 86' lang='lat' dir='ltr'><strong>objicitur</strong></span> <span class='ocrx_word' id='word_1_127' title='bbox 1211 2217 1230 2248; x_wconf 93' lang='lat'><strong>,</strong></span> <span class='ocrx_word' id='word_1_128' title='bbox 1260 2167 1431 2251; x_wconf 87' lang='lat' dir='ltr'><strong>quod</strong></span> <span class='ocrx_word' id='word_1_129' title='bbox 1471 2167 1744 2232; x_wconf 83' lang='lat' dir='ltr'><strong>charitas</strong></span> 
     </span>
     <span class='ocr_line' id='line_1_18' title="bbox 184 2275 1743 2360; baseline -0.002 -19"><span class='ocrx_word' id='word_1_130' title='bbox 184 2276 404 2341; x_wconf 86' lang='lat' dir='ltr'><strong>reddit</strong></span> <span class='ocrx_word' id='word_1_131' title='bbox 434 2275 565 2341; x_wconf 90' lang='lat' dir='ltr'><strong>Deo</strong></span> <span class='ocrx_word' id='word_1_132' title='bbox 593 2280 925 2360; x_wconf 88' lang='lat' dir='ltr'><strong>acceptum</strong></span> <span class='ocrx_word' id='word_1_133' title='bbox 965 2280 1029 2341; x_wconf 88' lang='lat' dir='ltr'><strong>et</strong></span> <span class='ocrx_word' id='word_1_134' title='bbox 1069 2282 1330 2358; x_wconf 87' lang='lat' dir='ltr'><strong>gratum</strong></span> <span class='ocrx_word' id='word_1_135' title='bbox 1355 2324 1375 2357; x_wconf 92' lang='lat'><strong>,</strong></span> <span class='ocrx_word' id='word_1_136' title='bbox 1405 2275 1743 2341; x_wconf 89' lang='lat' dir='ltr'><strong>dicendum</strong></span> 
     </span>
     <span class='ocr_line' id='line_1_19' title="bbox 186 2383 1746 2472; baseline -0.002 -22"><span class='ocrx_word' id='word_1_137' title='bbox 186 2385 369 2468; x_wconf 86' lang='lat' dir='ltr'><strong>quod</strong></span> <span class='ocrx_word' id='word_1_138' title='bbox 414 2384 543 2449; x_wconf 90' lang='lat' dir='ltr'><strong>hoc</strong></span> <span class='ocrx_word' id='word_1_139' title='bbox 583 2385 731 2449; x_wconf 78' lang='lat' dir='ltr'><strong>facit</strong></span> <span class='ocrx_word' id='word_1_140' title='bbox 768 2385 1013 2450; x_wconf 89' lang='lat' dir='ltr'><strong>ratione</strong></span> <span class='ocrx_word' id='word_1_141' title='bbox 1058 2385 1287 2466; x_wconf 83' lang='lat' dir='ltr'><strong>gratiae</strong></span> <span class='ocrx_word' id='word_1_142' title='bbox 1318 2404 1333 2449; x_wconf 71' lang='grc' dir='ltr'><strong>ε</strong></span> <span class='ocrx_word' id='word_1_143' title='bbox 1362 2383 1473 2448; x_wconf 90' lang='lat' dir='ltr'><strong>sed</strong></span> <span class='ocrx_word' id='word_1_144' title='bbox 1514 2401 1603 2472; x_wconf 70' lang='lat' dir='ltr'><strong>eir</strong></span> <span class='ocrx_word' id='word_1_145' title='bbox 1624 2383 1746 2447; x_wconf 91' lang='lat' dir='ltr'><strong>hoc</strong></span> 
     </span>
     <span class='ocr_line' id='line_1_20' title="bbox 184 2488 1749 2574; baseline -0.001 -20"><span class='ocrx_word' id='word_1_146' title='bbox 184 2509 323 2556; x_wconf 89' lang='lat' dir='ltr'><strong>non</strong></span> <span class='ocrx_word' id='word_1_147' title='bbox 346 2490 648 2573; x_wconf 87' lang='lat' dir='ltr'><strong>sequitur</strong></span> <span class='ocrx_word' id='word_1_148' title='bbox 674 2488 845 2573; x_wconf 86' lang='lat' dir='ltr'><strong>quod</strong></span> <span class='ocrx_word' id='word_1_149' title='bbox 872 2492 1135 2574; x_wconf 80' lang='lat' dir='ltr'><strong>praecise</strong></span> <span class='ocrx_word' id='word_1_150' title='bbox 1179 2494 1263 2555; x_wconf 90' lang='lat' dir='ltr'><strong>sit</strong></span> <span class='ocrx_word' id='word_1_151' title='bbox 1306 2492 1515 2572; x_wconf 86' lang='lat' dir='ltr'><strong>gratia</strong></span> <span class='ocrx_word' id='word_1_152' title='bbox 1534 2538 1552 2568; x_wconf 93' lang='lat'><strong>,</strong></span> <span class='ocrx_word' id='word_1_153' title='bbox 1596 2492 1749 2574; x_wconf 85' lang='lat' dir='ltr'><strong>quia</strong></span> 
     </span>
     <span class='ocr_line' id='line_1_21' title="bbox 183 2598 1748 2681; baseline -0.001 -18"><span class='ocrx_word' id='word_1_154' title='bbox 183 2599 479 2663; x_wconf 86' lang='lat' dir='ltr'><strong>charitas</strong></span> <span class='ocrx_word' id='word_1_155' title='bbox 513 2616 645 2662; x_wconf 91' lang='lat' dir='ltr'><strong>non</strong></span> <span class='ocrx_word' id='word_1_156' title='bbox 681 2599 1124 2664; x_wconf 90' lang='lat' dir='ltr'><strong>tantummodo</strong></span> <span class='ocrx_word' id='word_1_157' title='bbox 1150 2599 1343 2663; x_wconf 90' lang='lat' dir='ltr'><strong>habet</strong></span> <span class='ocrx_word' id='word_1_158' title='bbox 1367 2598 1494 2664; x_wconf 91' lang='lat' dir='ltr'><strong>Deo</strong></span> <span class='ocrx_word' id='word_1_159' title='bbox 1526 2616 1748 2681; x_wconf 88' lang='lat' dir='ltr'><strong>accep-</strong></span> 
     </span>
     <span class='ocr_line' id='line_1_22' title="bbox 180 2706 1750 2791; baseline -0.001 -20"><span class='ocrx_word' id='word_1_160' title='bbox 180 2710 334 2773; x_wconf 89' lang='lat' dir='ltr'><strong>tum</strong></span> <span class='ocrx_word' id='word_1_161' title='bbox 366 2706 642 2772; x_wconf 88' lang='lat' dir='ltr'><strong>reddere</strong></span> <span class='ocrx_word' id='word_1_162' title='bbox 656 2754 673 2784; x_wconf 92' lang='lat'><strong>,</strong></span> <span class='ocrx_word' id='word_1_163' title='bbox 703 2707 811 2771; x_wconf 89' lang='lat' dir='ltr'><strong>sed</strong></span> <span class='ocrx_word' id='word_1_164' title='bbox 838 2708 1030 2773; x_wconf 90' lang='lat' dir='ltr'><strong>etiam</strong></span> <span class='ocrx_word' id='word_1_165' title='bbox 1070 2708 1352 2791; x_wconf 83' lang='lat' dir='ltr'><strong>aliquam</strong></span> <span class='ocrx_word' id='word_1_166' title='bbox 1393 2707 1750 2790; x_wconf 91' lang='lat' dir='ltr'><strong>potentiam</strong></span> 
     </span>
     <span class='ocr_line' id='line_1_23' title="bbox 179 2815 1753 2901; baseline -0.003 -19"><span class='ocrx_word' id='word_1_167' title='bbox 179 2818 530 2901; x_wconf 85' lang='lat' dir='ltr'><strong>expedire,</strong></span> <span class='ocrx_word' id='word_1_168' title='bbox 560 2819 624 2879; x_wconf 89' lang='lat' dir='ltr'><strong>et</strong></span> <span class='ocrx_word' id='word_1_169' title='bbox 647 2817 728 2881; x_wconf 91' lang='lat' dir='ltr'><strong>ad</strong></span> <span class='ocrx_word' id='word_1_170' title='bbox 761 2816 1042 2899; x_wconf 83' lang='lat' dir='ltr'><strong>aliquem</strong></span> <span class='ocrx_word' id='word_1_171' title='bbox 1075 2819 1293 2880; x_wconf 89' lang='lat' dir='ltr'><strong>actum</strong></span> <span class='ocrx_word' id='word_1_172' title='bbox 1329 2815 1664 2899; x_wconf 81' lang='lat' dir='ltr'><strong>specialem</strong></span> <span class='ocrx_word' id='word_1_173' title='bbox 1688 2817 1753 2879; x_wconf 92' lang='lat' dir='ltr'><strong>et</strong></span> 
     </span>
     <span class='ocr_line' id='line_1_24' title="bbox 178 2921 1749 3005; baseline -0.003 -15"><span class='ocrx_word' id='word_1_174' title='bbox 178 2925 706 2990; x_wconf 88' lang='lat' dir='ltr'><strong>determinatum</strong></span> <span class='ocrx_word' id='word_1_175' title='bbox 751 2923 1083 2988; x_wconf 87' lang='lat' dir='ltr'><strong>habilitare</strong></span> <span class='ocrx_word' id='word_1_176' title='bbox 1102 2971 1119 3001; x_wconf 95' lang='lat'><strong>,</strong></span> <span class='ocrx_word' id='word_1_177' title='bbox 1149 2924 1395 2989; x_wconf 89' lang='lat' dir='ltr'><strong>ratione</strong></span> <span class='ocrx_word' id='word_1_178' title='bbox 1418 2924 1609 3005; x_wconf 87' lang='lat' dir='ltr'><strong>cujus</strong></span> <span class='ocrx_word' id='word_1_179' title='bbox 1632 2921 1749 2986; x_wconf 87' lang='lat' dir='ltr'><strong>ali·</strong></span> 
     </span>
     <span class='ocr_line' id='line_1_25' title="bbox 176 3030 1754 3116; baseline -0.003 -17"><span class='ocrx_word' id='word_1_180' title='bbox 176 3034 349 3116; x_wconf 87' lang='lat' dir='ltr'><strong>quid</strong></span> <span class='ocrx_word' id='word_1_181' title='bbox 379 3031 570 3098; x_wconf 90' lang='lat' dir='ltr'><strong>addit</strong></span> <span class='ocrx_word' id='word_1_182' title='bbox 596 3031 713 3114; x_wconf 91' lang='lat' dir='ltr'><strong>ipsi</strong></span> <span class='ocrx_word' id='word_1_183' title='bbox 741 3031 1001 3112; x_wconf 81' lang='lat' dir='ltr'><strong>gratiae,</strong></span> <span class='ocrx_word' id='word_1_184' title='bbox 1035 3031 1205 3113; x_wconf 86' lang='lat' dir='ltr'><strong>quod</strong></span> <span class='ocrx_word' id='word_1_185' title='bbox 1244 3036 1338 3094; x_wconf 90' lang='lat' dir='ltr'><strong>est</strong></span> <span class='ocrx_word' id='word_1_186' title='bbox 1366 3031 1487 3112; x_wconf 81' lang='lat' dir='ltr'><strong>ipsi</strong></span> <span class='ocrx_word' id='word_1_187' title='bbox 1524 3030 1754 3111; x_wconf 81' lang='lat' dir='ltr'><strong>gratiae</strong></span> 
     </span>
     <span class='ocr_line' id='line_1_26' title="bbox 175 3125 1754 3221; baseline -0.003 -15"><span class='ocrx_word' id='word_1_188' title='bbox 175 3142 599 3206; x_wconf 82' lang='lat' dir='ltr'><strong>substratum</strong></span> <span class='ocrx_word' id='word_1_189' title='bbox 627 3142 692 3203; x_wconf 90' lang='lat' dir='ltr'><strong>et</strong></span> <span class='ocrx_word' id='word_1_190' title='bbox 717 3125 1045 3203; x_wconf 72' lang='lat' dir='ltr'><strong>mate&#39;riale</strong></span> <span class='ocrx_word' id='word_1_191' title='bbox 1058 3185 1080 3217; x_wconf 89' lang='lat'><strong>,</strong></span> <span class='ocrx_word' id='word_1_192' title='bbox 1111 3136 1274 3202; x_wconf 88' lang='lat' dir='ltr'><strong>sicut</strong></span> <span class='ocrx_word' id='word_1_193' title='bbox 1296 3137 1364 3202; x_wconf 91' lang='lat' dir='ltr'><strong>in</strong></span> <span class='ocrx_word' id='word_1_194' title='bbox 1388 3137 1754 3221; x_wconf 81' lang='lat' dir='ltr'><strong>praeceden-</strong></span> 
     </span>
    </p>
   </div>
   <div class='ocr_carea' id='block_1_8' title="bbox 171 3244 1165 3314">
    <p class='ocr_par' dir='ltr' id='par_1_8' title="bbox 171 3244 1165 3314">
     <span class='ocr_line' id='line_1_27' title="bbox 171 3244 1165 3314; baseline -0.006 0"><span class='ocrx_word' id='word_1_195' title='bbox 171 3250 365 3314; x_wconf 87' lang='lat' dir='ltr'><strong>tibus</strong></span> <span class='ocrx_word' id='word_1_196' title='bbox 393 3250 739 3313; x_wconf 84' lang='lat' dir='ltr'><strong>ostensum</strong></span> <span class='ocrx_word' id='word_1_197' title='bbox 766 3246 890 3309; x_wconf 85' lang='lat' dir='ltr'><strong>tuit</strong></span> <span class='ocrx_word' id='word_1_198' title='bbox 914 3246 992 3309; x_wconf 92' lang='lat' dir='ltr'><strong>de</strong></span> <span class='ocrx_word' id='word_1_199' title='bbox 1019 3244 1165 3309; x_wconf 83' lang='lat' dir='ltr'><strong>fide.</strong></span> 
     </span>
    </p>
   </div>
   <div class='ocr_carea' id='block_1_9' title="bbox 154 3351 1764 4404">
    <p class='ocr_par' dir='ltr' id='par_1_9' title="bbox 154 3351 1764 4404">
     <span class='ocr_line' id='line_1_28' title="bbox 259 3351 1757 3435; baseline -0.004 -12"><span class='ocrx_word' id='word_1_200' title='bbox 259 3362 328 3423; x_wconf 79' lang='lat'><strong>5.</strong></span> <span class='ocrx_word' id='word_1_201' title='bbox 364 3356 480 3423; x_wconf 79' lang='lat' dir='ltr'><strong>Ad</strong></span> <span class='ocrx_word' id='word_1_202' title='bbox 516 3353 674 3417; x_wconf 89' lang='lat' dir='ltr'><strong>illud</strong></span> <span class='ocrx_word' id='word_1_203' title='bbox 702 3352 873 3435; x_wconf 90' lang='lat' dir='ltr'><strong>quod</strong></span> <span class='ocrx_word' id='word_1_204' title='bbox 904 3352 1200 3435; x_wconf 79' lang='lat' dir='ltr'><strong>objicitur</strong></span> <span class='ocrx_word' id='word_1_205' title='bbox 1221 3399 1240 3431; x_wconf 89' lang='lat'>‚</span> <span class='ocrx_word' id='word_1_206' title='bbox 1276 3352 1446 3434; x_wconf 89' lang='lat' dir='ltr'><strong>quod</strong></span> <span class='ocrx_word' id='word_1_207' title='bbox 1483 3351 1757 3417; x_wconf 86' lang='lat' dir='ltr'><strong>charitas</strong></span> 
     </span>
     <span class='ocr_line' id='line_1_29' title="bbox 170 3460 1757 3543; baseline -0.005 -12"><span class='ocrx_word' id='word_1_208' title='bbox 170 3466 469 3531; x_wconf 88' lang='lat' dir='ltr'><strong>omnino</strong></span> <span class='ocrx_word' id='word_1_209' title='bbox 502 3460 856 3527; x_wconf 85' lang='lat' dir='ltr'><strong>destruitur</strong></span> <span class='ocrx_word' id='word_1_210' title='bbox 880 3478 994 3543; x_wconf 89' lang='lat' dir='ltr'><strong>per</strong></span> <span class='ocrx_word' id='word_1_211' title='bbox 1018 3463 1351 3542; x_wconf 88' lang='lat' dir='ltr'><strong>peccatum</strong></span> <span class='ocrx_word' id='word_1_212' title='bbox 1367 3509 1386 3538; x_wconf 95' lang='lat'><strong>,</strong></span> <span class='ocrx_word' id='word_1_213' title='bbox 1416 3460 1757 3525; x_wconf 87' lang='lat' dir='ltr'><strong>dicendum</strong></span> 
     </span>
     <span class='ocr_line' id='line_1_30' title="bbox 167 3566 1756 3661; baseline -0.007 -18"><span class='ocrx_word' id='word_1_214' title='bbox 167 3575 364 3661; x_wconf 87' lang='lat' dir='ltr'><strong>quod</strong></span> <span class='ocrx_word' id='word_1_215' title='bbox 387 3574 531 3638; x_wconf 85' lang='lat' dir='ltr'><strong>hoc</strong></span> <span class='ocrx_word' id='word_1_216' title='bbox 552 3587 684 3634; x_wconf 90' lang='lat' dir='ltr'><strong>non</strong></span> <span class='ocrx_word' id='word_1_217' title='bbox 702 3572 796 3633; x_wconf 86' lang='lat' dir='ltr'><strong>est</strong></span> <span class='ocrx_word' id='word_1_218' title='bbox 809 3568 961 3652; x_wconf 87' lang='lat' dir='ltr'><strong>quia</strong></span> <span class='ocrx_word' id='word_1_219' title='bbox 974 3568 1248 3632; x_wconf 83' lang='lat' dir='ltr'><strong>charitas</strong></span> <span class='ocrx_word' id='word_1_220' title='bbox 1262 3566 1427 3631; x_wconf 88' lang='lat' dir='ltr'><strong>nihil</strong></span> <span class='ocrx_word' id='word_1_221' title='bbox 1439 3568 1626 3633; x_wconf 90' lang='lat' dir='ltr'><strong>addat</strong></span> <span class='ocrx_word' id='word_1_222' title='bbox 1644 3586 1756 3633; x_wconf 91' lang='lat' dir='ltr'><strong>su-</strong></span> 
     </span>
     <span class='ocr_line' id='line_1_31' title="bbox 165 3674 1759 3767; baseline -0.007 -17"><span class='ocrx_word' id='word_1_223' title='bbox 165 3702 298 3767; x_wconf 88' lang='lat' dir='ltr'><strong>per</strong></span> <span class='ocrx_word' id='word_1_224' title='bbox 311 3681 619 3765; x_wconf 83' lang='lat' dir='ltr'><strong>gratiam</strong></span> <span class='ocrx_word' id='word_1_225' title='bbox 650 3681 913 3758; x_wconf 88' lang='lat' dir='ltr'><strong>gratum</strong></span> <span class='ocrx_word' id='word_1_226' title='bbox 937 3677 1295 3751; x_wconf 81' lang='lat' dir='ltr'><strong>facientem,</strong></span> <span class='ocrx_word' id='word_1_227' title='bbox 1319 3674 1429 3739; x_wconf 88' lang='lat' dir='ltr'><strong>sed</strong></span> <span class='ocrx_word' id='word_1_228' title='bbox 1450 3675 1600 3757; x_wconf 89' lang='lat' dir='ltr'><strong>quia</strong></span> <span class='ocrx_word' id='word_1_229' title='bbox 1625 3693 1759 3739; x_wconf 90' lang='lat' dir='ltr'><strong>om-</strong></span> 
     </span>
     <span class='ocr_line' id='line_1_32' title="bbox 163 3782 1759 3876; baseline -0.008 -18"><span class='ocrx_word' id='word_1_230' title='bbox 163 3811 259 3858; x_wconf 90' lang='lat' dir='ltr'><strong>ne</strong></span> <span class='ocrx_word' id='word_1_231' title='bbox 284 3791 657 3876; x_wconf 85' lang='lat' dir='ltr'><strong>peccatum</strong></span> <span class='ocrx_word' id='word_1_232' title='bbox 674 3787 996 3868; x_wconf 84' lang='lat' dir='ltr'><strong>repugnat</strong></span> <span class='ocrx_word' id='word_1_233' title='bbox 1017 3783 1136 3866; x_wconf 89' lang='lat' dir='ltr'><strong>ipsi</strong></span> <span class='ocrx_word' id='word_1_234' title='bbox 1162 3782 1414 3846; x_wconf 90' lang='lat' dir='ltr'><strong>habitui</strong></span> <span class='ocrx_word' id='word_1_235' title='bbox 1440 3782 1759 3848; x_wconf 89' lang='lat' dir='ltr'><strong>substrato</strong></span> 
     </span>
     <span class='ocr_line' id='line_1_33' title="bbox 164 3889 1762 3971; baseline -0.006 -7"><span class='ocrx_word' id='word_1_236' title='bbox 164 3896 529 3964; x_wconf 87' lang='lat' dir='ltr'><strong>charitati.</strong></span> <span class='ocrx_word' id='word_1_237' title='bbox 558 3892 639 3957; x_wconf 94' lang='lat' dir='ltr'><strong>Et</strong></span> <span class='ocrx_word' id='word_1_238' title='bbox 662 3892 826 3971; x_wconf 90' lang='lat' dir='ltr'><strong>ideo,</strong></span> <span class='ocrx_word' id='word_1_239' title='bbox 850 3892 1012 3956; x_wconf 92' lang='lat' dir='ltr'><strong>sicut</strong></span> <span class='ocrx_word' id='word_1_240' title='bbox 1037 3890 1195 3954; x_wconf 87' lang='lat' dir='ltr'><strong>fides</strong></span> <span class='ocrx_word' id='word_1_241' title='bbox 1218 3889 1491 3955; x_wconf 87' lang='lat' dir='ltr'><strong>totaliter</strong></span> <span class='ocrx_word' id='word_1_242' title='bbox 1518 3890 1762 3955; x_wconf 92' lang='lat' dir='ltr'><strong>tollitur</strong></span> 
     </span>
     <span class='ocr_line' id='line_1_34' title="bbox 158 3997 1764 4090; baseline -0.007 -18"><span class='ocrx_word' id='word_1_243' title='bbox 158 4025 293 4090; x_wconf 89' lang='lat' dir='ltr'><strong>per</strong></span> <span class='ocrx_word' id='word_1_244' title='bbox 328 3999 801 4069; x_wconf 79' lang='lat' dir='ltr'><strong>infidelitatem</strong></span> <span class='ocrx_word' id='word_1_245' title='bbox 818 4044 837 4078; x_wconf 90' lang='lat'><strong>,</strong></span> <span class='ocrx_word' id='word_1_246' title='bbox 867 3998 1019 4080; x_wconf 87' lang='lat' dir='ltr'><strong>quia</strong></span> <span class='ocrx_word' id='word_1_247' title='bbox 1039 4015 1173 4061; x_wconf 91' lang='lat' dir='ltr'><strong>non</strong></span> <span class='ocrx_word' id='word_1_248' title='bbox 1201 3997 1412 4062; x_wconf 88' lang='lat' dir='ltr'><strong>solum</strong></span> <span class='ocrx_word' id='word_1_249' title='bbox 1438 4001 1764 4081; x_wconf 80' lang='lat' dir='ltr'><strong>repugnat</strong></span> 
     </span>
     <span class='ocr_line' id='line_1_35' title="bbox 158 4105 1762 4197; baseline -0.008 -16"><span class='ocrx_word' id='word_1_250' title='bbox 158 4114 226 4180; x_wconf 88' lang='lat' dir='ltr'><strong>ei</strong></span> <span class='ocrx_word' id='word_1_251' title='bbox 257 4113 620 4197; x_wconf 85' lang='lat' dir='ltr'><strong>quantum</strong></span> <span class='ocrx_word' id='word_1_252' title='bbox 642 4105 724 4170; x_wconf 88' lang='lat' dir='ltr'><strong>ad</strong></span> <span class='ocrx_word' id='word_1_253' title='bbox 750 4105 814 4169; x_wconf 91' lang='lat' dir='ltr'><strong>id</strong></span> <span class='ocrx_word' id='word_1_254' title='bbox 845 4105 1019 4188; x_wconf 86' lang='lat' dir='ltr'><strong>quod</strong></span> <span class='ocrx_word' id='word_1_255' title='bbox 1047 4109 1143 4169; x_wconf 91' lang='lat' dir='ltr'><strong>est</strong></span> <span class='ocrx_word' id='word_1_256' title='bbox 1172 4105 1243 4169; x_wconf 88' lang='lat' dir='ltr'><strong>in</strong></span> <span class='ocrx_word' id='word_1_257' title='bbox 1269 4124 1345 4170; x_wconf 91' lang='lat' dir='ltr'><strong>ea</strong></span> <span class='ocrx_word' id='word_1_258' title='bbox 1368 4105 1593 4186; x_wconf 72' lang='lat' dir='ltr'><strong>gratiae</strong></span> <span class='ocrx_word' id='word_1_259' title='bbox 1610 4124 1762 4187; x_wconf 91' lang='lat' dir='ltr'><strong>gra-</strong></span> 
     </span>
     <span class='ocr_line' id='line_1_36' title="bbox 154 4212 1764 4297; baseline -0.009 -8"><span class='ocrx_word' id='word_1_260' title='bbox 154 4227 322 4289; x_wconf 88' lang='lat' dir='ltr'><strong>tum</strong></span> <span class='ocrx_word' id='word_1_261' title='bbox 354 4214 705 4294; x_wconf 74' lang='lat' dir='ltr'><strong>facientia,</strong></span> <span class='ocrx_word' id='word_1_262' title='bbox 732 4214 842 4278; x_wconf 88' lang='lat' dir='ltr'><strong>sed</strong></span> <span class='ocrx_word' id='word_1_263' title='bbox 886 4214 1079 4278; x_wconf 86' lang='lat' dir='ltr'><strong>etiam</strong></span> <span class='ocrx_word' id='word_1_264' title='bbox 1124 4218 1441 4297; x_wconf 87' lang='lat' dir='ltr'><strong>quantum</strong></span> <span class='ocrx_word' id='word_1_265' title='bbox 1465 4214 1545 4279; x_wconf 91' lang='lat' dir='ltr'><strong>ad</strong></span> <span class='ocrx_word' id='word_1_266' title='bbox 1572 4212 1764 4278; x_wconf 90' lang='lat' dir='ltr'><strong>habi-</strong></span> 
     </span>
     <span class='ocr_line' id='line_1_37' title="bbox 154 4319 1764 4404; baseline -0.009 -7"><span class='ocrx_word' id='word_1_267' title='bbox 154 4334 319 4397; x_wconf 88' lang='lat' dir='ltr'><strong>tum</strong></span> <span class='ocrx_word' id='word_1_268' title='bbox 351 4325 814 4399; x_wconf 84' lang='lat' dir='ltr'><strong>substratum,</strong></span> <span class='ocrx_word' id='word_1_269' title='bbox 844 4338 959 4404; x_wconf 91' lang='lat' dir='ltr'><strong>per</strong></span> <span class='ocrx_word' id='word_1_270' title='bbox 992 4322 1169 4385; x_wconf 88' lang='lat' dir='ltr'><strong>hunc</strong></span> <span class='ocrx_word' id='word_1_271' title='bbox 1218 4321 1481 4385; x_wconf 91' lang='lat' dir='ltr'><strong>modum</strong></span> <span class='ocrx_word' id='word_1_272' title='bbox 1523 4319 1764 4384; x_wconf 90' lang='lat' dir='ltr'><strong>intelli-</strong></span> 
     </span>
    </p>
   </div>
   <div class='ocr_carea' id='block_1_10' title="bbox 147 4426 1766 4627">
    <p class='ocr_par' dir='ltr' id='par_1_10' title="bbox 147 4426 1766 4627">
     <span class='ocr_line' id='line_1_38' title="bbox 155 4426 1765 4521; baseline -0.007 -18"><span class='ocrx_word' id='word_1_273' title='bbox 155 4436 501 4521; x_wconf 87' lang='lat' dir='ltr'><strong>gendum</strong></span> <span class='ocrx_word' id='word_1_274' title='bbox 535 4432 637 4494; x_wconf 86' lang='lat' dir='ltr'><strong>est</strong></span> <span class='ocrx_word' id='word_1_275' title='bbox 660 4428 836 4510; x_wconf 86' lang='lat' dir='ltr'><strong>quod</strong></span> <span class='ocrx_word' id='word_1_276' title='bbox 854 4427 1126 4493; x_wconf 87' lang='lat' dir='ltr'><strong>charitas</strong></span> <span class='ocrx_word' id='word_1_277' title='bbox 1149 4426 1408 4491; x_wconf 89' lang='lat' dir='ltr'><strong>tollatur</strong></span> <span class='ocrx_word' id='word_1_278' title='bbox 1433 4444 1550 4510; x_wconf 90' lang='lat' dir='ltr'><strong>per</strong></span> <span class='ocrx_word' id='word_1_279' title='bbox 1574 4443 1765 4491; x_wconf 89' lang='lat' dir='ltr'><strong>omne</strong></span> 
     </span>
     <span class='ocr_line' id='line_1_39' title="bbox 147 4529 1766 4627; baseline -0.009 -19"><span class='ocrx_word' id='word_1_280' title='bbox 147 4543 549 4627; x_wconf 80' lang='lat' dir='ltr'><strong>peecatum</strong></span> <span class='ocrx_word' id='word_1_281' title='bbox 592 4552 609 4594; x_wconf 74' lang='grc' dir='ltr'><strong><em>ε</em></strong></span> <span class='ocrx_word' id='word_1_282' title='bbox 642 4532 805 4595; x_wconf 89' lang='lat' dir='ltr'><strong>illud</strong></span> <span class='ocrx_word' id='word_1_283' title='bbox 831 4535 1051 4596; x_wconf 89' lang='lat' dir='ltr'><strong>autem</strong></span> <span class='ocrx_word' id='word_1_284' title='bbox 1085 4531 1157 4594; x_wconf 92' lang='lat' dir='ltr'><strong>in</strong></span> <span class='ocrx_word' id='word_1_285' title='bbox 1184 4530 1479 4613; x_wconf 85' lang='lat' dir='ltr'><strong>sequenti</strong></span> <span class='ocrx_word' id='word_1_286' title='bbox 1507 4529 1766 4612; x_wconf 88' lang='lat' dir='ltr'><strong>proble-</strong></span> 
     </span>
    </p>
   </div>
   <div class='ocr_carea' id='block_1_11' title="bbox 149 4638 1212 4716">
    <p class='ocr_par' dir='ltr' id='par_1_11' title="bbox 149 4638 1212 4716">
     <span class='ocr_line' id='line_1_40' title="bbox 149 4638 1212 4716; baseline -0.014 1"><span class='ocrx_word' id='word_1_287' title='bbox 149 4655 355 4716; x_wconf 86' lang='lat' dir='ltr'><strong>mate</strong></span> <span class='ocrx_word' id='word_1_288' title='bbox 388 4640 658 4711; x_wconf 84' lang='lat' dir='ltr'><strong>clarius</strong></span> <span class='ocrx_word' id='word_1_289' title='bbox 682 4638 1212 4704; x_wconf 77' lang='lat' dir='ltr'><strong>manifestabitur.</strong></span> 
     </span>
    </p>
   </div>
   <div class='ocr_carea' id='block_1_12' title="bbox 751 4869 1253 4951">
    <p class='ocr_par' dir='ltr' id='par_1_12' title="bbox 751 4869 1253 4951">
     <span class='ocr_line' id='line_1_41' title="bbox 751 4869 1253 4951; baseline -0.006 -13"><span class='ocrx_word' id='word_1_290' title='bbox 751 4869 1110 4951; x_wconf 80' lang='lat' dir='ltr'><strong>QUAEsTlo</strong></span> <span class='ocrx_word' id='word_1_291' title='bbox 1151 4870 1253 4938; x_wconf 81' lang='lat' dir='ltr'><strong>lv.</strong></span> 
     </span>
    </p>
   </div>
   <div class='ocr_carea' id='block_1_13' title="bbox 154 5026 1809 5120">
    <p class='ocr_par' dir='ltr' id='par_1_13' title="bbox 154 5026 1809 5120">
     <span class='ocr_line' id='line_1_42' title="bbox 154 5026 1809 5120; baseline -0.015 1"><span class='ocrx_word' id='word_1_292' title='bbox 154 5064 261 5120; x_wconf 72' lang='lat' dir='ltr'><strong>An</strong></span> <span class='ocrx_word' id='word_1_293' title='bbox 275 5055 548 5116; x_wconf 68' lang='lat' dir='ltr'><strong>habim</strong></span> <span class='ocrx_word' id='word_1_294' title='bbox 579 5044 1050 5116; x_wconf 62' lang='lat' dir='ltr'><strong>duritatispossit</strong></span> <span class='ocrx_word' id='word_1_295' title='bbox 1068 5056 1171 5099; x_wconf 60' lang='lat' dir='ltr'><strong>me</strong></span> <span class='ocrx_word' id='word_1_296' title='bbox 1194 5042 1464 5110; x_wconf 61' lang='lat' dir='ltr'><strong>turmis,</strong></span> <span class='ocrx_word' id='word_1_297' title='bbox 1485 5054 1561 5096; x_wconf 79' lang='lat' dir='ltr'><strong>an</strong></span> <span class='ocrx_word' id='word_1_298' title='bbox 1575 5054 1777 5112; x_wconf 70' lang='lat' dir='ltr'><strong>semper</strong></span> <span class='ocrx_word' id='word_1_299' title='bbox 1806 5026 1809 5029; x_wconf 75' lang='grc'>’</span> 
     </span>
    </p>
   </div>
   <div class='ocr_carea' id='block_1_14' title="bbox 789 5131 1222 5202">
    <p class='ocr_par' dir='ltr' id='par_1_14' title="bbox 789 5131 1222 5202">
     <span class='ocr_line' id='line_1_43' title="bbox 789 5131 1222 5202; baseline -0.014 -11"><span class='ocrx_word' id='word_1_300' title='bbox 789 5135 865 5191; x_wconf 78' lang='lat' dir='ltr'><strong>sit</strong></span> <span class='ocrx_word' id='word_1_301' title='bbox 895 5134 1160 5202; x_wconf 75' lang='lat' dir='ltr'><strong>formatus</strong></span> <span class='ocrx_word' id='word_1_302' title='bbox 1181 5131 1222 5185; x_wconf 83' lang='lat'><strong>².</strong></span> 
     </span>
    </p>
   </div>
   <div class='ocr_carea' id='block_1_15' title="bbox 242 5238 1773 5378">
    <p class='ocr_par' dir='ltr' id='par_1_15' title="bbox 242 5238 1773 5378">
     <span class='ocr_line' id='line_1_44' title="bbox 242 5238 1773 5378; baseline -0.021 1"><span class='ocrx_word' id='word_1_303' title='bbox 242 5309 529 5378; x_wconf 84' lang='lat' dir='ltr'><strong>Utrum</strong></span> <span class='ocrx_word' id='word_1_304' title='bbox 560 5238 832 5360; x_wconf 86' lang='lat' dir='ltr'><strong>habitus</strong></span> <span class='ocrx_word' id='word_1_305' title='bbox 853 5291 1177 5358; x_wconf 84' lang='lat' dir='ltr'><strong>charitatis</strong></span> <span class='ocrx_word' id='word_1_306' title='bbox 1202 5291 1398 5373; x_wconf 84' lang='lat' dir='ltr'><strong>possit</strong></span> <span class='ocrx_word' id='word_1_307' title='bbox 1418 5306 1554 5354; x_wconf 70' lang='lat' dir='ltr'><strong>esse</strong></span> <span class='ocrx_word' id='word_1_308' title='bbox 1578 5289 1773 5353; x_wconf 80' lang='lat' dir='ltr'><strong>infor-</strong></span> 
     </span>
    </p>
   </div>
   <div class='ocr_carea' id='block_1_16' title="bbox 3255 429 3373 492">
    <p class='ocr_par' dir='ltr' id='par_1_16' title="bbox 3255 429 3373 492">
     <span class='ocr_line' id='line_1_45' title="bbox 3255 429 3373 492; baseline 0 0"><span class='ocrx_word' id='word_1_309' title='bbox 3255 429 3373 492; x_wconf 79' lang='lat'><strong>609</strong></span> 
     </span>
    </p>
   </div>
   <div class='ocr_carea' id='block_1_17' title="bbox 1835 557 3396 2355">
    <p class='ocr_par' dir='ltr' id='par_1_17' title="bbox 1835 557 3391 1607">
     <span class='ocr_line' id='line_1_46' title="bbox 1836 557 3378 642; baseline 0.003 -20"><span class='ocrx_word' id='word_1_310' title='bbox 1836 575 1952 641; x_wconf 89' lang='lat' dir='ltr'><strong>per</strong></span> <span class='ocrx_word' id='word_1_311' title='bbox 1976 559 2056 622; x_wconf 89' lang='lat' dir='ltr'><strong>sit</strong></span> <span class='ocrx_word' id='word_1_312' title='bbox 2081 560 2391 623; x_wconf 83' lang='lat' dir='ltr'><strong>formatus</strong></span> <span class='ocrx_word' id='word_1_313' title='bbox 2408 606 2429 637; x_wconf 93' lang='lat'>‚</span> <span class='ocrx_word' id='word_1_314' title='bbox 2455 557 2709 623; x_wconf 88' lang='lat' dir='ltr'><strong>videtur</strong></span> <span class='ocrx_word' id='word_1_315' title='bbox 2736 557 2947 640; x_wconf 90' lang='lat' dir='ltr'><strong>primo</strong></span> <span class='ocrx_word' id='word_1_316' title='bbox 2973 577 3086 642; x_wconf 85' lang='lat' dir='ltr'><strong>per</strong></span> <span class='ocrx_word' id='word_1_317' title='bbox 3110 558 3378 642; x_wconf 82' lang='lat' dir='ltr'><strong>Augus-</strong></span> 
     </span>
     <span class='ocr_line' id='line_1_47' title="bbox 1835 666 3381 734; baseline 0.002 -6"><span class='ocrx_word' id='word_1_318' title='bbox 1835 666 2047 730; x_wconf 89' lang='lat' dir='ltr'><strong>tinum</strong></span> <span class='ocrx_word' id='word_1_319' title='bbox 2070 667 2140 730; x_wconf 92' lang='lat' dir='ltr'><strong>in</strong></span> <span class='ocrx_word' id='word_1_320' title='bbox 2166 667 2329 731; x_wconf 85' lang='lat' dir='ltr'><strong>libro</strong></span> <span class='ocrx_word' id='word_1_321' title='bbox 2350 668 2442 733; x_wconf 83' lang='lat' dir='ltr'><strong>De</strong></span> <span class='ocrx_word' id='word_1_322' title='bbox 2473 667 2639 734; x_wconf 82' lang='lat' dir='ltr'><strong>Vera</strong></span> <span class='ocrx_word' id='word_1_323' title='bbox 2665 668 3044 734; x_wconf 77' lang='lat' dir='ltr'><strong>Innocentio.</strong></span> <span class='ocrx_word' id='word_1_324' title='bbox 3072 688 3094 729; x_wconf 95' lang='lat'><strong>.·</strong></span> <span class='ocrx_word' id='word_1_325' title='bbox 3132 691 3163 729; x_wconf 77' lang='grc' dir='ltr'><strong>α</strong></span> <span class='ocrx_word' id='word_1_326' title='bbox 3189 668 3381 733; x_wconf 88' lang='lat' dir='ltr'><strong>Dilec-</strong></span> 
     </span>
     <span class='ocr_line' id='line_1_48' title="bbox 1837 774 3382 859; baseline 0.003 -23"><span class='ocrx_word' id='word_1_327' title='bbox 1837 774 1927 838; x_wconf 88' lang='lat' dir='ltr'><strong>tio</strong></span> <span class='ocrx_word' id='word_1_328' title='bbox 1950 774 2058 839; x_wconf 92' lang='lat' dir='ltr'><strong>Dei</strong></span> <span class='ocrx_word' id='word_1_329' title='bbox 2082 779 2147 839; x_wconf 93' lang='lat' dir='ltr'><strong>et</strong></span> <span class='ocrx_word' id='word_1_330' title='bbox 2172 776 2448 858; x_wconf 81' lang='lat' dir='ltr'><strong>proximi</strong></span> <span class='ocrx_word' id='word_1_331' title='bbox 2480 780 2574 840; x_wconf 91' lang='lat' dir='ltr'><strong>est</strong></span> <span class='ocrx_word' id='word_1_332' title='bbox 2587 776 2846 859; x_wconf 85' lang='lat' dir='ltr'><strong>propria</strong></span> <span class='ocrx_word' id='word_1_333' title='bbox 2867 779 2930 840; x_wconf 90' lang='lat' dir='ltr'><strong>et</strong></span> <span class='ocrx_word' id='word_1_334' title='bbox 2943 776 3226 859; x_wconf 91' lang='lat' dir='ltr'><strong>specialis</strong></span> <span class='ocrx_word' id='word_1_335' title='bbox 3250 777 3382 842; x_wconf 86' lang='lat' dir='ltr'><strong>vir·</strong></span> 
     </span>
     <span class='ocr_line' id='line_1_49' title="bbox 1839 881 3383 966; baseline 0.004 -22"><span class='ocrx_word' id='word_1_336' title='bbox 1839 885 1942 945; x_wconf 89' lang='lat' dir='ltr'><strong>tus</strong></span> <span class='ocrx_word' id='word_1_337' title='bbox 1986 881 2244 964; x_wconf 89' lang='lat' dir='ltr'><strong>piorum</strong></span> <span class='ocrx_word' id='word_1_338' title='bbox 2284 886 2476 966; x_wconf 85' lang='lat' dir='ltr'><strong>atque</strong></span> <span class='ocrx_word' id='word_1_339' title='bbox 2507 886 2903 960; x_wconf 90' lang='lat' dir='ltr'><strong>sanctorum,</strong></span> <span class='ocrx_word' id='word_1_340' title='bbox 2944 900 3093 947; x_wconf 89' lang='lat' dir='ltr'><strong>cum</strong></span> <span class='ocrx_word' id='word_1_341' title='bbox 3135 887 3383 950; x_wconf 82' lang='lat' dir='ltr'><strong>caeterae</strong></span> 
     </span>
     <span class='ocr_line' id='line_1_50' title="bbox 1839 989 3386 1072; baseline 0.003 -19"><span class='ocrx_word' id='word_1_342' title='bbox 1839 989 2112 1054; x_wconf 85' lang='lat' dir='ltr'><strong>virtutes</strong></span> <span class='ocrx_word' id='word_1_343' title='bbox 2159 990 2343 1054; x_wconf 88' lang='lat' dir='ltr'><strong>bonis</strong></span> <span class='ocrx_word' id='word_1_344' title='bbox 2388 990 2633 1072; x_wconf 89' lang='lat' dir='ltr'><strong>possint</strong></span> <span class='ocrx_word' id='word_1_345' title='bbox 2676 1008 2812 1054; x_wconf 88' lang='lat' dir='ltr'><strong>esse</strong></span> <span class='ocrx_word' id='word_1_346' title='bbox 2859 1008 3234 1056; x_wconf 90' lang='lat' dir='ltr'><strong>communes</strong></span> <span class='ocrx_word' id='word_1_347' title='bbox 3258 1039 3279 1070; x_wconf 93' lang='lat'><strong>,</strong></span> <span class='ocrx_word' id='word_1_348' title='bbox 3322 997 3386 1059; x_wconf 89' lang='lat' dir='ltr'><strong>et</strong></span> 
     </span>
     <span class='ocr_line' id='line_1_51' title="bbox 1841 1092 3383 1162; baseline 0.003 -5"><span class='ocrx_word' id='word_1_349' title='bbox 1841 1094 2047 1158; x_wconf 89' lang='lat' dir='ltr'><strong>malis.</strong></span> <span class='ocrx_word' id='word_1_350' title='bbox 2079 1113 2111 1152; x_wconf 72' lang='lat' dir='ltr'><strong>n</strong></span> <span class='ocrx_word' id='word_1_351' title='bbox 2138 1092 2259 1159; x_wconf 91' lang='lat' dir='ltr'><strong>Sed</strong></span> <span class='ocrx_word' id='word_1_352' title='bbox 2290 1094 2433 1158; x_wconf 81' lang='lat' dir='ltr'><strong>aliae</strong></span> <span class='ocrx_word' id='word_1_353' title='bbox 2460 1095 2731 1159; x_wconf 82' lang='lat' dir='ltr'><strong>virtutes</strong></span> <span class='ocrx_word' id='word_1_354' title='bbox 2753 1114 2884 1160; x_wconf 91' lang='lat' dir='ltr'><strong>non</strong></span> <span class='ocrx_word' id='word_1_355' title='bbox 2906 1100 3057 1161; x_wconf 90' lang='lat' dir='ltr'><strong>sunt</strong></span> <span class='ocrx_word' id='word_1_356' title='bbox 3093 1115 3383 1162; x_wconf 92' lang='lat' dir='ltr'><strong>commu-</strong></span> 
     </span>
     <span class='ocr_line' id='line_1_52' title="bbox 1842 1197 3389 1286; baseline 0.003 -21"><span class='ocrx_word' id='word_1_357' title='bbox 1842 1218 1958 1265; x_wconf 88' lang='lat' dir='ltr'><strong>nes</strong></span> <span class='ocrx_word' id='word_1_358' title='bbox 1987 1197 2174 1264; x_wconf 88' lang='lat' dir='ltr'><strong>bonis</strong></span> <span class='ocrx_word' id='word_1_359' title='bbox 2213 1205 2277 1265; x_wconf 90' lang='lat' dir='ltr'><strong>et</strong></span> <span class='ocrx_word' id='word_1_360' title='bbox 2316 1201 2502 1265; x_wconf 87' lang='lat' dir='ltr'><strong>malis</strong></span> <span class='ocrx_word' id='word_1_361' title='bbox 2529 1250 2547 1281; x_wconf 88' lang='lat'><strong>,</strong></span> <span class='ocrx_word' id='word_1_362' title='bbox 2577 1202 2703 1266; x_wconf 91' lang='lat' dir='ltr'><strong>nisi</strong></span> <span class='ocrx_word' id='word_1_363' title='bbox 2747 1204 2898 1285; x_wconf 87' lang='lat' dir='ltr'><strong>quia</strong></span> <span class='ocrx_word' id='word_1_364' title='bbox 2938 1208 3207 1286; x_wconf 88' lang='lat' dir='ltr'><strong>possunt</strong></span> <span class='ocrx_word' id='word_1_365' title='bbox 3253 1223 3389 1270; x_wconf 90' lang='lat' dir='ltr'><strong>esse</strong></span> 
     </span>
     <span class='ocr_line' id='line_1_53' title="bbox 1844 1306 3391 1394; baseline 0.003 -23"><span class='ocrx_word' id='word_1_366' title='bbox 1844 1308 2193 1372; x_wconf 79' lang='lat' dir='ltr'><strong>informes:</strong></span> <span class='ocrx_word' id='word_1_367' title='bbox 2224 1308 2278 1371; x_wconf 92' lang='lat' dir='ltr'><strong>si</strong></span> <span class='ocrx_word' id='word_1_368' title='bbox 2325 1326 2481 1390; x_wconf 85' lang='lat' dir='ltr'><strong>ergo</strong></span> <span class='ocrx_word' id='word_1_369' title='bbox 2525 1306 2798 1374; x_wconf 87' lang='lat' dir='ltr'><strong>charitas</strong></span> <span class='ocrx_word' id='word_1_370' title='bbox 2843 1328 2974 1376; x_wconf 92' lang='lat' dir='ltr'><strong>non</strong></span> <span class='ocrx_word' id='word_1_371' title='bbox 3021 1314 3224 1394; x_wconf 86' lang='lat' dir='ltr'><strong>potest</strong></span> <span class='ocrx_word' id='word_1_372' title='bbox 3270 1313 3391 1377; x_wconf 89' lang='lat' dir='ltr'><strong>isto</strong></span> 
     </span>
     <span class='ocr_line' id='line_1_54' title="bbox 1845 1415 3391 1501; baseline 0.005 -24"><span class='ocrx_word' id='word_1_373' title='bbox 1845 1415 2037 1481; x_wconf 89' lang='lat' dir='ltr'><strong>modo</strong></span> <span class='ocrx_word' id='word_1_374' title='bbox 2082 1433 2222 1480; x_wconf 90' lang='lat' dir='ltr'><strong>esse</strong></span> <span class='ocrx_word' id='word_1_375' title='bbox 2267 1416 2629 1480; x_wconf 90' lang='lat' dir='ltr'><strong>communis</strong></span> <span class='ocrx_word' id='word_1_376' title='bbox 2649 1464 2667 1495; x_wconf 89' lang='lat'><strong>,</strong></span> <span class='ocrx_word' id='word_1_377' title='bbox 2697 1416 2954 1482; x_wconf 81' lang='lat' dir='ltr'><strong>videtur</strong></span> <span class='ocrx_word' id='word_1_378' title='bbox 2994 1419 3167 1501; x_wconf 89' lang='lat' dir='ltr'><strong>quod</strong></span> <span class='ocrx_word' id='word_1_379' title='bbox 3212 1419 3391 1484; x_wconf 90' lang='lat' dir='ltr'><strong>nullo</strong></span> 
     </span>
     <span class='ocr_line' id='line_1_55' title="bbox 1846 1522 2768 1607; baseline 0.003 -23"><span class='ocrx_word' id='word_1_380' title='bbox 1846 1522 2036 1587; x_wconf 78' lang='lat' dir='ltr'><strong>mo&#39;do</strong></span> <span class='ocrx_word' id='word_1_381' title='bbox 2064 1523 2263 1607; x_wconf 89' lang='lat' dir='ltr'><strong>possit</strong></span> <span class='ocrx_word' id='word_1_382' title='bbox 2293 1541 2428 1588; x_wconf 86' lang='lat' dir='ltr'><strong>esse</strong></span> <span class='ocrx_word' id='word_1_383' title='bbox 2455 1522 2768 1588; x_wconf 81' lang='lat' dir='ltr'><strong>informis.</strong></span> 
     </span>
    </p>

    <p class='ocr_par' dir='ltr' id='par_1_18' title="bbox 1848 1629 3395 2123">
     <span class='ocr_line' id='line_1_56' title="bbox 1929 1629 3395 1715; baseline 0.003 -22"><span class='ocrx_word' id='word_1_384' title='bbox 1929 1629 2088 1694; x_wconf 91' lang='lat' dir='ltr'><strong>Item</strong></span> <span class='ocrx_word' id='word_1_385' title='bbox 2117 1630 2309 1713; x_wconf 89' lang='lat' dir='ltr'><strong>Hugo</strong></span> <span class='ocrx_word' id='word_1_386' title='bbox 2339 1635 2363 1671; x_wconf 85' lang='lat'>⁸</span> <span class='ocrx_word' id='word_1_387' title='bbox 2391 1648 2407 1694; x_wconf 92' lang='lat'><strong>:</strong></span> <span class='ocrx_word' id='word_1_388' title='bbox 2448 1653 2479 1692; x_wconf 77' lang='grc' dir='ltr'><strong>α</strong></span> <span class='ocrx_word' id='word_1_389' title='bbox 2507 1629 2887 1696; x_wconf 89' lang='lat' dir='ltr'><strong>Charitatem</strong></span> <span class='ocrx_word' id='word_1_390' title='bbox 2925 1632 3145 1697; x_wconf 87' lang='lat' dir='ltr'><strong>nullus</strong></span> <span class='ocrx_word' id='word_1_391' title='bbox 3189 1637 3395 1715; x_wconf 89' lang='lat' dir='ltr'><strong>potest</strong></span> 
     </span>
     <span class='ocr_line' id='line_1_57' title="bbox 1848 1734 3390 1822; baseline 0.003 -22"><span class='ocrx_word' id='word_1_392' title='bbox 1848 1734 2084 1816; x_wconf 84' lang='lat' dir='ltr'><strong>habere</strong></span> <span class='ocrx_word' id='word_1_393' title='bbox 2113 1738 2340 1802; x_wconf 78' lang='lat' dir='ltr'><strong>maluS.</strong></span> <span class='ocrx_word' id='word_1_394' title='bbox 2364 1758 2396 1798; x_wconf 69' lang='grc' dir='ltr'><strong>υ</strong></span> <span class='ocrx_word' id='word_1_395' title='bbox 2425 1737 2572 1815; x_wconf 85' lang='lat' dir='ltr'><strong>Sed,</strong></span> <span class='ocrx_word' id='word_1_396' title='bbox 2602 1738 2658 1802; x_wconf 93' lang='lat' dir='ltr'><strong>si</strong></span> <span class='ocrx_word' id='word_1_397' title='bbox 2683 1741 2891 1822; x_wconf 90' lang='lat' dir='ltr'><strong>posset</strong></span> <span class='ocrx_word' id='word_1_398' title='bbox 2915 1757 3049 1804; x_wconf 89' lang='lat' dir='ltr'><strong>esse</strong></span> <span class='ocrx_word' id='word_1_399' title='bbox 3078 1740 3390 1817; x_wconf 81' lang='lat' dir='ltr'><strong>informis,</strong></span> 
     </span>
     <span class='ocr_line' id='line_1_58' title="bbox 1850 1844 3393 1935; baseline 0.002 -27"><span class='ocrx_word' id='word_1_400' title='bbox 1850 1844 2081 1935; x_wconf 84' lang='lat' dir='ltr'><strong>aliquis</strong></span> <span class='ocrx_word' id='word_1_401' title='bbox 2110 1846 2319 1911; x_wconf 91' lang='lat' dir='ltr'><strong>malus</strong></span> <span class='ocrx_word' id='word_1_402' title='bbox 2347 1850 2555 1930; x_wconf 87' lang='lat' dir='ltr'><strong>posset</strong></span> <span class='ocrx_word' id='word_1_403' title='bbox 2591 1865 2736 1912; x_wconf 91' lang='lat' dir='ltr'><strong>eam</strong></span> <span class='ocrx_word' id='word_1_404' title='bbox 2775 1846 3013 1913; x_wconf 88' lang='lat' dir='ltr'><strong>habere</strong></span> <span class='ocrx_word' id='word_1_405' title='bbox 3043 1870 3059 1912; x_wconf 72' lang='grc' dir='ltr'>ε</span> <span class='ocrx_word' id='word_1_406' title='bbox 3091 1850 3393 1932; x_wconf 88' lang='lat' dir='ltr'><strong>impossi-</strong></span> 
     </span>
     <span class='ocr_line' id='line_1_59' title="bbox 1850 1951 3388 2035; baseline 0.004 -21"><span class='ocrx_word' id='word_1_407' title='bbox 1850 1951 1978 2016; x_wconf 90' lang='lat' dir='ltr'><strong>bile</strong></span> <span class='ocrx_word' id='word_1_408' title='bbox 1998 1956 2094 2017; x_wconf 88' lang='lat' dir='ltr'><strong>est</strong></span> <span class='ocrx_word' id='word_1_409' title='bbox 2120 1953 2327 2035; x_wconf 90' lang='lat' dir='ltr'><strong>igitur</strong></span> <span class='ocrx_word' id='word_1_410' title='bbox 2355 1954 2652 2019; x_wconf 91' lang='lat' dir='ltr'><strong>habitum</strong></span> <span class='ocrx_word' id='word_1_411' title='bbox 2692 1955 3015 2021; x_wconf 88' lang='lat' dir='ltr'><strong>charitatis</strong></span> <span class='ocrx_word' id='word_1_412' title='bbox 3043 1956 3388 2021; x_wconf 74' lang='lat' dir='ltr'><strong>informem</strong></span> 
     </span>
     <span class='ocr_line' id='line_1_60' title="bbox 1854 2074 2012 2123; baseline 0.006 -1"><span class='ocrx_word' id='word_1_413' title='bbox 1854 2074 2012 2123; x_wconf 89' lang='lat' dir='ltr'><strong>esse.</strong></span> 
     </span>
    </p>

    <p class='ocr_par' dir='ltr' id='par_1_19' title="bbox 1854 2164 3396 2355">
     <span class='ocr_line' id='line_1_61' title="bbox 1936 2164 3394 2250; baseline 0.003 -22"><span class='ocrx_word' id='word_1_414' title='bbox 1936 2164 2094 2229; x_wconf 85' lang='lat' dir='ltr'><strong>Item</strong></span> <span class='ocrx_word' id='word_1_415' title='bbox 2137 2166 2523 2250; x_wconf 86' lang='lat' dir='ltr'><strong>impossibile</strong></span> <span class='ocrx_word' id='word_1_416' title='bbox 2566 2173 2660 2232; x_wconf 92' lang='lat' dir='ltr'><strong>est</strong></span> <span class='ocrx_word' id='word_1_417' title='bbox 2702 2170 2975 2233; x_wconf 84' lang='lat' dir='ltr'><strong>formam</strong></span> <span class='ocrx_word' id='word_1_418' title='bbox 3015 2169 3156 2233; x_wconf 84' lang='lat' dir='ltr'><strong>fleri</strong></span> <span class='ocrx_word' id='word_1_419' title='bbox 3197 2169 3394 2234; x_wconf 83' lang='lat' dir='ltr'><strong>infor-</strong></span> 
     </span>
     <span class='ocr_line' id='line_1_62' title="bbox 1854 2274 3396 2355; baseline 0.005 -20"><span class='ocrx_word' id='word_1_420' title='bbox 1854 2289 2028 2336; x_wconf 89' lang='lat' dir='ltr'><strong>mem</strong></span> <span class='ocrx_word' id='word_1_421' title='bbox 2056 2294 2072 2336; x_wconf 88' lang='lat'>:</span> <span class='ocrx_word' id='word_1_422' title='bbox 2109 2274 2218 2338; x_wconf 90' lang='lat' dir='ltr'><strong>sed</strong></span> <span class='ocrx_word' id='word_1_423' title='bbox 2245 2274 2518 2338; x_wconf 90' lang='lat' dir='ltr'><strong>charitas</strong></span> <span class='ocrx_word' id='word_1_424' title='bbox 2562 2278 2656 2340; x_wconf 86' lang='lat' dir='ltr'><strong>est</strong></span> <span class='ocrx_word' id='word_1_425' title='bbox 2685 2276 2892 2340; x_wconf 85' lang='lat' dir='ltr'><strong>forma</strong></span> <span class='ocrx_word' id='word_1_426' title='bbox 2913 2276 3231 2341; x_wconf 86' lang='lat' dir='ltr'><strong>virtutum</strong></span> <span class='ocrx_word' id='word_1_427' title='bbox 3251 2324 3272 2355; x_wconf 93' lang='lat'><strong>,</strong></span> <span class='ocrx_word' id='word_1_428' title='bbox 3297 2294 3396 2342; x_wconf 85' lang='lat' dir='ltr'><strong>sc·</strong></span> 
     </span>
    </p>
   </div>
   <div class='ocr_carea' id='block_1_18' title="bbox 1855 2384 3444 4934">
    <p class='ocr_par' dir='ltr' id='par_1_20' title="bbox 1855 2384 3401 2897">
     <span class='ocr_line' id='line_1_63' title="bbox 1855 2384 3401 2469; baseline 0.005 -21"><span class='ocrx_word' id='word_1_429' title='bbox 1855 2384 2141 2449; x_wconf 91' lang='lat' dir='ltr'><strong>cundum</strong></span> <span class='ocrx_word' id='word_1_430' title='bbox 2172 2384 2345 2467; x_wconf 87' lang='lat' dir='ltr'><strong>quod</strong></span> <span class='ocrx_word' id='word_1_431' title='bbox 2372 2385 2606 2451; x_wconf 91' lang='lat' dir='ltr'><strong>dicitur</strong></span> <span class='ocrx_word' id='word_1_432' title='bbox 2629 2405 2824 2469; x_wconf 86' lang='lat' dir='ltr'><strong>super</strong></span> <span class='ocrx_word' id='word_1_433' title='bbox 2849 2387 3007 2452; x_wconf 91' lang='lat' dir='ltr'><strong>illud</strong></span> <span class='ocrx_word' id='word_1_434' title='bbox 3025 2387 3048 2423; x_wconf 74' lang='lat'>⁸</span> <span class='ocrx_word' id='word_1_435' title='bbox 3075 2409 3090 2452; x_wconf 90' lang='lat'><strong>:</strong></span> <span class='ocrx_word' id='word_1_436' title='bbox 3126 2389 3401 2456; x_wconf 78' lang='lat' dir='ltr'><strong>Iustitia</strong></span> 
     </span>
     <span class='ocr_line' id='line_1_64' title="bbox 1862 2489 3399 2578; baseline 0.001 -22"><span class='ocrx_word' id='word_1_437' title='bbox 1862 2492 2004 2571; x_wconf 82' lang='lat' dir='ltr'><strong>Dei,</strong></span> <span class='ocrx_word' id='word_1_438' title='bbox 2033 2497 2179 2572; x_wconf 91' lang='lat' dir='ltr'><strong>etc.,</strong></span> <span class='ocrx_word' id='word_1_439' title='bbox 2214 2492 2428 2557; x_wconf 90' lang='lat' dir='ltr'><strong>Glossa</strong></span> <span class='ocrx_word' id='word_1_440' title='bbox 2458 2514 2473 2558; x_wconf 75' lang='grc' dir='ltr'><strong>ε</strong></span> <span class='ocrx_word' id='word_1_441' title='bbox 2516 2516 2546 2555; x_wconf 78' lang='grc' dir='ltr'>α</span> <span class='ocrx_word' id='word_1_442' title='bbox 2573 2492 2724 2558; x_wconf 80' lang='lat' dir='ltr'><strong>Haec</strong></span> <span class='ocrx_word' id='word_1_443' title='bbox 2748 2489 2843 2559; x_wconf 86' lang='lat' dir='ltr'><strong>est</strong></span> <span class='ocrx_word' id='word_1_444' title='bbox 2869 2495 3157 2560; x_wconf 81' lang='lat' dir='ltr'><strong>informis</strong></span> <span class='ocrx_word' id='word_1_445' title='bbox 3192 2495 3399 2578; x_wconf 83' lang='lat' dir='ltr'><strong>quali-</strong></span> 
     </span>
     <span class='ocr_line' id='line_1_65' title="bbox 1856 2600 3397 2683; baseline 0.003 -20"><span class='ocrx_word' id='word_1_446' title='bbox 1856 2604 1956 2663; x_wconf 90' lang='lat' dir='ltr'><strong>tas</strong></span> <span class='ocrx_word' id='word_1_447' title='bbox 1983 2600 2247 2679; x_wconf 85' lang='lat' dir='ltr'><strong>mentis,</strong></span> <span class='ocrx_word' id='word_1_448' title='bbox 2275 2601 2432 2683; x_wconf 88' lang='lat' dir='ltr'><strong>quia</strong></span> <span class='ocrx_word' id='word_1_449' title='bbox 2459 2602 2697 2666; x_wconf 91' lang='lat' dir='ltr'><strong>sociam</strong></span> <span class='ocrx_word' id='word_1_450' title='bbox 2740 2620 2875 2666; x_wconf 92' lang='lat' dir='ltr'><strong>non</strong></span> <span class='ocrx_word' id='word_1_451' title='bbox 2901 2603 3096 2668; x_wconf 91' lang='lat' dir='ltr'><strong>habet</strong></span> <span class='ocrx_word' id='word_1_452' title='bbox 3122 2601 3397 2668; x_wconf 88' lang='lat' dir='ltr'><strong>charita-</strong></span> 
     </span>
     <span class='ocr_line' id='line_1_66' title="bbox 1856 2710 3391 2791; baseline -0.001 -18"><span class='ocrx_word' id='word_1_453' title='bbox 1856 2712 2022 2788; x_wconf 88' lang='lat' dir='ltr'><strong>tem,</strong></span> <span class='ocrx_word' id='word_1_454' title='bbox 2067 2726 2216 2791; x_wconf 81' lang='lat' dir='ltr'><strong>quae</strong></span> <span class='ocrx_word' id='word_1_455' title='bbox 2257 2714 2352 2774; x_wconf 92' lang='lat' dir='ltr'><strong>est</strong></span> <span class='ocrx_word' id='word_1_456' title='bbox 2394 2710 2603 2774; x_wconf 83' lang='lat' dir='ltr'><strong>forma</strong></span> <span class='ocrx_word' id='word_1_457' title='bbox 2653 2711 2949 2775; x_wconf 90' lang='lat' dir='ltr'><strong>omnium</strong></span> <span class='ocrx_word' id='word_1_458' title='bbox 2991 2710 3328 2776; x_wconf 81' lang='lat' dir='ltr'><strong>virtutum.</strong></span> <span class='ocrx_word' id='word_1_459' title='bbox 3360 2731 3391 2770; x_wconf 71' lang='lat' dir='ltr'><strong>n</strong></span> 
     </span>
     <span class='ocr_line' id='line_1_67' title="bbox 1859 2814 2211 2897; baseline 0.003 -19"><span class='ocrx_word' id='word_1_460' title='bbox 1859 2814 2065 2897; x_wconf 85' lang='lat' dir='ltr'><strong>Erg0,</strong></span> <span class='ocrx_word' id='word_1_461' title='bbox 2091 2820 2211 2880; x_wconf 90' lang='lat' dir='ltr'><strong>etc.</strong></span> 
     </span>
    </p>

    <p class='ocr_par' dir='ltr' id='par_1_21' title="bbox 1859 2922 3410 3843">
     <span class='ocr_line' id='line_1_68' title="bbox 1940 2922 3404 3006; baseline 0.003 -21"><span class='ocrx_word' id='word_1_462' title='bbox 1940 2922 2098 2986; x_wconf 88' lang='lat' dir='ltr'><strong>Item</strong></span> <span class='ocrx_word' id='word_1_463' title='bbox 2123 2923 2379 2988; x_wconf 83' lang='lat' dir='ltr'><strong>virtutis</strong></span> <span class='ocrx_word' id='word_1_464' title='bbox 2407 2923 2729 2988; x_wconf 89' lang='lat' dir='ltr'><strong>charitatis</strong></span> <span class='ocrx_word' id='word_1_465' title='bbox 2766 2929 2860 2989; x_wconf 90' lang='lat' dir='ltr'><strong>est</strong></span> <span class='ocrx_word' id='word_1_466' title='bbox 2892 2924 3156 3006; x_wconf 87' lang='lat' dir='ltr'><strong>diligere</strong></span> <span class='ocrx_word' id='word_1_467' title='bbox 3198 2925 3404 2991; x_wconf 90' lang='lat' dir='ltr'><strong>Deum</strong></span> 
     </span>
     <span class='ocr_line' id='line_1_69' title="bbox 1859 3031 3400 3114; baseline 0.001 -20"><span class='ocrx_word' id='word_1_468' title='bbox 1859 3035 2118 3114; x_wconf 89' lang='lat' dir='ltr'><strong>propter</strong></span> <span class='ocrx_word' id='word_1_469' title='bbox 2146 3049 2214 3095; x_wconf 89' lang='lat' dir='ltr'><strong>se</strong></span> <span class='ocrx_word' id='word_1_470' title='bbox 2241 3035 2304 3094; x_wconf 90' lang='lat' dir='ltr'><strong>et</strong></span> <span class='ocrx_word' id='word_1_471' title='bbox 2335 3049 2526 3114; x_wconf 86' lang='lat' dir='ltr'><strong>super</strong></span> <span class='ocrx_word' id='word_1_472' title='bbox 2551 3032 2768 3096; x_wconf 91' lang='lat' dir='ltr'><strong>omnia</strong></span> <span class='ocrx_word' id='word_1_473' title='bbox 2793 3053 2810 3111; x_wconf 91' lang='grc'>;</span> <span class='ocrx_word' id='word_1_474' title='bbox 2843 3035 2906 3096; x_wconf 90' lang='lat' dir='ltr'><strong>et</strong></span> <span class='ocrx_word' id='word_1_475' title='bbox 2947 3031 3143 3096; x_wconf 91' lang='lat' dir='ltr'><strong>istum</strong></span> <span class='ocrx_word' id='word_1_476' title='bbox 3186 3037 3400 3098; x_wconf 88' lang='lat' dir='ltr'><strong>actum</strong></span> 
     </span>
     <span class='ocr_line' id='line_1_70' title="bbox 1861 3137 3409 3221; baseline 0.002 -19"><span class='ocrx_word' id='word_1_477' title='bbox 1861 3137 2081 3202; x_wconf 89' lang='lat' dir='ltr'><strong>nullus</strong></span> <span class='ocrx_word' id='word_1_478' title='bbox 2106 3138 2347 3203; x_wconf 89' lang='lat' dir='ltr'><strong>habere</strong></span> <span class='ocrx_word' id='word_1_479' title='bbox 2372 3142 2597 3221; x_wconf 91' lang='lat' dir='ltr'><strong>potest,</strong></span> <span class='ocrx_word' id='word_1_480' title='bbox 2624 3138 2737 3221; x_wconf 87' lang='lat' dir='ltr'><strong>qui</strong></span> <span class='ocrx_word' id='word_1_481' title='bbox 2761 3137 2951 3203; x_wconf 90' lang='lat' dir='ltr'><strong>habet</strong></span> <span class='ocrx_word' id='word_1_482' title='bbox 2971 3139 3120 3204; x_wconf 88' lang='lat' dir='ltr'><strong>inse</strong></span> <span class='ocrx_word' id='word_1_483' title='bbox 3144 3139 3409 3205; x_wconf 88' lang='lat' dir='ltr'><strong>mortale</strong></span> 
     </span>
     <span class='ocr_line' id='line_1_71' title="bbox 1862 3245 3408 3329; baseline 0.001 -20"><span class='ocrx_word' id='word_1_484' title='bbox 1862 3250 2223 3329; x_wconf 89' lang='lat' dir='ltr'><strong>peccatum,</strong></span> <span class='ocrx_word' id='word_1_485' title='bbox 2249 3262 2399 3309; x_wconf 92' lang='lat' dir='ltr'><strong>cum</strong></span> <span class='ocrx_word' id='word_1_486' title='bbox 2427 3245 2497 3308; x_wconf 93' lang='lat' dir='ltr'><strong>in</strong></span> <span class='ocrx_word' id='word_1_487' title='bbox 2523 3246 2702 3309; x_wconf 91' lang='lat' dir='ltr'><strong>omni</strong></span> <span class='ocrx_word' id='word_1_488' title='bbox 2728 3245 2980 3310; x_wconf 88' lang='lat' dir='ltr'><strong>mortali</strong></span> <span class='ocrx_word' id='word_1_489' title='bbox 3006 3250 3260 3329; x_wconf 89' lang='lat' dir='ltr'><strong>peccato</strong></span> <span class='ocrx_word' id='word_1_490' title='bbox 3288 3247 3408 3311; x_wconf 91' lang='lat' dir='ltr'><strong>ali-</strong></span> 
     </span>
     <span class='ocr_line' id='line_1_72' title="bbox 1862 3351 3410 3435; baseline 0.001 -18"><span class='ocrx_word' id='word_1_491' title='bbox 1862 3352 2014 3435; x_wconf 89' lang='lat' dir='ltr'><strong>quid</strong></span> <span class='ocrx_word' id='word_1_492' title='bbox 2042 3352 2273 3434; x_wconf 88' lang='lat' dir='ltr'><strong>diligat</strong></span> <span class='ocrx_word' id='word_1_493' title='bbox 2311 3356 2530 3417; x_wconf 89' lang='lat' dir='ltr'><strong>contra</strong></span> <span class='ocrx_word' id='word_1_494' title='bbox 2556 3351 2782 3417; x_wconf 91' lang='lat' dir='ltr'><strong>Deum.</strong></span> <span class='ocrx_word' id='word_1_495' title='bbox 2813 3352 2881 3418; x_wconf 93' lang='lat' dir='ltr'><strong>Si</strong></span> <span class='ocrx_word' id='word_1_496' title='bbox 2928 3371 3086 3435; x_wconf 90' lang='lat' dir='ltr'><strong>ergo</strong></span> <span class='ocrx_word' id='word_1_497' title='bbox 3130 3354 3266 3420; x_wconf 91' lang='lat' dir='ltr'><strong>sola</strong></span> <span class='ocrx_word' id='word_1_498' title='bbox 3302 3355 3410 3419; x_wconf 90' lang='lat' dir='ltr'><strong>illa</strong></span> 
     </span>
     <span class='ocr_line' id='line_1_73' title="bbox 1864 3445 3410 3546; baseline 0.001 -22"><span class='ocrx_word' id='word_1_499' title='bbox 1864 3459 2072 3524; x_wconf 82' lang='lat' dir='ltr'><strong>virtus</strong></span> <span class='ocrx_word' id='word_1_500' title='bbox 2100 3462 2470 3542; x_wconf 88' lang='lat' dir='ltr'><strong>potestesse</strong></span> <span class='ocrx_word' id='word_1_501' title='bbox 2510 3458 2802 3523; x_wconf 83' lang='lat' dir='ltr'><strong>informis</strong></span> <span class='ocrx_word' id='word_1_502' title='bbox 2825 3505 2843 3537; x_wconf 96' lang='lat'><strong>,</strong></span> <span class='ocrx_word' id='word_1_503' title='bbox 2875 3445 3060 3542; x_wconf 86' lang='lat' dir='ltr'><strong>cujus</strong></span> <span class='ocrx_word' id='word_1_504' title='bbox 3087 3467 3265 3526; x_wconf 91' lang='lat' dir='ltr'><strong>actus</strong></span> <span class='ocrx_word' id='word_1_505' title='bbox 3290 3481 3410 3546; x_wconf 90' lang='lat' dir='ltr'><strong>po-</strong></span> 
     </span>
     <span class='ocr_line' id='line_1_74' title="bbox 1862 3564 3408 3648; baseline 0.003 -19"><span class='ocrx_word' id='word_1_506' title='bbox 1862 3569 1988 3629; x_wconf 91' lang='lat' dir='ltr'><strong>test</strong></span> <span class='ocrx_word' id='word_1_507' title='bbox 2018 3564 2287 3647; x_wconf 86' lang='lat' dir='ltr'><strong>reperiri</strong></span> <span class='ocrx_word' id='word_1_508' title='bbox 2302 3564 2374 3628; x_wconf 95' lang='lat' dir='ltr'><strong>in</strong></span> <span class='ocrx_word' id='word_1_509' title='bbox 2401 3568 2752 3648; x_wconf 88' lang='lat' dir='ltr'><strong>peccatore,</strong></span> <span class='ocrx_word' id='word_1_510' title='bbox 2773 3565 2940 3630; x_wconf 89' lang='lat' dir='ltr'><strong>sicut</strong></span> <span class='ocrx_word' id='word_1_511' title='bbox 2965 3571 3137 3648; x_wconf 89' lang='lat' dir='ltr'><strong>patet</strong></span> <span class='ocrx_word' id='word_1_512' title='bbox 3157 3568 3234 3632; x_wconf 90' lang='lat' dir='ltr'><strong>de</strong></span> <span class='ocrx_word' id='word_1_513' title='bbox 3259 3569 3408 3647; x_wconf 85' lang='lat' dir='ltr'><strong>fide,</strong></span> 
     </span>
     <span class='ocr_line' id='line_1_75' title="bbox 1863 3670 3405 3758; baseline 0.001 -20"><span class='ocrx_word' id='word_1_514' title='bbox 1863 3670 2120 3738; x_wconf 88' lang='lat' dir='ltr'><strong>videtur</strong></span> <span class='ocrx_word' id='word_1_515' title='bbox 2143 3671 2316 3755; x_wconf 87' lang='lat' dir='ltr'><strong>quod</strong></span> <span class='ocrx_word' id='word_1_516' title='bbox 2348 3671 2619 3736; x_wconf 84' lang='lat' dir='ltr'><strong>charitas</strong></span> <span class='ocrx_word' id='word_1_517' title='bbox 2643 3670 2821 3736; x_wconf 91' lang='lat' dir='ltr'><strong>nullo</strong></span> <span class='ocrx_word' id='word_1_518' title='bbox 2856 3674 3048 3739; x_wconf 92' lang='lat' dir='ltr'><strong>modo</strong></span> <span class='ocrx_word' id='word_1_519' title='bbox 3075 3678 3280 3758; x_wconf 89' lang='lat' dir='ltr'><strong>potest</strong></span> <span class='ocrx_word' id='word_1_520' title='bbox 3304 3677 3405 3740; x_wconf 92' lang='lat' dir='ltr'><strong>in-</strong></span> 
     </span>
     <span class='ocr_line' id='line_1_76' title="bbox 1864 3778 3078 3843; baseline 0.002 -1"><span class='ocrx_word' id='word_1_521' title='bbox 1864 3778 2087 3843; x_wconf 84' lang='lat' dir='ltr'><strong>formis</strong></span> <span class='ocrx_word' id='word_1_522' title='bbox 2118 3796 2277 3843; x_wconf 87' lang='lat' dir='ltr'><strong>esse.</strong></span> <span class='ocrx_word' id='word_1_523' title='bbox 3075 3786 3078 3795; x_wconf 88' lang='lat'>&#39;</span> 
     </span>
    </p>

    <p class='ocr_par' dir='ltr' id='par_1_22' title="bbox 1865 3886 3444 4934">
     <span class='ocr_line' id='line_1_77' title="bbox 1949 3886 3414 3972; baseline 0.003 -22"><span class='ocrx_word' id='word_1_524' title='bbox 1949 3886 2141 3964; x_wconf 90' lang='lat' dir='ltr'><strong>Item,</strong></span> <span class='ocrx_word' id='word_1_525' title='bbox 2172 3886 2336 3950; x_wconf 90' lang='lat' dir='ltr'><strong>sicut</strong></span> <span class='ocrx_word' id='word_1_526' title='bbox 2379 3886 2716 3952; x_wconf 84' lang='lat' dir='ltr'><strong>infidelitas</strong></span> <span class='ocrx_word' id='word_1_527' title='bbox 2752 3891 3075 3972; x_wconf 86' lang='lat' dir='ltr'><strong>repugnat</strong></span> <span class='ocrx_word' id='word_1_528' title='bbox 3099 3887 3249 3953; x_wconf 87' lang='lat' dir='ltr'><strong>fldei</strong></span> <span class='ocrx_word' id='word_1_529' title='bbox 3269 3936 3289 3969; x_wconf 91' lang='lat'><strong>,</strong></span> <span class='ocrx_word' id='word_1_530' title='bbox 3320 3890 3414 3954; x_wconf 91' lang='lat' dir='ltr'><strong>sic</strong></span> 
     </span>
     <span class='ocr_line' id='line_1_78' title="bbox 1865 3991 3413 4081; baseline 0.003 -23"><span class='ocrx_word' id='word_1_531' title='bbox 1865 3993 2065 4059; x_wconf 90' lang='lat' dir='ltr'><strong>libido</strong></span> <span class='ocrx_word' id='word_1_532' title='bbox 2112 4000 2176 4059; x_wconf 90' lang='lat' dir='ltr'><strong>et</strong></span> <span class='ocrx_word' id='word_1_533' title='bbox 2216 4013 2398 4059; x_wconf 89' lang='lat' dir='ltr'><strong>amor</strong></span> <span class='ocrx_word' id='word_1_534' title='bbox 2430 3995 2808 4062; x_wconf 89' lang='lat' dir='ltr'><strong>libidinosus</strong></span> <span class='ocrx_word' id='word_1_535' title='bbox 2850 4002 3171 4081; x_wconf 87' lang='lat' dir='ltr'><strong>repugnat</strong></span> <span class='ocrx_word' id='word_1_536' title='bbox 3205 3991 3413 4062; x_wconf 73' lang='lat' dir='ltr'><strong>chari-‘-</strong></span> 
     </span>
     <span class='ocr_line' id='line_1_79' title="bbox 1868 4102 3414 4185; baseline 0.002 -19"><span class='ocrx_word' id='word_1_537' title='bbox 1868 4103 1984 4166; x_wconf 86' lang='lat' dir='ltr'><strong>tati</strong></span> <span class='ocrx_word' id='word_1_538' title='bbox 2018 4124 2035 4167; x_wconf 71' lang='grc' dir='ltr'><strong>ι</strong></span> <span class='ocrx_word' id='word_1_539' title='bbox 2071 4102 2183 4166; x_wconf 91' lang='lat' dir='ltr'><strong>sed</strong></span> <span class='ocrx_word' id='word_1_540' title='bbox 2226 4102 2612 4185; x_wconf 90' lang='lat' dir='ltr'><strong>impossibile</strong></span> <span class='ocrx_word' id='word_1_541' title='bbox 2639 4106 2733 4168; x_wconf 89' lang='lat' dir='ltr'><strong>est</strong></span> <span class='ocrx_word' id='word_1_542' title='bbox 2772 4104 3065 4169; x_wconf 90' lang='lat' dir='ltr'><strong>habitum</strong></span> <span class='ocrx_word' id='word_1_543' title='bbox 3109 4104 3260 4169; x_wconf 87' lang='lat' dir='ltr'><strong>fidei</strong></span> <span class='ocrx_word' id='word_1_544' title='bbox 3296 4124 3414 4169; x_wconf 91' lang='lat' dir='ltr'><strong>nec</strong></span> 
     </span>
     <span class='ocr_line' id='line_1_80' title="bbox 1868 4209 3415 4289; baseline 0.002 -15"><span class='ocrx_word' id='word_1_545' title='bbox 1868 4210 2212 4274; x_wconf 85' lang='lat' dir='ltr'><strong>informem</strong></span> <span class='ocrx_word' id='word_1_546' title='bbox 2233 4256 2253 4289; x_wconf 90' lang='lat'>‚</span> <span class='ocrx_word' id='word_1_547' title='bbox 2295 4227 2414 4273; x_wconf 92' lang='lat' dir='ltr'><strong>nec</strong></span> <span class='ocrx_word' id='word_1_548' title='bbox 2450 4209 2798 4277; x_wconf 83' lang='lat' dir='ltr'><strong>formatum</strong></span> <span class='ocrx_word' id='word_1_549' title='bbox 2826 4212 3022 4277; x_wconf 90' lang='lat' dir='ltr'><strong>simul</strong></span> <span class='ocrx_word' id='word_1_550' title='bbox 3061 4217 3227 4277; x_wconf 87' lang='lat' dir='ltr'><strong>stare</strong></span> <span class='ocrx_word' id='word_1_551' title='bbox 3264 4232 3415 4277; x_wconf 90' lang='lat' dir='ltr'><strong>cum</strong></span> 
     </span>
     <span class='ocr_line' id='line_1_81' title="bbox 1871 4315 3444 4404; baseline 0.006 -23"><span class='ocrx_word' id='word_1_552' title='bbox 1871 4335 2085 4382; x_wconf 88' lang='lat' dir='ltr'><strong>errore</strong></span> <span class='ocrx_word' id='word_1_553' title='bbox 2127 4321 2191 4381; x_wconf 92' lang='lat' dir='ltr'><strong>et</strong></span> <span class='ocrx_word' id='word_1_554' title='bbox 2235 4315 2645 4383; x_wconf 84' lang='lat' dir='ltr'><strong>infidelitate:</strong></span> <span class='ocrx_word' id='word_1_555' title='bbox 2677 4338 2834 4402; x_wconf 91' lang='lat' dir='ltr'><strong>ergo</strong></span> <span class='ocrx_word' id='word_1_556' title='bbox 2885 4319 3275 4404; x_wconf 89' lang='lat' dir='ltr'><strong>impossibile</strong></span> <span class='ocrx_word' id='word_1_557' title='bbox 3321 4326 3444 4391; x_wconf 87' lang='lat' dir='ltr'><strong>est.</strong></span> 
     </span>
     <span class='ocr_line' id='line_1_82' title="bbox 1870 4423 3411 4508; baseline 0.003 -20"><span class='ocrx_word' id='word_1_558' title='bbox 1870 4423 2166 4489; x_wconf 88' lang='lat' dir='ltr'><strong>habitum</strong></span> <span class='ocrx_word' id='word_1_559' title='bbox 2192 4423 2516 4488; x_wconf 88' lang='lat' dir='ltr'><strong>charitatis</strong></span> <span class='ocrx_word' id='word_1_560' title='bbox 2551 4442 2669 4490; x_wconf 90' lang='lat' dir='ltr'><strong>nec</strong></span> <span class='ocrx_word' id='word_1_561' title='bbox 2713 4425 3055 4491; x_wconf 80' lang='lat' dir='ltr'><strong>informem</strong></span> <span class='ocrx_word' id='word_1_562' title='bbox 3076 4475 3096 4508; x_wconf 89' lang='lat'>‚</span> <span class='ocrx_word' id='word_1_563' title='bbox 3124 4445 3241 4491; x_wconf 91' lang='lat' dir='ltr'><strong>nec</strong></span> <span class='ocrx_word' id='word_1_564' title='bbox 3281 4427 3411 4494; x_wconf 89' lang='lat' dir='ltr'><strong>for-</strong></span> 
     </span>
     <span class='ocr_line' id='line_1_83' title="bbox 1874 4529 3411 4598; baseline 0.001 -2"><span class='ocrx_word' id='word_1_565' title='bbox 1874 4535 2123 4596; x_wconf 89' lang='lat' dir='ltr'><strong>matum</strong></span> <span class='ocrx_word' id='word_1_566' title='bbox 2147 4529 2339 4595; x_wconf 91' lang='lat' dir='ltr'><strong>simul</strong></span> <span class='ocrx_word' id='word_1_567' title='bbox 2364 4531 2532 4595; x_wconf 88' lang='lat' dir='ltr'><strong>stare</strong></span> <span class='ocrx_word' id='word_1_568' title='bbox 2558 4548 2707 4595; x_wconf 88' lang='lat' dir='ltr'><strong>cum</strong></span> <span class='ocrx_word' id='word_1_569' title='bbox 2743 4531 3005 4598; x_wconf 87' lang='lat' dir='ltr'><strong>libidine</strong></span> <span class='ocrx_word' id='word_1_570' title='bbox 3032 4553 3048 4595; x_wconf 76' lang='grc' dir='ltr'><strong><em>ε</em></strong></span> <span class='ocrx_word' id='word_1_571' title='bbox 3086 4534 3194 4598; x_wconf 91' lang='lat' dir='ltr'><strong>sed</strong></span> <span class='ocrx_word' id='word_1_572' title='bbox 3221 4552 3411 4598; x_wconf 91' lang='lat' dir='ltr'><strong>omne</strong></span> 
     </span>
     <span class='ocr_line' id='line_1_84' title="bbox 1873 4636 3412 4726; baseline 0.003 -25"><span class='ocrx_word' id='word_1_573' title='bbox 1873 4642 2202 4722; x_wconf 89' lang='lat' dir='ltr'><strong>peccatum</strong></span> <span class='ocrx_word' id='word_1_574' title='bbox 2230 4639 2326 4701; x_wconf 89' lang='lat' dir='ltr'><strong>est</strong></span> <span class='ocrx_word' id='word_1_575' title='bbox 2356 4636 2578 4715; x_wconf 85' lang='lat' dir='ltr'><strong>libido,</strong></span> <span class='ocrx_word' id='word_1_576' title='bbox 2607 4637 2713 4702; x_wconf 83' lang='lat' dir='ltr'><strong>vel</strong></span> <span class='ocrx_word' id='word_1_577' title='bbox 2744 4657 2828 4703; x_wconf 83' lang='lat' dir='ltr'><strong>ex</strong></span> <span class='ocrx_word' id='word_1_578' title='bbox 2852 4638 3113 4726; x_wconf 83' lang='lat' dir='ltr'><strong>libidine</strong></span> <span class='ocrx_word' id='word_1_579' title='bbox 3133 4688 3151 4719; x_wconf 87' lang='lat'><strong>,</strong></span> <span class='ocrx_word' id='word_1_580' title='bbox 3181 4659 3412 4706; x_wconf 87' lang='lat' dir='ltr'><strong>secun-</strong></span> 
     </span>
     <span class='ocr_line' id='line_1_85' title="bbox 1877 4741 3416 4831; baseline 0.002 -21"><span class='ocrx_word' id='word_1_581' title='bbox 1877 4745 2035 4810; x_wconf 89' lang='lat' dir='ltr'><strong>dum</strong></span> <span class='ocrx_word' id='word_1_582' title='bbox 2061 4741 2235 4827; x_wconf 85' lang='lat' dir='ltr'><strong>quod</strong></span> <span class='ocrx_word' id='word_1_583' title='bbox 2263 4742 2416 4807; x_wconf 86' lang='lat' dir='ltr'><strong>dicit</strong></span> <span class='ocrx_word' id='word_1_584' title='bbox 2447 4742 2853 4825; x_wconf 86' lang='lat' dir='ltr'><strong>Augustinus</strong></span> <span class='ocrx_word' id='word_1_585' title='bbox 2877 4750 2899 4786; x_wconf 83' lang='lat'>⁸</span> <span class='ocrx_word' id='word_1_586' title='bbox 2929 4768 2944 4812; x_wconf 72' lang='grc' dir='ltr'><strong>ε</strong></span> <span class='ocrx_word' id='word_1_587' title='bbox 2978 4765 3137 4830; x_wconf 88' lang='lat' dir='ltr'><strong>ergo</strong></span> <span class='ocrx_word' id='word_1_588' title='bbox 3172 4748 3416 4831; x_wconf 91' lang='lat' dir='ltr'><strong>impos-</strong></span> 
     </span>
     <span class='ocr_line' id='line_1_86' title="bbox 1878 4850 3412 4934; baseline 0.003 -19"><span class='ocrx_word' id='word_1_589' title='bbox 1878 4850 2061 4915; x_wconf 87' lang='lat' dir='ltr'><strong>sibile</strong></span> <span class='ocrx_word' id='word_1_590' title='bbox 2085 4855 2181 4914; x_wconf 88' lang='lat' dir='ltr'><strong>est</strong></span> <span class='ocrx_word' id='word_1_591' title='bbox 2214 4850 2512 4914; x_wconf 90' lang='lat' dir='ltr'><strong>habitum</strong></span> <span class='ocrx_word' id='word_1_592' title='bbox 2542 4851 2865 4917; x_wconf 90' lang='lat' dir='ltr'><strong>charitatis</strong></span> <span class='ocrx_word' id='word_1_593' title='bbox 2888 4873 3008 4920; x_wconf 89' lang='lat' dir='ltr'><strong>nec</strong></span> <span class='ocrx_word' id='word_1_594' title='bbox 3037 4855 3376 4920; x_wconf 81' lang='lat' dir='ltr'><strong>informem</strong></span> <span class='ocrx_word' id='word_1_595' title='bbox 3394 4903 3412 4934; x_wconf 88' lang='lat'><strong>,</strong></span> 
     </span>
    </p>
   </div>
   <div class='ocr_carea' id='block_1_19' title="bbox 1882 4974 3419 5121">
    <p class='ocr_par' dir='ltr' id='par_1_23' title="bbox 1882 4974 3419 5121">
     <span class='ocr_line' id='line_1_87' title="bbox 1946 4974 3418 5045; baseline 0.003 -20"><span class='ocrx_word' id='word_1_596' title='bbox 1946 4976 1965 5010; x_wconf 85' lang='lat'>¹</span> <span class='ocrx_word' id='word_1_597' title='bbox 1992 4976 2148 5035; x_wconf 70' lang='lat' dir='ltr'><strong>Rom„</strong></span> <span class='ocrx_word' id='word_1_598' title='bbox 2171 4987 2211 5038; x_wconf 86' lang='lat'><strong>1,</strong></span> <span class='ocrx_word' id='word_1_599' title='bbox 2242 4976 2419 5024; x_wconf 77' lang='lat'><strong>17.-¹</strong></span> <span class='ocrx_word' id='word_1_600' title='bbox 2443 4974 2524 5038; x_wconf 82' lang='lat' dir='ltr'><strong>Cf.</strong></span> <span class='ocrx_word' id='word_1_601' title='bbox 2551 4976 2693 5026; x_wconf 77' lang='lat' dir='ltr'><strong>Alex.</strong></span> <span class='ocrx_word' id='word_1_602' title='bbox 2717 4977 2909 5042; x_wconf 68' lang='lat' dir='ltr'><strong>Alens„</strong></span> <span class='ocrx_word' id='word_1_603' title='bbox 2945 4981 3176 5045; x_wconf 79' lang='lat' dir='ltr'><strong>Cont.,p.</strong></span> <span class='ocrx_word' id='word_1_604' title='bbox 3195 4981 3283 5045; x_wconf 86' lang='grc' dir='ltr'>ΙΙΙ,</span> <span class='ocrx_word' id='word_1_605' title='bbox 3301 4980 3418 5032; x_wconf 87' lang='lat' dir='ltr'><strong>coll.</strong></span> 
     </span>
     <span class='ocr_line' id='line_1_88' title="bbox 1882 5050 3419 5121; baseline 0.002 -19"><span class='ocrx_word' id='word_1_606' title='bbox 1882 5062 2009 5114; x_wconf 71' lang='lat' dir='ltr'><strong>nvn,</strong></span> <span class='ocrx_word' id='word_1_607' title='bbox 2034 5054 2129 5101; x_wconf 85' lang='lat' dir='ltr'><strong>art.</strong></span> <span class='ocrx_word' id='word_1_608' title='bbox 2151 5054 2208 5113; x_wconf 79' lang='lat'><strong>63</strong></span> <span class='ocrx_word' id='word_1_609' title='bbox 2236 5052 2292 5101; x_wconf 89' lang='lat' dir='ltr'><strong>S.</strong></span> <span class='ocrx_word' id='word_1_610' title='bbox 2327 5050 2528 5110; x_wconf 68' lang='lat' dir='ltr'><strong>Thom„</strong></span> <span class='ocrx_word' id='word_1_611' title='bbox 2559 5052 2695 5115; x_wconf 65' lang='lat'><strong>1141,</strong></span> <span class='ocrx_word' id='word_1_612' title='bbox 2730 5068 2781 5118; x_wconf 89' lang='lat' dir='ltr'><strong>q.</strong></span> <span class='ocrx_word' id='word_1_613' title='bbox 2810 5066 2954 5121; x_wconf 77' lang='lat' dir='ltr'><strong>xxw,</strong></span> <span class='ocrx_word' id='word_1_614' title='bbox 3002 5060 3096 5106; x_wconf 77' lang='lat' dir='ltr'><strong>art.</strong></span> <span class='ocrx_word' id='word_1_615' title='bbox 3142 5059 3225 5120; x_wconf 77' lang='lat'><strong>¹23</strong></span> <span class='ocrx_word' id='word_1_616' title='bbox 3264 5059 3316 5107; x_wconf 83' lang='lat' dir='ltr'><strong>et</strong></span> <span class='ocrx_word' id='word_1_617' title='bbox 3353 5058 3419 5107; x_wconf 87' lang='grc' dir='ltr'><strong>ΙΙΙ</strong></span> 
     </span>
    </p>
   </div>
   <div class='ocr_carea' id='block_1_20' title="bbox 1880 5122 3428 5409">
    <p class='ocr_par' dir='ltr' id='par_1_24' title="bbox 1880 5122 3428 5409">
     <span class='ocr_line' id='line_1_89' title="bbox 1882 5122 3421 5195; baseline 0.005 -23"><span class='ocrx_word' id='word_1_618' title='bbox 1882 5123 2041 5185; x_wconf 64' lang='lat' dir='ltr'><strong>Seni„</strong></span> <span class='ocrx_word' id='word_1_619' title='bbox 2060 5122 2176 5172; x_wconf 85' lang='lat' dir='ltr'><strong>dist.</strong></span> <span class='ocrx_word' id='word_1_620' title='bbox 2194 5132 2356 5184; x_wconf 82' lang='lat' dir='ltr'><strong>xxvu,</strong></span> <span class='ocrx_word' id='word_1_621' title='bbox 2376 5136 2427 5186; x_wconf 89' lang='lat' dir='ltr'><strong>q.</strong></span> <span class='ocrx_word' id='word_1_622' title='bbox 2448 5132 2507 5181; x_wconf 85' lang='lat'><strong>11.</strong></span> <span class='ocrx_word' id='word_1_623' title='bbox 2527 5127 2621 5175; x_wconf 83' lang='lat' dir='ltr'><strong>art.</strong></span> <span class='ocrx_word' id='word_1_624' title='bbox 2649 5125 2696 5188; x_wconf 85' lang='grc'><strong>3,</strong></span> <span class='ocrx_word' id='word_1_625' title='bbox 2726 5140 2762 5190; x_wconf 85' lang='lat' dir='ltr'>q</span> <span class='ocrx_word' id='word_1_626' title='bbox 2798 5138 2892 5195; x_wconf 79' lang='lat'><strong>1113</strong></span> <span class='ocrx_word' id='word_1_627' title='bbox 2917 5127 3048 5179; x_wconf 82' lang='lat' dir='ltr'><strong>etde</strong></span> <span class='ocrx_word' id='word_1_628' title='bbox 3076 5127 3253 5192; x_wconf 61' lang='lat' dir='ltr'><strong>Ver-it„</strong></span> <span class='ocrx_word' id='word_1_629' title='bbox 3281 5139 3421 5193; x_wconf 83' lang='lat' dir='ltr'><strong>q.v1,</strong></span> 
     </span>
     <span class='ocr_line' id='line_1_90' title="bbox 1881 5192 3420 5265; baseline 0.004 -20"><span class='ocrx_word' id='word_1_630' title='bbox 1881 5199 1978 5245; x_wconf 87' lang='lat' dir='ltr'><strong>art.</strong></span> <span class='ocrx_word' id='word_1_631' title='bbox 2013 5198 2078 5256; x_wconf 87' lang='lat'><strong>2;</strong></span> <span class='ocrx_word' id='word_1_632' title='bbox 2107 5192 2404 5256; x_wconf 83' lang='lat' dir='ltr'><strong>Richardus,</strong></span> <span class='ocrx_word' id='word_1_633' title='bbox 2439 5194 2504 5243; x_wconf 83' lang='lat' dir='ltr'><strong>Ill</strong></span> <span class='ocrx_word' id='word_1_634' title='bbox 2530 5195 2688 5258; x_wconf 68' lang='lat' dir='ltr'><strong>Seni„</strong></span> <span class='ocrx_word' id='word_1_635' title='bbox 2715 5197 2832 5249; x_wconf 85' lang='lat' dir='ltr'><strong>dist.</strong></span> <span class='ocrx_word' id='word_1_636' title='bbox 2873 5211 3039 5263; x_wconf 79' lang='lat' dir='ltr'><strong>nvn,</strong></span> <span class='ocrx_word' id='word_1_637' title='bbox 3067 5205 3166 5250; x_wconf 89' lang='lat' dir='ltr'><strong>art.</strong></span> <span class='ocrx_word' id='word_1_638' title='bbox 3194 5204 3240 5260; x_wconf 87' lang='grc'><strong>9,</strong></span> <span class='ocrx_word' id='word_1_639' title='bbox 3269 5214 3322 5265; x_wconf 87' lang='lat' dir='ltr'><strong>q.</strong></span> <span class='ocrx_word' id='word_1_640' title='bbox 3347 5212 3420 5263; x_wconf 83' lang='lat'><strong>113</strong></span> 
     </span>
     <span class='ocr_line' id='line_1_91' title="bbox 1883 5264 3428 5336; baseline 0.003 -19"><span class='ocrx_word' id='word_1_641' title='bbox 1883 5265 2062 5330; x_wconf 86' lang='lat' dir='ltr'><strong>Steph.</strong></span> <span class='ocrx_word' id='word_1_642' title='bbox 2086 5264 2296 5326; x_wconf 70' lang='lat' dir='ltr'><strong>Brulef„</strong></span> <span class='ocrx_word' id='word_1_643' title='bbox 2318 5267 2381 5314; x_wconf 88' lang='grc' dir='ltr'><strong>ΙΙΙ</strong></span> <span class='ocrx_word' id='word_1_644' title='bbox 2413 5265 2572 5330; x_wconf 68' lang='lat' dir='ltr'><strong>Seni„</strong></span> <span class='ocrx_word' id='word_1_645' title='bbox 2608 5267 2726 5318; x_wconf 88' lang='lat' dir='ltr'><strong>dist.</strong></span> <span class='ocrx_word' id='word_1_646' title='bbox 2753 5281 2918 5331; x_wconf 81' lang='lat' dir='ltr'><strong>xxvu,</strong></span> <span class='ocrx_word' id='word_1_647' title='bbox 2953 5285 3006 5336; x_wconf 79' lang='lat' dir='ltr'><strong>q,</strong></span> <span class='ocrx_word' id='word_1_648' title='bbox 3035 5283 3106 5324; x_wconf 77' lang='lat' dir='ltr'><strong>nr.</strong></span> <span class='ocrx_word' id='word_1_649' title='bbox 3133 5299 3196 5310; x_wconf 95' lang='lat'>—</span> <span class='ocrx_word' id='word_1_650' title='bbox 3220 5271 3244 5307; x_wconf 83' lang='lat'>⁸</span> <span class='ocrx_word' id='word_1_651' title='bbox 3269 5272 3428 5335; x_wconf 68' lang='lat' dir='ltr'><strong>Hug„</strong></span> 
     </span>
     <span class='ocr_line' id='line_1_92' title="bbox 1880 5336 3427 5409; baseline 0.005 -21"><span class='ocrx_word' id='word_1_652' title='bbox 1880 5338 1942 5388; x_wconf 84' lang='lat' dir='ltr'><strong>de</strong></span> <span class='ocrx_word' id='word_1_653' title='bbox 1969 5339 2215 5398; x_wconf 76' lang='lat' dir='ltr'><strong>Sacram..</strong></span> <span class='ocrx_word' id='word_1_654' title='bbox 2241 5336 2331 5387; x_wconf 86' lang='lat' dir='ltr'><strong>lib.</strong></span> <span class='ocrx_word' id='word_1_655' title='bbox 2358 5337 2421 5400; x_wconf 85' lang='lat'><strong>11,</strong></span> <span class='ocrx_word' id='word_1_656' title='bbox 2449 5350 2638 5390; x_wconf 85' lang='lat' dir='ltr'><strong>c.xm.</strong></span> <span class='ocrx_word' id='word_1_657' title='bbox 2658 5365 2721 5377; x_wconf 91' lang='lat'>—</span> <span class='ocrx_word' id='word_1_658' title='bbox 2739 5342 2759 5373; x_wconf 83' lang='lat'><strong>⁴</strong></span> <span class='ocrx_word' id='word_1_659' title='bbox 2784 5342 2944 5409; x_wconf 63' lang='lat' dir='ltr'><strong>Rom„</strong></span> <span class='ocrx_word' id='word_1_660' title='bbox 2964 5356 3005 5409; x_wconf 85' lang='lat'><strong>1,</strong></span> <span class='ocrx_word' id='word_1_661' title='bbox 3036 5347 3111 5397; x_wconf 77' lang='lat'><strong>¹7.</strong></span> <span class='ocrx_word' id='word_1_662' title='bbox 3139 5370 3204 5384; x_wconf 90' lang='lat'>—</span> <span class='ocrx_word' id='word_1_663' title='bbox 3224 5344 3246 5380; x_wconf 82' lang='lat'>⁸</span> <span class='ocrx_word' id='word_1_664' title='bbox 3272 5345 3427 5409; x_wconf 63' lang='lat' dir='ltr'><strong>Aug„</strong></span> 
     </span>
    </p>
   </div>
   <div class='ocr_carea' id='block_1_21' title="bbox 73 5389 2624 5496">
    <p class='ocr_par' dir='ltr' id='par_1_25' title="bbox 73 5389 2624 5496">
     <span class='ocr_line' id='line_1_93' title="bbox 73 5389 2624 5496; baseline -0.007 -13"><span class='ocrx_word' id='word_1_665' title='bbox 73 5389 103 5418; x_wconf 82' lang='lat'><strong>&#39;&#39;</strong></span> <span class='ocrx_word' id='word_1_666' title='bbox 141 5424 340 5496; x_wconf 73' lang='lat' dir='ltr'><strong>mis,</strong></span> <span class='ocrx_word' id='word_1_667' title='bbox 377 5430 484 5478; x_wconf 86' lang='lat' dir='ltr'><strong>an</strong></span> <span class='ocrx_word' id='word_1_668' title='bbox 518 5417 791 5484; x_wconf 86' lang='lat' dir='ltr'><strong>semper</strong></span> <span class='ocrx_word' id='word_1_669' title='bbox 816 5400 898 5464; x_wconf 87' lang='lat' dir='ltr'><strong>sit</strong></span> <span class='ocrx_word' id='word_1_670' title='bbox 924 5400 1269 5477; x_wconf 48' lang='lat' dir='ltr'><strong>formatum</strong></span> <span class='ocrx_word' id='word_1_671' title='bbox 1301 5400 1365 5463; x_wconf 79' lang='lat' dir='ltr'><strong>et</strong></span> <span class='ocrx_word' id='word_1_672' title='bbox 1395 5396 1567 5480; x_wconf 83' lang='lat' dir='ltr'><strong>quod</strong></span> <span class='ocrx_word' id='word_1_673' title='bbox 1609 5414 1775 5484; x_wconf 66' lang='lat' dir='ltr'><strong>sem-</strong></span> <span class='ocrx_word' id='word_1_674' title='bbox 1883 5412 2371 5474; x_wconf 77' lang='lat' dir='ltr'><strong>deLr·b.Arb.‚1ib.</strong></span> <span class='ocrx_word' id='word_1_675' title='bbox 2403 5412 2514 5474; x_wconf 75' lang='lat' dir='ltr'><strong>1,e.</strong></span> <span class='ocrx_word' id='word_1_676' title='bbox 2543 5424 2624 5464; x_wconf 87' lang='lat'><strong>111.</strong></span> 
     </span>
    </p>
   </div>
   <div class='ocr_carea' id='block_1_22' title="bbox 435 5525 764 5584">
    <p class='ocr_par' dir='ltr' id='par_1_26' title="bbox 435 5525 764 5584">
     <span class='ocr_line' id='line_1_94' title="bbox 435 5525 764 5584; baseline -0.027 -3"><span class='ocrx_word' id='word_1_677' title='bbox 435 5526 628 5584; x_wconf 61' lang='lat' dir='ltr'>‘rofl-</span> <span class='ocrx_word' id='word_1_678' title='bbox 672 5525 764 5575; x_wconf 73' lang='lat' dir='ltr'><strong>IV.</strong></span> 
     </span>
    </p>
   </div>
   <div class='ocr_carea' id='block_1_23' title="bbox 3096 5488 3208 5577">
    <p class='ocr_par' dir='ltr' id='par_1_27' title="bbox 3096 5488 3208 5577">
     <span class='ocr_line' id='line_1_95' title="bbox 3096 5488 3208 5577; baseline 0 -86"><span class='ocrx_word' id='word_1_679' title='bbox 3096 5514 3173 5577; x_wconf 64' lang='lat'><strong>39</strong></span> <span class='ocrx_word' id='word_1_680' title='bbox 3207 5488 3208 5491; x_wconf 76' lang='grc'>,</span> 
     </span>
    </p>
   </div>
  </div>
 </body>
</html>
