4185 6288
1262 443 1461 510 ms'r.
1507 444 1610 510 lx.
1656 442 1838 508 ΛΒΤ.
1888 442 1935 507 l.
1975 441 2283 521 QUAEST.
2333 442 2411 508 n.

267 585 347 651 sia
378 585 547 668 fugit
587 583 788 649 ritum
833 580 1233 648 caeremoniae
1271 578 1528 662 legalis,
1569 595 1654 644 ne
1683 579 1783 643 vi-

266 692 463 757 deatur
499 691 834 774 judaizare
874 711 890 753 t
936 688 1074 772 pari
1121 705 1279 771 ergo
1315 686 1562 752 ratione
1603 686 1789 750 debet

260 803 464 884 fugere
493 802 696 868 ritum
719 800 1113 881 idololatriae,
1148 818 1231 864 ne
1267 798 1562 865 videatur
1587 797 1787 863 idolo-

252 910 468 974 latrare
507 930 525 974 :
559 927 720 991 ergo
748 907 802 972 si
842 906 1052 972 cultus
1089 905 1461 971 idololatriae
1506 905 1789 969 consistit

251 1018 317 1082 in
341 1017 745 1082 veneratione
768 1015 1130 1097 imaginum
1161 1018 1223 1079 et
1249 1014 1669 1098 picturarum,
1697 1014 1787 1076 vi-

245 1122 425 1188 detur
451 1122 623 1207 quod
649 1122 799 1187 talia
825 1139 957 1186 non
981 1121 1109 1185 sint
1136 1121 1477 1186 adoranda.

319 1235 378 1295 6.
432 1230 631 1309 Item,
677 1247 829 1293 cum
879 1228 1251 1312 hujusmodi
1304 1228 1625 1312 imagines
1670 1245 1787 1292 nec

240 1354 353 1419 per
397 1334 657 1401 Novum
671 1385 693 1415 ,
742 1353 862 1401 nec
906 1353 1021 1417 per
1065 1334 1260 1401 Vetus
1310 1334 1786 1401 Testamentum

241 1447 692 1531 approbentur,
724 1447 981 1512 videtur
1006 1446 1179 1529 quod
1208 1465 1434 1512 earum
1460 1447 1783 1512 introduc·

240 1554 329 1618 tio
348 1555 544 1619 fuerit
568 1553 875 1619 novitatis
895 1553 1347 1636 praesumptio:
1373 1553 1428 1617 si
1454 1571 1613 1635 ergo
1638 1553 1790 1619 talia

245 1670 391 1731 sunt
414 1666 813 1751 extirpanda,
835 1665 1091 1731 videtur
1107 1665 1281 1749 quod
1306 1665 1456 1731 talia
1479 1683 1615 1731 non
1635 1670 1789 1732 sunt

248 1773 520 1840 colenda.

776 1991 1231 2059 CONCLUSIO.

262 2159 427 2229 lnmqo
452 2159 653 2218 ctu-isa·
678 2166 758 2219 est
782 2162 967 2217 latrioe
987 2161 1305 2218 adoratione
1326 2160 1628 2232 adorando,
1654 2164 1787 2233 quia

322 2255 806 2320 representatum
833 2250 1233 2323 qtsipronobis
1261 2253 1548 2323 crucifi-‘rm
1583 2255 1696 2319 est,
1734 2255 1787 2308 et

325 2352 417 2409 pro
441 2354 494 2395 eo
518 2354 625 2397 seu
649 2340 812 2411 offert
838 2342 1043 2410 imaqo.

340 2523 508 2608 Resp.
527 2527 607 2591 ad
640 2545 784 2609 arg.
830 2526 1177 2591 Dicendum
1212 2527 1382 2611 quod
1422 2528 1786 2611 imaginum

272 2629 629 2698 introductio
662 2635 733 2698 in
772 2632 1049 2699 Ecclesia
1084 2653 1211 2698 non
1258 2634 1379 2699 fuit
1406 2635 1645 2720 absque
1681 2656 1788 2701 ra-

271 2736 528 2803 tionabili
577 2759 796 2805 causa.
852 2740 1235 2807 Introductae
1295 2742 1471 2807 enim
1529 2743 1788 2809 fuerunt

268 2849 499 2928 propter
517 2846 836 2931 triplicem
859 2865 1120 2912 causam
1146 2855 1193 2925 ²,
1215 2848 1504 2915 videlicet
1530 2855 1789 2936 propter

268 2947 626 3033 simplicium
687 2953 1029 3019 ruditatem
1053 3002 1070 3033 ,
1133 2958 1390 3038 propter
1438 2955 1785 3023 affectuum

269 3062 624 3147 tarditatem,
656 3068 720 3131 et
746 3071 1004 3151 propter
1024 3067 1354 3134 memoriae
1390 3068 1782 3137 labilitatem.

271 3166 508 3254 Propter
522 3173 913 3256 simplicium
933 3174 1278 3240 ruditatem
1307 3175 1588 3242 inventae
1603 3182 1784 3255 sunt,

273 3285 337 3344 nt
358 3283 683 3368 simplices,
704 3285 821 3368 qui
845 3304 977 3350 non
1004 3290 1271 3369 possunt
1296 3287 1538 3369 legere,
1560 3288 1628 3352 in
1663 3288 1789 3354 hu-

265 3388 523 3467 jusmodi
565 3392 911 3475 sculpturis
942 3397 1005 3457 et
1045 3393 1346 3475 picturis,
1378 3399 1686 3478 tanquam
1717 3396 1788 3460 in

270 3497 592 3580 scripturis,
626 3500 911 3583 apertius
935 3501 1180 3584 possint
1205 3506 1601 3566 sacramenta
1637 3520 1787 3566 nos-

270 3612 370 3674 trae
395 3612 535 3677 fidei
562 3613 800 3694 legere.
832 3610 1098 3697 Propter
1132 3613 1396 3677 affectus
1428 3615 1788 3681 tarditatem

270 3716 527 3783 similiter
551 3718 930 3782 introductae
952 3723 1126 3797 sunt,
1157 3719 1453 3784 videlicet
1478 3725 1552 3785 ut
1574 3722 1789 3787 homi-

270 3839 398 3902 nes,
437 3827 545 3909 qui
585 3843 723 3890 non
763 3826 1127 3891 excitantur
1172 3826 1252 3892 ad
1289 3826 1693 3894 devotionem
1717 3831 1789 3895 in

269 3928 372 4010 his,
398 3951 542 4016 quae
570 3951 691 4017 pro
717 3933 904 3999 nobis
930 3933 1219 3999 Christus
1246 3934 1464 4015 gessit,
1495 3935 1653 4000 dum
1680 3938 1792 4003 illa

268 4056 395 4105 aure
440 4040 841 4125 percipiunt,
888 4041 1115 4105 saltem
1179 4042 1537 4107 excitentur
1553 4091 1571 4120 ,
1630 4043 1787 4109 dum

263 4148 461 4213 eadem
504 4149 575 4212 in
633 4147 976 4231 sculpturis
1017 4153 1084 4212 et
1130 4148 1425 4231 picturis,
1480 4154 1787 4232 tanquam

258 4257 578 4338 prasentia
597 4304 617 4334 ,
663 4255 867 4319 oculis
914 4255 1233 4337 corporeis
1290 4261 1578 4321 cernunt.
1638 4255 1788 4322 Plus

252 4365 412 4427 enim
444 4362 764 4428 excitatur
799 4361 1065 4427 affectus
1107 4365 1324 4427 noster
1365 4381 1482 4445 per
1519 4382 1596 4429 ea
1636 4383 1783 4447 quae

248 4470 430 4550 videt,
473 4487 673 4553 quam
702 4486 818 4551 per
841 4487 920 4534 ea
945 4486 1094 4552 quae
1124 4469 1323 4534 audit.
1375 4469 1554 4536 Unde
1584 4470 1788 4537 Hora-

248 4578 390 4658 tius,
417 4578 495 4644 de
520 4578 676 4643 Arte
698 4578 951 4658 poetica
975 4576 998 4610 ³
1030 4597 1055 4638 .·

360 4724 581 4790 Segnius
602 4722 805 4773 irritant
830 4721 1033 4772 animos
1054 4721 1278 4773 demissa
1299 4737 1394 4789 per
1415 4736 1612 4789 aurem,

361 4798 523 4919 (eiam
533 4807 660 4918 (ἐιιιω
623 4797 803 4917 ὦζε
799 4792 985 4930 ,ssssffi
973 4793 1238 4916 igi-²1³3?
1257 4793 1507 4860 fidelibus,
1531 4799 1585 4847 et
1605 4809 1722 4863 quta

384 4882 419 4933 p
504 4882 547 4918 si
1060 4899 1077 4935 ².
1190 4902 1202 4915 .

314 4984 574 5070 Propter
592 4981 927 5049 memoriae
948 4981 1342 5060 labilitatem,
1366 4983 1518 5067 quia
1539 5001 1614 5049 ea
1632 5001 1780 5067 quae

239 5094 577 5160 audiuntur
623 5092 840 5158 solum
854 5137 871 5167 ,
920 5089 1168 5153 facilius
1220 5090 1563 5156 traduntur
1614 5092 1785 5156 obli-

298 5284 316 5320 ¹
333 5285 551 5336 nabetur
578 5283 633 5335 in
661 5284 828 5334 Cone.
854 5278 1014 5342 Trio„
1042 5292 1171 5330 sess.
1198 5290 1321 5342 ην,
1353 5293 1400 5330 c.
1421 5281 1673 5346 Moendat„
1692 5283 1786 5334 nbi

237 5357 631 5421 upuoenturhae
649 5359 760 5407 tres
788 5350 1030 5404 rationes.
1053 5376 1114 5389 -
1136 5352 1159 5386 ³
1183 5353 1385 5411 Horat„
1409 5351 1469 5401 de
1494 5354 1620 5404 Arte
1643 5357 1778 5420 poet.

287 5451 353 5518 (a)
370 5452 501 5506 Edit.
521 5449 811 5511 Benedict„
836 5445 1118 5513 utile.-(b)
1145 5446 1441 5528 citium—tc)
1468 5448 1641 5513 potius
1659 5464 1782 5516 quo.

3322 446 3443 509 203

1899 577 2078 643 vioni
2094 624 2114 657 ,
2158 595 2356 662 quam
2397 595 2474 645 ea
2503 596 2650 664 quae
2686 581 3010 648 videntur.
3053 581 3446 665 Frequenter

1899 685 2074 750 enim
2101 687 2466 752 verificatur
2490 688 2558 751 in
2603 688 2823 753 multis
2861 689 3018 755 illud
3035 739 3054 770 ,
3085 689 3259 773 quod
3285 706 3436 752 con-

1899 792 2110 856 suevit
2158 792 2279 858 dici
2325 814 2341 858 ε
2373 792 2656 858 Verbum
2696 796 2893 860 intrat
2927 814 3041 880 per
3085 813 3287 861 unam
3330 814 3446 860 au-

1899 915 2061 977 rem,
2087 904 2151 964 et
2166 900 2302 964 exit
2326 919 2441 985 per
2458 901 2674 965 aliam.
2701 900 3016 968 Praeterea
3033 922 3164 968 non
3193 921 3446 986 semper

1897 1010 1992 1070 est
2027 1011 2261 1091 praesto
2305 1010 2420 1091 qui
2465 1009 2776 1074 beneficia
2818 1010 3005 1075 nobis
3044 1000 3446 1093 przestita'ad

1905 1117 2286 1181 memoriam
2316 1115 2578 1181 redueat
2603 1135 2718 1200 per
2743 1117 2963 1183 verba.
3008 1117 3152 1184 ldeo
3189 1118 3447 1199 dispen-

1899 1223 2146 1288 satione
2176 1222 2285 1287 Dei
2312 1224 2549 1288 tactum
2591 1228 2687 1291 est
2702 1272 2719 1302 ,
2757 1229 2830 1289 ut
2869 1225 3183 1306 imagines
3222 1226 3448 1290 fierent

1899 1331 2224 1414 praecipue
2251 1330 2320 1395 in
2347 1331 2645 1410 ecclesiis,
2673 1337 2748 1397 ut
2781 1332 3068 1400 videntes
3097 1352 3204 1398 eas
3229 1351 3446 1399 recor-

1898 1434 2128 1503 demur
2152 1437 2231 1502 de
2270 1438 2596 1504 beneflciis
2620 1440 2804 1506 nobis
2848 1442 3152 1527 impensis
3179 1447 3243 1508 et
3269 1461 3448 1508 sanc-

1900 1547 2119 1608 torum
2166 1546 2468 1628 operibus
2517 1548 2838 1614 virtuosis.
2907 1550 3223 1628 Quoniam
3287 1569 3447 1633 ergo

1902 1654 2121 1738 imago
2148 1654 2382 1722 Christi
2420 1658 2785 1725 introducta
2828 1665 2925 1726 est
2965 1662 3047 1727 ad
3089 1680 3445 1745 repraesen-

1894 1763 2168 1828 tandum
2196 1783 2371 1846 eum,
2416 1767 2534 1849 qui
2574 1786 2691 1851 pro
2724 1769 2910 1835 nobis
2946 1770 3298 1835 crucifixus
3326 1774 3445 1850 est,

1897 1887 2017 1935 nec
2038 1872 2226 1936 offert
2244 1891 2312 1938 se
2338 1874 2524 1940 nobis
2545 1893 2662 1958 pro
2686 1893 2778 1956 se,
2807 1876 2918 1941 sed
2948 1894 3065 1959 pro
3092 1877 3202 1943 illo
3227 1883 3281 1957 ·;
3305 1877 3449 1943 ideo

1896 1979 2109 2043 omnis
2134 1984 2512 2061 reverentia,
2539 2002 2688 2067 quae
2733 1985 2794 2049 ei
2834 1985 3124 2064 offertur,
3173 1985 3445 2051 exhihe-

1896 2092 2007 2153 tur
2047 2089 2318 2155 Christo.
2372 2092 2451 2157 Et
2504 2099 2841 2179 propterea
2885 2094 3161 2177 imagini
3221 2093 3449 2159 Christi

1897 2197 2083 2262 debet
2112 2200 2322 2264 cultus
2343 2201 2546 2266 latriae
2574 2202 2887 2266 exhiberi.
2915 2202 2993 2266 Et
3017 2203 3142 2266 hoc
3161 2207 3259 2266 est
3277 2203 3450 2285 quod

1894 2305 2049 2370 dicit
2068 2308 2476 2391 Augustinus
2500 2309 2568 2373 in
2596 2310 2760 2374 libro
2788 2310 2868 2376 de
2897 2312 3207 2377 Doctrina
3229 2310 3448 2377 Chris-

1896 2415 2089 2481 tiana
2116 2415 2138 2450 ⁸
2163 2436 2190 2477 .-
2235 2440 2265 2477 α
2309 2415 2433 2494 Qui
2478 2421 2825 2484 veneratur
2868 2418 2991 2481 tale
3047 2417 3127 2501 (a)
3180 2417 3448 2500 signum

1896 2522 2209 2588 divinitus
2247 2524 2608 2588 institutum
2627 2570 2646 2603 ,
2677 2526 2822 2607 ejus
2849 2524 2924 2606 (b)
2963 2524 3098 2587 vim
3121 2523 3452 2605 significa-

1898 2632 2266 2715 tionemque
2316 2633 2616 2715 intelligit
2669 2654 2685 2697 ε
2739 2650 2872 2697 non
2928 2632 3050 2697 hoc
3101 2636 3449 2698 veneratur

1897 2742 2067 2825 quod
2106 2741 2359 2806 videtur
2385 2745 2448 2805 et
2483 2742 2730 2821 transit,
2774 2741 2883 2805 sed
2910 2741 3069 2805 illud
3103 2741 3339 2824 potius,
3367 2742 3450 2805 ad

1896 2847 2069 2930 quod
2103 2848 2172 2930 (c)
2206 2846 2356 2912 talia
2386 2850 2615 2913 cuncta
2644 2852 2796 2912 sunt
2820 2846 3171 2913 referenda.
3211 2868 3242 2907 n
3284 2846 3451 2911 Con-

1897 2953 2196 3018 oedendae
2215 2970 2374 3035 ergo
2404 2957 2557 3018 sunt
2581 2953 2884 3033 rationes,
2919 2970 3066 3036 quae
3093 2953 3218 3018 hoc
3242 2956 3448 3018 osten-

1897 3059 2084 3125 dunt.

1980 3173 2008 3231 1
2042 3172 2106 3235 et
2132 3173 2193 3233 2.
2235 3169 2334 3235 Ad
2378 3169 2535 3236 illud
2582 3186 2742 3250 ergo
2777 3171 2951 3252 quod
2993 3170 3338 3254 opponitur
3378 3156 3453 3234 in

1899 3278 2293 3342 contrarium
2312 3326 2331 3357 ,
2378 3277 2553 3360 quod
2598 3281 2693 3341 est
2733 3277 3130 3359 prohibitum
3175 3296 3258 3342 ne
3305 3277 3451 3361 quis

1899 3385 2084 3448 saciat
2111 3383 2227 3447 sihi
2257 3383 2634 3466 imaginem,
2665 3383 3006 3448 dicendum
3035 3384 3206 3466 quod
3230 3402 3346 3466 pro
3372 3402 3450 3448 eo

1898 3495 2189 3575 tempore
2218 3490 2614 3575 prohibitum
2642 3492 2758 3569 est,
2783 3490 2853 3553 in
2875 3508 3003 3572 quo
3029 3490 3196 3555 Deus
3221 3491 3451 3555 huma-

1898 3617 2053 3664 nam
2088 3601 2387 3662 naturam
2429 3597 2718 3661 nondum
2760 3601 3190 3679 assumpserat
3237 3616 3254 3661 ε
3294 3601 3450 3661 tunc

1898 3706 2095 3784 enim,
2123 3723 2275 3768 cum
2302 3704 2469 3768 Deus
2488 3703 2752 3767 omnino
2782 3704 3047 3786 spiritus
3072 3707 3256 3783 esset,
3301 3704 3450 3767 infl-

1899 3812 2218 3895 gurabilis
2259 3815 2396 3878 erat
2430 3835 2444 3876 :
2482 3816 2545 3876 et
2570 3811 2713 3875 ideo
2739 3811 2953 3893 ipsum
2983 3814 3268 3894 figurare
3315 3818 3454 3878 erat

1898 3938 2078 3985 error
2105 3923 2170 3984 et
2220 3919 2512 4002 impietas
2551 3936 2568 3981 ε
2615 3922 2679 3981 et
2720 3936 2837 4000 pro
2881 3919 2989 3983 illo
3032 3922 3319 4003 tempore
3354 3921 3453 3984 lo-

1898 4026 2120 4108 quitur
2147 4024 2606 4103 Damascenus,
2640 4042 2791 4088 cum
2818 4024 2968 4088 dicit
2992 4025 3037 4104 ⁸,
3080 4025 3252 4107 quod
3291 4026 3451 4089 insi-

1897 4132 2158 4215 pientiae
2185 4137 2249 4196 et
2275 4130 2618 4214 impietatis
2644 4133 2740 4195 est
2769 4131 3054 4213 figurare
3076 4133 3247 4214 quod
3276 4133 3451 4197 divi-

1898 4238 2114 4303 nitatis
2139 4243 2235 4303 est
2264 4260 2278 4301 :
2314 4236 2488 4320 quod
2514 4255 2745 4302 verum
2776 4242 2870 4300 est
2898 4239 3250 4303 secundum
3279 4240 3451 4322 quod

1898 4348 2247 4411 divinitatis
2273 4350 2406 4426 est,
2449 4345 2602 4429 quia
2647 4350 2742 4409 est
2775 4346 3451 4431 incircumscriptibilis

1898 4459 1962 4519 et
1987 4454 2444 4538 infigurabilis3
2477 4453 2587 4517 sed
2616 4471 2747 4517 non
2769 4458 2865 4517 est
2881 4455 2994 4531 sic,
3020 4460 3341 4537 quantum
3369 4456 3450 4520 ad

1896 4563 2253 4640 humanam
2274 4565 2594 4625 naturam.
2616 4558 2795 4624 Unde
2814 4560 3154 4643 subjungit
3177 4582 3192 4626 ε
3220 4585 3252 4622 α
3270 4561 3450 4639 Quod

1896 4670 2063 4735 Deus
2087 4673 2343 4752 propter
2376 4668 2617 4739 viscera
2650 4667 3099 4732 misericordiae
3138 4686 3276 4733 suae
3314 4670 3444 4733 fac-

1896 4783 2001 4842 tus
2029 4781 2124 4841 est
2148 4777 2366 4854 homo,
2391 4779 2621 4839 etcum
2640 4775 3013 4839 hominihus
3037 4780 3451 4841 conversatus

1897 4889 2013 4962 est,
2046 4883 2354 4949 miracula
2382 4883 2551 4963 fecit,
2583 4899 2809 4966 passus
2826 4885 2942 4963 est,
2966 4883 3312 4948 crucifixus
3328 4889 3445 4965 est;

1895 4993 2037 5058 haec
2081 4992 2157 5056 ad
2195 4990 2574 5054 memoriam
2611 4990 2953 5054 hominum
3008 4990 3240 5073 scripta
3271 4998 3444 5071 sunt,

1896 5105 1961 5166 et
1988 5101 2070 5165 ad
2101 5099 2453 5165 doctrinam
2500 5101 2809 5163 nostram.
2867 5123 2897 5160 ι
2946 5097 3105 5176 Quia
3131 5116 3289 5164 vero
3314 5119 3449 5167 non

1894 5307 1964 5357 ad
1984 5307 2172 5367 pison„
2201 5316 2338 5354 vers.
2362 5303 2692 5354 iso-182³·
2714 5302 2960 5368 liabetur,
2981 5304 3140 5356 conc.
3167 5305 3288 5356 'rrid
3302 5342 3339 5369 .,
3360 5305 3451 5358 ubi

1896 5392 2075 5442 supra,
2102 5381 2156 5428 et
2189 5376 2348 5428 Cone.
2373 5374 2483 5426 Nic.
2515 5387 2558 5428 11
2577 5413 2596 5440 ‚
2621 5379 2721 5428 art.
2739 5379 2864 5428 3.-
2885 5375 3083 5441 *Αιις.,
3122 5376 3183 5427 de
3208 5377 3451 5428 Doctrina

1900 5450 2112 5511 Christ„
2133 5449 2220 5500 lib.
2239 5448 2326 5508 ΙΙΙ.
2352 5462 2400 5499 c.
2421 5459 2496 5512 tx,
2516 5462 2570 5501 n.
2590 5450 2666 5505 13.
2692 5474 2745 5488 -
2767 5449 2789 5485 ⁸
2805 5449 3062 5511 Damaso..
3102 5448 3203 5501 loc.
3218 5448 3326 5515 jam
3359 5448 3447 5501 cit.
