4185 6288
732 453 853 516 ἔδω

1852 461 2476 533 SENTENTIARUM
2510 467 2665 534 mn.
2709 470 2817 535 111.

739 588 968 658 Tristis
995 601 1092 659 est
1126 591 1362 659 anima
1388 615 1563 684 mea,
1598 602 1751 682 etc„
1782 620 1938 688 ergo
1963 607 2028 668 et
2055 601 2324 691 quando
2363 602 2521 672 dicit
2546 613 2562 647 ¹
2599 629 2615 672 z
2649 607 2981 677 Dormivit
3002 611 3212 691 Iesus,
3242 633 3380 680 uon
3404 613 3762 684 dormivit:
3796 615 3908 684 vel

732 705 998 796 quando
1025 706 1180 775 dicit
1205 714 1228 748 ¹
1254 710 1703 799 manducasse,
1735 736 1867 783 nou
1897 717 2321 788 manducavit
2351 745 2366 787 :
2403 727 2468 789 et
2501 721 2593 791 ita
2617 722 2788 792 nihil
2816 747 3052 794 sanum
3082 726 3509 820 relinquitur,
3543 738 3621 798 ut
3645 730 3910 800 dicatur

730 821 926 890 etiam
953 822 1132 914 quod
1159 846 1396 916 corpus
1420 849 1557 896 non
1581 839 1722 899 erat
1761 853 2020 901 verum.
2075 833 2416 927 Quidquid
2461 859 2617 927 ergo
2652 839 2734 908 de
2779 840 2896 909 illo
2941 842 3256 933 scriptum
3283 852 3404 930 est,
3427 867 3661 915 verum
3688 854 3809 933 est,
3843 855 3910 916 et

728 935 974 1005 factum
1001 948 1119 1007 est.
1151 940 1326 1030 Ergo
1358 943 1560 1012 tristis
1582 945 1731 1033 fuit,
1758 948 1869 1017 sed
1903 949 2243 1020 voluntate
2262 952 2591 1023 tristitiam
2618 956 2900 1048 suscepit
2931 979 3178 1045 veram,
3209 961 3542 1051 quomodo
3568 962 3913 1034 voluntate

727 1075 988 1122 carnem
1035 1078 1280 1125 veram.
1339 1084 1375 1124 u
1405 1061 1648 1152 Aperte
1698 1066 1910 1133 noscis
1952 1067 2260 1136 eumdem
2298 1070 2425 1137 sibi
2467 1071 2535 1139 in
2582 1072 2684 1140 bis
2730 1072 2948 1142 verbis
2991 1076 3454 1159 contradicere,
3507 1078 3637 1147 nisi
3689 1079 3910 1150 varias

727 1167 1051 1240 dictorum
1077 1171 1470 1244 discerneret
1519 1199 1782 1267 causas,
1838 1203 1919 1251 ex
1993 1185 2238 1275 quibus
2306 1186 2743 1277 intelligentia
2795 1189 3150 1259 verborum
3206 1194 3597 1264 assumenda
3653 1203 3774 1264 est.
3833 1195 3910 1265 si

728 1286 904 1354 enim
958 1287 1366 1359 discernatur
1412 1293 1866 1385 intelligentiae
1905 1321 2102 1369 causa
2145 1302 2610 1393 praedictorum
2654 1305 3036 1394 verborum,
3093 1308 3262 1377 nihil
3317 1312 3601 1380 occurrit
3651 1320 3912 1383 contra-

729 1400 1051 1473 dictionis.

1114 1600 1521 1671 EXPOSITIO
1563 1604 1892 1674 TEXTUS.
1957 1593 1960 1596 ’

865 1772 992 1824 lund
1019 1786 1224 1839 quoque
1253 1776 1744 1839 praetermittendum
1769 1793 1876 1830 non
1905 1785 2009 1843 est,
2042 1785 2143 1832 etc.

808 1921 1014 2006 Supra
1036 1925 1170 2006 egit
1196 1924 1502 2006 Magister
1519 1928 1596 1992 de
1619 1928 2014 2010 plenitudine
2045 1934 2275 2014 gratiae

727 2034 792 2095 et
813 2031 1196 2110 cognitionis
1222 2033 1291 2096 in
1333 2033 1578 2100 Christo
1619 2055 1702 2101 ex
1745 2043 1924 2120 parte
1967 2041 2277 2122 humani-

727 2138 907 2215 tatis;
955 2137 1025 2201 in
1070 2137 1190 2203 hac
1233 2158 1388 2205 vero
1435 2148 1614 2225 parte
1659 2145 1925 2212 intendit
1963 2169 2158 2232 agere
2196 2152 2274 2216 de

530 2248 538 2257 '
573 2249 667 2291 '⁸¹0·
726 2247 972 2311 defectu
1013 2247 1461 2329 passibilitatis.
1510 2250 1828 2318 Dividitur
1869 2260 2088 2321 autem
2130 2277 2276 2342 pars

724 2354 844 2417 ista
867 2353 937 2417 in
960 2353 1141 2431 duas,
1170 2355 1241 2418 in
1267 2375 1543 2438 quarum
1568 2359 1780 2441 prima
1806 2362 1944 2443 agit
1966 2363 2044 2427 de
2073 2365 2274 2430 defec-

722 2462 893 2526 tibus
937 2481 976 2526 a
1032 2461 1275 2527 Christo
1334 2468 1677 2549 assumptis
1719 2468 1789 2532 in
1840 2472 2154 2552 generali;
2203 2473 2274 2537 in

718 2571 997 2634 secunda
1050 2589 1208 2636 vero
1258 2572 1394 2653 agit
1442 2574 1519 2637 de
1576 2575 1873 2656 passione
1923 2578 2159 2643 doloris
2205 2582 2272 2644 in

717 2677 994 2758 speciali,
1025 2679 1233 2744 intra:
1274 2680 1719 2760 Verumtamen
1760 2686 1968 2766 maqis
1995 2693 2270 2766 movent,

718 2801 793 2850 ac
833 2785 1276 2867 difficiliorem
1316 2787 1601 2871 afferunt
1646 2794 2101 2874 quoestionem,
2150 2799 2268 2858 etc.

720 2890 935 2957 Prima
979 2913 1127 2976 pars
1166 2896 1358 2959 habet
1397 2896 1583 2975 duaS,
1637 2899 1700 2961 in
1739 2917 2017 2980 quarum
2063 2901 2274 2982 prima

720 3000 1051 3064 veritatem
1078 3003 1407 3083 explanat3
1441 3004 1509 3067 in
1546 3006 1824 3070 secunda
1850 3025 2006 3071 vero
2034 3009 2272 3072 verita-

719 3110 846 3171 tem
875 3109 1282 3191 explanatam
1318 3112 1650 3195 multiplici
1697 3117 2068 3182 auctoritate
2116 3138 2267 3184 con-

722 3216 956 3296 firmat,
983 3217 1070 3280 ibi
1101 3240 1114 3282 :
1150 3218 1281 3285 Sed
1323 3223 1482 3302 quia
1522 3224 1841 3289 nonnulli.
1887 3223 2100 3288 Prima
2127 3244 2274 3309 pars

720 3322 909 3386 habet
962 3327 1091 3388 tres
1140 3331 1383 3407 parteS,
1429 3328 1497 3391 in
1555 3348 1833 3411 quarum
1885 3331 2091 3412 prima
2138 3333 2273 3413 agit

716 3428 795 3493 de
817 3429 1162 3496 defectibus
1185 3435 1450 3515 repertis
1477 3436 1545 3499 in
1575 3435 1818 3500 Christo
1846 3442 2160 3519 quantum
2192 3439 2271 3503 ad

718 3537 1225 3618 congruitatem,
1280 3543 1617 3605 ostendens
1671 3542 1842 3625 quod
1904 3562 2269 3624 congruum

718 3642 840 3706 fuit
866 3643 1183 3710 Christum
1214 3648 1372 3711 tales
1399 3649 1678 3712 defectus
1706 3651 1777 3713 in
1804 3669 1871 3714 se
1898 3651 2167 3729 habere;
2201 3652 2271 3713 in

720 3752 997 3816 secunda
1033 3771 1188 3819 vero
1236 3756 1373 3837 agit
1411 3760 1727 3839 quantum
1765 3758 1844 3821 ad
1885 3759 2266 3838 generalitas

718 3859 872 3937 tem,
903 3858 1234 3941 inquirens
1273 3865 1497 3926 utrum
1540 3881 1763 3928 omnes
1807 3864 2085 3928 defectus
2122 3883 2268 3929 nos-

720 3967 852 4027 tros
907 3967 1237 4050 contingat
1298 3969 1367 4033 in
1425 3969 1671 4034 Christo
1730 3971 2028 4052 reperiri,
2096 3971 2184 4033 ibi
2250 3995 2264 4035 :

726 4072 957 4140 Tradit
1002 4081 1219 4142 autem
1285 4080 1669 4157 auctoritas,
1723 4078 1895 4161 quod
1960 4079 2271 4145 Dominus

719 4186 949 4260 noster,
967 4185 1086 4246 etc.
1092 4183 1193 4263 ,·in
1207 4184 1391 4247 tertia
1401 4203 1555 4248 vero
1565 4184 1942 4249 determinat
1951 4191 2271 4268 quantum

720 4287 802 4351 ad
828 4289 1258 4353 causalitatem
1279 4340 1297 4370 ,
1337 4292 1674 4356 ostendeus
1703 4293 1857 4357 tales
1885 4293 2163 4358 defectus
2204 4294 2273 4358 in

722 4393 968 4458 Christo
991 4414 1121 4459 non
1153 4396 1347 4461 fuisse
1376 4418 1414 4462 a
1440 4403 1689 4477 natura,
1721 4399 1832 4463 sed
1857 4419 1897 4464 a
1917 4399 2268 4481 voluntate,

720 4500 811 4564 ihi
861 4524 875 4564 ε
927 4502 1060 4568 Hos
1111 4508 1327 4570 autem
1374 4503 1658 4585 desectus
1702 4523 1832 4573 non
1877 4507 2277 4576 conditionis

721 4626 879 4687 suoe,
932 4615 1051 4674 etc.
1114 4611 1418 4676 Similiter
1470 4615 1748 4678 secunda
1795 4633 1963 4697 pars,
2022 4615 2092 4678 in
2148 4633 2277 4698 qua

723 4719 1058 4782 confirmat
1086 4718 1663 4801 praedeterminata,
1713 4720 1908 4786 habet
1952 4726 2081 4787 tres
2122 4741 2276 4806 par-

722 4827 847 4901 tes,
892 4825 959 4887 in
1002 4843 1281 4907 quarum
1322 4827 1529 4909 prima
1577 4828 1832 4892 adducit
1870 4819 2278 4894 auctoritates

725 4948 871 5013 quae
900 4932 1140 4995 faciunt
1169 4933 1250 4997 ad
1292 4933 1653 5014 veritatem3
1701 4935 1771 4998 in
1808 4936 2087 5001 secunda
2120 4956 2277 5003 vero

726 5038 1023 5120 adiungit
1077 5038 1484 5105 auctoritates
1549 5060 1697 5123 quae
1768 5043 2072 5108 videntur
2142 5065 2277 5110 esse

728 5151 949 5208 contra
975 5145 1331 5224 veritatem,
1365 5146 1451 5208 ibi
1484 5169 1498 5209 ε
1537 5148 1832 5221 Quoedam
1863 5155 2070 5217 tamen
2096 5169 2277 5235 repe-

727 5252 992 5316 riuntur
1013 5251 1093 5316 in
1119 5257 1485 5318 sanctorum
1528 5255 2065 5336 auctoritatibus,
2104 5263 2271 5338 etc.;

725 5356 794 5421 in
815 5357 1000 5422 tertia
1024 5375 1181 5423 vero
1219 5359 1616 5440 explanando
1670 5362 1946 5427 ostendit
1991 5366 2061 5428 in
2108 5384 2277 5449 prae-

794 5483 813 5519 ¹
842 5481 1048 5547 Barth„
1080 5493 1197 5543 vm,
1222 5484 1302 5533 2⁴.
1327 5508 1381 5519 -—
1408 5481 1433 5517 ¹
1454 5481 1593 5546 Luc„
1621 5494 1730 5551 nv,
1763 5489 1808 5537 ί.

2385 1615 2566 1679 dictis
2579 1633 2710 1681 nou
2726 1635 2861 1682 esse
2881 1620 3411 1701 contrarietatem,
3442 1623 3530 1686 ibi
3555 1643 3573 1688 ε
3605 1625 3667 1691 N
3665 1641 3697 1691 e
3720 1630 3938 1693 autem

2386 1725 2461 1789 in
2486 1726 2692 1791 sacris
2720 1727 2954 1793 litteris
2982 1728 3207 1811 aliqua
3251 1729 3522 1797 adversa
3560 1731 3936 1815 diversitas,

2385 1835 2503 1895 etc.
2527 1831 3007 1904 Subdivisiones
3029 1840 3245 1900 autem
3271 1839 3551 1919 partium
3582 1841 3939 1907 manifestae

2385 1943 2536 2003 sunt
2566 1939 2634 2004 in
2657 1939 2888 2006 littera.

3043 2094 3180 2142 mm.
3226 2094 3272 2140 1.

2789 2203 3038 2271 Simplum
3067 2206 3151 2257 ille
3178 2207 3402 2272 accepit,
3430 2212 3528 2260 etc.

2466 2356 2730 2423 Videtur
2763 2356 2885 2420 hoc
2922 2356 3444 2423 inconvenienter
3488 2376 3624 2424 oese
3667 2361 3933 2441 dictum,

2383 2466 2537 2547 quia
2560 2463 2765 2528 simile
2784 2482 2914 2529 non
2935 2466 3332 2529 consumitur
3349 2484 3464 2548 per
3480 2484 3676 2531 suum
3701 2469 3931 2545 simile,

2384 2573 2516 2637 imo
2537 2576 2819 2653 augetur
2855 2595 2869 2636 ε
2900 2590 3059 2654 ergo
3087 2577 3368 2638 vetustas
3388 2579 3606 2639 nostra
3632 2593 3768 2641 uon
3789 2595 3933 2641 con·

2383 2680 2663 2744 sumitur
2687 2697 2801 2761 per
2833 2682 3214 2744 vetustatem
3242 2679 3471 2745 Christi
3511 2688 3930 2766 assumptam.

2386 2786 2701 2852 Praeterea
2762 2788 2934 2870 quod
3007 2789 3327 2852 consumit
3379 2789 3554 2854 aliud
3574 2838 3591 2869 ,
3660 2795 3763 2854 est
3830 2791 3935 2856 illo

2384 2896 2741 2978 potentius:
2770 2912 2929 2975 ergo
2955 2895 3008 2957 si
3028 2899 3311 2960 vetustas
3334 2896 3563 2961 Christi
3591 2916 3936 2981 consump-

2383 3002 2465 3066 sit
2512 3006 2817 3075 nostram,
2863 3001 3074 3086 potius
3121 3002 3344 3066 debuit
3384 3021 3518 3067 aese
3561 3005 3760 3088 dupla
3800 3023 3935 3070 res-

2384 3112 2572 3193 pectu
2598 3113 2831 3173 nostrae
2849 3159 2865 3187 ‚
2914 3126 3112 3192 quam
3156 3113 3373 3175 nostra
3407 3110 3601 3193 dupla
3643 3117 3934 3197 respectu

2383 3236 2542 3282 suae.
2604 3215 2952 3294 Praeterea,
2987 3221 3271 3281 vetustas
3315 3217 3575 3307 Christi,
3604 3238 3742 3283 non
3785 3239 3933 3284 con-

2383 3326 2657 3409 sumpsit
2697 3329 2981 3389 nostram
3023 3324 3146 3388 nisi
3186 3344 3300 3407 per
3355 3326 3620 3391 modum
3663 3328 3872 3392 meriti
3911 3351 3925 3391 :

2383 3436 2490 3500 sed
2536 3435 2839 3499 meritum
2896 3434 3081 3498 debet
3142 3435 3526 3499 conformari
3595 3436 3864 3518 praemio
3909 3457 3927 3501 ε

2383 3560 2540 3623 ergo
2593 3559 2711 3605 nec
2764 3541 3031 3622 simpla,
3083 3558 3200 3604 nec
3252 3541 3447 3623 dupla
3515 3541 3737 3606 debuit
3800 3559 3930 3605 esse

2383 3653 2673 3731 respectu
2700 3652 2959 3725 nostrae,
2984 3647 3091 3711 sed
3116 3647 3402 3729 aequalis.

2464 3755 2649 3838 Resp.
2680 3754 3029 3818 Dicendum
3075 3752 3247 3835 quod
3299 3757 3433 3816 tam
3472 3770 3686 3835 poena,
3735 3770 3929 3836 quam

2383 3863 2570 3946 culpa
2597 3862 2677 3926 ad
2700 3864 2981 3926 veterem
3008 3859 3342 3923 hominem
3365 3860 3663 3942 pertinet,
3693 3861 3845 3943 quia
3861 3860 3928 3923 in

2382 3969 2690 4053 primaria
2715 3968 3072 4032 conditione
3099 3968 3294 4030 homo
3324 3968 3445 4030 fuit
3490 3972 3742 4032 creatus
3784 3968 3928 4033 abs·

2383 4094 2509 4159 que
2537 4077 2724 4158 culpa
2749 4078 2812 4138 et
2845 4067 3036 4157 poeua
3083 4096 3099 4138 ι
3151 4078 3215 4136 et
3243 4073 3597 4138 secundum
3628 4075 3767 4139 haec
3806 4072 3930 4139 duo

2383 4182 2453 4246 in
2478 4182 2662 4246 nobis
2689 4185 2783 4245 est
2810 4180 3050 4262 duplex
3076 4182 3384 4243 vetustas,
3418 4179 3491 4243 In
3534 4180 3781 4244 Christo
3818 4196 3930 4243 au-

2383 4295 2513 4354 tem
2541 4290 2659 4353 fuit
2685 4307 2873 4371 poena
2916 4288 3055 4351 siue
3101 4287 3314 4369 culpa,
3359 4291 3422 4351 et
3464 4288 3606 4352 ideo
3654 4290 3929 4352 vetustas

2386 4396 2616 4479 simpla
2666 4415 2682 4459 :
2736 4394 2857 4458 fuit
2903 4394 3076 4458 enim
3120 4411 3308 4475 poena
3358 4412 3509 4457 cum
3564 4394 3796 4475 gratia.
3856 4391 3933 4455 Et

2388 4509 2720 4587 propterea
2764 4520 2877 4584 per
2931 4519 3188 4584 poeuam
3244 4499 3480 4565 Christi
3532 4519 3683 4565 cum
3732 4499 3932 4582 gratia

2387 4629 2503 4675 nos
2549 4609 2955 4673 merebamur
2996 4608 3254 4671 liberari
3303 4627 3344 4671 a
3385 4609 3575 4690 culpa
3615 4612 3678 4672 et
3724 4623 3927 4691 poena,

2388 4721 2475 4783 ita
2530 4718 2703 4801 quod
2759 4719 3042 4781 vetustas
3098 4731 3329 4796 poenae‚
3385 4717 3610 4796 juncta
3670 4706 3930 4778 novitati

2388 4828 2637 4910 gratiae,
2662 4823 2979 4888 consumit
2996 4821 3315 4904 duplicem
3340 4825 3743 4900 vetustatem,
3760 4818 3930 4884 salva

2388 4934 2806 5019 oppositione,
2832 4930 3073 4994 salvata
3099 4927 3521 4993 nihilominus
3549 4927 3760 4992 debita
3789 4941 3928 5007 pro-

2387 5043 2676 5127 portione
2704 5060 2721 5101 :
2753 5039 2895 5113 ideo
2918 5036 3195 5102 verbum
3222 5034 3572 5116 Augustini
3616 5034 3687 5097 in
3730 5032 3927 5096 littera

2388 5167 2618 5216 verum
2646 5151 2740 5211 est
2763 5151 2826 5211 et
2847 5143 3242 5208 rationabile.
3268 5141 3367 5205 Ad
3399 5140 3555 5205 illud
3580 5138 3750 5222 quod
3770 5134 3925 5217 obji-

2389 5258 2575 5335 citur,
2621 5253 2791 5337 quod
2834 5254 3117 5316 vetustas
3160 5267 3295 5313 non
3335 5247 3680 5331 opponitur
3718 5248 3920 5309 vetus·

2389 5363 2528 5442 tati,
2555 5359 2895 5426 dicendum
2932 5356 3103 5439 quod
3132 5372 3364 5419 verum
3389 5358 3485 5418 est
3513 5354 3756 5417 ratione
3789 5346 3915 5423 sui;

2388 5468 2738 5555 opponitur
2790 5470 3008 5531 tamen
3057 5462 3303 5530 ratione
3352 5461 3655 5527 novitatis
3701 5453 3920 5541 8ΐὸῧέ
