4185 6288
2308 296 2343 323 Ο

803 432 930 495 m

885 566 949 627 2.
988 559 1089 625 Ad
1132 557 1293 624 illud
1335 557 1745 642 Philosophi,
1789 560 1960 643 quod
2002 535 2212 626 virtus
2252 566 2349 625 ea

806 670 1040 733 certior
1073 667 1251 730 omni
1286 672 1455 747 arte,
1487 667 1832 732 dicendum
1868 670 2041 751 quod
2067 669 2351 751 loquitur

808 775 888 839 de
912 775 1151 838 virtute
1191 778 1255 837 et
1278 777 1442 853 arte,
1475 774 1827 838 secundum
1878 775 2049 857 quod
2087 794 2350 858 compa-

810 887 1035 946 rantur
1063 881 1143 945 ad
1175 881 1370 945 idem.
1402 880 1600 945 Multo
1628 882 1802 946 enim
1829 883 2062 946 melius
2088 883 2205 948 scit
2229 883 2351 946 ali-

812 990 958 1074 quis
984 988 1273 1054 invenire
1294 988 1580 1053 medinm
1600 994 1666 1053 et
1684 990 2008 1073 objectum
2038 1007 2153 1072 per
2178 990 2355 1054 hahi-

813 1103 954 1161 tum
984 1095 1270 1173 virtutis,
1301 1114 1498 1178 quam
1525 1115 1638 1178 per
1665 1097 1954 1161 habitum
1981 1114 2355 1180 puraecog-

815 1204 879 1269 ni
890 1204 1100 1269 tionis.
1132 1202 1273 1269 Non
1311 1209 1404 1268 est
1449 1208 1665 1269 autem
1693 1205 2076 1286 generaliter
2120 1205 2351 1270 intelli-

818 1311 1140 1394 gendum,
1170 1309 1341 1394 quod
1384 1311 1591 1376 virtus
1616 1311 1699 1374 sit
1737 1311 1966 1376 certior
2004 1312 2171 1376 circa
2205 1330 2354 1394 pro-

819 1421 1031 1504 prium
1060 1419 1411 1503 objectum,
1441 1438 1636 1501 quam
1661 1419 1878 1502 aliqua
1903 1419 2164 1484 scientia
2188 1420 2356 1485 circa

813 1545 1033 1590 suum.

900 1638 961 1697 3.
989 1633 1088 1698 Ad
1132 1632 1287 1697 illud
1327 1634 1499 1716 quod
1529 1634 1864 1716 objicitur,
1909 1635 2083 1717 quod
2120 1636 2357 1700 certius

819 1741 1077 1807 videtur
1103 1741 1272 1823 quod
1298 1741 1553 1806 videtur
1576 1742 1645 1804 in
1679 1742 1925 1806 lumine
1949 1742 2235 1806 veritatis
2264 1742 2358 1807 in-

823 1853 1083 1925 creatae,
1115 1864 1311 1928 quam
1340 1846 1511 1928 quod
1537 1846 1794 1912 videtur
1818 1847 1886 1911 in
1912 1848 2158 1913 lumine
2184 1849 2357 1913 veri-

821 1954 969 2019 tatis
1011 1959 1269 2031 creatae,
1319 1953 1656 2017 dicendum
1705 1954 1875 2035 quod
1920 1955 2078 2021 illud
2125 1974 2356 2021 verum

821 2065 947 2139 est,
982 2060 1235 2142 quando
1277 2059 1498 2123 lumen
1537 2061 1822 2125 veritatis
1860 2062 2158 2129 increatae
2188 2064 2357 2128 irra-

819 2169 952 2234 diat
989 2168 1205 2253 plene,
1237 2168 1398 2231 sicut
1423 2168 1545 2233 erit
1571 2168 1640 2232 in
1680 2169 1905 2251 patria.
1938 2171 2204 2246 Quando
2235 2191 2355 2235 au-

822 2281 952 2340 tem
981 2274 1323 2357 semiplene
1346 2275 1625 2352 irradiat,
1645 2293 1777 2339 non
1802 2281 1897 2340 est
1917 2295 2168 2342 necesse
2186 2279 2357 2361 quod

821 2383 1053 2448 habeat
1081 2383 1409 2446 veritatem
1431 2432 1449 2462 ,
1489 2381 1650 2447 sicut
1676 2388 1845 2465 patet
1875 2406 1890 2447 ε
1925 2384 2080 2466 quia
2123 2387 2359 2451 certius

825 2495 1032 2573 potest
1048 2490 1241 2554 homo
1259 2488 1474 2552 videre
1493 2488 1570 2552 ad
1595 2488 1816 2553 lumen
1840 2491 2140 2569 candelae‚
2163 2513 2356 2574 quam

821 2596 904 2662 ad
932 2597 1154 2662 lumen
1179 2597 1355 2673 soliS,
1386 2597 1500 2660 ubi
1540 2597 1634 2661 sol
1675 2616 1809 2662 non
1835 2599 2019 2681 plene
2047 2599 2307 2665 irradiat
2337 2625 2351 2666 ε

822 2705 913 2768 sic
950 2708 1014 2768 et
1051 2704 1119 2767 in
1156 2703 1472 2787 proposito
1511 2703 1997 2785 intelligendum
2041 2712 2156 2772 est.
2186 2707 2360 2773 Licet

823 2812 993 2875 enim
1036 2813 1151 2875 flat
1195 2811 1540 2881 irradiatio.
1567 2812 1887 2877 mediante
1927 2814 2053 2879 fide
2096 2817 2178 2880 ab
2222 2815 2358 2899 ipsa

824 2919 1089 2985 veritate
1140 2923 1409 2997 aetema3
1452 2938 1585 2984 non
1631 2922 1847 2984 tamen
1895 2926 1989 2985 est
2033 2921 2357 2987 irradiatio

821 3023 1043 3105 piena,
1075 3024 1379 3108 quoniam
1419 3030 1635 3090 manet
1675 3027 2005 3110 speculum
2041 3031 2105 3093 et
2130 3030 2357 3112 »aenig-

816 3148 945 3196 ma.

896 3242 959 3303 4.
991 3239 1090 3304 Ad
1126 3239 1285 3305 illud
1320 3240 1493 3323 quod
1533 3241 1836 3324 objicitur
1861 3289 1878 3319 ‚
1921 3243 2094 3327 quod
2129 3245 2357 3311 certior

818 3352 915 3411 est
951 3347 1238 3429 cognitio
1266 3348 1371 3412 cui
1412 3366 1542 3412 non
1583 3348 1999 3431 permiscetur
2024 3370 2226 3432 error,
2256 3353 2355 3418 di-

818 3455 1090 3519 cendum
1136 3453 1308 3538 quod
1349 3473 1580 3519 verum
1623 3460 1720 3520 est
1763 3481 1777 3520 :
1828 3458 1992 3522 sicut
2031 3458 2179 3522 fidei
2223 3479 2355 3525 non

817 3562 1236 3645 permiscetur
1281 3580 1462 3627 error
1483 3611 1501 3642 ,
1541 3562 1629 3627 ita
1667 3563 1862 3627 etiam
1890 3583 2010 3630 nec
2030 3566 2313 3631 scientiae
2330 3614 2351 3646 ,

815 3669 886 3732 in
915 3673 1234 3752 quantum
1274 3669 1533 3733 scientia
1560 3692 1575 3734 :
1609 3669 1731 3734 hoc
1760 3676 1855 3735 est
1888 3674 2099 3738 solum
2129 3693 2211 3739 ex
2240 3676 2356 3742 de-

815 3776 984 3840 fectu
1024 3796 1063 3840 a
1105 3780 1284 3860 parte
1329 3779 1786 3858 cognoscentis.
1827 3779 1932 3844 Sic
1971 3781 2162 3845 etiam
2203 3801 2355 3847 con·

817 3879 1012 3962 tingit
1061 3880 1132 3944 in
1173 3881 1311 3963 ipsa
1350 3881 1475 3948 fide
1511 3902 1550 3947 a
1592 3889 1770 3966 parte
1804 3886 2150 3952 credentis:
2195 3889 2359 3954 sicut

821 3990 988 4069 patet
1042 3986 1111 4050 in
1164 3986 1435 4068 infideli,
1474 3990 1586 4072 qui
1620 3996 1878 4075 propter
1917 3994 2357 4062 distorsionem

819 4095 1177 4159 intellectus
1203 4114 1242 4157 a
1276 4096 1638 4178 cognitione
1665 4100 1814 4164 fidei
1851 4100 2086 4165 labitur
2127 4103 2195 4167 in
2219 4104 2355 4169 hae-

816 4202 1043 4282 resim,
1072 4203 1230 4268 dum
1259 4222 1327 4267 se
1374 4204 1731 4270 credulitati
1756 4224 1929 4273 verae
1968 4207 2359 4276 intermiscet

818 4310 1153 4375 credulitas
1177 4310 1355 4375 falsa.
1382 4309 1558 4376 Unde
1581 4330 1663 4375 ex
1675 4312 1799 4377 hoc
1823 4331 1953 4378 non
1981 4320 2186 4397 potest
2206 4335 2356 4381 con-

817 4416 1019 4497 cludi,
1049 4421 1220 4501 quod
1250 4420 1409 4485 fides
1448 4419 1532 4483 sit
1563 4421 1821 4501 certior,
1848 4440 2045 4505 quam
2072 4424 2354 4491 scientia.

819 4522 980 4587 Illud
1008 4527 1225 4589 tamen
1258 4543 1490 4591 verum
1522 4531 1639 4607 est,
1671 4528 1842 4610 quod
1882 4529 2169 4596 doctrina
2209 4533 2357 4597 fidei

819 4630 1032 4711 magis
1085 4632 1394 4696 veraciter
1447 4636 1542 4696 est
1585 4633 1814 4698 tradita
1833 4682 1855 4713 ,
1902 4654 2101 4718 quam
2144 4639 2360 4723 aliqua

818 4736 1078 4801 scientia
1106 4737 1564 4821 philosophica,
1594 4741 1747 4822 quia
1775 4740 2047 4826 Spiritus
2075 4751 2353 4827 sanctus,

819 4848 884 4908 et
923 4843 1056 4927 ipse
1099 4843 1406 4927 Christus,
1435 4848 1548 4930 qui
1574 4847 1925 4914 docuerunt
1945 4851 2092 4916 fidei
2121 4855 2355 4920 verita-

818 4957 948 5017 tem
1006 4958 1070 5019 et
1110 4973 1305 5020 sacrae
1347 4955 1696 5041 Scripturae
1719 5006 1737 5036 ,
1795 4959 1864 5023 in
1897 4953 2082 5026 'nullo
2126 4962 2357 5029 falsum

819 5059 1139 5151 dixerunt,
1168 5062 1383 5127 necin
1409 5064 1624 5147 aliquo
1652 5072 1918 5148 possunt
1941 5069 2352 5151 reprehendi:

889 5185 1094 5249 ¹Arist.,
1118 5186 1359 5252 Metapa„
1378 5187 1465 5241 lib.
1488 5189 1554 5254 11,
1574 5193 1710 5240 cont.
1735 5202 1921 5243 xv1.-
1936 5193 1960 5228 ¹
1980 5193 2132 5260 Ibid„
2150 5198 2290 5247 cont.
2313 5208 2355 5250 1.

823 5281 878 5292 --
904 5255 927 5289 ⁸
953 5256 1036 5320 Cf.
1051 5257 1297 5309 Alexand.
1326 5258 1543 5325 Alensis,
1570 5275 1625 5326 p.
1655 5263 1742 5325 m,
1781 5276 1832 5328 q.
1861 5274 2043 5328 vam,
2066 5268 2263 5318 memb.
2291 5271 2319 5319 5
2337 5305 2354 5334 ,

820 5330 916 5376 art.
938 5329 968 5375 2
988 5342 1007 5391 3
1026 5329 1080 5378 S.
1100 5329 1496 5396 Thomas,11·u,
1517 5345 1571 5397 q.
1589 5338 1782 5397 1V‚art.
1808 5339 1830 5384 1
1854 5349 1873 5398 3
1897 5339 1949 5385 et
1967 5337 2032 5387 ul
2055 5337 2217 5403 Sem„
2235 5340 2354 5391 dist.

885 5398 948 5462 (a)
976 5397 1113 5448 Edit.
1141 5400 1256 5450 Ven.
1291 5403 1428 5467 ¹753,
1455 5404 1835 5467 perscrutantis.

1909 423 2530 493 SENTENTIARUM
2573 424 2722 493 LIB.
2772 427 2877 495 ΙΙΙ.

2456 563 2628 643 quod
2647 564 2726 628 de
2747 565 2927 630 nullo
2946 568 3321 655 philosopho
3345 573 3624 638 arbitror
3644 593 3805 640 vere
3824 594 3998 659 posse

2459 669 2583 732 dici
2609 670 2677 733 in
2697 672 3034 739 traditione
3058 676 3330 761 alicujus
3351 681 3663 747 doctrinae
3696 703 3714 747 t
3749 684 3885 748 imo
3911 683 3999 748 in-

2458 776 2811 842 veniuntur
2835 780 3002 847 veris
3029 784 3234 848 multa
3257 786 3414 851 falsa
3439 790 3917 870 permiscuisse.

2540 887 2601 946 6.
2634 884 2732 948 Ad
2761 885 2918 951 illud
2960 891 3130 970 quod
3171 894 3504 976 objicitur,
3546 899 3723 981 quod
3770 905 4003 982 quanto

2459 990 2721 1055 scientia
2747 994 3020 1060 nobilior
3048 1001 3162 1079 est,
3189 1003 3370 1065 tanto
3391 1004 3644 1084 certior,
3665 1005 4002 1070 dicendum

2459 1098 2630 1179 quod
2658 1098 2813 1163 illud
2851 1120 2982 1167 non
3009 1104 3203 1169 habet
3232 1109 3591 1174 veritatem.
3627 1110 3818 1193 Nam,
3847 1115 4005 1177 sicut

2461 1201 2611 1265 dicit
2640 1202 3062 1289 Philosophus
3089 1208 3131 1292 ¹,
3166 1216 3377 1296 major
3404 1221 3499 1281 est
3526 1219 3851 1284 certitudo
3875 1240 4003 1284 ma·

2461 1310 2817 1378 thematicae
2844 1317 3147 1401 scientiae,
3176 1340 3373 1404 quam
3396 1324 3672 1405 divinae3
3702 1332 3772 1392 et
3801 1334 4004 1393 tamen

2463 1417 2738 1483 nobilior
2762 1424 2856 1484 oet
2877 1423 3119 1505 divina,
3141 1446 3343 1511 quam
3370 1432 3829 1499 mathematica
3854 1457 3872 1497 z
3894 1435 4007 1501 boc
4064 1425 4069 1429 ’

2463 1530 2701 1607 autem,
2731 1534 2992 1614 propter
3018 1533 3335 1603 defectum
3364 1558 3403 1603 a
3429 1545 3610 1623 parte
3636 1542 4006 1625 intelligen-

2464 1635 2544 1700 tis
2575 1657 2590 1699 ε
2624 1639 2809 1720 quia,
2843 1641 3008 1706 sicut
3031 1645 3183 1710 dicit
3210 1647 3645 1735 Philosophus
3668 1660 3717 1734 ¹,
3757 1655 3925 1720 sicut
3945 1676 4015 1747 se·

2462 1743 2656 1809 habet
2680 1748 2905 1813 oculus
2930 1756 3182 1818 noctuae
3210 1756 3291 1818 ad
3322 1757 3531 1823 lucem
3552 1807 3569 1837 ‚
3602 1760 3694 1825 ita
3727 1762 4003 1827 intellec-

2463 1854 2568 1915 tus
2592 1857 2807 1919 noster
2839 1857 2921 1920 ad
2954 1861 3468 1930 manifestissima
3509 1870 3790 1933 naturae.
3838 1868 4009 1935 Unde

2464 1957 2574 2021 illa
2597 1977 2745 2042 quae
2765 1969 2917 2028 sunt
2943 1968 3299 2034 certissima
3322 1972 3390 2035 in
3420 1991 3520 2054 se,
3550 1978 3888 2057 cognoscit
3909 1979 4009 2041 ali-

2463 2067 2720 2147 quando
2746 2069 2937 2136 dubie
2967 2095 2982 2134 z
3012 2077 3076 2138 et
3097 2079 3316 2141 tamen
3343 2078 3453 2143 illa
3477 2083 3767 2163 cognitio
3798 2085 4008 2149 minus

2465 2177 2637 2238 certa
2662 2179 2873 2258 magis
2897 2185 2993 2244 est
3018 2183 3252 2248 nobilis
3282 2192 3347 2250 et
3370 2190 3669 2270 perfecta,
3702 2193 4006 2275 quoniam
4032 2275 4041 2284 ·

2464 2286 2560 2345 est
2583 2282 2663 2347 de
2691 2302 2762 2349 re
2791 2286 3109 2353 nobiliori.
3142 2289 3367 2357 Melius
3391 2298 3493 2359 est
3529 2297 3705 2362 enim
3734 2301 3843 2363 vel
3869 2319 4007 2366 mo-

2464 2388 2678 2453 dicum
2719 2393 2875 2473 quid
2918 2395 2995 2459 de
3022 2395 3149 2461 Deo
3191 2399 3384 2480 scire,
3419 2421 3616 2484 quam
3657 2407 4006 2471 coelestium

2466 2496 2569 2561 vel
2609 2501 3010 2566 terrestrium
3059 2506 3355 2570 notitiam
3403 2508 3667 2575 habere.
3718 2512 4009 2578 Rationes

2463 2621 2617 2668 vero
2636 2606 2714 2669 ad
2737 2608 3089 2690 oppositam
3110 2618 3356 2694 partem
3376 2618 3800 2683 concedendae
3821 2625 4001 2685 sunt:

2463 2712 2850 2780 concludunt
2874 2718 3049 2782 enim
3089 2721 3168 2785 de
3197 2724 3582 2790 certitudine
3625 2730 4008 2811 speculatio-

2462 2821 2565 2884 nis
2593 2869 2613 2899 ,
2674 2823 2838 2888 sicut
2890 2826 3044 2890 satis
3096 2828 3343 2895 clarum
3397 2834 3493 2897 est
3519 2881 3543 2913 ‚
3595 2839 3661 2898 et
3717 2853 4001 2918 perscru-

2463 2929 2623 2993 tanti
2654 2930 2732 3013 (a)
2763 2938 3046 3016 apparet.

2995 3149 3355 3229 QUAESTIO
3394 3155 3473 3222 V.

2463 3307 2559 3364 An
2587 3308 2846 3379 diffinitio
2873 3312 3002 3384 fidei
3026 3316 3097 3371 ab
3131 3315 3392 3389 Apostolo
3435 3320 3652 3380 tradita
3678 3327 3757 3381 sit
3793 3325 3927 3382 bona
3960 3328 3999 3381 ³.

2542 3467 2628 3534 De
2673 3469 3087 3555 descriptione
3134 3475 3283 3540 fidei
3321 3477 3403 3541 ab
3447 3478 3755 3563 Apostolo
3802 3486 3998 3566 assig-
4039 3509 4177 3578 sas-3

2462 3580 2644 3664 nata,
2675 3578 2981 3659 quoniam
3018 3581 3155 3664 ipsa
3183 3583 3348 3648 inter
3388 3591 3655 3653 caeteras
3680 3596 3778 3655 est
3801 3594 3998 3675 magis
4176 3599 4177 3612 ³

2461 3685 2859 3751 authentica:
2905 3689 3137 3754 diffinit
3174 3697 3390 3758 autem
3429 3696 3774 3780 Apostolus
3813 3702 3997 3766 fldem

2461 3790 2552 3855 sic
2577 3795 2601 3832 ⁸
2628 3814 2643 3857 ε
2675 3793 2870 3860 Fides
2895 3803 2989 3862 est
3015 3797 3381 3867 substantia
3408 3817 3627 3870 rerum
3659 3808 3998 3890 speranda-

2460 3914 2635 3977 rum,
2668 3910 3109 3983 aramentum
3133 3923 3263 3974 non
3293 3915 3769 3992 appan-esitium.
3797 3915 4000 3981 Osten-

2463 4004 2638 4071 ditur
2680 4012 2895 4074 autem
2940 4011 3060 4076 ista
3103 4014 3440 4099 descriptio
3481 4019 3999 4088 inconvenienter

2462 4113 2788 4196 assignata
2839 4123 3096 4201 propter
3151 4124 3637 4208 quadruplicem
3688 4129 3995 4195 defectum

2461 4222 2575 4303 qui
2607 4223 2859 4289 videtur
2886 4244 3021 4292 esse
3048 4228 3115 4292 in
3138 4248 3215 4294 ea
3234 4279 3254 4310 ‚
3284 4231 3579 4300 videlicet
3603 4242 3867 4321 propter
3891 4239 3993 4303 de·

2463 4328 2699 4395 fectum
2725 4331 3043 4414 veritatis,
3077 4343 3335 4420 propter
3375 4340 3690 4407 desectum
3728 4362 3995 4410 convet-

2462 4434 2798 4518 tibilitatis,
2847 4446 3106 4524 propter
3154 4445 3468 4513 derectum
3511 4450 3852 4517 evidentiae
3873 4502 3894 4533 ,
3937 4458 3996 4517 et

2464 4547 2720 4626 propter
2760 4546 3073 4613 defectum
3119 4552 3540 4621 sufficientiae.
3571 4558 3752 4635 Quod
3785 4565 3995 4625 antem

2448 4648 2547 4728 ‘sit
2573 4649 2641 4712 in
2668 4669 2744 4714 ea
2770 4653 3049 4720 defectus
3076 4659 3361 4724 veritatis
3371 4707 3394 4741 ,
3420 4664 3775 4729 ostenditur
3795 4668 3997 4750 primo

2463 4754 2531 4820 in
2579 4756 2701 4823 hoc
2742 4761 2917 4842 quod
2958 4763 3109 4828 dicit
3134 4767 3325 4832 fldem
3353 4788 3491 4835 esse
3515 4771 3950 4841 substantiam
3973 4795 3996 4835 .-

2464 4866 2577 4928 aut
2616 4864 2793 4930 enim
2835 4867 2922 4933 ibi
2965 4872 3272 4955 accipitur
3305 4876 3673 4946 substantia
3700 4868 3951 4964 proprie
3970 4930 3990 4960 ,

2464 4974 2576 5035 aut
2617 4977 3042 5042 communiter
3074 5001 3092 5043 t
3137 4981 3191 5043 si
3233 4982 3538 5066 accipitur
3578 4987 3666 5051 ibi
3704 4989 3953 5072 proprie
3971 5037 3992 5068 ,

2462 5095 2615 5142 cum
2659 5078 3011 5148 substantia
3058 5085 3379 5154 dividatur
3410 5097 3635 5158 contra
3673 5095 3955 5160 accidens
3970 5144 3991 5175 ,

2464 5216 2621 5267 xxm,
2650 5211 2746 5259 art.
2783 5213 2830 5271 t,
2853 5223 2904 5274 q.
2935 5223 2994 5278 13
3032 5213 3234 5279 Scotus,
3259 5215 3326 5267 111
3350 5216 3510 5281 Seni„
3527 5218 3648 5271 dist.
3677 5232 3832 5285 xxm,
3854 5235 3906 5286 q.
3939 5236 3956 5274 1
3972 5238 3989 5284 3

2462 5278 2722 5337 Richard..
2752 5282 2818 5333 nl
2846 5284 3006 5350 Sena,
3046 5287 3166 5338 dist.
3189 5299 3344 5352 xxm,
3373 5293 3474 5342 art.
3499 5293 3554 5356 ⁴,
3586 5306 3643 5356 q.
3669 5306 3726 5356 ις
3755 5296 3989 5359 stephan.

2465 5351 2674 5414 Bruler„
2691 5352 2932 5421 luserat,
2945 5357 3062 5409 dist.
3088 5370 3308 5424 xx111,q.
3328 5372 3386 5425 νς
3407 5364 3561 5415 Gabr.
3585 5365 3735 5430 Biel„
3750 5367 3815 5418 111
3836 5367 3987 5432 Stat„

2464 5421 2581 5472 dist.
2610 5433 2762 5488 mn,
2789 5439 2841 5491 q.
2873 5438 2994 5476 1.-
3012 5430 3035 5466 ¹·
3056 5429 3225 5495 Heba,
3254 5442 3329 5493 11,
3358 5437 3402 5484 ί.
