4185 6288
1178 491 1374 559 DIST.
1418 490 1687 560 xxvln.
1732 492 1916 559 ΛΒΤ.
1963 490 2012 556 Ι.
2050 489 2356 570 QUAEST.
2401 490 2506 557 111.

261 648 343 695 ex
370 629 481 694 illa
505 631 752 695 ratione
773 648 905 695 non
936 629 1251 713 sequitur,
1277 628 1451 713 quod
1493 628 1799 710 diligendi

260 737 384 801 sint
411 755 496 801 ex
521 736 847 802 charitate.

341 852 401 911 2.
436 846 536 911 Ad
560 846 718 911 illud
742 847 912 929 quod
933 846 1258 928 objicitur,
1285 845 1457 928 quod
1475 846 1692 926 imago
1708 848 1802 908 est

261 954 421 1018 ratio
447 952 752 1035 diligendi
780 953 849 1016 in
879 957 1197 1030 creatura,
1245 952 1584 1018 dicendum
1627 952 1800 1035 quod

260 1062 481 1142 imago
509 1079 639 1125 non
674 1064 769 1124 est
794 1061 1115 1125 sufficiens
1141 1061 1301 1125 ratio
1328 1060 1653 1143 diligendi,
1675 1060 1799 1124 nisi

261 1169 328 1232 in
367 1171 681 1250 quantum
705 1173 804 1232 est
828 1169 1119 1233 ordinata
1158 1169 1235 1233 ad
1266 1170 1541 1252 gratiam
1569 1176 1632 1234 et
1658 1169 1799 1252 glo·-

261 1278 447 1356 riam,
474 1277 555 1342 ad
579 1295 774 1360 quam
800 1278 1049 1343 ordinat
1074 1278 1367 1343 charitas.
1396 1278 1473 1342 Et
1497 1277 1650 1360 quia
1678 1276 1799 1341 hoc

261 1386 450 1450 modo
478 1404 609 1450 non
634 1389 735 1450 est
764 1386 832 1449 in
865 1386 1268 1452 daemonibus
1290 1433 1308 1464 ‚
1356 1386 1488 1450 imo
1535 1387 1799 1451 omnino

259 1492 654 1572 inordinata3
683 1492 825 1558 ideo
853 1510 987 1557 non
1014 1493 1187 1573 cogit
1212 1493 1322 1557 illa
1350 1493 1532 1557 rati0.

340 1605 401 1664 3.
433 1601 531 1665 Ad
571 1600 726 1665 illud
765 1601 935 1684 quod
982 1600 1314 1682 objicitur,
1344 1602 1515 1683 quod
1559 1600 1795 1681 angeli,

258 1712 604 1790 antequam
631 1713 981 1790 peccarent,
1012 1712 1194 1772 erant
1227 1725 1311 1771 ex
1337 1691 1638 1773 charitate
1662 1707 1802 1770 dili·

259 1815 487 1896 gendi,
527 1816 866 1880 dicendum
902 1816 1075 1898 quod
1114 1816 1236 1881 hoc
1259 1821 1416 1894 erat,
1450 1816 1603 1898 quia
1643 1822 1800 1879 tunc

259 1922 654 1987 habilitatem
681 1927 745 1987 et
761 1922 1177 1988 idoneitatem
1191 1923 1512 1987 habebant
1528 1924 1609 1987 ad
1627 1941 1797 1987 asse·

258 2031 588 2112 quendam
613 2030 920 2111 gloriam:
951 2031 1058 2095 sed
1088 2050 1218 2095 non
1244 2031 1410 2095 hanc
1439 2030 1803 2095 habuerunt

259 2142 401 2219 post
438 2137 690 2220 lapsum
722 2159 737 2202 ε
778 2142 841 2202 et
870 2138 1012 2203 ideo
1057 2157 1190 2212 non
1228 2143 1379 2203 sunt
1404 2156 1607 2214 nunc,
1638 2141 1801 2202 sicut

258 2248 441 2322 tunc,
470 2264 552 2308 ex
579 2245 882 2309 charitate
905 2245 1228 2328 diligendi.
1252 2244 1329 2309 Et
1346 2246 1400 2308 si
1427 2250 1497 2309 tu
1513 2246 1797 2328 objicias,

258 2351 434 2434 qnod
471 2351 707 2415 habent
745 2351 861 2416 sibi
888 2351 1034 2416 data
1064 2352 1319 2432 integra
1348 2357 1412 2415 et
1438 2352 1800 2434 splendissi-

259 2478 365 2523 ma
385 2506 404 2537 ‚
441 2459 780 2524 dicendum
820 2459 992 2540 quod
1033 2459 1189 2523 illud
1230 2459 1459 2523 dicitur
1485 2465 1802 2542 quantum

255 2568 332 2630 ad
378 2567 703 2650 potentias
738 2572 1029 2648 respectu
1066 2566 1457 2630 naturalium
1485 2569 1800 2650 operatio·

253 2693 451 2752 num,
506 2692 637 2737 non
692 2677 910 2738 autem
976 2679 1293 2756 quantum
1330 2675 1410 2737 ad
1446 2674 1804 2737 habilitates
1851 2716 1856 2724 ι

251 2781 639 2847 earumdem
671 2785 960 2862 respectu
1004 2780 1455 2861 gratuitarum.
1491 2779 1804 2844 inhabiles

148 2879 156 2887 ’
255 2890 436 2953 enim
472 2888 685 2952 effecti
718 2891 870 2951 sunt
894 2887 975 2951 ad
1003 2887 1163 2950 bene
1199 2887 1561 2951 faciendum
1598 2909 1612 2951 :
1646 2888 1803 2951 tales

259 2998 437 3061 enim
480 2997 843 3061 habilitates
871 3000 1382 3079 corrumpuntur
1416 3015 1531 3078 per
1578 3017 1799 3082 pecca·

260 3109 403 3169 tum
428 3154 448 3185 ,
510 3104 862 3170 secundum
904 3105 1077 3187 quod
1117 3104 1259 3170 vult
1287 3106 1712 3187 Augustinus,
1740 3111 1805 3172 et

257 3214 324 3277 in
353 3214 640 3279 secundo
665 3213 826 3277 libro
857 3212 981 3276 fuit
1004 3217 1353 3277 ostensum.

335 3322 399 3387 Ιι.
427 3321 530 3387 Ad
559 3321 715 3386 illud
743 3321 914 3402 quod
940 3321 1265 3402 objicitur,
1297 3322 1468 3402 quod
1501 3321 1806 3403 quidquid

256 3432 404 3495 facit
428 3431 511 3495 ad
540 3429 874 3493 cumulum
893 3429 1091 3492 nostri
1120 3429 1350 3506 meriti,
1376 3434 1472 3492 est
1488 3446 1570 3492 ex
1594 3429 1805 3492 chari·

257 3546 383 3607 tate
407 3534 840 3621 diligendum,
870 3540 1209 3604 dicendum
1252 3540 1425 3622 quod
1451 3540 1574 3604 hoc
1605 3544 1808 3622 potest

256 3670 395 3715 esse
430 3649 779 3731 dupliciter
809 3666 826 3712 :
867 3647 965 3712 vel
1001 3647 1352 3711 secuudum
1396 3646 1807 3729 principalem

254 3759 725 3835 intentionem,
768 3756 871 3820 vel
910 3773 1024 3838 per
1056 3754 1471 3819 occasionem.
1504 3754 1809 3831 Quamvis

253 3884 413 3948 ergo
433 3864 741 3949 praedicta
753 3863 1094 3945 propositio
1122 3862 1452 3926 veritatem
1484 3862 1681 3943 possit
1702 3861 1811 3923 ha-

253 3975 406 4039 bere
430 3975 518 4038 de
531 3991 628 4048 e0‚
643 3971 813 4054 qnod
827 3971 978 4035 facit
988 3970 1068 4034 ad
1091 3969 1427 4033 cumulum
1454 3970 1652 4033 nostri
1681 3988 1810 4033 me-

251 4085 356 4148 riti
370 4083 731 4149 secundum
749 4080 1161 4163 principalem
1181 4066 1594 4143 intentionem
1611 4084 1673 4143 et
1686 4080 1810 4162 pri-

252 4193 538 4256 mariam
587 4187 1092 4265 ordinationem;
1131 4187 1210 4249 de
1254 4204 1330 4249 eo
1375 4189 1586 4249 tamen
1638 4187 1809 4269 quod

252 4299 405 4364 facit
431 4299 514 4363 ad
538 4295 875 4361 cumulum
909 4294 1108 4357 nostri
1145 4293 1354 4356 meriti
1394 4311 1507 4375 per
1531 4294 1811 4357 occasio-

253 4427 433 4487 nem,
451 4425 584 4471 non
603 4406 848 4486 oportet
874 4402 1108 4467 habere
1138 4401 1472 4467 veritatem
1507 4423 1522 4464 :
1552 4401 1705 4482 quia
1725 4420 1809 4465 ex

253 4517 481 4582 multis
531 4512 720 4578 malis
774 4517 836 4575 et
889 4511 1158 4595 peccatis
1205 4508 1371 4572 Deus
1422 4508 1584 4572 viris
1619 4509 1811 4590 justis

250 4626 426 4690 elicit
453 4625 629 4687 bona
685 4640 703 4683 :
751 4622 815 4683 et
837 4619 960 4682 hoc
996 4619 1185 4682 modo
1211 4617 1536 4682 daemones
1573 4615 1812 4680 faciunt

249 4735 331 4800 ad
380 4729 595 4796 nostri
639 4727 851 4792 meriti
899 4725 1361 4809 promotionem
1387 4771 1404 4803 ,
1453 4724 1605 4806 quia
1653 4723 1810 4787 dum

247 4839 609 4905 intendunt
635 4853 755 4899 nos
787 4838 1148 4916 pervertere
1186 4832 1266 4897 ad
1305 4838 1655 4913 peccatum,
1685 4830 1812 4894 vir·

248 4954 390 5013 tute
441 4945 674 5012 divina
726 4960 951 5007 eorum
1001 4940 1380 5005 exercitium
1421 4939 1812 5003 convertitur

247 5053 414 5118 viris
417 5055 447 5136 j
458 5051 623 5116 ustis
633 5055 698 5114 et
715 5050 949 5115 sanctis
964 5049 1042 5112 ad
1055 5046 1266 5112 meriti
1279 5045 1807 5110 additamentum.

334 5170 398 5228 5.
433 5161 537 5225 Ad
582 5157 744 5222 illud
783 5157 953 5239 quod
997 5156 1221 5219 ultimo
1273 5153 1605 5237 objicitur,
1639 5152 1811 5233 quod

322 5288 445 5352 ¹Cf.
471 5286 622 5337 Alex.
654 5283 867 5343 Alensi3‚
901 5281 1064 5342 cont„
1094 5294 1146 5344 p.
1198 5280 1280 5341 111,
1308 5279 1424 5328 coll.
1454 5289 1601 5337 axin,
1622 5281 1714 5327 art.
1748 5280 1808 5340 33

217 5361 221 5364 ⁴
247 5364 305 5412 S.
323 5357 740 5419 'numerem-11,
760 5369 810 5419 q.
829 5366 950 5417 xxv,
964 5357 1058 5402 art.
1078 5354 1134 5413 65
1154 5350 1273 5401 etde
1303 5349 1478 5412 Ver-it„
1499 5360 1620 5414 q.11,
1637 5352 1730 5398 art.
1745 5352 1771 5398 8
1791 5364 1807 5411 3

247 5430 521 5492 Richard„
559 5428 624 5477 111
648 5427 786 5476 sent.
814 5425 932 5475 dist.
959 5435 1144 5483 xxviii,
1169 5436 1220 5487 q.
1249 5434 1309 5472 111
1320 5437 1336 5484 ;
1365 5422 1548 5472 Thom.
1574 5424 1805 5483 argent.²

250 5506 319 5557 111
363 5504 534 5564 8εηί.,
576 5498 691 5549 dist.
719 5508 904 5561 xxvm,
932 5510 983 5560 q.
1024 5508 1060 5559 ι,
1094 5497 1188 5544 art.
1224 5496 1250 5545 4
1261 5509 1278 5557 3
1307 5494 1592 5557 Stephanus
1620 5492 1806 5553 Brulef,

3329 497 3450 560 635

1907 645 2101 693 omne
2126 628 2298 711 quod
2335 627 2487 692 facit
2521 627 2603 692 ad
2636 626 2747 693 Dei
2785 627 3097 693 honorem
3115 675 3134 707 ‚
3164 630 3230 691 et
3252 626 3441 692 deco·

1908 754 2046 801 rem
2077 736 2346 819 justitiae
2364 782 2385 815 ‚
2415 738 2509 800 est
2546 735 2948 817 diligendum
2971 752 3055 799 ex
3095 734 3397 799 charitate
3416 782 3435 812 ‚

1907 844 2245 909 dicendum
2277 842 2475 926 quod,
2506 844 2669 907 sicut
2694 861 2776 907 ex
2807 841 3307 923 praecedentibus
3336 859 3444 923 pa-

1906 954 2031 1030 tet,
2065 951 2121 1014 si
2147 951 2400 1033 proprie
2429 950 2774 1031 accipiatur
2812 949 3075 1031 diligere
3112 967 3193 1012 ex
3221 948 3435 1014 chari-

1907 1062 2033 1123 tate
2049 1107 2065 1136 ,
2099 1058 2442 1141 propositio
2481 1049 2615 1121 non
2652 1057 2845 1121 habet
2875 1057 3233 1120 veritatem.
3268 1055 3344 1120 Et
3387 1054 3442 1117 si

1907 1166 1980 1228 tu
2004 1165 2261 1246 oincias
2290 1185 2307 1228 :
2349 1188 2378 1225 α
2406 1163 2587 1241 Quod
2613 1164 2978 1228 ordinatum
3005 1167 3098 1227 est
3125 1162 3204 1227 ad
3236 1162 3449 1226 beati-

1908 1271 2227 1351 tudinem,
2258 1278 2350 1336 est
2374 1270 2771 1353 diligendum
2799 1289 2882 1349 ex
2907 1271 3251 1335 charitate:
3279 1288 3444 1352 ergo

1907 1378 2199 1442 similiter
2224 1379 2304 1443 ad
2330 1378 2586 1442 laudem
2612 1378 2975 1442 ordinatum
2996 1400 3012 1456 ;
3043 1399 3074 1437 n
3102 1377 3442 1442 dicendum

1907 1486 2081 1567 quod
2122 1484 2458 1568 dupliciter
2506 1489 2600 1548 est
2652 1485 2894 1567 aliquid
2949 1484 3317 1549 ordinatum
3368 1484 3445 1546 ad

1908 1592 2363 1657 beatitudinem
2394 1615 2408 1656 :
2444 1596 2556 1655 aut
2582 1593 2733 1675 quia
2770 1593 2985 1674 ipsum
3012 1590 3090 1656 de
3117 1591 3327 1673 seipso
3356 1597 3452 1655 est

1908 1701 2271 1790 ordinatum
2297 1750 2312 1781 ,
2345 1707 2417 1765 ut
2457 1701 2783 1784 perveniat
2832 1700 2912 1765 ad
2953 1698 3446 1780 beatitudinem:

1908 1815 2020 1873 ant
2044 1810 2196 1891 quia
2220 1810 2433 1892 ipsum
2458 1810 2538 1873 ad
2556 1808 2730 1873 aliud
2742 1808 3105 1872 ordinatum
3131 1811 3248 1883 est,
3269 1805 3451 1889 quod

1908 1916 1989 1980 ad
2031 1915 2483 1981 beatitudinem
2534 1913 2900 1980 ordinatum
2937 1918 3033 1977 est
3081 1913 3158 1996 (a)
3218 1931 3447 1995 perve-

1907 2022 2071 2085 nire.
2106 2020 2182 2085 Et
2206 2022 2375 2103 quod
2404 2021 2610 2104 primo
2639 2022 2828 2085 modo
2859 2020 3225 2084 ordinatum
3252 2023 3348 2083 est
3372 2018 3453 2083 ad

1910 2127 2368 2192 beatitudinem
2383 2166 2404 2205 -,
2441 2131 2536 2191 est
2563 2147 2646 2191 ex
2681 2128 2984 2191 charitate
3012 2124 3447 2206 diligendum3
3486 2165 3491 2169 ι

1908 2234 2081 2317 quod
2096 2235 2375 2299 secundo
2394 2234 2583 2299 modo
2599 2234 2962 2299 ordinatum
2978 2236 3094 2311 est,
3114 2251 3240 2296 non
3257 2251 3441 2315 opor—

1907 2344 1996 2403 tet
2023 2339 2203 2422 diligi
2220 2359 2303 2404 ex
2321 2341 2624 2405 charitate
2638 2389 2655 2419 ,
2678 2340 3041 2423 accipiendo
3058 2339 3310 2422 proprie
3339 2356 3449 2402 or-

1909 2446 2221 2511 dinatum.
2252 2446 2552 2511 Similiter
2569 2446 2809 2528 aliquid
2825 2446 3192 2510 ordinatum
3217 2444 3298 2509 ad
3315 2445 3455 2514 lau·

1909 2554 2056 2618 dem
2075 2554 2185 2619 Dei
2213 2557 2416 2636 potest
2449 2572 2585 2618 esse
2618 2553 2989 2636 dupliciter:
3022 2558 3134 2616 aut
3161 2552 3316 2634 quia
3343 2553 3454 2634 ip-

1911 2679 2056 2723 sum
2085 2659 2302 2724 laudat
2334 2664 2397 2723 et
2422 2659 2792 2741 magnificat
2814 2657 3015 2722 Deum
3034 2706 3055 2737 ‚
3084 2664 3197 2722 aut
3223 2659 3455 2739 gloria-

1911 2772 2020 2832 tur
2049 2769 2117 2831 in
2144 2766 2330 2831 laude
2358 2766 2499 2845 Dei3
2523 2771 2635 2831 aut
2660 2766 2813 2848 quia
2833 2769 2928 2830 est
2956 2766 3221 2831 materia
3248 2765 3455 2830 laudis

1913 2877 2173 2941 divinae.
2239 2875 2316 2939 Et
2360 2876 2530 2957 quod
2575 2876 2784 2958 primo
2855 2875 3042 2939 modo
3082 2875 3451 2940 ordinatum

1912 2989 2007 3047 est
2029 2983 2111 3047 ad
2135 2983 2244 3047 Dei
2281 2983 2534 3046 laudem
2552 3030 2574 3060 ‚
2609 3000 2691 3045 ex
2716 2981 3023 3046 charitate
3048 2981 3454 3062 diligendum

1914 3095 2007 3156 est
2025 3111 2041 3166 ;
2064 3091 2237 3173 quod
2257 3107 2409 3155 vero
2427 3089 2703 3154 secundo
2724 3088 2914 3153 modo
2932 3088 3296 3153 ordinatum
3316 3094 3413 3153 est
3429 3136 3450 3169 ,

1914 3216 2044 3262 non
2095 3201 2345 3278 oportet
2403 3197 2576 3278 quod
2635 3196 2940 3276 diligatur
2987 3214 3069 3260 ex
3117 3196 3451 3275 charitate,

1912 3306 2037 3368 nisi
2082 3305 2329 3369 dicatur
2365 3303 2548 3385 diligi
2590 3321 2674 3367 ex
2717 3302 3019 3367 charitate
3066 3303 3452 3385 imperante.

1914 3412 2198 3477 Charitas
2221 3412 2395 3476 enim
2425 3412 2696 3493 imperat
2722 3410 2969 3474 homini
2984 3458 3004 3488 ,
3034 3415 3107 3473 ut
3133 3410 3287 3474 velit
3311 3429 3454 3476 esse

1916 3540 2109 3589 omne
2142 3520 2299 3584 illud
2327 3519 2396 3583 in
2428 3520 2753 3598 universo,
2776 3517 2946 3601 quod
2973 3519 3206 3582 excitat
3236 3518 3462 3585 virum

1907 3632 2157 3712 justum
2210 3627 2292 3692 ad
2351 3626 2739 3691 laudandum
2792 3629 2856 3688 et
2909 3625 3460 3706 magnificandum

1917 3737 2119 3801 Deum
2144 3752 2362 3800 suum.

2434 3956 2791 4037 QUAESTIO
2835 3956 2949 4022 111.

1987 4134 2080 4188 An
2106 4130 2246 4187 mali
2272 4129 2507 4184 homines
2532 4129 2642 4183 sint
2667 4124 2932 4197 diliqendi
2956 4140 3023 4182 eae
3045 4125 3311 4182 charitate
3342 4131 3383 4182 ¹.

1993 4289 2223 4356 Utrum
2247 4307 2330 4352 ex
2350 4287 2651 4351 charitate
2674 4287 2800 4350 sint
2824 4285 3130 4368 diligendi
3152 4286 3304 4350 mali
3332 4286 3450 4350 ho·
3488 4326 3702 4374 runa-m.

1916 4399 2153 4463 mines:
2187 4399 2250 4460 et
2274 4395 2449 4477 quod
2470 4393 2562 4457 sic
2580 4441 2601 4472 ‚
2630 4391 2886 4457 videtur
2909 4392 2933 4428 ¹
2961 4413 2975 4454 :
3017 4391 3287 4475 meique
3317 4394 3459 4460 ini-

1916 4510 2112 4574 micos
2137 4509 2380 4571 vestros
2397 4550 2416 4579 ,
2445 4506 2564 4566 etc.
2594 4497 2717 4564 Sed
2741 4499 2854 4583 qui
2882 4498 3015 4562 odit
3036 4501 3244 4579 justos
3266 4548 3287 4579 ‚
3318 4503 3456 4566 sine

1917 4613 2112 4679 dubio
2138 4614 2233 4675 est
2258 4609 2520 4691 iniquus
2540 4610 2608 4670 et
2633 4605 2839 4668 malus
2872 4627 2887 4669 ε
2918 4622 3078 4687 ergo
3105 4606 3158 4668 si
3192 4606 3334 4670 talis
3361 4612 3459 4672 est

1916 4719 2276 4801 diligendus
2325 4734 2408 4779 ex
2450 4712 2757 4776 charitate
2779 4759 2796 4789 ‚
2838 4713 3027 4792 Juxta
3079 4714 3457 4779 mandatum

1918 4826 2344 4901 dominicum,
2374 4819 2529 4884 mali
2555 4817 2848 4881 homines
2875 4836 2957 4881 ex
2983 4818 3288 4884 charitate
3314 4819 3455 4882 dili·

1918 4934 2111 5019 gendi
2140 4937 2309 4997 sunt.

1999 5040 2158 5106 Item
2176 5056 2399 5103 omnes
2418 5033 2846 5118 praedestinati
2874 5031 3181 5113 diligendi
3203 5036 3353 5097 sunt
3378 5053 3460 5098 ex

1918 5146 2223 5212 charitate
2266 5166 2282 5207 :
2331 5142 2440 5206 sed
2485 5139 2707 5216 multi,
2738 5138 2851 5220 qui
2902 5142 3050 5202 sunt
3086 5137 3271 5217 mali,
3311 5143 3463 5204 sunt

1924 5345 1982 5393 111
2015 5342 2172 5403 Sene„
2215 5338 2329 5390 dist.
2360 5347 2641 5400 xxv111,q.
2681 5346 2779 5396 11¹3
2809 5333 2960 5383 Gabr.
2998 5333 3143 5396 Biel.‚
3196 5335 3260 5383 111
3301 5335 3462 5401 Sent.,

1919 5416 2239 5466 dist.xxv111.
2270 5424 2320 5473 q.
2352 5421 2392 5472 1,
2418 5409 2540 5458 dub.
2571 5419 2626 5457 11.
2648 5432 2711 5443 —
2735 5407 2755 5439 ⁸
2782 5405 2988 5466 Manli„
3013 5416 3063 5468 v,
3092 5407 3169 5456 44.

1988 5490 2059 5568 (a).
2077 5486 2163 5538 Ae.
2197 5486 2367 5551 ipsum
2393 5483 2528 5535 aliud
2555 5482 2844 5544 ordinatum
2871 5484 2965 5533 est.
