4185 6288
1619 491 1997 561 nls‘rmcr.
2042 493 2202 562 xvl.

679 650 1093 719 EXPOSITIO
1131 649 1458 719 TEXTUS.

590 804 957 855 Verumtamen
977 802 1142 868 magis
1166 806 1380 855 movent
1394 839 1413 868 ,
1440 806 1538 854 etc.

388 959 593 1042 Supra
635 958 774 1040 egit
830 956 1130 1040 Magister
1174 957 1254 1022 de
1316 956 1719 1040 passibilibus
1768 956 1836 1021 in

310 1064 549 1130 Christo
586 1065 853 1148 repertis
880 1064 949 1127 in
983 1064 1262 1149 quadam
1292 1065 1736 1147 generalitateg
1770 1062 1841 1128 in

307 1166 427 1231 hac
462 1171 674 1231 autem
697 1171 876 1250 parte
902 1167 1252 1249 specialiter
1277 1166 1598 1232 descendit
1622 1166 1703 1231 ad
1728 1166 1842 1231 de-

308 1273 776 1340 terminandum
801 1273 881 1338 de
914 1274 1150 1339 doloris
1192 1273 1506 1355 passione,
1540 1277 1605 1339 et
1636 1272 1839 1356 passi-

131 1358 280 1407 ffi'ffi‘*
305 1381 561 1448 bilitate.
612 1381 930 1447 Dividitur
971 1387 1188 1446 autem
1236 1399 1384 1464 pars
1415 1380 1534 1446 ista
1562 1381 1629 1445 in
1657 1380 1839 1462 duas,

305 1491 373 1554 in
400 1508 680 1573 quarum
718 1490 927 1575 prima
952 1490 1223 1573 inquirit
1249 1494 1470 1555 utrum
1497 1489 1706 1573 passio
1734 1489 1842 1555 do-

302 1596 451 1661 loris
490 1597 686 1662 fuerit
724 1598 794 1661 in
838 1596 1084 1663 Christo
1108 1595 1463 1662 secundum
1489 1596 1839 1676 virtutem3

302 1704 371 1770 in
397 1706 675 1771 secunda
708 1723 895 1786 vero,
931 1713 1155 1771 utrum
1200 1705 1483 1771 fueritin
1511 1724 1588 1771 eo
1612 1724 1844 1770 secun-

307 1811 458 1877 dum
487 1813 767 1896 patiendi
802 1815 1261 1893 necessitatem,
1304 1811 1441 1878 ibi:
1472 1813 1596 1881 Hic
1631 1814 1845 1881 oritur

307 1923 572 2004 quoestio
600 1937 684 1987 ex
705 1921 1071 2006 praedictis,
1109 1927 1228 1986 etc.
1261 1920 1475 1987 Prima
1498 1941 1644 2005 pars
1669 1921 1842 1987 divi-

305 2027 473 2094 ditur
503 2031 573 2093 in
601 2034 729 2093 tres
754 2033 986 2112 partes,
1029 2030 1098 2093 in
1126 2047 1403 2113 quarum
1431 2032 1639 2113 prima
1666 2030 1846 2113 ponit

305 2135 607 2220 Magister
654 2139 1119 2203 dubitationem
1146 2139 1314 2202 circa
1341 2138 1701 2221 passionem
1725 2139 1839 2203 do-

302 2245 454 2310 loris
494 2244 567 2309 in
605 2244 850 2311 Christo
882 2262 1031 2328 quae
1061 2263 1146 2310 ex
1172 2245 1385 2310 verbis
1410 2244 1631 2309 Hilarii
1652 2245 1844 2311 habet

304 2360 553 2434 ortum3
598 2354 667 2417 in
707 2354 985 2419 secunda
1052 2370 1209 2440 vero
1257 2354 1595 2436 subjungit
1648 2353 1846 2418 verba

304 2459 558 2541 Hilarii,
590 2479 738 2545 quae
778 2462 1081 2526 videntur
1119 2479 1257 2525 esse
1283 2461 1513 2540 dubia,
1541 2458 1630 2525 ibi
1678 2482 1694 2526 :
1729 2462 1846 2528 Ait

304 2570 474 2635 enim
501 2571 597 2635 sic
626 2570 702 2635 in
728 2569 889 2636 libro
912 2567 992 2635 de
1030 2570 1381 2651 Trinitate;
1407 2570 1476 2632 in
1494 2569 1845 2634 tertiavero

303 2676 409 2741 illa
459 2677 663 2741 verba
713 2677 1033 2760 explanat,
1086 2678 1175 2741 ibi
1217 2696 1236 2742 ε
1284 2676 1580 2757 Audisti,
1635 2676 1845 2756 lector,

313 2783 520 2851 Verba
561 2784 829 2852 Hilarii.
877 2784 1182 2851 Similiter
1221 2785 1499 2850 secunda
1551 2803 1720 2868 pars,
1777 2785 1848 2848 in

303 2910 433 2974 qua
460 2892 598 2973 agit
635 2891 713 2957 de
748 2893 1031 2975 patiendi
1075 2893 1478 2971 necessitate,
1508 2897 1634 2957 tres
1658 2892 1851 2958 habet

304 2995 646 3077 particulas
676 3017 692 3059 :
719 2995 792 3059 in
816 2997 1026 3080 prima
1053 3002 1268 3061 movet
1299 2996 1750 3079 quaestionem3
1780 2995 1847 3061 in

304 3102 583 3168 secunda
629 3120 785 3168 vero
832 3103 1012 3188 ponit
1052 3102 1645 3170 determinationem
1673 3102 1849 3170 illius

302 3212 697 3296 quaestionis,
737 3212 823 3276 ibi
854 3230 873 3277 ε
900 3212 1008 3278 Ad
1042 3212 1213 3296 quod
1254 3211 1392 3278 dici
1422 3216 1627 3294 potest
1661 3211 1847 3278 Chri-

304 3328 478 3388 stum
502 3321 853 3401 voluntate,
882 3326 1001 3386 etc.
1030 3321 1104 3385 In
1124 3320 1311 3386 tertia
1337 3339 1492 3386 vero
1512 3321 1851 3404 subjungit

305 3429 626 3511 quoddam
654 3427 893 3494 dictum
947 3429 1224 3494 notabile
1250 3430 1330 3495 ad
1359 3431 1669 3512 majorem
1691 3446 1851 3511 prae-

305 3537 670 3603 cedentium
720 3538 1263 3621 explanationem,
1310 3536 1401 3602 ibi
1431 3559 1449 3604 t
1479 3538 1565 3605 Et
1603 3543 1697 3605 est
1741 3536 1851 3603 hic

307 3647 701 3729 remandunt,
736 3648 1057 3716 Christum
1081 3648 1161 3716 de
1208 3652 1385 3717 omni
1428 3655 1603 3717 statu
1642 3649 1851 3716 homi-

306 3765 419 3830 nis
440 3809 458 3840 ,
487 3766 609 3827 etc.
641 3761 716 3826 ln
745 3766 924 3844 parte
948 3761 1069 3826 ista
1095 3764 1246 3825 sunt
1271 3762 1658 3844 quaestiones
1687 3760 1853 3824 circa

308 3869 613 3946 litteram,
642 3873 705 3933 et
728 3869 948 3933 incidit
971 3871 1239 3953 quaestio
1264 3872 1430 3933 circa
1456 3868 1655 3935 verba
1687 3868 1852 3931 Hila-

309 3981 412 4058 rii,
442 3999 592 4064 quae
618 3981 922 4046 videntur
948 4000 1084 4047 esse
1111 3981 1288 4060 salsa,
1319 3985 1383 4046 et
1409 3980 1630 4061 dubia,
1660 3984 1725 4046 et
1748 4000 1849 4044 er-

308 4104 707 4173 roneatquae
743 4087 797 4153 si
831 4088 1117 4154 dicamus
1142 4107 1277 4153 esse
1294 4088 1852 4169 retractata,Juxta

309 4196 484 4281 quod
515 4197 693 4280 prius
720 4199 962 4260 tactum
1004 4196 1158 4276 fuit,
1199 4198 1442 4263 semota
1486 4195 1605 4259 erit
1644 4194 1853 4258 omnis

307 4302 636 4369 calumnia
675 4304 868 4386 :quia
904 4308 1120 4369 tamen
1162 4304 1474 4387 scriptura
1520 4301 1719 4383 hujus
1744 4319 1852 4365 re-

315 4405 706 4469 tractationis
761 4424 894 4470 non
940 4410 1036 4470 est
1097 4406 1425 4489 propalata
1446 4453 1465 4483 ,
1508 4404 1652 4468 ideo
1702 4407 1854 4468 sunt

309 4511 509 4578 verba
545 4510 765 4576 Hilarii
798 4512 1152 4578 secundum
1179 4511 1350 4594 quod
1367 4528 1707 4594 possumus
1732 4527 1853 4574 ve-

309 4617 640 4683 rificanda.
705 4616 922 4682 Primo
964 4617 1140 4682 enim
1168 4619 1275 4682 est
1310 4617 1583 4683 dubium
1622 4617 1701 4682 de
1744 4617 1853 4681 illo

310 4724 534 4805 verb0,
575 4724 746 4806 quod
784 4723 934 4788 dicit

978 4916 1116 4964 DUB.
1154 4916 1201 4961 1.

620 5031 808 5082 Passus
834 5028 1043 5096 quidem
1069 5026 1298 5079 Christus
1323 5030 1401 5078 est
1414 5062 1433 5090 ,
1455 5028 1556 5079 etc.

398 5158 659 5224 Videtur
699 5156 878 5223 enim
903 5154 1113 5221 dicere
1142 5154 1272 5220 duo
1298 5158 1646 5238 contraria,
1685 5153 1857 5239 quod

315 5266 388 5332 in
418 5284 683 5350 corpore
720 5264 949 5330 Christi
972 5264 1169 5329 fuerit
1208 5281 1363 5329 vera
1385 5264 1629 5347 passio,
1658 5267 1724 5328 et
1758 5266 1854 5327 ta-

386 5419 404 5453 ¹
429 5418 608 5482 Hilar„
626 5417 685 5467 de
704 5415 911 5481 synod„
938 5429 991 5464 n.
1023 5418 1078 5465 49
1091 5430 1107 5477 ;
1129 5414 1190 5465 de
1211 5415 1415 5478 Trinit„
1434 5415 1522 5466 lib.
1550 5418 1612 5478 x,
1632 5432 1683 5468 u.
1704 5420 1783 5467 23.
1802 5445 1854 5457 --

324 5495 348 5528 ²
367 5492 517 5554 Aug„
543 5489 603 5539 de
618 5489 771 5540 civit.
810 5487 904 5536 Dei
924 5523 943 5551 ,
964 5485 1053 5537 lib.
1074 5486 1209 5548 xlv,
1236 5500 1285 5537 e..
1313 5497 1388 5550 vl,
1414 5489 1469 5538 et
1488 5501 1536 5538 c.
1564 5497 1723 5552 xv,n.
1745 5492 1795 5544 8.

3366 501 3482 564 347

1951 648 2103 695 men
2123 647 2259 696 non
2282 631 2476 697 fuerit
2498 647 2692 698 verus
2716 631 2929 712 dolor3
2959 632 3115 716 quia
3138 650 3273 698 non
3305 634 3488 719 vide·,

1947 740 2057 803 tur
2083 756 2219 804 esse
2244 738 2662 822 intelligibile,
2687 739 2861 823 quod
2880 758 3112 824 corpus
3129 742 3485 807 animatum

1949 857 2100 911 vere
2127 848 2507 931 patiebatur,
2537 851 2602 912 et
2628 850 2841 914 tamen
2874 866 3026 913 vere
3051 866 3183 914 non
3208 849 3483 915 dolebat.

1949 952 2028 1020 Et
2075 955 2131 1018 si
2178 959 2250 1019 tu
2296 956 2454 1022 velis
2496 956 2733 1035 dicere,
2786 957 2959 1040 quod
3005 957 3127 1022 hoc
3174 957 3491 1041 intelligat

1948 1067 2263 1146 quantum
2293 1064 2374 1129 ad
2403 1082 2740 1147 personam
2761 1063 2975 1146 Verbi,
3005 1065 3129 1130 hoc
3155 1066 3315 1130 nibil
3338 1071 3435 1132 est
3465 1090 3481 1133 :

1949 1170 2104 1253 quia
2129 1171 2290 1235 sicut
2316 1171 2497 1237 dolor
2526 1175 2621 1236 est
2646 1171 2892 1237 alienus
2918 1191 2959 1236 a
2978 1190 3247 1254 persona
3269 1172 3484 1251 Verbi,

1948 1275 2038 1340 ita
2062 1280 2128 1341 et
2152 1278 2380 1360 passio,
2411 1281 2475 1342 et
2499 1277 2781 1343 Hilarius
2814 1277 3029 1359 dicit¹,
3059 1280 3228 1362 quod
3263 1298 3489 1363 passus

1950 1381 2162 1461 fuerit,
2208 1384 2353 1448 licet
2383 1403 2514 1449 non
2543 1384 2839 1451 doluerit.
2873 1385 3179 1450 Similiter
3198 1387 3352 1452 situ
3390 1387 3490 1453 di·-

1949 1510 2091 1556 cere
2118 1491 2272 1557 velis
2298 1491 2468 1575 quod
2502 1510 2637 1557 non
2657 1491 2879 1572 doluit,
2909 1492 2976 1558 id
2995 1496 3090 1557 est
3111 1511 3242 1558 non
3266 1494 3492 1560 habuit

1949 1618 2209 1664 causam
2243 1606 2308 1665 et
2334 1601 2635 1665 meritum
2675 1600 2910 1666 doloris
2924 1649 2941 1679 ,
2996 1601 3288 1667 similiter
3312 1607 3491 1686 potes

1948 1706 2157 1772 dicere
2197 1706 2371 1790 quod
2405 1725 2537 1772 non
2571 1707 2798 1771 habuit
2823 1707 3127 1772 meritum
3155 1709 3484 1791 passionis,

2031 1812 2217 1896 Resp.
2271 1812 2643 1891 Dicendum,
2673 1812 2846 1896 quod
2875 1813 2994 1877 ista
3023 1814 3217 1879 verba
3245 1815 3486 1894 Hilarii,

1950 1920 2068 1984 etsi
2094 1919 2430 1987 videantur
2457 1938 2597 1985 esse
2623 1922 2846 1984 contra
2879 1918 3098 2001 fldem,
3129 1926 3346 1986 tamen
3374 1940 3491 2005 pro

1950 2026 2074 2092 flde
2114 2031 2304 2105 sunt;
2335 2031 2400 2091 et
2428 2027 2550 2092 hoc
2577 2030 2770 2110 patet,
2801 2027 2858 2092 si
2900 2029 3262 2093 attendatur
3300 2049 3494 2108 causa

1951 2139 2222 2205 dicendi.
2250 2138 2480 2206 Contra
2506 2140 2678 2203 enim
2706 2138 2847 2204 illos
2871 2140 3157 2223 loquitur
3184 2140 3487 2220 Hilarius,

1950 2247 2063 2330 qui
2108 2246 2398 2311 dicebant
2437 2245 2757 2312 Christum
2790 2248 3054 2311 omnino
3081 2247 3490 2312 succubuisse

1951 2354 2248 2436 passioni,
2280 2357 2343 2417 et
2368 2371 2409 2417 a
2433 2353 2725 2435 passione
2748 2371 2884 2417 esse
2910 2358 3303 2436 superatum.
3325 2352 3487 2417 Con-

1947 2464 2051 2525 tra
2086 2478 2249 2544 quos
2281 2460 2433 2525 dicit
2467 2459 2781 2539 Hilarius,
2826 2461 3001 2543 quod
3040 2460 3160 2525 etsi
3206 2459 3493 2524 Christus

1950 2586 2103 2633 vere
2148 2586 2374 2651 passus
2413 2567 2605 2633 fuerit
2625 2615 2643 2647 ,
2672 2584 2805 2631 non
2845 2570 3064 2632 tamen
3107 2568 3342 2646 doluit,
3372 2568 3496 2632 hoc

1951 2680 2045 2740 est
2091 2675 2489 2759 passionibus
2539 2692 2670 2739 non
2718 2674 3077 2739 succubuit.
3131 2674 3184 2738 N
3187 2693 3274 2739 on
3321 2675 3497 2739 enim

1953 2784 2094 2850 vult
2123 2800 2361 2864 negare
2388 2800 2649 2846 sensum
2686 2783 2750 2845 et
2791 2780 3304 2863 experimentum
3348 2800 3494 2865 pas-

1952 2889 2177 2969 sionis,
2210 2889 2318 2953 sed
2363 2889 2501 2954 vim
2545 2891 2609 2952 et
2648 2887 3010 2953 dominium
3036 2888 3378 2971 [passionis.
3420 2887 3498 2952 Et

1952 2997 2126 3081 quod
2152 2998 2268 3062 iste
2295 2997 2376 3060 sit
2400 2994 2785 3075 intellectus,
2834 2997 3007 3077 patet
3050 3012 3134 3059 ex
3172 2995 3362 3059 modo
3395 2995 3496 3060 lo-

1953 3105 2214 3191 quendi,
2260 3109 2325 3171 et
2366 3123 2449 3171 ex
2488 3102 2647 3170 serie
2696 3103 3048 3169 verborum
3067 3150 3088 3184 ,
3121 3105 3185 3168 et
3225 3121 3307 3169 ex
3343 3120 3494 3187 pro-

1954 3215 2220 3299 prietate
2243 3214 2590 3280 verberum
2624 3234 2640 3277 :
2676 3211 2831 3295 quia
2858 3209 3038 3277 dolor
3063 3212 3213 3278 dicit
3238 3232 3495 3296 compa-

1954 3323 2265 3389 rationem
2323 3321 2402 3385 ad
2452 3319 2845 3385 voluntatem
2862 3366 2879 3395 ‚
2930 3319 3283 3383 secundum
3327 3319 3499 3403 quod

1955 3430 2106 3496 dicit
2143 3427 2550 3509 Augustinus
2574 3430 2598 3465 ¹
2627 3474 2649 3506 ,
2686 3423 2765 3491 de
2802 3426 3084 3493 Ciuitate
3125 3426 3242 3492 Dei
3260 3475 3279 3508 ,
3326 3426 3498 3509 quod

1963 3561 1996 3598 α
2020 3536 2200 3602 dolor
2225 3540 2319 3600 est
2343 3535 2663 3599 dissensus
2687 3533 2769 3595 ab
2795 3532 2899 3597 his
2927 3533 3121 3597 rebus
3138 3581 3156 3615 ,
3196 3551 3348 3615 quae
3379 3551 3501 3596 no-

1956 3644 2056 3708 bis
2098 3642 2463 3708 nolentibus
2506 3640 2856 3705 acccidunt.
2904 3664 2936 3701 υ
2983 3639 3297 3718 Quoniam
3340 3659 3500 3723 ergo

1956 3770 2075 3816 nec
2118 3751 2416 3816 voluntas
2466 3747 2694 3813 Christi
2734 3746 2957 3814 divina
2975 3797 2992 3829 ,
3036 3766 3153 3813 nec
3199 3748 3501 3814 voluntas

1957 3863 2188 3938 creata,
2205 3855 2605 3940 passionibus
2630 3852 2999 3937 succubuit3
3029 3855 3172 3921 ideo
3197 3875 3330 3921 non
3354 3875 3501 3922 con-

1958 3965 2124 4030 cedit
2174 3962 2459 4028 Hilarius
2507 3959 2835 4026 Christum
2881 3961 3178 4044 doluisse,
3218 3963 3342 4027 hoc
3381 3965 3497 4041 est,

1957 4073 2173 4157 ipsum
2236 4072 2557 4138 nolentem
2615 4069 3013 4155 passionibus
3084 4069 3495 4152 subjacuisse.

1959 4178 2138 4245 Unde
2157 4197 2307 4243 cum
2338 4179 2522 4245 dicit:
2555 4176 2820 4243 «Virtus
2842 4177 3123 4259 corporis
3149 4175 3286 4240 sine
3310 4156 3533 4241 sensu‘

1959 4305 2171 4370 poenae
2213 4287 2347 4351 vim
2382 4304 2591 4370 poenae
2617 4286 2685 4349 in
2711 4303 2779 4349 se
2805 4283 3204 4348 desaevientis
3228 4282 3497 4366 excepit,

1960 4399 2106 4476 etc„
2128 4417 2160 4457 n
2181 4396 2392 4462 virtus
2420 4394 2703 4477 corporis
2730 4391 2961 4457 dicitur
2978 4390 3274 4456 voluntas
3303 4389 3502 4454 ratio-

1960 4503 2127 4569 nalis
2168 4502 2450 4584 regitiva
2487 4500 2660 4565 illius
2703 4497 2986 4582 corporis
3016 4518 3034 4562 z
3071 4496 3216 4560 haec
3255 4494 3503 4578 excepit

1961 4610 2099 4676 vim
2138 4627 2346 4693 poenae
2395 4609 2534 4673 sine
2578 4626 2770 4673 sensu
2810 4621 3053 4690 poenae,
3097 4603 3222 4668 hoc
3246 4607 3341 4668 est
3364 4604 3502 4669 sine

1960 4720 2251 4785 dissensu
2283 4736 2323 4783 a
2360 4735 2584 4801 poena,
2622 4715 2774 4798 quia
2817 4713 3021 4781 voluit
3062 4713 3217 4796 pati.
3262 4710 3343 4775 Et
3379 4711 3502 4777 hoc

1960 4825 2233 4893 ostendit
2258 4823 2451 4889 series
2471 4823 2698 4887 litterae
2711 4820 3032 4905 sequentis
3049 4840 3068 4884 z
3086 4819 3311 4902 probat
3326 4818 3502 4884 enim

1962 4934 2137 5018 quod
2172 4949 2405 5015 corpus
2439 4930 2598 4995 illud
2641 4948 2773 4996 non
2819 4926 3025 5010 potuit
3060 4926 3274 4991 dolere
3291 4973 3311 5007 ,
3349 4927 3502 5009 quia

1962 5040 2172 5126 potuit
2209 5037 2403 5104 undis
2441 5035 2808 5119 superferri.
2839 5033 3093 5100 Constat
3127 5033 3302 5097 enim
3328 5032 3503 5116 quod

1964 5167 2196 5233 corpus
2221 5146 2449 5215 Christi
2479 5163 2610 5210 non
2638 5140 3149 5227 superferebatur
3173 5142 3363 5221 undis
3386 5160 3504 5226 per

1964 5260 2265 5323 naturam
2304 5253 2505 5337 ipsius
2529 5250 2844 5336 corporis,
2871 5248 3047 5335 quod
3071 5249 3501 5333 ponderosum

1965 5368 2103 5431 erat
2131 5384 2151 5443 3
2205 5361 2317 5429 sed
2368 5378 2484 5445 per
2537 5357 2882 5442 imperium
2938 5356 3310 5423 voluntatis.
3368 5355 3502 5422 Hoc

1967 5475 2182 5555 ipsum
2208 5471 2380 5553 patet
2406 5485 2517 5551 per
2545 5465 2739 5532 aliam
2760 5464 3096 5545 rationem,
3124 5480 3324 5547 quam
3346 5462 3499 5526 sub-
