4185 6288
1204 455 1651 538 ms‘r.0‚mv.
1692 454 1876 522 Aur.
1920 458 1997 559 ¹.¹·
2036 460 2344 539 Qum.
2391 464 2468 528 11.

241 604 341 665 est
371 647 390 679 ,
443 601 610 665 circa
652 615 801 683 quae
840 598 1000 664 fides
1052 594 1358 662 consistit.
1403 591 1473 659 Si
1517 608 1673 673 ergo
1717 590 1788 654 in
1899 592 2220 660 habilibus
2236 643 2259 675 ,
2306 597 2658 664 secundum
2701 598 2873 682 quod
2915 603 3247 669 consuevit
3286 603 3435 683 dici,

244 706 533 772 doctrina
570 705 911 790 theologiae
950 703 1175 770 multae
1217 703 1385 766 fiunt
1431 698 1791 783 probabiles
1900 701 2072 780 quod
2100 703 2511 785 syllogismus
2536 704 2896 771 dialecticus
2918 711 3184 788 generat
3195 709 3443 793 opinio-

244 814 542 895 rationes,
593 814 851 879 videtur
877 812 1047 896 quod
1094 810 1359 875 rationis
1384 805 1793 890 probabilitas
1902 826 2076 890 nem,
2107 813 2172 874 et
2196 812 2607 894 syllogismus
2624 812 3159 882 demonstrativus
3179 821 3447 897 generat

245 920 438 984 simul
484 940 635 985 cum
668 921 794 986 fide
843 922 1097 984 maneat
1126 938 1144 983 ι
1176 934 1333 999 ergo
1374 915 1514 997 pari
1547 913 1795 978 ratione
1903 916 2257 982 scientiam.
2290 917 2357 984 Si
2384 936 2542 1000 ergo
2571 920 2787 1002 opinio
2815 922 3060 987 dicatur
3079 925 3289 1007 primo
3313 942 3449 989 mo-

248 1028 660 1110 probabilitas
703 1026 1017 1112 opinionis
1059 1043 1143 1090 ex
1181 1022 1536 1088 rationibus
1591 1038 1795 1102 gene-

251 1139 411 1199 ratae
437 1135 670 1217 poterit
696 1151 831 1199 esse
855 1134 927 1198 in
952 1133 1197 1212 eodem,
1226 1134 1288 1195 et
1314 1131 1603 1213 respectu
1635 1129 1800 1209 ejus·

254 1241 496 1306 demin
522 1259 675 1323 quo,
704 1244 768 1304 et
796 1242 1084 1322 respectu
1114 1239 1303 1321 cujus
1335 1242 1429 1301 est
1453 1236 1593 1318 ipsa
1616 1232 1796 1297 fides.

0 1355 71 1399 Ad
104 1367 224 1410 opp·
338 1347 460 1413 Sed
475 1352 732 1412 contra:
758 1353 789 1411 1
805 1394 821 1411 .
839 1348 858 1382 ¹
879 1345 1067 1412 Fides
1094 1350 1187 1413 est
1209 1347 1653 1427 arqumentum
1672 1357 1801 1409 non

257 1457 711 1539 apparentium
726 1469 938 1520 rerum
954 1452 1094 1518 :sed
1123 1470 1221 1532 ea,
1246 1453 1323 1516 de
1343 1451 1580 1533 quibus
1605 1448 1804 1512 habe-

256 1563 366 1626 tur
378 1561 593 1644 opinio
606 1559 969 1644 probabilis,
988 1562 1142 1623 sunt
1158 1556 1557 1641 apparentia:
1581 1553 1806 1637 proba·

259 1668 386 1733 bile
414 1669 590 1733 enim
609 1671 705 1733 est
721 1667 893 1752 quod
904 1666 1160 1733 videtur
1183 1664 1502 1744 omnibus,
1531 1662 1638 1728 vel
1664 1662 1806 1745 plu-

258 1775 477 1840 ribus:
510 1794 669 1859 ergo
709 1774 965 1840 videtur
998 1774 1171 1857 quod
1196 1771 1415 1856 opinio
1441 1769 1804 1856 probabilis,

260 1887 328 1948 et
351 1883 532 1964 fides,
554 1883 723 1948 circa
751 1883 922 1947 idem
950 1881 1145 1947 simul
1167 1899 1303 1946 esse
1327 1898 1461 1945 non
1483 1877 1747 1962 possint.

342 1996 403 2056 2.
436 1991 595 2056 Item
640 1991 921 2056 assensio
959 1989 1282 2073 opinionis
1307 1985 1652 2071 probabilis
1679 1985 1812 2049 col-³

260 2098 496 2182 ligitur
536 2119 619 2165 ex
657 2097 949 2163 humana
992 2095 1474 2162 ratiocinatione
1506 2116 1523 2159 ι
1554 2093 1687 2172 sed,
1717 2093 1813 2156 si-

263 2208 373 2269 cut
397 2205 549 2270 dicit
579 2205 929 2287 Gregorius
955 2205 1004 2284 ¹,
1042 2227 1075 2265 α
1103 2205 1260 2268 fides
1290 2220 1425 2267 non
1461 2201 1653 2266 habet
1680 2217 1814 2263 me-

263 2307 488 2389 ritum,
516 2310 621 2374 cui
649 2309 937 2374 bumana
965 2308 1128 2372 ratio
1153 2307 1395 2389 praebet
1419 2303 1821 2387 experimen·-

267 2422 413 2483 tum
445 2439 460 2481 :
490 2439 522 2477 n
558 2435 715 2500 ergo
739 2416 994 2484 videtur
1018 2416 1187 2499 quod
1213 2413 1560 2498 probabilis
1594 2425 1814 2476 asseu-
1856 2435 1864 2444 ·

265 2526 362 2590 sio
388 2525 634 2589 auferat
657 2525 962 2589 meritum
988 2523 1110 2606 ipsi
1138 2522 1283 2588 fidei
1316 2544 1332 2587 :
1366 2538 1525 2602 ergo
1550 2537 1680 2585 non
1708 2535 1817 2601 po·

267 2637 390 2698 test
407 2651 475 2698 se
500 2634 775 2718 compati
801 2651 957 2698 cum
984 2632 1210 2697 habitu
1234 2631 1433 2714 ipsius
1463 2629 1637 2694 fidei.

351 2745 411 2807 3.
457 2741 616 2807 Item
655 2742 872 2825 opinio
923 2744 1019 2805 est
1060 2739 1342 2805 assensio
1384 2736 1583 2802 unius
1620 2733 1820 2818 partis

270 2870 422 2917 cum
458 2850 798 2916 formidine
836 2849 1100 2915 alterius
1131 2870 1147 2913 :
1175 2847 1285 2912 sed
1313 2844 1429 2910 ubi
1454 2847 1548 2909 est
1575 2843 1825 2926 opinio„

268 2960 364 3024 ibi
406 2961 501 3023 est
535 2957 852 3024 vacillatio
882 2977 898 3021 ε
926 2956 1037 3021 sed
1068 2955 1225 3021 fides
1253 2952 1535 3019 excludit
1561 2967 1820 3016 omnem

270 3066 761 3143 vacillationem,
791 3065 947 3131 dum
980 3065 1130 3129 facit
1158 3063 1430 3128 firmiter
1458 3059 1818 3124 adbaerere:

272 3194 434 3258 ergo
470 3175 630 3242 fides
672 3192 804 3239 non
832 3178 1036 3257 potest
1072 3172 1266 3238 simul
1308 3174 1476 3237 stare
1502 3185 1653 3235 cum
1679 3166 1823 3251 opi-

274 3285 491 3351 nione.

360 3397 422 3456 4.
470 3391 631 3457 Item
669 3389 890 3474 opinio
933 3389 1219 3455 adhaeret
1257 3387 1489 3453 rationi
1515 3383 1825 3469 probabili

278 3503 540 3585 propter
565 3518 631 3563 se
651 3544 676 3578 ,
702 3499 875 3562 unde
900 3497 1227 3562 deficiente
1255 3493 1694 3580 probabilitate
1718 3511 1827 3557 ra-

279 3608 472 3673 tIonis
483 3656 506 3688 ,
555 3606 765 3672 deficit
804 3604 1217 3689 probabilitas
1269 3601 1591 3685 opinionis
1650 3622 1666 3665 ε
1717 3599 1828 3665 sed

279 3716 438 3780 fides
482 3714 767 3780 adhaeret
788 3711 911 3797 ipsi
934 3710 1473 3794 veritatipropter
1503 3726 1594 3789 se,
1619 3712 1686 3773 et
1708 3726 1829 3771 su·

280 3841 397 3907 per
440 3821 660 3887 omnia
689 3837 707 3883 :
735 3836 894 3901 ergo
930 3818 1088 3883 fides
1123 3821 1188 3883 et
1220 3817 1435 3899 opinio
1463 3816 1703 3883 habent
1726 3834 1830 3880 re—

281 3928 757 4015 pugnantiam:
793 3944 953 4007 ergo
992 3943 1124 3991 non
1154 3923 1408 3989 videtur
1440 3922 1612 4006 quod
1637 3921 1832 3986 simul

282 4037 557 4122 posssint
582 4053 718 4102 esse
739 4035 810 4100 in
830 4033 1050 4100 anima
1083 4031 1250 4098 circa
1288 4031 1584 4098 eamdem
1624 4033 1831 4096 mate-

284 4163 475 4211 nam.

828 4301 1282 4372 CONCLUSIO.

287 4452 367 4507 De
393 4448 567 4506 eodem
588 4451 894 4522 potestesse
909 4448 1061 4520 fides,
1090 4452 1143 4505 et
1159 4446 1470 4520 probabilis
1490 4450 1696 4521 opinio,
1725 4463 1835 4505 non

361 4539 576 4611 quidem
605 4539 951 4610 formidinem
980 4553 1248 4594 anneoeam
1285 4537 1508 4603 habens,
1541 4537 1633 4594 sed
1656 4552 1837 4595 assen-

361 4633 564 4689 sionem
582 4646 650 4687 em
669 4629 1048 4703 probabilibus
1063 4628 1371 4686 rationibus
1389 4627 1716 4700 acquisitam
1738 4626 1836 4701 (α).

376 4792 565 4877 Resp.
594 4792 678 4858 ad
720 4810 865 4875 arg.
895 4790 1243 4857 Dicendum
1259 4789 1436 4875 quod
1453 4789 1671 4874 opinio
1688 4806 1839 4873 pro-

201 4910 207 4915 '
294 4900 529 4968 babilis
555 4899 888 4985 dupliciter
911 4898 1245 4967 consuevit
1270 4898 1466 4983 accipi
1494 4920 1512 4964 ε
1536 4915 1673 4963 uno
1695 4915 1843 4963 mo·

296 5008 381 5076 do
405 5008 636 5076 dicitur
671 5007 889 5091 opinio
924 5005 1205 5072 assensio
1244 5004 1444 5072 unius
1470 5003 1670 5090 partis
1693 5021 1846 5070 cum

296 5116 635 5186 tormidine
660 5114 962 5205 alterius;
990 5113 1117 5182 alio
1141 5112 1333 5180 modo
1359 5112 1593 5180 dicitur
1620 5113 1840 5196 opinio

296 5225 585 5292 assensio
604 5222 843 5291 animae
867 5224 1176 5307 generata
1200 5238 1286 5288 ex
1306 5221 1681 5288 rationibus
1697 5236 1851 5304 pro-

362 5390 382 5428 ί
411 5387 588 5448 neor..
613 5397 691 5450 xl,
715 5391 762 5439 ¹.
796 5411 861 5427 —
884 5387 908 5423 ¹
929 5387 1104 5450 Greg„
1133 5386 1190 5435 in
1216 5384 1433 5451 Evonq„
1463 5385 1608 5437 hom.
1627 5394 1770 5436 xxvt.
1791 5411 1853 5425 -

294 5458 318 5497 ⁸
343 5464 546 5524 Quoest.
574 5469 619 5511 11
643 5462 696 5509 et
722 5469 785 5511 111
805 5457 862 5509 in
890 5457 1139 5523 prologo.

629 5565 782 5612 mu·
822 5565 918 5616 Π.

1906 1019 1987 1084 do
2009 1066 2027 1097 ,
2058 1027 2251 1104 prout
2297 1023 2490 1088 habet
2530 1042 2749 1089 secum
2791 1044 3111 1092 annexam
3156 1028 3451 1112 formidi-

1907 1145 2059 1192 nem
2106 1134 2171 1194 et
2212 1130 2677 1197 vacillationem
2701 1180 2719 1211 ,
2755 1133 2846 1198 sic
2871 1153 3002 1199 non
3028 1137 3230 1217 potest
3258 1136 3452 1201 simul

1909 1236 2075 1299 stare
2120 1253 2269 1300 cum
2313 1237 2540 1301 habitu
2573 1237 2719 1302 fidei
2745 1239 2913 1304 circa
2937 1241 3225 1307 eamdem
3260 1246 3454 1306 mate-

1909 1342 2099 1420 riam,
2124 1361 2243 1426 pro
2278 1360 2354 1409 eo
2389 1345 2560 1427 quod
2596 1346 2756 1411 fides
2791 1348 2939 1413 facit
2964 1348 3152 1433 plene
3184 1369 3456 1416 consen-

1913 1453 2032 1517 tire
2058 1453 2128 1517 in
2149 1454 2414 1521 alteram
2440 1460 2710 1539 partem,
2738 1459 2828 1524 ita
2853 1461 3026 1543 quod
3056 1463 3322 1529 omniuo
3349 1482 3457 1528 re-

1915 1564 2097 1643 putat
2138 1565 2278 1644 ejus
2321 1565 2680 1648 oppositum
2728 1566 2958 1632 falsum
2995 1570 3060 1632 et
3086 1586 3455 1650 erroneum,

1915 1686 2034 1733 nec
2057 1674 2317 1752 propter
2342 1671 2624 1755 aliquam
2655 1674 2968 1739 rationem
2994 1676 3457 1760 supervenien-

1917 1779 2047 1840 tem
2070 1780 2276 1858 potest
2302 1778 2385 1842 ad
2422 1780 2788 1861 oppositum
2834 1781 3126 1846 inclinari
3154 1803 3172 1849 t
3203 1788 3267 1849 et
3295 1784 3459 1865 ide0,

1852 1947 1857 1954 ,
1891 1981 1895 1987 1
1919 1880 2074 1964 quia
2088 1883 2249 1948 tollit
2265 1884 2745 1953 fluctuationem
2767 1888 3106 1971 opinionIs,
3132 1890 3255 1956 isto
3273 1891 3464 1956 modo

1921 1988 2169 2056 dicendi
2212 1991 2428 2074 opinio
2453 1994 2647 2060 simul
2676 2012 2828 2060 cum
2853 1995 2980 2061 fide
3004 2015 3140 2062 non
3166 2001 3371 2080 potest
3395 2016 3465 2062 se

1921 2096 2042 2161 isto
2069 2099 2262 2163 modo
2305 2101 2601 2184 compati.
2635 2101 2702 2166 Si
2729 2109 2944 2169 autem
2970 2106 3185 2188 opinio
3222 2106 3468 2172 dicatur

1923 2205 2199 2270 secundo
2226 2207 2440 2287 modo,
2473 2207 2708 2273 scilicet
2731 2210 3008 2276 assensio
3047 2213 3354 2295 acquisita
3391 2214 3465 2297 (b)

1925 2329 2008 2375 cx
2032 2312 2384 2379 rationibus
2408 2315 2861 2397 probabilibus,
2897 2317 2988 2382 sic
3010 2317 3350 2384 dicendum
3375 2325 3474 2386 est

1925 2418 2100 2503 quod
2137 2419 2302 2484 circa
2342 2421 2514 2487 idem
2543 2421 2740 2487 simul
2785 2427 2849 2488 et
2875 2423 3069 2488 semel
3096 2429 3300 2508 potest
3331 2445 3473 2493 esse

1926 2527 2142 2609 opinio
2185 2532 2249 2592 et
2286 2529 2443 2593 fides
2481 2551 2498 2595 ε
2543 2531 2850 2613 quoniam
2888 2531 3074 2595 multi
3104 2533 3321 2598 fideles
3346 2532 3474 2599 ha-

1925 2632 2081 2699 bent
2107 2635 2188 2699 ad
2216 2652 2313 2712 ea,
2347 2653 2494 2715 quae
2520 2636 2811 2718 credunt,
2841 2638 3078 2703 multas
3102 2640 3472 2706 verisimiles

1926 2739 2203 2806 rationes
2223 2789 2242 2822 ,
2272 2746 2334 2807 et
2361 2742 2596 2807 multas
2639 2742 2993 2825 probabiles
3014 2793 3035 2825 ,
3063 2763 3211 2828 quae
3233 2745 3475 2812 habent

1928 2865 2237 2928 generare
2273 2849 2641 2934 opinionem
2666 2855 2987 2934 quantum
3014 2852 3093 2917 ad
3121 2853 3474 2920 secundum

1929 2955 2196 3021 modum
2240 2957 2487 3022 dicendi
2528 2958 2896 3041 opinionem
2927 2978 2944 3022 ε
2977 2962 3041 3024 et
3074 2959 3184 3024 illa
3210 2961 3473 3044 quidem

1929 3065 2212 3128 assensio
2250 3067 2553 3147 generata
2596 3064 2746 3129 fidei
2785 3083 2916 3130 non
2956 3071 3280 3150 repugnat
3293 3117 3311 3148 ,
3342 3069 3474 3134 imo

1928 3172 2267 3252 subservit,
2294 3177 2357 3237 et
2378 3171 2738 3237 famulatur.
2773 3171 2884 3237 Est
2909 3174 3176 3238 enimin
3203 3174 3349 3240 fidei
3373 3175 3471 3240 fo-

1930 3283 2223 3347 mentum
2263 3284 2580 3364 quantum
2624 3282 2705 3346 ad
2743 3280 3035 3347 infirmos
3053 3329 3072 3363 ,
3102 3285 3166 3347 et
3187 3281 3471 3347 oblecta-

1932 3390 2224 3455 mentum
2249 3393 2568 3471 quantum
2594 3388 2675 3452 ad
2702 3389 3029 3471 perfectos.
3059 3388 3157 3454 Ex
3184 3389 3286 3453 his
3302 3392 3475 3473 patet

1931 3496 2259 3582 responsio
2299 3497 2379 3561 ad
2402 3496 2826 3579 quoestionem
2852 3498 3240 3579 propositam
3255 3545 3273 3578 ,
3303 3501 3475 3580 patet

1934 3604 2129 3668 etiam
2175 3605 2502 3687 responsio
2567 3603 2650 3669 ad
2697 3603 2964 3686 objecta.
3024 3601 3250 3687 Opinio
3301 3605 3474 3669 enim

1933 3711 2277 3797 probabilis
2304 3712 2659 3777 secundum
2691 3729 2904 3776 unum
2934 3711 3197 3776 modum
3225 3710 3478 3777 dicendi

1935 3823 2139 3903 potest
2173 3824 2339 3883 stare
2369 3818 2566 3884 simul
2615 3837 2766 3883 cum
2813 3817 2939 3882 fide
2957 3865 2979 3897 ,
3014 3818 3178 3883 sicut
3203 3817 3481 3884 rationes

1935 3927 2014 3991 ad
2042 3926 2319 4009 primam
2346 3930 2592 4008 partem
2619 3926 3010 3991 ostendunt:
3039 3925 3171 3990 imo
3200 3925 3480 3991 multum

1937 4034 2182 4098 confert
2221 4034 2370 4098 fidei
2420 4031 2829 4117 probabilitas
2880 4032 3206 4097 rationum
3241 4079 3262 4112 ‚
3321 4032 3483 4099 sicut

1938 4142 2059 4207 fuit
2083 4143 2326 4207 dictum
2350 4140 2418 4204 in
2445 4139 2762 4223 principio
2783 4138 2979 4222 primi
3001 4139 3148 4204 libri
3164 4141 3210 4204 ⁸.
3236 4139 3481 4205 Secun-

1941 4249 2102 4314 dum
2128 4249 2326 4314 alium
2356 4247 2621 4313 modum
2650 4245 2920 4326 dicendi,
2949 4246 3019 4310 in
3048 4251 3366 4330 quantum
3383 4262 3484 4311 so-
3529 4314 3544 4332 ‚

1940 4360 2057 4421 nat
2086 4355 2156 4419 in
2179 4354 2751 4439 imperfectionem,
2780 4352 3079 4420 videlicet
3107 4358 3301 4438 prout
3340 4354 3493 4420 dicit

1944 4464 2412 4530 vacillationem
2437 4470 2503 4529 et
2527 4463 2933 4529 innitentiam
2959 4463 3161 4546 ipsius
3197 4480 3494 4529 assensus

1946 4594 2142 4661 super
2177 4576 2686 4660 probabilitatem
2726 4574 2991 4641 rationis
3034 4574 3487 4659 principaliter,

1947 4685 2040 4750 sic
2082 4684 2276 4749 habet
2316 4684 2818 4768 repugnantiam
2861 4700 3018 4747 cum
3066 4682 3194 4747 fide
3236 4703 3254 4748 ε
3302 4685 3370 4747 et
3404 4681 3495 4745 sic

1951 4792 2301 4876 procedunt
2315 4776 2594 4856 rationes
2618 4791 2699 4855 ad
2717 4788 3060 4857 secundam
3078 4792 3346 4873 partem,
3367 4805 3500 4853 ma-

1952 4901 2130 4966 xime
2156 4899 2305 4966 duae
2331 4898 2577 4964 ultimae
2596 4945 2619 4979 ‚
2650 4915 2932 4980 quarum
2970 4914 3104 4962 una
3127 4899 3384 4980 sumpta
3407 4897 3504 4961 est

1953 5006 2259 5091 exipsius
2283 5005 2602 5089 opinionis
2619 5003 3090 5085 incertitudine,
3113 5005 3318 5069 altera
3340 5020 3502 5071 vero

1955 5132 2039 5180 ex
2061 5114 2262 5199 ipsius
2285 5112 2605 5198 opinionis
2628 5112 2999 5179 fulcimento
3020 5159 3040 5193 ,
3071 5109 3227 5197 quia
3263 5110 3503 5197 princi·

1955 5222 2182 5306 paliter
2204 5220 2500 5288 innititur
2524 5219 3108 5303 rationiprobanti.
3141 5216 3152 5225 '

2040 5336 2103 5396 1.
2191 5330 2291 5396 Ad
2349 5328 2508 5394 illud
2562 5328 2735 5412 quod
2801 5328 3015 5410 primo
3077 5327 3378 5410 objicitur
3433 5328 3516 5394 de

1989 5511 1992 5514 ,
2029 5457 2097 5523 (a)
2126 5456 2205 5508 Αι.
2224 5454 2515 5507 derelictam
2547 5481 2599 5493 —
2627 5454 2693 5518 (b)
2724 5453 2983 5507 derelicta.
