4185 6288
736 460 858 522 128

733 590 1078 673 competit,
1115 590 1269 673 quia
1306 588 1629 653 sufficeret
1644 635 1665 668 ,
1708 589 1763 651 si
1804 587 2016 652 solum
2055 604 2292 670 corpus

733 698 1207 780 assumpsisset.
1258 694 1498 773 Quarta
1540 694 1884 760 notificatio
1943 693 2086 758 haec
2145 698 2242 758 est
2274 712 2292 756 :

741 830 772 867 α
803 804 1046 870 Natura
1077 810 1173 869 est
1199 822 1727 887 unamquamque
1767 821 1908 867 rem
1936 803 2294 867 informans

736 916 1027 999 specifica
1072 913 1427 979 differentia
1462 934 1476 976 ε
1520 934 1552 971 a
1601 911 1713 975 sed
1759 931 1877 976 nec
1932 911 2127 975 etiam
2174 911 2295 974 isto

734 1021 923 1085 modo
952 1021 1206 1086 videtur
1232 1023 1639 1102 assumptum
1668 1024 2064 1102 competere,
2100 1018 2292 1099 quia,

733 1129 895 1192 sicut
921 1129 1072 1193 dicit
1091 1128 1539 1204 Damascenus,
1563 1125 1729 1190 libro
1751 1125 1832 1189 111
1855 1128 1873 1162 ¹
1902 1148 1918 1190 z
1960 1149 1990 1186 α
2009 1124 2294 1189 Verbum

729 1234 1134 1298 incarnatum
1163 1252 1295 1298 non
1326 1252 1494 1310 eam,
1526 1250 1673 1314 quae
1701 1232 1875 1296 nuda
1903 1230 2293 1313 contempla-

730 1342 901 1406 tione
930 1341 1392 1418 consideratur,
1425 1341 1779 1423 assumpsit
1808 1345 2132 1418 natur-am,
2165 1356 2296 1403 non

728 1450 901 1514 enim
931 1450 1287 1525 incarnatio
1324 1448 1466 1512 haec
1493 1452 1682 1526 esset,
1716 1447 1824 1511 sed
1857 1447 2052 1526 fictio,
2086 1451 2151 1511 et
2177 1447 2291 1511 de-

728 1559 933 1640 ceptio
961 1555 1440 1633 incarnationis;
1472 1572 1683 1637 neque
1711 1573 1852 1618 eam
1889 1556 2120 1637 specie,
2145 1571 2294 1636 quae

728 1664 1202 1741 consideratum
1240 1664 1351 1727 sed
1379 1681 1522 1726 eam
1565 1681 1713 1744 quae
1745 1667 1843 1726 est
1885 1662 1952 1725 in
1981 1664 2219 1725 atomo.
2254 1681 2286 1718 n

729 1769 906 1853 Ergo
929 1771 1110 1835 nullo
1131 1770 1323 1835 modo
1343 1771 1597 1835 videtur
1616 1769 2092 1834 concedendum
2113 1768 2288 1851 quod

729 1882 899 1947 Deus
925 1882 1283 1947 humanam
1310 1886 1614 1945 naturam
1641 1879 2011 1964 assumpsit.

1294 2104 1632 2169 CONCLUS
1642 2106 1713 2168 10
1726 2153 1739 2168 .

729 2282 1013 2337 Possumus
1046 2292 1168 2335 vere
1208 2282 1262 2333 et
1282 2280 1509 2349 proprie
1547 2269 1823 2333 concedere
1865 2275 2013 2347 quod
2047 2275 2291 2332 humana

798 2371 1004 2424 natura
1038 2372 1115 2423 est
1153 2382 1189 2422 a
1223 2369 1326 2424 Deo
1363 2367 1750 2439 assumpta,1et
1779 2363 1920 2435 quod
1949 2368 2064 2419 tota
2094 2368 2171 2421 est
2199 2379 2289 2420 as-

799 2462 1039 2530 sumpta.

809 2618 996 2702 Resp.
1043 2618 1125 2682 ad
1170 2634 1317 2698 arg.
1366 2615 1716 2679 Dicendum
1765 2614 1973 2697 quod,
2025 2634 2179 2681 vere
2226 2620 2289 2679 et

727 2726 986 2809 proprie
1019 2723 1371 2807 loquend0‚
1414 2722 1672 2787 concedi
1714 2725 1923 2802 potest
1958 2725 2023 2787 et
2060 2722 2281 2803 debet,

727 2832 1080 2897 humanam
1122 2834 1421 2894 naturam
1462 2849 1502 2893 a
1534 2828 1663 2894 Deo
1693 2833 2094 2911 assumptam
2121 2828 2283 2911 esse,

726 2958 844 3023 pro
863 2959 938 3004 eo
959 2939 1153 3022 quod,
1183 2937 1347 3000 sicut
1374 2935 1524 3000 dicit
1553 2935 1980 3018 Philosophus
2008 2940 2066 3016 ²,
2110 2962 2140 2999 α
2170 2956 2285 3005 ηα-

728 3051 880 3112 tura
910 3044 1221 3125 accipitur
1261 3046 1327 3106 et
1360 3060 1478 3125 pro
1522 3060 1678 3106 vera
1715 3043 1984 3106 materia
2002 3092 2023 3122 ,
2065 3049 2130 3108 et
2169 3063 2286 3127 pro

726 3173 882 3218 vera
914 3153 1122 3219 forma
1156 3173 1171 3214 :
1213 3175 1243 3211 n
1294 3153 1357 3215 et
1395 3150 1475 3214 de
1511 3151 1613 3214 his
1656 3150 1891 3244 dicitur
1929 3152 2286 3220 secundum

728 3260 1100 3341 analogiam
1138 3258 1510 3342 quamdam.
1558 3258 1874 3336 Quoniam
1914 3277 2076 3340 ergo
2119 3259 2285 3324 Deus

728 3370 1075 3452 assumpsit
1101 3386 1361 3432 carnem
1394 3376 1458 3431 et
1483 3367 1767 3431 animam
1805 3367 2189 3449 humanam,
2221 3373 2286 3433 et

731 3493 879 3541 caro
906 3482 1001 3540 est
1028 3475 1414 3558 principium
1441 3474 1723 3539 bominis
1753 3475 2113 3556 materiale,
2138 3476 2281 3540 ani-

728 3604 837 3650 ma
865 3605 1020 3652 vero
1046 3585 1315 3650 formale
1346 3603 1363 3648 ε
1406 3584 1557 3648 hinc
1583 3587 1681 3648 est
1709 3584 1882 3666 qnod
1909 3602 2042 3649 non
2069 3585 2281 3650 solum

727 3713 880 3759 vere
920 3694 1277 3758 humanam
1323 3698 1659 3772 naturam,
1692 3692 1803 3756 sed
1848 3693 2042 3757 etiam
2080 3698 2281 3757 totam

725 3802 1080 3868 humanam
1111 3807 1412 3866 naturam
1450 3800 1682 3864 dicitur
1721 3800 2168 3884 assumpsisse.
2202 3800 2281 3865 Et

725 3910 868 3976 ideo
908 3910 1326 3976 concedendae
1370 3914 1523 3974 sunt
1566 3909 1846 3974 rationes
1885 3910 1966 3973 ad
2011 3911 2134 3975 hoc
2176 3913 2276 3975 in-

726 4019 958 4085 ductae.

809 4133 841 4191 1
854 4174 872 4190 .
924 4125 1022 4191 Ad
1058 4124 1219 4189 iUud
1255 4123 1427 4208 quod
1472 4125 1854 4207 opponitur,
1894 4127 2067 4208 quod
2115 4127 2277 4191 nihil

727 4234 1081 4299 assumitur
1110 4233 1235 4296 nisi
1263 4250 1399 4309 ens,
1431 4232 1771 4297 dicendum
1801 4234 1973 4316 quod
2002 4235 2126 4299 hoc
2151 4235 2275 4300 du-

726 4340 976 4425 pliciter
1002 4344 1211 4424 potest
1235 4339 1535 4420 intelligi.
1568 4338 1707 4404 Uno
1726 4340 1917 4405 modo
1945 4341 2073 4406 sic:
2102 4339 2279 4405 Nihil

725 4450 1081 4516 assumitur
1114 4448 1238 4513 nisi
1274 4464 1387 4511 ens
1425 4448 1495 4510 in
1530 4448 1669 4530 ipsa
1704 4450 2179 4532 assumptione:
2215 4455 2280 4515 et

723 4557 848 4623 hoc
874 4557 1140 4641 quidem
1157 4574 1388 4620 verum
1407 4559 1527 4631 est,
1548 4572 1667 4619 nec
1687 4555 1881 4621 babet
1908 4556 2275 4622 instantiam

724 4664 794 4729 in
845 4665 1170 4749 proposito
1185 4712 1206 4743 ,
1257 4663 1410 4746 quia
1465 4661 1753 4726 humana
1797 4670 2029 4729 natura
2083 4665 2277 4731 simul

722 4771 952 4836 habuit
977 4789 1148 4851 esse,
1178 4775 1243 4835 et
1277 4787 1417 4834 esse
1451 4773 1881 4852 assumptum.
1911 4771 2055 4837 Alio
2084 4773 2277 4838 modo

723 4883 931 4960 potest
974 4878 1294 4959 intelligi,
1352 4881 1426 4941 ut
1470 4875 1637 4939 nihil
1693 4882 2090 4959 assumatur,
2146 4880 2276 4945 nisi

725 4985 908 5068 prius
934 4986 1017 5050 sit
1043 5004 1244 5069 quam
1272 4989 1638 5050 assumatur
1673 5005 1688 5048 :
1720 4989 1785 5049 et
1810 4986 1864 5050 si
1896 4985 2020 5051 hoc
2049 4987 2277 5052 intelli-

727 5097 922 5173 gatur
947 5093 1026 5158 de
1051 5111 1189 5158 esse
1221 5092 1293 5157 in
1330 5092 1650 5176 potentia,
1681 5094 2015 5159 veritatem
2041 5094 2269 5176 habet,

724 5201 879 5284 quia
903 5204 1232 5284 assumpta
1262 5204 1497 5265 natura
1532 5203 1716 5282 prius
1747 5206 1845 5267 est
1879 5203 1947 5267 in
1981 5205 2271 5270 materiae

790 5366 1079 5422 ¹Damasc..
1101 5364 1165 5416 de
1181 5364 1306 5417 Fide
1325 5366 1664 5425 Orthod.,1ib.
1687 5368 1774 5425 ΙΙΙ,
1795 5383 1842 5419 c.
1873 5380 1965 5420 vu.
1980 5371 2269 5437 -2Arist.,

724 5436 897 5501 Phys„
923 5435 1015 5488 lib.
1046 5438 1264 5490 lhcont.
1294 5441 1347 5490 2¹
1374 5443 1430 5494 et
1452 5443 1535 5490 81.

1857 449 2486 518 SENTENTIARUM
2528 451 2676 518 LIB.
2722 452 2831 519 111.

2400 589 2702 670 potentia,
2745 588 2852 654 vel
2889 588 3218 654 efficientis
3234 639 3253 669 ,
3284 607 3485 672 quam
3527 592 3779 659 uniatur
3812 592 3928 679 ipsi

2400 697 2778 761 assumenti.
2829 697 2897 761 Si
2939 702 3155 762 autem
3194 695 3596 779 intelligatur
3633 706 3930 782 quantum

2400 793 2481 855 ad
2511 811 2648 856 esse
2677 792 2741 854 in
2772 797 2955 871 actu,
2987 793 3078 855 sic
3120 810 3253 856 non
3290 792 3485 856 babet
3520 793 3841 859 veritatem
3869 796 3933 860 in

2401 917 2478 963 ea
2497 901 2816 982 potentia,
2849 901 3135 964 maxime
3167 917 3315 982 quae
3346 898 3541 964 simul
3580 906 3779 983 potest
3801 922 3932 970 rem

2402 1007 2744 1087 fabricare,
2775 1012 2839 1072 et
2865 1008 2986 1072 sibi
3025 1008 3237 1073 unire.
3276 1006 3456 1071 Unde
3488 1008 3542 1071 si
3570 1009 3712 1090 quis
3736 1017 3933 1093 posset

2402 1116 2858 1181 vestimentum
2914 1117 2983 1179 in
3043 1115 3231 1180 dorso
3286 1135 3407 1180 suo
3461 1117 3694 1197 facere,
3751 1119 3933 1183 simul

2402 1227 2567 1286 esset
2603 1224 2967 1288 vestimenti
3019 1224 3428 1307 compositio,
3480 1228 3543 1288 et
3591 1226 3931 1290 vestimenti

2401 1331 2776 1413 assumptio.
2813 1332 2936 1397 Per
2962 1333 3153 1397 hunc·
3167 1331 3434 1397 modum
3460 1333 3931 1413 intelligendum

2401 1441 2497 1500 est
2526 1438 2593 1501 in
2622 1440 2968 1521 proposito.

2482 1544 2542 1602 2.
2573 1540 2674 1604 Ad
2705 1541 2865 1606 illud
2895 1543 3066 1625 quod
3094 1543 3463 1626 opponitur,
3497 1543 3669 1626 quod
3696 1562 3933 1608 assum-

2401 1648 2534 1729 ptio
2557 1666 2764 1712 unum
2792 1650 2960 1729 facit,
2989 1653 3139 1727 etc.,
3162 1649 3505 1713 dicendum
3533 1651 3702 1733 quod
3718 1669 3933 1717 verum

2400 1759 2533 1820 est:
2566 1774 2698 1819 non
2724 1761 2941 1821 tamen
2977 1757 3342 1822 omnimode
3378 1759 3531 1822 facit
3564 1777 3803 1838 unum,
3833 1759 3933 1824 sed

2399 1865 2752 1929 secundum
2789 1865 2962 1946 quod
3004 1866 3305 1947 competit
3343 1865 3797 1947 comparationi
3833 1883 3932 1929 as-

2398 1972 2711 2035 sumentis
2738 1972 2821 2036 ad
2846 1976 3273 2055 assumptum.
3298 1970 3366 2037 Si
3394 1977 3615 2037 autem
3642 1973 3712 2037 in
3729 1972 3931 2056 aliqua

2398 2081 2832 2162 assumptione
2860 2080 3178 2162 reperitur
3204 2079 3384 2156 unio,
3414 2079 3744 2162 potissime
3770 2097 3935 2163 repe·

2397 2188 2562 2251 ritur
2614 2189 2683 2251 in
2738 2188 3174 2271 assumptione
3235 2189 3544 2253 humanae
3604 2170 3845 2253 naturae
3897 2207 3933 2252 a

2397 2293 2636 2373 Verbo,
2677 2296 2832 2379 quia
2871 2315 3001 2360 non
3029 2300 3283 2361 tantum
3322 2301 3419 2361 est
3462 2295 3555 2360 ibi
3598 2298 3804 2362 unitas
3828 2314 3933 2380 per
4063 2323 4066 2326 ⁴

2396 2401 2849 2483 adJacentiam‚
2891 2404 3002 2469 sed
3038 2406 3231 2469 etiam
3267 2411 3364 2468 est
3402 2405 3492 2469 ibi
3538 2406 3748 2470 unitas
3792 2424 3927 2488 quae

2395 2514 2490 2572 est
2517 2510 2717 2592 ipsius
2738 2514 2988 2576 naturae
3014 2512 3097 2576 ad
3123 2511 3523 2595 hypostasim
3550 2531 3768 2577 suam:
3797 2513 3928 2577 haec

2394 2621 2614 2681 autem
2660 2619 2871 2683 unitas
2924 2619 3139 2703 aliquo
3186 2618 3377 2684 modo
3424 2619 3703 2685 admittit
3750 2620 3928 2685 diffe-

2392 2731 2667 2794 rentiam
2708 2731 2777 2794 in
2820 2732 2998 2795 omni
3044 2735 3255 2796 creata
3307 2737 3545 2797 natura
3576 2755 3592 2796 ι
3649 2732 3814 2797 unde
3858 2732 3930 2796 de

2340 2884 2341 2887 η
2393 2837 2574 2901 nulla
2627 2838 2997 2922 hypostasi,
3044 2841 3231 2922 quus
3275 2841 3357 2903 sit
3409 2848 3646 2906 natura
3690 2844 3887 2906 creata
3909 2889 3925 2919 ‚

2393 2947 2758 3012 conceditur
2780 2948 2951 3029 quod
2976 2950 3059 3012 sit
3083 2968 3205 3014 sua
3231 2952 3533 3029 essentia,
3557 2951 3661 3016 vel
3687 2955 3925 3025 natura,

2393 3054 2463 3117 in
2492 3056 2937 3137 abstractione,
2971 3056 3081 3122 sed
3111 3057 3321 3121 solum
3350 3076 3467 3140 per
3494 3059 3758 3124 modum
3782 3076 3928 3122 con-

2392 3165 2759 3229 creationis:
2793 3160 2963 3231 unde
2989 3185 3120 3232 non
3147 3166 3379 3232 dicitur
3406 3169 3584 3251 quod
3611 3168 3830 3234 Petrus
3854 3167 3929 3230 sit

2390 3271 2792 3353 humanitas,
2825 3274 2935 3339 sed
2973 3276 3148 3357 quod
3176 3274 3405 3341 Petrus
3446 3278 3532 3342 sit
3571 3276 3784 3341 homo.
3817 3274 3929 3340 Per

2390 3380 2563 3444 hunc
2607 3382 2874 3447 modum
2923 3384 3414 3465 intelligendum
3462 3390 3561 3451 est
3597 3384 3666 3449 in
3711 3401 3927 3469 propo-

2388 3486 2545 3564 sito,
2584 3490 2739 3571 quia
2782 3492 3079 3573 quamvis
3124 3492 3294 3557 Deus
3341 3510 3478 3557 non
3525 3494 3607 3559 sit
3659 3494 3927 3558 humana

2387 3599 2620 3660 natura
2637 3647 2659 3675 ,
2690 3603 2787 3662 est
2811 3602 3027 3663 tamen
3051 3599 3270 3663 bomo.
3304 3599 3384 3666 Et
3426 3606 3763 3686 propterea
3803 3618 3926 3665 non

2375 3704 2565 3784 ,cogit
2591 3703 2701 3769 illa
2727 3706 2929 3770 ratio:
2973 3730 3005 3768 α
3033 3705 3247 3770 Unum
3278 3725 3410 3772 non
3436 3709 3821 3792 praedicatur
3854 3708 3924 3771 de

2378 3809 2585 3874 altero
2640 3812 2712 3875 in
2770 3814 3185 3879 abstractione
3216 3834 3234 3878 z
3291 3833 3453 3896 ergo
3509 3835 3643 3882 non
3696 3816 3926 3881 habent

2384 3916 2799 4000 identitatem,
2821 3922 2957 3988 sive
2981 3922 3295 3986 unitatem
3315 3924 3745 4007 assumptioni
3767 3939 3925 3988 com·

2385 4033 2725 4110 petentem.
2759 4051 2790 4089 a

2467 4142 2527 4202 3.
2574 4137 2672 4202 Ad
2716 4137 2877 4203 illud
2921 4138 3094 4221 quod
3133 4139 3466 4221 objicitur,
3524 4144 3697 4226 quod
3741 4157 3918 4207 omne

2385 4244 2556 4326 qnod
2582 4245 2934 4310 assumitur
2957 4246 3039 4309 ab
3074 4245 3291 4328 aliquo
3336 4249 3618 4331 acquirit
3651 4250 3918 4332 aliquam

2382 4354 2833 4437 proprietatem
2853 4402 2873 4434 ,
2940 4354 3279 4420 dicendum
3329 4358 3509 4438 quod
3560 4376 3787 4423 verum
3836 4359 3922 4421 est

2382 4462 2558 4543 quod
2578 4462 2860 4544 aliquam
2881 4464 3333 4548 proprietatem
3350 4466 3650 4547 acquirit;
3674 4466 3781 4531 sed
3807 4467 3919 4530 hoc

2383 4574 2588 4652 potest
2617 4589 2753 4636 esse
2773 4572 2844 4635 in
2868 4575 3040 4636 recto
3062 4619 3080 4652 ,
3112 4572 3217 4636 vel
3256 4573 3324 4635 in
3361 4572 3659 4655 obliquo,
3688 4572 3791 4639 vel
3821 4591 3915 4637 ra-

2381 4676 2558 4742 tione
2623 4678 2973 4762 suppositi,
3037 4680 3143 4743 vel
3203 4680 3453 4745 ratione
3512 4683 3737 4747 formae
3796 4700 3813 4744 ε
3861 4683 3919 4743 et

2381 4781 2679 4861 quamvis
2752 4798 2885 4845 non
2948 4781 3241 4847 videatur
3299 4782 3610 4848 hnmanae
3681 4788 3915 4849 naturae

2381 4888 2628 4970 acquiri
2675 4890 3025 4972 proprietas
3082 4909 3166 4953 ex
3217 4890 3466 4956 ratione
3519 4892 3767 4973 formae,
3816 4909 3914 4955 ao·

2381 4997 2659 5079 quiritur
2695 5001 2911 5062 tamen
2952 4999 3197 5064 ratione
3237 5000 3551 5083 suppositi
3581 5019 3600 5064 :
3631 5000 3914 5085 quamvis

2378 5104 2561 5168 enim·
2649 5123 2783 5170 non
2876 5106 3212 5170 conveniat
3289 5107 3349 5170 ei
3428 5110 3782 5192 proprietas
3850 5107 3912 5170 in

2377 5214 2573 5289 reem,
2598 5211 2896 5277 convenit
2912 5215 3128 5276 tamen
3154 5212 3224 5275 in
3256 5212 3543 5295 obliquo,
3568 5216 3906 5282 secundum

2376 5318 2551 5403 quod
2566 5322 2798 5384 natura
2820 5319 3197 5386 abstractive
3218 5321 3522 5388 sumitur.

2461 5431 2523 5491 4.
2544 5425 2641 5490 Ad
2653 5427 2812 5492 illud
2826 5427 2999 5509 quod
3013 5428 3329 5511 objicitur,
3350 5433 3710 5500 secundum
3727 5449 3907 5516 quam
