4185 6288
717 414 837 481 568

718 553 920 617 sedin
948 570 1183 635 genere
1208 552 1487 616 habitus.
1530 552 1594 615 Si
1634 568 1792 634 ergo
1819 569 1961 634 spes
1996 568 2131 615 non
2172 551 2268 613 est

719 661 927 725 virtus
946 709 965 739 ‚
995 663 1241 725 constat
1265 660 1435 742 quod
1460 677 1577 725 nec
1602 661 1808 727 virtus
1834 659 2135 740 gratuita.

803 772 866 830 ἓ.
895 766 1076 845 item,
1108 766 1272 831 sient
1295 766 1614 848 contingit
1647 771 1978 848 expectare
2005 765 2224 829 futura
2245 812 2263 843 ,

723 875 812 938 sic
833 874 1149 955 contingit
1174 875 1591 939 rememorari
1617 874 1939 956 praeterita
1969 891 1987 936 t
2018 873 2124 937 sed
2162 890 2268 937 re-

727 981 1098 1046 memoratio
1125 982 1201 1047 de
1225 982 1564 1064 praeteritis
1595 1001 1728 1046 non
1756 986 1851 1046 est
1879 982 2123 1058 vix-tua,
2153 996 2271 1044 nec

725 1090 892 1154 circa
915 1107 1059 1154 eam
1099 1089 1383 1155 consistit
1430 1090 1643 1172 aliqua
1680 1091 1889 1155 virtus
1937 1087 2266 1172 specialis:

726 1212 883 1278 ergo
910 1213 1029 1259 nec
1050 1194 1216 1259 circa
1242 1196 1743 1278 expectationem
1771 1198 2136 1261 futurorum
2163 1194 2273 1259 ali-

727 1322 856 1387 qua
882 1303 1090 1368 virtus
1112 1303 1396 1367 consistit
1424 1325 1441 1365 2
1487 1303 1598 1368 sed
1628 1303 1979 1387 expectatio
2015 1303 2273 1366 futuro-

730 1429 877 1475 rum
905 1410 1008 1475 vel
1035 1414 1131 1474 est
1157 1412 1294 1493 ipsa
1322 1429 1496 1493 speS,
1529 1411 1631 1474 vel
1658 1410 1939 1494 procedit
1973 1409 2054 1474 ab
2087 1409 2271 1492 ipsa:

731 1535 889 1600 ergo
914 1517 1168 1582 videtur
1193 1516 1365 1600 quod
1393 1518 1531 1600 ipsa
1556 1535 1698 1599 spes
1724 1537 1856 1582 non
1883 1517 2114 1581 habeat
2140 1532 2278 1579 esse

732 1625 959 1689 virtus.

738 1791 745 1797 .
815 1737 872 1796 3.
906 1731 1086 1812 item,
1120 1731 1286 1795 sicut
1325 1732 1644 1814 contingit
1685 1750 1943 1814 sperare
1978 1737 2145 1797 recte
2167 1782 2183 1809 ‚
2218 1738 2281 1798 et

734 1858 865 1904 non
895 1843 1061 1903 recte
1082 1887 1102 1917 ‚
1133 1839 1221 1902 sic
1251 1840 1565 1920 contingit
1587 1840 1779 1903 etiam
1814 1840 2039 1904 timere
2067 1847 2233 1905 recte
2254 1889 2275 1920 ,

735 1951 801 2011 et
825 1964 956 2010 non
983 1950 1184 2010 recte:
1215 1945 1324 2011 sed
1353 1946 1608 2009 habitus
1626 1947 1736 2027 qui
1758 1946 1977 2027 dirigit
1999 1947 2281 2012 animam

737 2055 806 2118 in
833 2052 1138 2128 timendO,
1173 2071 1301 2116 non
1330 2052 1663 2135 reponitur
1698 2052 1766 2115 in
1793 2071 2030 2134 genere
2070 2054 2283 2118 virtu-

739 2160 842 2237 tis,
874 2164 1092 2242 utpote
1121 2159 1314 2222 timor
1342 2182 1357 2223 t
1392 2178 1552 2240 ergo
1582 2177 1699 2222 nec
1746 2159 2003 2223 habitus
2027 2161 2140 2242 qui
2182 2161 2279 2222 di·

740 2267 977 2348 rigitin
996 2267 1338 2349 sperando:
1362 2285 1520 2348 ergo
1541 2285 1704 2349 speS,
1718 2267 1911 2330 etiam
1932 2268 2283 2332 secundum

740 2375 909 2456 quod
946 2376 1233 2437 nominat
1261 2373 1582 2452 habitum,
1613 2391 1745 2437 non
1790 2379 1883 2436 cst
1930 2375 1999 2438 in
2047 2392 2287 2455 genere

740 2482 1015 2546 virtutis,

822 2589 883 2653 b.
954 2588 1110 2653 Item
1164 2590 1374 2653 omnis
1428 2589 1634 2652 virtus
1693 2589 1951 2653 moralis
2008 2591 2291 2655 consistit

744 2697 913 2761 circa
956 2698 1201 2761 honum
1252 2701 1315 2760 et
1372 2696 1666 2772 difficile,
1701 2703 1776 2760 ut
1817 2696 1955 2760 vult
2000 2697 2290 2761 Philoso-

745 2804 913 2885 phus
940 2805 959 2841 ¹
994 2826 1009 2868 ε
1040 2822 1200 2885 ergo
1245 2804 1451 2868 multo
1477 2803 1702 2867 fortius
1729 2805 2053 2884 gratuita:
2085 2806 2194 2870 sed
2223 2805 2289 2869 in

746 2913 1181 2994 expectatione
1238 2913 1557 2976 honorum
1613 2914 2063 2994 promissorum
2114 2915 2292 2978 nulla

745 3023 841 3083 est
862 3018 1198 3083 difficultas
1228 3039 1244 3081 t
1277 3038 1437 3101 ergo
1464 3038 1613 3083 cum
1638 3011 1779 3101 spes
1818 3038 1948 3084 non
1993 3021 2293 3085 consistat

746 3128 912 3193 eirca
956 3126 1211 3191 difficile
1240 3175 1259 3205 ,
1290 3144 1422 3191 non
1467 3126 1720 3191 videtur
1764 3146 1900 3191 esse
1939 3127 2007 3191 in
2054 3147 2291 3209 genere

748 3234 1000 3298 virtutis
1024 3232 1341 3315 gratuitae.

831 3347 891 3404 5.
925 3339 1080 3403 item
1107 3338 1285 3404 nulla
1315 3340 1521 3402 virtus
1551 3341 1833 3422 gratuita
1872 3341 1941 3404 in
1982 3358 2100 3403 suo
2144 3344 2292 3405 actu

747 3451 1071 3531 repugnat
1098 3447 1462 3529 perfectioni
1490 3448 1738 3511 meriti:
1768 3449 1876 3512 sed
1910 3467 2051 3530 spes
2075 3448 2146 3510 in
2174 3466 2291 3512 suo

747 3561 893 3620 actu
920 3555 1284 3638 perfectioni
1313 3555 1521 3618 meriti
1553 3560 1909 3637 repugnat;
1943 3574 2026 3618 ex
2051 3554 2293 3637 imper-

747 3665 1014 3728 fectione
1039 3664 1210 3729 enim
1241 3664 1540 3746 procedit,
1572 3664 1743 3746 quod
1768 3665 1913 3746 quis
1941 3664 2139 3730 servit
2166 3664 2293 3727 Deo

748 3777 1006 3855 propter
1027 3772 1506 3836 retributionem
1535 3774 1842 3845 suturam,
1874 3772 2047 3854 quia,
2069 3790 2293 3837 secun-

748 3880 906 3945 dum
938 3880 1108 3962 quod
1135 3880 1282 3943 dicit
1309 3878 1668 3942 Bernartius
1682 3884 1729 3958 ¹,
1764 3903 1794 3940 α
1821 3879 2104 3944 Charitas
2125 3897 2293 3960 prae-

749 3987 955 4050 mium
979 4005 1108 4050 non
1124 3987 1409 4050 intuetur
1424 4008 1439 4049 z
1455 4008 1485 4044 n
1508 3986 1561 4049 si
1579 4005 1737 4068 ergo
1751 4006 1894 4068 spes
1908 3987 2053 4050 facit
2072 4004 2296 4067 expec-

748 4100 884 4160 tare
909 4093 1396 4158 retributionem
1430 4094 1735 4172 futuram,
1768 4094 2021 4158 videtur
2046 4094 2292 4175 perfec-

751 4201 907 4265 tioni
934 4200 1142 4264 meriti
1166 4217 1529 4282 repugnare
1560 4222 1576 4264 :
1607 4219 1764 4280 ergo
1796 4219 1928 4264 non
1956 4201 2143 4264 estin
2177 4218 2291 4282 ge-

750 4326 903 4372 nere
931 4307 1186 4372 virtutis
1212 4308 1536 4387 gratuitae.

1288 4549 1741 4616 CONCLUSIO.

751 4726 884 4798 Spes
912 4739 1021 4781 non
1035 4723 1193 4779 modo
1219 4724 1363 4778 inter
1374 4723 1648 4792 qratuitas
1663 4724 1895 4779 virtutes
1923 4724 2001 4779 est
2019 4724 2292 4795 ponenda,

820 4813 912 4871 sed
954 4814 1190 4897 omnium
1224 4814 1589 4883 qratuitarum
1631 4814 1901 4869 virtutum
1935 4811 2185 4885 {anchora
2243 4818 2296 4870 et

819 4906 1297 4962 sustentamentum
1324 4906 1404 4959 est
1429 4903 1707 4959 cernenda.

836 5063 1019 5146 Resp.
1077 5061 1154 5126 ad
1219 5081 1359 5142 arg.
1409 5061 1759 5126 Dicendum
1809 5064 1981 5145 quod
2036 5066 2297 5133 nomine

753 5171 887 5252 spei
912 5170 1117 5251 potest
1128 5167 1401 5248 intelligi
1428 5168 1673 5232 affectio
1696 5170 1919 5250 animi,
1933 5174 2122 5253 juxta
2139 5174 2297 5240 illud

757 5277 927 5359 quod
954 5276 1309 5357 philosophi
1331 5282 1394 5340 et
1415 5278 1613 5340 sancti
1626 5280 1845 5343 dicunt
1863 5286 2143 5363 quatuor
2162 5302 2298 5348 esse

824 5399 838 5432 ¹
876 5397 1045 5456 Arist„
1075 5394 1257 5455 Ethic„
1284 5395 1367 5445 lib.
1396 5396 1458 5458 ll,
1489 5402 1624 5449 cont.
1665 5402 1709 5446 3.
1736 5427 1795 5436 -
1816 5402 1834 5433 ¹
1859 5402 2029 5461 Bem„
2062 5404 2124 5454 de
2146 5406 2297 5470 dt‘le’q.

1829 411 2451 481 SENTENTIARUM
2513 420 2658 486 ΗΒ.
2705 421 2811 486 111.

2372 555 2571 619 animi
2597 557 2982 638 affectiones,
3009 557 3298 624 videlicet
3323 558 3640 641 gaudium
3659 562 3724 623 et
3745 559 3934 623 dolo-

2372 679 2534 742 rem,
2567 669 2835 747 spemet
2859 665 3178 731 timorem.
3199 665 3416 731 Potest
3442 666 3638 730 etiam
3667 666 3936 730 nomine

2375 771 2511 852 spei
2561 770 2831 853 intelligi
2894 773 3029 854 ipsa
3075 792 3175 837 res
3209 774 3539 855 expectata
3563 819 3580 847 ‚
3612 774 3815 854 juxta
3857 773 3936 835 il-

2379 877 2488 941 lud
2524 878 2546 912 ⁸
2581 896 2600 944 ι
2646 879 3074 961 Expectantes
3145 879 3392 946 beatam
3464 895 3663 961 spem.
3725 879 3940 944 Potest

2379 983 2801 1049 nihilominus
2827 988 2997 1049 sumi
3027 1005 3143 1068 pro
3175 985 3398 1051 habitu
3423 987 3537 1069 qni
3557 986 3782 1068 dirigit
3800 987 3938 1050 ani·

2383 1109 2506 1154 mae
2535 1098 2785 1156 motum
2815 1097 2877 1156 et
2903 1094 3205 1157 affectum
3229 1093 3301 1156 in
3318 1093 3477 1157 illud
3503 1093 3682 1175 quod
3709 1111 3942 1176 expec-

2379 1198 2652 1262 tandum
2677 1204 2793 1264 est.
2825 1199 2900 1264 Et
2928 1202 3048 1264 isto
3075 1201 3259 1264 tertio
3288 1200 3476 1264 modo
3515 1200 3771 1265 dicendi
3799 1221 3943 1283 spes

2383 1323 2513 1368 uon
2539 1310 2791 1371 tantum
2815 1313 2909 1372 est
2946 1309 3154 1372 virtus
3199 1309 3518 1391 gratuita,
3560 1309 3696 1373 imo
3747 1311 3940 1373 etiam

2385 1413 2700 1478 virtutum
2748 1416 3184 1495 gratuitarum
3233 1420 3826 1479 sustentamentum
3882 1424 3944 1481 et

2385 1514 2684 1579 anchora.
2733 1516 2949 1579 Virtus
2998 1516 3257 1600 quidem
3301 1518 3590 1598 gratuita
3617 1523 3749 1598 ost,
3780 1539 3943 1601 quo-

2387 1623 2562 1687 niam
2605 1623 2674 1686 in
2711 1624 2835 1688 hoc
2863 1624 3030 1706 quod
3081 1624 3225 1687 facit
3270 1625 3557 1688 animam
3606 1633 3941 1707 expectare

2387 1748 2464 1794 ea
2490 1749 2638 1813 quae
2654 1736 2804 1795 sunt
2822 1750 3015 1815 super
3030 1750 3286 1796 omnem
3303 1733 3796 1797 aestimationem
3819 1734 3940 1797 hu·

2390 1855 2671 1916 mariam,
2699 1842 2762 1902 et
2785 1857 2861 1900 ea
2887 1857 3033 1921 quae
3059 1839 3348 1921 promisit
3390 1838 3660 1920 largitas
3691 1840 3936 1918 divina,

2391 1945 2536 2008 facit
2562 1947 2826 2010 omnino
2851 1947 3166 2010 confidere
3214 1949 3277 2009 et
3321 1927 3510 2009 inniti
3564 1965 3843 2010 summae
3882 1952 3942 2011 et

2391 2053 2721 2117 immensae
2744 2052 3047 2133 largitati,
3077 2053 3239 2116 sicut
3265 2052 3422 2116 fides
3463 2053 3616 2116 facit
3640 2058 3942 2119 assentire

2394 2159 2618 2241 primae
2658 2159 2950 2237 veritati,
3000 2163 3063 2223 et
3104 2158 3380 2223 charitas
3418 2161 3566 2224 facit
3619 2161 3941 2224 adhaerere

2393 2285 2667 2331 summae
2716 2268 3003 2330 bonitati.
3050 2266 3127 2331 Et
3173 2267 3330 2331 dum
3379 2268 3601 2332 anima
3642 2269 3768 2349 ipsi
3821 2268 3940 2330 im-

2396 2392 2635 2437 mensae
2667 2374 2947 2456 largitati
2973 2374 3269 2436 innititur
3314 2380 3577 2457 propter
3604 2395 3674 2439 se
3694 2423 3712 2450 ,
3744 2381 3806 2438 et
3829 2394 3941 2437 sn-

2395 2499 2508 2564 per
2531 2481 2768 2555 omnia‚
2796 2481 3197 2556 rectificatur‚
3228 2485 3292 2544 et
3317 2500 3510 2563 super
3537 2500 3609 2546 se
3633 2482 3938 2558 elevatur,

2396 2593 2459 2653 et
2513 2588 2639 2652 Deo
2681 2592 2934 2671 accepta
2972 2589 3244 2652 efficitur
3282 2612 3296 2651 ε
3344 2607 3600 2652 necesse
3640 2597 3740 2653 est
3790 2608 3942 2669 ergo

2397 2698 2565 2780 quod
2595 2697 2846 2760 habitus
2869 2746 2884 2774 ,
2918 2715 3047 2778 quo
3094 2696 3410 2760 mediante
3443 2698 3518 2760 fit
3547 2697 3944 2772 illud‚ratio-

2398 2823 2547 2867 nem
2574 2803 2803 2867 haheat
2830 2803 3127 2884 gratuitae
3156 2803 3415 2868 virtutis
3439 2803 3481 2866 ⁴.
3513 2802 3592 2867 Et
3621 2804 3779 2886 quia
3798 2822 3944 2866 cum

2398 2912 2613 2975 anima
2635 2911 2929 2975 innititur
2957 2911 3016 2974 ei
3064 2912 3177 2993 qui
3216 2930 3348 2974 non
3392 2915 3598 2993 potest
3634 2912 3939 2987 deficere,

2397 3019 2693 3101 quamvis
2720 3020 2854 3100 ipsa
2880 3020 2945 3080 in
2975 3036 3041 3081 se
3067 3018 3150 3080 sit
3174 3018 3470 3081 deficiens
3496 3021 3561 3080 et
3598 3018 3904 3082 vacillans
3922 3066 3939 3094 ‚

2401 3129 2702 3191 fundatur
2727 3119 2942 3189 tamen
2968 3143 3080 3207 per
3109 3143 3284 3207 spem
3304 3175 3324 3205 ‚
3359 3125 3542 3208 quasi
3589 3143 3788 3207 super
3836 3127 3941 3189 fir-

2401 3249 2576 3295 mam
2601 3212 2858 3312 petram‘
2890 3230 2970 3310 (α)
3022 3233 3355 3311 propterea
3392 3229 3560 3306 dixi,
3591 3228 3766 3310 quod
3807 3246 3946 3311 spes

2398 3357 2532 3402 non
2575 3337 3014 3402 tantummodo
3069 3343 3164 3398 est
3218 3336 3285 3398 in
3342 3353 3580 3416 genere
3629 3336 3945 3398 virt-utum

2401 3448 2868 3529 gratuitarum,
2901 3445 3006 3508 sed
3056 3444 3246 3506 etiam
3287 3461 3513 3506 earum
3556 3445 3842 3507 anchora
3887 3449 3946 3506 et

2399 3556 2992 3618 sustentamentum.
3027 3550 3204 3614 Unde
3233 3549 3652 3613 concedendae
3677 3554 3828 3613 sunt
3855 3568 3948 3613 ra·

2400 3662 2624 3737 tioneS,
2658 3677 2805 3741 quae
2831 3658 2952 3721 hoc
2978 3656 3339 3720 ostendunt.

2485 3775 2544 3832 1.
2591 3768 2686 3831 Ad
2724 3766 2881 3829 illud
2906 3782 3064 3828 -vero
3109 3763 3279 3846 quod
3326 3762 3534 3846 primo
3560 3762 3945 3842 objiciturin

2404 3874 2823 3952 contrarium,
2853 3873 3023 3955 quod
3050 3890 3192 3954 spes
3218 3873 3311 3933 est
3341 3867 3545 3951 passio
3572 3917 3591 3946 ‚
3612 3869 3754 3950 jam
3784 3874 3947 3949 patet

2401 3981 2728 4063 responsio
2757 3997 2775 4042 2
2805 3982 2956 4063 quia
2982 3997 3216 4042 nomen
3244 3978 3377 4060 spei
3411 3975 3744 4058 aequivoce
3781 3976 3947 4039 acci-

2404 4091 2615 4171 pitur,
2648 4088 2937 4153 videlicet
2972 4106 3088 4170 pro
3134 4086 3275 4169 ipsa
3317 4084 3690 4160 affectione,
3722 4088 3786 4145 et
3836 4100 3945 4164 pro

2403 4197 2627 4262 habitu
2663 4196 2996 4277 regulante
3036 4194 3238 4275 ipsius
3281 4191 3630 4254 affectionis
3672 4194 3943 4253 motum.

2281 4324 2296 4341 ·
2407 4301 2582 4366 Unde
2611 4317 2753 4383 spes
2775 4347 2792 4374 ,
2821 4298 3175 4362 secundum
3212 4295 3384 4377 quod
3430 4298 3525 4357 est
3562 4293 3808 4370 virtus,
3861 4297 3948 4355 est

2404 4409 2658 4474 habitus
2686 4407 3030 4488 gratuitus,
3052 4404 3166 4486 qui
3184 4407 3281 4469 est
3296 4400 3690 4484 principium
3717 4405 3946 4477 motus,

2405 4517 2520 4601 qui
2545 4522 2640 4582 est
2666 4518 2747 4580 ab
2776 4515 2993 4579 anima
3029 4534 3044 4577 z
3091 4511 3301 4594 passio
3344 4513 3566 4574 autem
3608 4508 3824 4589 magis
3861 4512 3950 4571 est

2405 4627 2485 4690 ad
2509 4625 2794 4690 animam
2825 4643 2841 4686 ε
2873 4627 2936 4684 et
2961 4619 3316 4684 secundum
3355 4617 3531 4699 quod
3578 4620 3793 4681 motus
3831 4633 3949 4678 ex-

2405 4733 2775 4821 pectationis
2793 4779 2811 4810 ,
2844 4731 2979 4796 sive
3006 4728 3179 4811 spei,
3210 4728 3291 4791 ab
3318 4727 3538 4790 anima
3564 4730 3693 4806 est,
3723 4726 3810 4789 sic
3837 4742 3949 4807 po—

2406 4847 2525 4907 test
2541 4841 2683 4905 fleri
2711 4844 2903 4916 recte,
2926 4840 2991 4902 et
3015 4855 3145 4901 non
3168 4839 3358 4913 recte,
3379 4834 3737 4898 secundum
3761 4834 3952 4914 impe-

2404 4951 2578 5015 rium
2607 4947 2791 5012 liberi
2813 4944 3085 5010 arbitrii.
3107 4942 3182 5007 Et
3202 4945 3520 5025 quantum
3549 4943 3632 5004 ad
3661 4941 3801 5017 hoc,
3828 4940 3944 5002 ha·

2406 5060 2511 5123 bet
2536 5056 2701 5120 circa
2717 5056 2930 5137 ipsum
2951 5050 3187 5126 attendi
3218 5048 3515 5131 perfectio
3546 5047 3818 5124 virtutis,
3849 5045 3938 5109 vel

2405 5160 2778 5225 deformatio
2806 5156 2966 5221 vitii.

2415 5330 2526 5389 Dee,
2547 5342 2590 5377 c.
2625 5326 2704 5378 111.
2736 5324 2825 5359 --3
2852 5323 2965 5375 Tit..
2997 5333 3054 5384 ιι,
3089 5321 3157 5365 13.
3180 5344 3240 5353 --
3271 5317 3291 5347 ⁸
3319 5317 3591 5366 consentit
3619 5319 3673 5366 S.
3697 5316 3932 5367 Thomna.

2412 5404 2546 5463 lt-ll,
2564 5415 2614 5463 q.
2642 5399 2860 5460 xix,art.
2885 5394 3066 5455 l.—-(a)
3086 5389 3174 5438 Ed.
3203 5389 3314 5436 Vnt.
3337 5394 3561 5449 petram.
3587 5388 3644 5437 Et
3663 5390 3931 5450 propterea.
