4185 6288
1312 477 1505 546 msT.
1549 477 1707 544 xlv.
1751 473 1934 542 ΛΒΤ.
1980 475 2029 541 1.
2076 477 2376 556 QUAEST.
2422 484 2475 550 1.

309 615 609 695 Verbum;
643 619 708 681 et
750 618 921 700 quod
965 609 1390 700 cognoscatur
1430 614 1715 681 Verbum
1759 614 1840 679 ab

309 723 406 786 illa
439 724 655 788 anima
696 725 836 789 sine
879 725 1002 789 alia
1037 723 1346 808 sapientia
1387 723 1616 802 media,
1660 722 1840 787 vide-

307 830 649 912 turprim0,
671 830 825 913 quia
855 831 1130 896 Verbum
1158 831 1511 896 increatum
1539 846 1673 893 non
1701 832 1845 892 tan-

308 941 433 1001 tum
452 942 545 1002 oet
568 940 876 1022 sapientia
896 989 914 1016 ,
935 940 1042 1004 sed
1083 939 1273 1003 etiam
1295 939 1442 1019 sons
1463 939 1808 1020 sapientire
1822 985 1839 1016 ,

306 1045 454 1109 sicut
482 1047 719 1111 dicitnr
755 1049 772 1083 ¹
807 1068 822 1109 :
876 1047 986 1111 sed
1028 1046 1341 1129 sapientia
1385 1045 1564 1109 unita
1607 1045 1844 1109 animae

304 1171 426 1216 non
450 1153 858 1235 cognoscitur
892 1153 1210 1218 mediante
1232 1153 1378 1230 alia,
1404 1152 1556 1234 quia
1575 1152 1664 1215 sic
1682 1155 1844 1215 esset

302 1259 465 1322 abire
486 1259 555 1322 in
582 1259 947 1324 infinitum:
972 1279 1123 1325 cum
1152 1278 1313 1341 ergo
1335 1258 1641 1337 Verbum,
1669 1259 1842 1342 quod

303 1371 388 1430 est
415 1367 758 1450 sapientia,
798 1368 882 1430 sit
906 1368 1141 1431 animae
1168 1361 1398 1432 Christi
1424 1367 1714 1445 unitum,
1748 1367 1845 1432 vi·

302 1472 476 1537 detur
501 1473 677 1556 quod
703 1473 909 1556 seipso
933 1476 1306 1554 cognoscat,
1337 1477 1400 1538 et
1426 1492 1556 1538 non
1583 1492 1698 1556 per
1724 1473 1841 1537 ali-

302 1598 484 1662 quem
511 1581 809 1645 habitum
837 1582 1145 1645 medium.
1740 1640 1749 1650 .

374 1693 431 1753 Ξ.
465 1689 625 1753 item
655 1688 737 1752 ad
763 1688 1197 1771 cognitionem
1230 1690 1482 1752 naturae
1507 1687 1667 1751 nihil
1701 1687 1844 1770 plus

301 1799 646 1882 requiritur
673 1798 793 1862 nisi
821 1815 1240 1879 cognoscens,
1272 1800 1335 1860 et
1376 1796 1801 1877 cognoscibile
1822 1844 1839 1872 ,

302 1912 358 1971 et
382 1907 539 1971 unio
566 1907 766 1971 unius
804 1906 886 1970 ad
925 1905 1199 1970 alterum
1243 1927 1259 1967 t
1292 1904 1399 1968 sed
1429 1903 1710 1968 Verbum
1741 1903 1844 1966 in·—

302 2019 577 2079 creatum
616 2014 842 2076 unitur
881 2013 1002 2095 ipsi
1041 2012 1276 2075 animae
1309 2010 1534 2075 Christi
1578 2012 1844 2074 omnino

301 2122 656 2186 immediate
687 2142 704 2184 z
735 2138 893 2202 ergo
917 2119 1174 2184 videtur
1201 2119 1396 2201 quod,
1441 2118 1604 2181 sicut
1635 2118 1843 2201 seipso

302 2231 543 2308 unitur,
583 2228 671 2291 ita
715 2228 922 2310 seipso
968 2225 1208 2309 absque
1250 2226 1458 2289 medio
1504 2226 1584 2288 ab
1629 2227 1844 2290 anima

302 2335 520 2400 Christi
546 2338 995 2417 cognoscatur.

377 2450 427 2508 3.
461 2443 622 2507 Item
653 2461 837 2524 aeque
860 2440 1191 2518 intimum,
1212 2441 1314 2504 vel
1345 2440 1554 2521 magis
1579 2443 1673 2503 est
1698 2438 1846 2504 Ver-

303 2551 451 2615 bum
481 2552 740 2615 unitum
770 2550 890 2633 ipsi
925 2548 1194 2628 animae,
1239 2549 1404 2613 sicut
1446 2549 1662 2612 anima
1698 2547 1842 2625 sibi,

303 2660 398 2724 vel
423 2660 593 2723 sicut
636 2657 867 2740 aliquis
902 2656 1160 2719 habitus
1193 2656 1309 2738 qui
1346 2656 1425 2718 sit
1465 2656 1532 2718 in
1577 2655 1793 2719 anima
1826 2677 1840 2719 ε

305 2769 403 2832 sed
432 2767 654 2832 anima
682 2763 911 2828 Christi
937 2762 1261 2844 cognoscit
1290 2762 1566 2844 seipsam
1600 2781 1711 2845 per
1745 2762 1844 2826 sui

306 2877 674 2953 essentiam3
729 2873 1056 2955 cognoscit
1123 2872 1317 2937 etiam
1381 2871 1633 2936 habitus
1655 2921 1673 2948 ,
1733 2871 1847 2955 qui

304 2985 539 3049 suntin
566 2985 724 3066 ipsa,
755 2981 997 3064 seipsis,
1031 3000 1162 3045 non
1190 3000 1304 3063 per
1331 2981 1616 3046 medium
1646 3004 1662 3045 ι
1691 2999 1848 3063 ergo

304 3091 432 3172 pari
452 3089 704 3153 ratione
732 3090 794 3150 et
813 3083 1100 3150 Verbum
1134 3085 1255 3148 sibi
1281 3085 1564 3149 unitum.

376 3205 432 3264 4.
467 3198 631 3262 Item
667 3198 902 3259 natura
935 3194 1221 3257 humana
1266 3193 1334 3256 in
1375 3193 1621 3257 Christo
1666 3194 1849 3257 unita

305 3314 391 3373 est
413 3307 628 3373 Verbo
666 3306 735 3367 in
771 3303 1082 3367 unitatem
1125 3319 1413 3386 personae
1438 3306 1503 3365 et
1539 3302 1850 3384 hyposta-

305 3416 383 3479 sis
414 3440 429 3480 :
464 3432 626 3496 ergo
652 3430 801 3477 cum
828 3411 971 3475 talis
994 3410 1149 3473 unio
1184 3411 1370 3474 faciat
1411 3409 1848 3473 communica-

304 3525 539 3587 tionem
579 3521 981 3597 idiomatum‚
1026 3517 1248 3580 eodem
1289 3516 1480 3580 modo
1524 3514 1849 3597 cognoscit

307 3629 589 3694 Christus
623 3627 820 3691 bomo
866 3626 1080 3708 ipsum
1125 3622 1406 3688 Verbum
1453 3624 1808 3687 increatum
1825 3672 1845 3701 ‚

307 3756 425 3819 quo
469 3734 760 3801 Verbum
799 3730 1125 3813 cognoscit
1169 3731 1448 3813 seipsum
1493 3749 1510 3794 ε
1542 3731 1650 3794 sed
1701 3730 1849 3795 Ver·

305 3846 460 3910 bum
511 3840 836 3924 cognoscit
887 3840 1166 3922 seipsum
1216 3856 1343 3903 non
1403 3857 1517 3921 per
1568 3837 1850 3922 aliquem

304 3953 596 4018 habitum
625 3949 910 4014 medium
946 3969 961 4011 ε
997 3965 1153 4029 ergo
1189 3951 1252 4010 et
1290 3945 1574 4010 Christus
1604 3947 1798 4010 homo
1829 3970 1844 4009 ε

305 4063 404 4126 sed
441 4059 602 4123 nihil
630 4057 744 4121 scit
769 4055 1076 4133 Christus,
1107 4053 1234 4117 nisi
1264 4057 1579 4137 quantum
1605 4053 1685 4116 ad
1710 4053 1852 4116 ani-

305 4187 508 4245 mam,
539 4164 894 4231 secundum
935 4163 1289 4226 humanam
1319 4166 1611 4225 naturam
1644 4179 1660 4223 :
1692 4179 1851 4242 ergo

306 4277 521 4340 anima
555 4271 790 4356 ¹Christi
826 4270 1154 4351 cognoscit
1188 4270 1399 4351 ipsum
1427 4267 1707 4332 Verbum
1737 4287 1853 4351 per

307 4382 700 4467 sapientiam,
732 4396 878 4461 quae
906 4380 1001 4442 est
1024 4375 1328 4441 Verbum.

384 4489 509 4555 Sed
545 4491 767 4553 contra
810 4509 825 4551 ε
868 4484 1212 4568 Sapientia,
1243 4485 1378 4548 sive
1419 4484 1723 4566 cogniti⁰‚
1757 4488 1853 4549 est

311 4597 605 4681 perfectio
630 4594 1007 4672 intellectus»,
1043 4594 1108 4657 et
1145 4592 1303 4657 illud
1329 4610 1458 4675 quo
1497 4592 1852 4657 intellectus

311 4705 637 4788 cognoscit
673 4702 1023 4768 formaliter
1072 4722 1087 4763 ε
1129 4699 1239 4764 sed
1284 4699 1568 4764 Verbum
1615 4700 1853 4765 increa-

312 4818 446 4881 tum
471 4832 606 4879 non
632 4815 836 4896 potaet
862 4809 1038 4874 uniri
1065 4807 1328 4886 animae,
1360 4807 1521 4871 sicut
1553 4809 1851 4891 perfectio

311 4921 679 5004 perfectibili
715 4943 730 4984 ε
779 4936 935 4999 ergo
977 4934 1228 4981 necesse
1280 4918 1376 4979 est
1415 4916 1585 4998 quod
1619 4919 1852 4998 praeter

314 5032 711 5114 sapientiam,
751 5045 898 5110 quae
926 5031 1020 5090 est
1046 5026 1259 5108 ipsum
1286 5023 1567 5088 Verbum
1590 5073 1605 5102 ,
1637 5025 1851 5088 anima

315 5136 528 5201 Christi
590 5137 823 5200 habeat
871 5134 1165 5196 habitum
1215 5137 1493 5196 creatum
1520 5182 1537 5210 ,
1591 5132 1724 5195 sive
1770 5132 1849 5195 ad

315 5244 820 5324 cognoscendum
849 5241 1155 5317 Verbum,
1186 5240 1319 5304 sive
1347 5238 1541 5303 aliud.

388 5352 538 5420 Item
589 5355 758 5418 Deus
803 5355 891 5412 est
931 5348 1197 5411 intimus
1244 5348 1421 5410 omni
1469 5347 1739 5419 animae,
1789 5351 1850 5409 et

374 5479 586 5539 *Μελίη
616 5492 659 5543 1,
683 5481 734 5528 5.

3383 486 3503 547 297

1951 618 2508 699 praesentissimus,
2537 640 2669 686 non
2702 622 2919 685 tamen
2960 619 3041 684 ab
3082 618 3385 683 omnibus
3409 617 3504 684 vi-

1950 723 2159 801 detur,
2197 728 2307 791 sed
2346 730 2558 794 solum
2598 750 2637 794 a
2683 729 2884 793 beatis
2914 750 2929 793 :
2962 727 3085 792 hoc
3111 729 3327 792 autem
3374 745 3505 791 non

1951 836 2045 895 est
2081 838 2340 918 propter
2388 838 2818 903 diversitatem
2872 855 2912 899 a
2964 837 3142 918 parte
3192 834 3437 914 cogniti
3483 853 3501 898 z

1951 956 2109 1020 ergo
2154 947 2414 1026 propter
2459 945 2886 1009 diversitatem
2935 961 2975 1005 a
3019 945 3196 1025 parte
3241 959 3507 1021 cognos-

1952 1047 2196 1112 centis:
2229 1067 2388 1131 ergo
2427 1051 2481 1113 si
2520 1051 2643 1115 hoc
2686 1054 2783 1115 est
2829 1067 2944 1132 per
2982 1047 3223 1129 aliquid
3267 1047 3358 1111 eis
3396 1047 3507 1111 da-

1952 1159 2115 1234 tum,
2145 1155 2401 1221 videtur
2437 1159 2609 1241 quod
2635 1158 2716 1222 ad
2745 1158 2868 1222 hoc
2893 1156 3065 1239 quod
3101 1156 3320 1219 anima
3346 1173 3501 1237 cog-

1951 1265 2171 1326 noscat
2230 1262 2431 1327 Deum
2456 1313 2474 1340 ,
2543 1282 2798 1328 necesse
2847 1264 2931 1326 sit
2974 1262 3230 1344 aliquod
3280 1261 3504 1326 lumen

1951 1374 2235 1434 creatum
2262 1370 2320 1434 ei
2348 1371 2640 1448 infundi,
2672 1371 2843 1454 quod
2873 1370 2954 1434 sit
2983 1370 3052 1433 in
3091 1387 3245 1448 una,
3285 1373 3350 1433 et
3372 1387 3504 1433 non

1951 1477 2022 1540 in
2070 1477 2198 1540 alia
2250 1499 2264 1541 :
2311 1496 2467 1559 ergo
2515 1478 2771 1542 videtur
2811 1477 2984 1560 quod
3018 1477 3233 1541 anima
3277 1475 3503 1540 Christi

1949 1581 2232 1647 Verbum
2259 1583 2379 1648 sibi
2409 1586 2666 1649 unitum
2704 1588 3043 1665 cognoscat
3079 1602 3194 1666 per
3233 1582 3503 1665 alicujus

1951 1692 2143 1756 creati
2168 1693 2431 1756 luminis
2464 1693 2953 1757 adminiculum.

2033 1800 2216 1880 item,
2247 1802 2547 1884 quamvis
2560 1802 2844 1867 Verbum
2874 1801 3231 1864 increatum
3258 1797 3340 1861 sit
3362 1798 3503 1862 uni·

1951 1912 2091 1973 tum
2120 1911 2305 1973 oculo
2333 1908 2582 1988 Christi,
2624 1912 2689 1972 et
2713 1907 3015 1972 omnibus
3042 1906 3329 1989 partibus
3360 1923 3504 1970 cor-

1952 2017 2126 2099 poris
2167 2016 2433 2091 Christi,
2485 2034 2616 2079 non
2669 2018 2885 2078 tamen
2945 2014 3355 2096 cognoscitur
3420 2012 3502 2075 ab

1952 2123 2178 2202 ocu103
2210 2123 2440 2203 etheo,
2474 2124 2629 2206 quia
2670 2140 2803 2186 non
2831 2124 2926 2185 est
2960 2122 3027 2184 in
3074 2139 3149 2185 eo
3181 2118 3502 2201 dispositio

1951 2231 2031 2295 ad
2079 2230 2587 2312 cognoscendam
2642 2247 2778 2293 rem
2837 2228 3229 2311 spiritualem
3281 2249 3297 2290 t
3346 2245 3503 2307 ergo

1953 2338 2095 2419 pari
2133 2338 2403 2416 ratione,
2450 2340 3042 2419 quantumcumque
3083 2335 3367 2400 Verbum
3411 2335 3505 2397 in-

1953 2448 2238 2508 creatum
2283 2444 2544 2507 uniatur
2584 2444 2819 2507 animae
2848 2442 3110 2521 Christi,
3142 2442 3264 2505 nisi
3290 2442 3506 2505 anima

1952 2551 2036 2615 sit
2062 2550 2365 2633 disposita
2405 2551 2484 2615 ad
2512 2550 2860 2614 videndum
2891 2548 3095 2614 Deum
3141 2567 3256 2632 per
3283 2548 3506 2612 lumen

1954 2659 2127 2741 quod
2154 2659 2358 2741 ipsam
2385 2659 2570 2722 faciat
2599 2658 2972 2722 deiformem
2992 2705 3008 2735 ,
3039 2674 3376 2738 nunquam
3405 2658 3502 2738 ip-

1955 2784 2104 2830 sum
2132 2766 2529 2830 intuebitur:
2558 2783 2715 2847 ergo
2734 2765 2992 2830 videtur
3018 2764 3190 2847 quod
3222 2762 3504 2828 Verbum

1954 2875 2313 2939 increatum
2349 2878 2693 2955 cognoscat
2723 2892 2838 2957 per
2868 2874 3165 2938 habitum
3191 2873 3503 2937 medium.

2038 2982 2227 3061 Item,
2261 2985 2501 3062 quanto
2540 2981 2702 3045 Deus
2730 2981 2964 3045 clarius
3002 2981 3295 3059 videtur,
3329 2982 3507 3044 tanto

1956 3106 2209 3154 necesse
2239 3093 2333 3154 est
2373 3088 2636 3154 oculum
2674 3107 2810 3154 esse
2850 3088 3064 3171 magis
3105 3087 3502 3170 dispositum.

1957 3196 2079 3261 Sed
2125 3198 2340 3262 anima
2388 3200 2616 3264 Christi
2657 3198 3005 3263 clarissime
3046 3216 3239 3281 super
3286 3215 3510 3261 omnes

1956 3309 2280 3369 creaturas
2306 3306 2477 3370 videt
2513 3304 2798 3370 Verbum
2839 3307 2961 3370 sibi
3005 3307 3264 3369 unitum
3303 3326 3318 3366 ε
3351 3320 3509 3383 ergo

1956 3427 2210 3472 necesse
2266 3414 2360 3474 est
2401 3410 2791 3474 intellectum
2856 3411 2999 3491 ejus
3037 3427 3172 3472 esse
3219 3408 3508 3471 maxime

1957 3514 2331 3598 dispositum
2375 3518 2457 3581 ad
2498 3517 2665 3580 hoc:
2700 3516 2809 3580 sed
2851 3534 2984 3580 non
3026 3520 3229 3597 potest
3270 3514 3351 3577 ad
3386 3513 3510 3578 hoc

1957 3621 2207 3706 disponi
2235 3623 2360 3686 nisi
2388 3642 2501 3706 per
2528 3623 2807 3705 aliquem
2838 3623 3128 3686 habitum
3168 3620 3452 3685 medium
3488 3642 3505 3683 t

1957 3746 2138 3809 erg0,
2170 3732 2289 3793 etc.

2503 3901 2958 3970 CONCLUSIO.

1960 4037 2209 4106 counitio
2238 4051 2346 4105 qua
2370 4036 2572 4093 Christi
2596 4037 2787 4091 anima
2811 4034 3076 4105 coquoscit
3110 4031 3363 4099 Verbum,
3402 4046 3511 4087 non

2030 4129 2107 4182 est
2142 4126 2452 4195 formaliter
2476 4127 2653 4197 ipsum
2688 4123 2950 4192 Verbum,
2977 4120 3072 4179 sed
3097 4125 3172 4178 est
3201 4120 3336 4193 quid
3361 4136 3510 4177 crea-

2034 4221 2182 4287 tum,
2215 4220 2266 4271 et
2294 4219 2503 4286 qratia.

2041 4376 2225 4460 Resp.
2259 4376 2338 4441 ad
2363 4395 2505 4458 arg.
2539 4374 2636 4440 Ad
2662 4373 3111 4456 praedictorum
3140 4371 3510 4452 intelligen-

1961 4488 2122 4551 tiam
2169 4491 2261 4551 est
2308 4485 2664 4550 notandum
2684 4534 2701 4563 ,
2751 4482 2924 4565 quod
2987 4499 3137 4545 cum
3198 4480 3515 4565 quaeritur

1960 4599 2184 4659 utrum
2211 4593 2522 4674 cogniti0‚
2557 4609 2686 4673 qua
2724 4590 2941 4653 anima
2969 4588 3201 4652 Christi
3233 4606 3506 4668 cognose

1961 4703 2049 4767 cit
2067 4701 2352 4767 Verbum
2379 4700 2499 4764 sibi
2522 4699 2779 4763 unitum
2796 4745 2816 4775 ‚
2847 4696 2929 4759 sit
2954 4696 3167 4778 ipsum
3192 4694 3510 4775 Verbum,

1960 4828 2046 4872 an
2072 4808 2319 4891 aliquid
2337 4809 2657 4882 creatum3
2688 4804 2743 4867 si
2773 4803 3170 4883 intelligatur
3196 4802 3274 4866 de
3295 4803 3513 4882 cogni-

1962 4918 2135 4981 tione
2178 4920 2324 4979 actu
2340 4964 2356 4991 ,
2401 4915 2644 4996 absque
2694 4911 2890 4975 dubio
2930 4913 3174 4974 certum
3217 4915 3311 4975 est
3341 4911 3514 4992 quod

1961 5027 2057 5088 est
2094 5023 2240 5098 alia,
2282 5023 2434 5104 quia
2480 5022 2620 5085 haec
2663 5018 2853 5100 coepit
2887 5034 3045 5096 esse,
3088 5022 3150 5080 et
3197 5022 3293 5082 est
3337 5022 3515 5083 actus

1962 5132 2231 5208 animae,
2278 5134 2343 5193 et
2386 5130 2467 5192 ab
2516 5126 2764 5204 anima3
2815 5123 3100 5189 Verbum
3152 5129 3368 5190 autem
3423 5130 3518 5190 est

1962 5244 2277 5304 aeternum
2298 5287 2313 5315 ,
2345 5243 2408 5300 et
2440 5255 2569 5299 non
2609 5241 2702 5299 est
2729 5235 2810 5297 ab
2847 5234 3095 5312 anima,
3126 5234 3232 5297 sed
3276 5253 3315 5296 a
3362 5233 3509 5298 Deo,

1963 5346 2029 5412 Si
2077 5350 2293 5410 autem
2342 5344 2625 5426 cognitio
2678 5342 2960 5419 dicatur,
3011 5360 3141 5423 quo
3198 5341 3514 5405 mediante

1963 5453 2434 5536 cognoscimus,
2463 5452 2553 5514 sic
2578 5449 2700 5515 fuit
2726 5448 3060 5513 diversitas
3085 5448 3510 5533 opinantium,
