4185 6288
1594 471 1973 541 ms‘rlNc'r.
2018 473 2098 539 ΙΙ.
3390 481 3457 539 Η

307 629 399 690 ra,
422 611 574 676 sicut
596 611 829 676 decens
839 614 985 675 erat
1008 629 1217 676 unum
1236 611 1410 676 uniri
1431 611 1570 690 uni,
1588 615 1656 676 et
1667 611 1810 675 uni-

306 720 552 803 genitum
590 718 796 783 Patris
830 719 975 783 fleri
1016 719 1427 801 unigenitum
1463 718 1708 792 matris,
1740 722 1813 782 ut

304 829 374 891 sic
394 845 494 910 per
534 827 851 892 unionem
890 831 1143 890 uaturae
1180 844 1296 890 nec
1322 828 1503 891 fieret
1530 844 1811 890 recessus

304 936 367 999 ab
398 934 659 1009 unitate,
688 952 808 998 nec
849 934 1032 998 fleret
1069 934 1357 998 confusio
1391 934 1460 997 in
1493 933 1809 1016 personali

300 1042 664 1125 proprietate.
684 1040 953 1105 Ratione
965 1060 1118 1107 vero
1136 1041 1554 1124 reparationis
1574 1045 1809 1104 nostrae

300 1149 472 1229 magis
494 1149 932 1230 congruebat,
958 1149 1115 1233 quia
1140 1149 1300 1213 unio
1329 1149 1526 1211 flebat
1553 1151 1811 1230 propter

299 1255 692 1321 Mediatorem.
741 1257 1048 1323 Mediator
1091 1262 1310 1322 autem
1355 1274 1528 1320 unus
1571 1262 1698 1335 est,
1736 1260 1811 1320 ut

297 1362 519 1428 reducat
541 1364 623 1427 ad
655 1364 968 1428 unitatem
997 1367 1062 1429 et
1088 1362 1489 1427 concordiam
1518 1362 1719 1427 Deum
1747 1367 1810 1426 et

296 1468 610 1535 hominem.
656 1470 722 1535 Si
765 1489 924 1553 ergo
955 1471 1170 1555 plures
1209 1474 1419 1535 essent
1440 1517 1458 1546 ,
1488 1474 1602 1533 aut
1637 1488 1810 1534 unus

296 1576 618 1656 sufficeret,
667 1581 782 1641 aut
822 1596 956 1642 non
986 1599 1003 1641 t
1040 1578 1093 1640 si
1137 1577 1486 1655 sufficeret,
1515 1581 1671 1640 tunc
1698 1574 1807 1638 alii

295 1684 766 1766 superfluerent,
747 1707 763 1722 ·
796 1685 851 1749 si
874 1703 1007 1750 non
1030 1685 1370 1763 sufficeret,
1401 1685 1544 1767 jam
1564 1684 1808 1766 imper-

295 1791 463 1857 fectus
503 1792 816 1858 Mediator
862 1799 1048 1858 esset.
1093 1792 1271 1858 Unde
1316 1793 1480 1856 sicut
1522 1791 1809 1857 Christus

294 1901 460 1964 semel
486 1920 605 1984 pro
640 1902 911 1985 peccatis
948 1906 1275 1977 mortuus,
1304 1905 1434 1981 est,
1463 1899 1647 1983 quia¹
1675 1916 1811 1965 una

294 2005 572 2075 oblatione
619 2010 1090 2075 consummavit
1128 2009 1202 2074 in
1235 2012 1543 2074 oeternum
1569 2008 1808 2074 sancti·

293 2115 520 2197 liemon
551 2116 649 2181 ita
679 2116 877 2180 semel
917 2119 982 2180 et
1013 2116 1083 2178 in
1115 2115 1306 2179 unica
1335 2120 1565 2180 natura
1591 2114 1812 2179 debuit

295 2219 605 2288 incarnari.
643 2222 912 2288 Ratione
953 2241 1108 2288 vero
1135 2222 1532 2287 exaltationis
1557 2227 1809 2288 naturae

296 2334 604 2412 assumptae
646 2328 857 2411 magis
898 2329 1296 2410 congruebat
1315 2378 1334 2408 ,
1368 2328 1524 2411 quia
1551 2328 1811 2393 decebat

294 2434 447 2499 illum
481 2437 837 2517 hominem,
869 2438 982 2520 qui
1012 2437 1178 2502 Deus
1210 2440 1370 2514 erat,
1399 2437 1493 2502 sic
1514 2436 1805 2516 exaltari,

295 2549 355 2607 ut
376 2544 620 2611 daretur
648 2546 759 2610 ei¹¹
786 2562 1020 2613 nomen
1061 2545 1234 2629 quod
1270 2552 1592 2629 estsuper
1629 2562 1810 2612 omne

295 2669 507 2720 nomen.
536 2658 611 2718 Et
639 2654 946 2737 quoniam
988 2655 1145 2719 illud
1186 2654 1360 2738 quod
1400 2673 1515 2737 per
1544 2672 1809 2737 supera-

296 2759 681 2827 bundantiam
707 2762 965 2838 dicitur,
1000 2761 1117 2825 uni
1141 2761 1256 2825 soli
1285 2761 1609 2841 convenit,
1643 2761 1810 2826 sicut

297 2866 544 2934 Deusest
570 2888 787 2949 unus,
822 2870 937 2953 qui
979 2887 1111 2933 non
1144 2869 1340 2933 habet
1375 2869 1570 2933 aliam
1615 2875 1807 2933 natu-

296 2990 410 3038 ram
433 2977 768 3060 aequalem,
791 2977 902 3041 sed
919 2995 1219 3041 summus
1243 2979 1339 3040 est
1364 2976 1533 3040 inter
1550 2976 1802 3055 omnia;

297 3080 368 3143 sic
386 3087 604 3148 natura
625 3087 959 3167 assumpta
983 3083 1172 3148 unica
1183 3088 1300 3159 est,
1314 3082 1420 3147 cui
1445 3100 1576 3147 non
1592 3101 1807 3167 aequa-

296 3193 382 3252 tur
415 3190 624 3274 aliqua
657 3196 954 3256 creatura
976 3239 994 3266 ,
1022 3196 1332 3273 tanquam
1360 3190 1504 3254 cui⁸
1527 3190 1687 3257 data
1712 3198 1805 3258 est

296 3299 469 3362 omnis
490 3305 775 3380 potestas
816 3301 893 3364 in
932 3298 1084 3364 caelo
1138 3304 1199 3364 et
1235 3300 1310 3364 in
1347 3305 1535 3364 terra.
1570 3297 1804 3363 Conce-

296 3400 485 3468 dendae
511 3410 663 3469 sunt
687 3423 848 3487 ergo
879 3406 1157 3469 rationes
1186 3406 1606 3480 ostendentes,
1631 3406 1803 3488 quod

298 3506 472 3585 magis
507 3508 738 3573 decens
776 3509 972 3573 fuerit
1017 3527 1340 3574 assumere
1384 3527 1581 3573 unam
1613 3513 1803 3575 natu-

295 3627 410 3675 ram
434 3613 849 3696 singularem,
877 3634 1075 3699 quam
1101 3620 1299 3680 totam
1322 3615 1616 3698 speciem.

360 3724 412 3782 1.
438 3721 530 3786 Ad
569 3722 722 3786 illud
759 3740 915 3787 vero
950 3723 1123 3805 quod
1162 3724 1509 3806 opponitur
1546 3724 1614 3788 in
1651 3743 1807 3790 con-

294 3827 557 3905 trarium,
584 3830 759 3913 quod
791 3832 925 3895 tota
951 3830 1287 3912 indigebat
1320 3831 1671 3910 curatione,
1702 3833 1807 3896 di-

295 3935 535 4000 cendum
579 3937 751 4020 quod
793 3942 927 4002 tota
971 3937 1300 4020 indigebat
1341 3940 1691 4018 curatione,
1744 3946 1808 4006 et

296 4044 404 4106 tota
425 4046 631 4110 curari
667 4048 917 4129 poterat
949 4063 1066 4129 per
1090 4064 1301 4111 unum
1328 4045 1683 4126 hominem,
1713 4050 1805 4113 si-

294 4154 384 4213 cut
414 4156 616 4217 totum
656 4171 890 4236 corpus
932 4153 1145 4218 curari
1189 4157 1395 4236 potest
1427 4173 1543 4238 per
1588 4163 1806 4222 caute-

295 4258 442 4325 rium
466 4264 635 4346 quod
667 4265 743 4327 fit
770 4263 937 4328 circa
963 4283 1172 4329 unum
1210 4266 1575 4330 membrum
1607 4286 1624 4332 :
1664 4268 1806 4334 ideo

294 4383 406 4433 non
421 4370 693 4454 oportuit
707 4371 949 4436 assumi
964 4374 1172 4436 totum
1192 4391 1403 4454 genus
1417 4374 1801 4441 humanum.

297 4471 403 4539 Nec
416 4478 581 4541 valet
597 4478 756 4560 illud
777 4478 953 4561 quod
972 4478 1270 4563 objicitur
1285 4479 1364 4545 de
1383 4478 1801 4547 Damasceno:

302 4602 330 4639 a
342 4581 507 4658 Quod
524 4591 653 4650 erat
667 4586 1199 4669 inassumptibile,
1221 4593 1357 4652 erat
1371 4588 1719 4655 incurabile
1735 4612 1750 4655 ε
1765 4613 1796 4651 n

297 4684 550 4770 loquitur
580 4692 752 4757 enim
789 4691 868 4756 de
903 4693 1324 4776 assumptibili
1357 4693 1428 4759 in
1466 4714 1557 4775 se,
1592 4696 1697 4761 vel
1736 4698 1806 4761 in

298 4810 398 4857 suo
414 4797 592 4863 simili
611 4818 630 4864 ε
655 4800 746 4865 sic
768 4803 906 4864 tota
922 4799 1210 4864 humana
1229 4806 1461 4867 natura
1481 4809 1807 4888 assumpta

298 4900 402 4966 fuit
428 4903 495 4968 in
528 4905 788 4987 Christo,
827 4906 995 4971 sicut
1026 4908 1267 4989 patebit
1301 4909 1502 4989 infra3
1544 4914 1610 4975 et
1645 4913 1805 4977 nihil

298 5004 357 5070 in
377 5007 610 5080 homine
634 5013 973 5096 indigebat
993 5013 1343 5094 curatione,
1367 5018 1540 5098 quod
1565 5037 1698 5084 non
1724 5018 1809 5083 sit

298 5124 655 5201 assumptum
679 5142 725 5198 a
748 5121 889 5188 Deo
913 5120 984 5184 in
1010 5121 1254 5187 unitate
1276 5141 1590 5206 personae.

367 5225 421 5285 Ξ.
442 5224 529 5290 Ad
544 5228 689 5299 illud
712 5226 902 5316 quod
922 5229 1291 5312 opponitur,
1316 5231 1487 5313 quod
1511 5236 1644 5298 tota
1667 5253 1808 5318 spe-

302 5384 377 5504 18¹
402 5384 548 5452 Πειρη
565 5403 629 5459 1¹,
657 5397 743 5450 μ,
770 5418 835 5432 -
865 5388 892 5424 ⁵
908 5387 1121 5454 Philip„
1148 5402 1211 5455 ιι,
1230 5392 1275 5444 9.
1297 5416 1356 5428 -—
1384 5391 1406 5426 ⁸
1427 5393 1597 5457 Matr„
1619 5405 1807 5459 xxvm,

1924 612 2052 677 cies
2091 613 2379 678 humana
2418 612 2539 677 ruit
2575 612 2645 676 in
2685 611 3207 694 praevaricatore,
3249 609 3464 676 dicen·

1918 719 2069 785 dum
2101 719 2273 803 quod
2301 737 2434 784 non
2460 724 2556 784 est
2580 718 2812 797 simile,
2838 719 2993 801 quia
3017 718 3470 801 praevaricator

1919 828 2244 912 corrupit,
2292 834 2357 892 et
2401 828 2878 911 corruptionem
2929 826 3271 890 transfudit
3326 844 3469 890 me-

1918 935 2131 999 diante
2173 935 2588 1015 generatione
2621 934 2900 1012 carnali;
2933 933 3217 998 Christus
3249 937 3466 998 autem

1916 1046 2100 1107 sanat
2141 1060 2255 1125 per
2297 1042 2608 1124 gratiam,
2653 1044 2716 1105 et
2762 1041 3079 1106 mediante
3125 1058 3466 1122 regenera-

1916 1151 2089 1213 tione
2132 1149 2446 1232 spirituali
2477 1169 2494 1214 :
2544 1153 2608 1213 et
2650 1149 2793 1213 ideo
2832 1167 2964 1212 non
3003 1152 3248 1231 oportet
3292 1148 3465 1230 quod

1915 1257 2008 1320 illi
2043 1257 2159 1339 qui
2194 1258 2459 1321 curandi
2496 1261 2671 1332 sunt,
2709 1257 2836 1319 sint
2869 1256 2935 1319 in
2971 1274 3162 1319 carne
3204 1255 3461 1331 Christi,

1916 1363 2082 1427 sicut
2108 1364 2374 1428 fuerunt
2408 1363 2476 1427 in
2505 1367 2737 1427 natura
2761 1362 3044 1426 hominis
3070 1361 3284 1444 primi.
3315 1359 3464 1426 Suf-

1917 1471 2050 1536 ficit
2092 1470 2268 1535 enim
2312 1470 2558 1535 renasci
2595 1469 2664 1533 in
2711 1469 2989 1534 Ecclesia
3024 1487 3138 1552 per
3181 1471 3321 1551 ejus
3358 1488 3459 1533 sa-

1916 1583 2271 1657 cramenta,
2317 1578 2387 1642 in
2424 1596 2555 1661 qua
2595 1576 2883 1641 Christus
2915 1581 3254 1657 regenerat
3295 1575 3462 1640 filios

1916 1684 1981 1748 in
2003 1685 2380 1767 virginitate
2406 1685 2683 1766 integra.

1998 1796 2058 1857 3.
2089 1792 2190 1856 Ad
2227 1792 2385 1857 illud
2412 1793 2583 1875 quod
2610 1790 2978 1874 opponitur,
3006 1791 3181 1874 quod
3219 1791 3461 1857 bonum

1917 1905 2012 1964 est
2036 1900 2414 1965 diffusivum
2441 1901 2541 1964 sui
2569 1900 2635 1963 in
2664 1899 2988 1982 praecipuo
3015 1899 3246 1963 effectu
3277 1899 3463 1964 boni-

1916 2007 2083 2087 tatis,
2119 2007 2461 2073 dicendum
2490 2008 2662 2090 quod
2689 2005 3069 2088 magnitudo
3106 2005 3464 2072 diffusionis

1916 2119 2123 2198 potest
2146 2115 2418 2197 intelligi
2446 2114 2786 2193 intensive,
2817 2114 2920 2180 vel
2947 2114 3278 2178 extensive
3306 2137 3321 2179 ε
3354 2115 3463 2180 sed

1916 2221 1985 2285 in
2031 2221 2264 2287 effectu
2317 2222 2618 2287 bonitatis
2667 2221 2995 2304 praecipuo
3042 2238 3177 2285 non
3219 2224 3466 2305 oportet

1914 2346 2051 2394 esse
2076 2329 2487 2396 diffusionem
2520 2329 2816 2395 bonitatis
2851 2347 2966 2412 per
2998 2327 3460 2405 extensionem,

1915 2437 2023 2501 sed
2070 2454 2186 2521 per
2227 2437 2676 2503 intensionem.
2720 2435 2898 2501 Unde
2936 2440 3177 2519 quanto
3218 2437 3464 2518 maiora

1914 2548 2067 2607 sunt
2094 2542 2285 2622 dona,
2315 2547 2493 2608 tanto
2532 2542 2943 2627 paucioribus
2979 2541 3458 2606 communican-

1913 2654 2042 2714 tur.
2085 2649 2167 2715 Et
2205 2650 2358 2733 quia
2390 2651 2600 2732 gratia
2642 2649 2899 2713 unionis
2936 2653 3031 2714 est
3065 2649 3352 2712 maxima
3394 2650 3462 2712 in

1913 2757 2226 2836 termino,
2270 2758 2359 2822 ita
2401 2758 2576 2840 quod
2621 2775 2752 2821 non
2802 2759 3006 2839 potest
3051 2773 3187 2820 esse
3229 2757 3459 2838 major,

1913 2884 2032 2931 nec
2069 2866 2390 2947 cogitari:
2430 2866 2583 2930 hinc
2624 2870 2720 2930 est
2761 2863 2935 2948 quod
2983 2863 3098 2929 uni
3146 2862 3460 2944 singulari

1912 2978 2164 3037 naturae
2192 2972 2418 3037 debuit
2441 2972 2921 3037 communicari.

1992 3084 2054 3146 4.
2088 3081 2187 3146 Ad
2226 3082 2381 3147 illud
2422 3083 2590 3167 quod
2628 3082 2995 3167 opponitur,
3037 3079 3209 3164 quod
3242 3079 3458 3144 missio

1912 3188 1982 3254 in
2007 3193 2282 3255 mentem
2311 3210 2441 3255 non
2465 3191 2717 3274 respicit
2738 3208 2937 3255 unam
2963 3206 3302 3272 personam
3320 3192 3459 3252 tan-

1913 3300 2077 3372 tum,
2126 3297 2468 3362 dicendum
2508 3298 2679 3380 quod
2720 3316 2851 3361 non
2894 3299 2991 3360 est
3031 3295 3261 3370 simile,
3305 3294 3458 3377 quia

1914 3404 2132 3469 missio
2166 3405 2237 3467 in
2274 3411 2554 3469 mentem
2587 3405 2932 3469 attenditur
2967 3404 3326 3467 secundum
3366 3403 3456 3467 ef-

1914 3511 2149 3576 fectum
2176 3514 2403 3594 gratias
2433 3513 2920 3591 inhabitantem,
2951 3512 3067 3593 qui
3095 3510 3460 3575 communis

1913 3622 2008 3683 ost
2035 3619 2337 3683 omnibus
2363 3620 2591 3702 justis;
2633 3618 2743 3683 sed
2785 3617 3000 3681 missio
3037 3614 3178 3680 Filii
3210 3617 3281 3679 in
3316 3633 3460 3680 car-

1913 3743 2063 3789 nem
2108 3731 2205 3790 aet
2241 3725 2596 3791 secundum
2650 3725 2927 3805 gratiam
2973 3723 3255 3802 unionis,
3308 3740 3459 3807 quae

1913 3834 2055 3898 tacit
2094 3833 2425 3898 hominem
2467 3852 2602 3897 esse
2637 3831 2863 3897 Deum.
2903 3832 3221 3909 Quamvis.
3241 3836 3458 3897 autem

1915 3961 2283 4025 congruum
2320 3943 2402 4007 sit
2429 3943 2602 4027 quod
2635 3943 2854 4008 multis
2893 3942 3321 4008 communicet
3344 3944 3459 4025 ju-

1913 4052 2103 4116 stitiae
2129 4053 2496 4130 bonitatem,
2535 4069 2666 4116 non
2704 4054 2918 4115 tamen
2955 4050 3254 4115 convenit
3284 4050 3458 4133 quod

1917 4158 2136 4223 multis
2196 4158 2625 4223 communicet
2688 4158 3035 4223 divinitatis
3094 4175 3337 4222 nomen
3395 4159 3460 4222 et

1913 4265 2313 4347 dignitatem.
2344 4263 2526 4329 Decet
2563 4266 2739 4330 enim
2775 4264 2976 4330 Deum
3011 4265 3249 4329 hahere
3284 4264 3460 4329 mul-

1914 4376 2012 4436 tos
2035 4391 2277 4448 servos,
2309 4377 2373 4437 et
2397 4374 2562 4438 filios
2587 4374 2953 4457 adoptivos;
2987 4373 3097 4437 sed
3124 4391 3256 4436 non
3280 4372 3459 4438 decet

1915 4481 2153 4546 multos
2207 4481 2502 4546 homines
2553 4499 2690 4546 esse
2745 4480 3066 4546 naturales
3115 4479 3226 4545 Dei
3268 4479 3453 4560 filios,

1914 4588 2049 4652 sive
2100 4589 2281 4668 deos,
2343 4586 2448 4654 v'el
2465 4636 2483 4665 ,
2543 4595 2617 4653 ut
2666 4588 2966 4671 proprius
3013 4587 3273 4669 loquar,
3323 4604 3459 4651 esse

1914 4693 2140 4775 Deum,
2169 4698 2268 4760 vel
2297 4695 2406 4760 Dei
2433 4695 2674 4761 Filium
2701 4694 3134 4776 unigenitum.

2362 4920 2848 4993 ARTICULUS
2891 4922 2976 4989 Π.

1995 5129 2466 5213 Consequenter
2530 5129 2844 5211 quaeritur
2912 5128 2992 5194 de
3059 5131 3290 5194 natura
3351 5146 3460 5193 as-

1915 5240 2174 5319 sumpta
2207 5240 2525 5320 quantum
2558 5234 2638 5298 ad
2675 5252 2941 5300 suarum
2973 5235 3254 5318 partium
3290 5234 3460 5299 inte-

1917 5342 2258 5423 gritatem;
2307 5346 2370 5406 et
2420 5344 2737 5424 quantum
2781 5343 2860 5406 ad
2912 5343 3036 5407 hoc
3080 5344 3462 5424 quaeruntur

1921 5451 2086 5516 tria:
2133 5452 2339 5534 primo
2384 5451 2698 5534 quaeritur
2754 5458 2974 5515 utrum
3024 5450 3306 5515 Christus
3351 5466 3460 5511 as·-
