4185 6288
1240 522 1439 591 DIST.
1483 518 1611 590 n.
1654 517 1838 586 ΛΒΤ.
1888 519 1937 588 1.
1979 517 2287 602 QUAEST.
2331 520 2407 590 V.
3298 528 3417 596 435

1957 664 2018 723 2.
2048 658 2233 738 Item,
2263 658 2564 724 maximae
2613 659 3042 741 perversitatis
3068 667 3131 727 et
3166 663 3421 748 injusti·

1877 764 1988 829 tiae
2017 770 2114 829 est
2146 766 2452 831 damnare
2491 766 2891 832 innocentem
2910 816 2928 847 ,
2964 772 3039 834 ut
3059 768 3425 863 absolvatur

1880 894 2118 941 nocens
2152 899 2169 942 ε
2200 878 2349 943 sed⁸
2375 892 2493 945 nos
2519 893 2730 945 omnes
2772 879 2944 946 sicut
2986 895 3131 949 oves
3171 886 3427 951 erravi-

1884 1000 2028 1051 mus
2056 1004 2079 1049 .-
2108 986 2242 1068 ipse
2269 1004 2425 1052 vero
2451 986 2473 1022 ⁸
2486 994 2809 1069 peccatum
2847 1004 2977 1055 non
3001 989 3160 1069 fecit
3204 1010 3223 1055 :
3270 1009 3427 1074 ergo

0 1098 199 1144 ’undu--
311 1095 542 1162 Utrum
569 1097 734 1163 Deus
758 1096 1051 1163 debuerit
1077 1095 1344 1162 modum
1358 1090 1778 1159 satisfaciendi
1886 1092 2141 1159 videtur
2167 1094 2341 1176 quod
2381 1094 2616 1177 injuste
2661 1095 2879 1160 fecerit
2916 1094 3250 1178 DominuS,
3280 1117 3430 1164 cum

232 1223 349 1289 per
363 1206 725 1288 passionem
739 1204 968 1270 Christi
985 1208 1313 1288 acceptare
1334 1225 1353 1281 3
1376 1204 1441 1267 et
1462 1199 1635 1283 quod
1665 1200 1775 1275 sic,
1887 1199 1958 1263 in
1975 1217 2051 1265 eo
2068 1200 2354 1278 posuerit
2392 1202 2689 1266 omnium
2712 1205 3006 1267 nostrum
3035 1204 3428 1288 iniquitates.
3544 1238 3549 1243 ·

232 1312 492 1380 videtur
521 1333 540 1377 ε
569 1312 862 1378 Debitum
889 1313 1114 1378 mortis
1126 1310 1308 1376 nullo
1332 1308 1525 1375 modo
1552 1306 1783 1371 melius
1974 1309 2032 1370 3.
2066 1304 2265 1371 Item⁸
2298 1307 2470 1374 Deus
2489 1313 2752 1376 mortem
2778 1326 2910 1377 non
2933 1311 3112 1392 fecit,
3163 1329 3278 1379 nec
3314 1312 3432 1381 de·-

234 1420 530 1499 solvitur,
569 1438 767 1503 quam
792 1438 907 1503 per
940 1423 1216 1485 mortem
1243 1415 1597 1500 gratuitam
1626 1431 1644 1477 τ
1674 1412 1786 1478 sed
1893 1414 2163 1482 lectatur
2180 1417 2255 1481 in
2278 1416 2638 1497 perditione
2655 1420 2953 1486 vivorum
2979 1442 2994 1485 ε
3018 1419 3083 1485 Si
3100 1438 3257 1504 ergo
3270 1420 3437 1488 Deus

236 1544 461 1593 omnes
487 1544 744 1592 eramus
770 1525 1086 1592 debitores
1109 1525 1334 1591 mortis
1378 1545 1394 1587 ε
1425 1539 1589 1604 ergo
1615 1520 1787 1604 opti·
1897 1521 2242 1587 delectatur
2294 1523 2364 1585 in
2416 1524 2837 1591 satisfactione
2855 1576 2877 1607 ‚
2934 1531 2997 1591 et
3039 1545 3172 1592 non
3225 1529 3439 1595 delec-

238 1653 347 1701 me
386 1638 482 1700 est
524 1634 913 1699 satisfactum
967 1632 1093 1697 Deo
1131 1650 1248 1716 per
1289 1634 1561 1697 mortem
1589 1627 1783 1707 illius,
1895 1631 2069 1694 tatur
2123 1629 2193 1692 in
2241 1629 2512 1713 alicujus
2540 1637 2766 1713 morte,
2810 1653 2943 1699 non
2966 1635 3223 1702 videtur
3266 1638 3440 1720 quod

241 1742 355 1826 qni
377 1760 513 1809 non
523 1744 662 1807 erat
681 1741 929 1807 debitor
955 1741 1200 1806 mortis.
1899 1734 2192 1800 debuerit
2215 1743 2536 1822 acceptare
2563 1744 2838 1806 mortem
2866 1740 3095 1807 Christi
3129 1761 3246 1827 pro
3273 1745 3444 1810 satis-

325 1849 509 1930 Item,
541 1849 722 1915 nullo
747 1849 939 1915 modo
968 1849 1198 1914 melius
1222 1845 1601 1913 emendatur
1651 1861 1794 1927 pec·
1899 1844 2192 1909 factione.

247 1962 466 2024 catum
491 1957 665 2040 quod
691 1956 1104 2023 commissum
1132 1958 1226 2021 est
1248 1971 1364 2038 per
1381 1953 1790 2028 suavitatem,
1939 1982 1946 1989 ·
1982 1955 2044 2014 4.
2096 1950 2277 2032 Item,
2325 1953 2529 2018 multo
2587 1956 2817 2022 melior
2857 1962 2952 2023 est
2999 1960 3136 2026 vita
3190 1960 3443 2044 Christi,

249 2082 451 2147 quam
475 2083 591 2148 per
616 2063 913 2147 supplicii
929 2063 1334 2127 acerbitatem
1369 2061 1464 2125 :si
1486 2077 1644 2141 ergo
1659 2077 1799 2142 pec-
1905 2076 2103 2142 quam
2131 2063 2295 2124 esset
2334 2078 2507 2125 mors
2539 2084 2554 2127 :
2587 2082 2747 2146 ergo
2775 2066 2828 2129 si
2875 2084 3051 2132 mors
3089 2067 3315 2134 Christi
3340 2090 3450 2154 po-

250 2176 468 2237 eatum
493 2170 766 2235 humani
788 2170 1045 2252 generis
1084 2169 1206 2233 fuit
1231 2167 1646 2234 commissum
1685 2183 1801 2248 per
1904 2165 2029 2230 tuit
2055 2164 2183 2230 Deo
2207 2167 2563 2233 satisfacere
2607 2189 2724 2254 pro
2769 2173 2974 2253 nobi5‚
3004 2175 3210 2239 multo
3238 2177 3454 2257 magis

251 2283 521 2360 gustum
550 2283 616 2343 et
659 2277 1040 2343 suavitatem
1089 2277 1255 2359 ligni
1294 2274 1508 2354 vetiti,
1540 2273 1801 2338 videtur
1908 2270 2042 2333 vita
2068 2273 2211 2353 ejus
2237 2274 2457 2340 debuit
2481 2276 2831 2342 satisfacere
2866 2297 2880 2340 ε
2911 2296 3074 2358 ergo
3106 2279 3314 2359 magis
3353 2278 3455 2344 de-

252 2386 426 2469 quod
455 2385 937 2451 decentissimus
961 2383 1192 2450 modus
1233 2380 1656 2448 satisfaciendi
1680 2379 1806 2444 fuit
1910 2376 2053 2441 huit
2106 2385 2430 2464 acceptare
2497 2384 2697 2450 vitam
2761 2384 2843 2449 ad
2906 2385 3416 2452 satisfaciendum
3432 2434 3451 2465 ‚

253 2509 371 2576 per
393 2492 779 2575 supplicium
805 2492 1036 2557 crucis.
1912 2507 2109 2572 quam
2136 2496 2431 2557 mortem.

754 698 1114 780 QUAESTIO
1154 698 1231 767 V.

223 847 320 905 An
338 846 477 906 Deus
490 845 733 906 debuerit
747 846 961 905 modum
974 844 1345 916 satisfaciendi
1354 837 1458 919 ‘per
1464 843 1772 918 passionem

708 936 916 995 Christi
952 939 1229 1011 acceptare
1257 936 1297 992 ¹.

337 2599 500 2666 Item
531 2648 549 2678 ‚
601 2598 1249 2666 convenientissimus
1302 2597 1531 2663 modus
1572 2597 1810 2663 satisfa-

262 2709 472 2776 ciendi
523 2712 621 2773 est
672 2726 789 2792 per
859 2707 1297 2774 difficultatem
1340 2724 1459 2789 pro
1512 2710 1768 2790 peccato
1781 2754 1805 2785 ,

258 2816 432 2900 quod
460 2814 609 2899 quis
635 2815 956 2880 commisit
980 2814 1187 2879 multa
1211 2814 1506 2879 facilitate
1537 2832 1555 2878 ε
1584 2813 1693 2879 sed
1722 2813 1809 2878 fa-

261 2923 576 2988 cillimum
605 2923 727 2988 fuit
741 2923 950 3006 primo
978 2920 1227 2986 homini
1252 2921 1571 2987 abstinere
1598 2940 1638 2986 a
1662 2914 1808 3004 pec-

263 3035 400 3095 cato
432 3049 449 3095 2
479 3047 637 3110 ergo
677 3027 1093 3093 difficillimus
1133 3027 1364 3093 modus
1390 3027 1814 3093 satisfaciendi

263 3137 388 3204 fuit
410 3136 504 3202 illi
530 3139 787 3220 peccato
841 3134 1501 3203 convenientissimus
1517 3134 1658 3202 -Sed
1695 3135 1815 3201 hoc

267 3247 363 3309 est
381 3242 748 3309 sustinendo
778 3243 946 3309 mala
960 3261 1163 3326 usque
1189 3243 1270 3308 ad
1296 3247 1571 3309 mortem
1601 3265 1618 3309 ε
1649 3247 1732 3324 (a)
1756 3247 1820 3308 et

267 3349 393 3414 hoc
421 3349 610 3416 modo
636 3349 935 3414 satisfecit
961 3347 1248 3414 Christus
1282 3366 1299 3410 :
1332 3366 1515 3431 ergo,
1544 3353 1662 3414 etc.

351 3455 512 3522 Item
531 3454 1015 3521 decentissimus
1039 3454 1271 3520 modus
1300 3454 1725 3521 satisfaciendi
1745 3456 1823 3521 de

273 3563 546 3628 elatione
584 3565 680 3628 est
729 3580 847 3645 per
900 3561 1324 3646 abjectionem
1363 3566 1428 3627 et
1470 3562 1826 3628 vilificatio-

274 3689 467 3736 nem:
507 3670 619 3736 sed
662 3670 841 3736 nulla
866 3672 1078 3753 major
1101 3670 1424 3736 vilificatio
1448 3670 1600 3749 fuit,
1632 3687 1828 3753 quam

276 3798 429 3864 quae
447 3777 567 3844 fuit
591 3777 662 3842 in
688 3777 1067 3844 sustinentia
1094 3778 1417 3860 opprobrii
1439 3779 1650 3842 crucis
1680 3797 1828 3844 :er-

283 3906 372 3969 go
417 3885 560 3952 talis
611 3885 840 3951 modus
895 3884 1315 3950 satisfaciendi
1343 3887 1628 3951 maxime
1668 3904 1829 3952 con-

281 3993 559 4077 gruebat
578 3994 813 4058 nostrae
838 3992 1196 4057 infirmitati
1228 4011 1245 4056 ε
1277 4011 1439 4075 ergo
1472 3993 1686 4059 decuit
1732 3994 1830 4078 ip-

285 4118 434 4167 sum
456 4119 497 4165 a
523 4117 780 4165 summo
814 4096 1054 4165 Medico
1080 4100 1415 4183 acceptari.

45 4236 115 4282 Aa
142 4247 258 4292 opp.
367 4207 496 4274 Sed
549 4210 770 4273 contra
810 4228 829 4271 t
864 4211 923 4272 ¹.
968 4205 1268 4272 Maximae
1307 4206 1694 4272 crudelitatis
1742 4210 1840 4272 est

287 4314 619 4381 hominem
652 4314 1089 4398 justissimum
1129 4314 1323 4379 morti
1366 4314 1615 4381 tradere
1654 4334 1673 4378 t
1729 4314 1839 4379 sed

290 4420 580 4489 Christus
611 4421 732 4487 fuit
777 4420 1178 4504 justissimus
1223 4439 1242 4485 ε
1281 4438 1442 4504 ergo
1490 4420 1843 4487 crudelissi-

289 4549 478 4597 mum
504 4530 628 4595 fuit
652 4548 735 4596 ex
760 4546 1172 4613 quacumque
1228 4537 1420 4594 causa
1457 4529 1707 4595 tradere
1740 4529 1844 4613 ip-

295 4655 444 4703 sum
471 4635 663 4702 morti
708 4655 727 4703 2
771 4654 934 4718 ergo
957 4635 1103 4701 talis
1145 4634 1376 4702 modus
1418 4636 1843 4702 satisfaciendi

295 4749 663 4815 nullatenus
686 4749 909 4816 debuit
932 4767 972 4812 a
997 4748 1128 4814 Deo
1156 4749 1490 4832 acceptari.
1538 4747 1607 4814 Si
1655 4752 1731 4814 tu
1757 4748 1846 4815 di·

300 4874 429 4938 cas,
456 4855 628 4941 quod
642 4874 778 4921 non
797 4855 1055 4922 tradidit
1073 4873 1226 4921 eum
1249 4856 1439 4921 morti
1462 4855 1603 4937 ;sed
1626 4858 1848 4923 contra

299 4963 426 5030 hoc
451 4968 546 5030 est
571 4964 743 5048 quod
770 4964 1042 5029 dicitur’
1077 4984 1094 5028 z
1128 4965 1369 5032 Factus
1418 4969 1512 5033 est
1554 4964 1848 5032 obediens

299 5077 605 5161 usquead
627 5081 888 5145 mortem
911 5097 929 5158 ;
950 5080 1014 5143 et
1040 5075 1112 5141 in
1137 5076 1358 5143 multis
1386 5075 1527 5143 aliis
1550 5074 1706 5144 locis
1750 5077 1852 5144 di-

302 5186 470 5252 citur
493 5186 656 5252 illud
675 5185 870 5251 idem.

366 5312 385 5347 ¹
404 5313 488 5375 Cf.
509 5311 654 5364 Alcx.
677 5312 896 5377 Alensis,
913 5326 968 5377 p.
996 5313 1082 5377 ΙΙΙ,
1107 5325 1161 5378 q.
1185 5322 1322 5364 xvm
1342 5349 1361 5377 ,
1379 5311 1573 5363 memb.
1594 5312 1652 5374 ὅ,
1676 5316 1850 5379 art.2;

303 5388 359 5437 S.
414 5384 620 5444 Thoan„
668 5397 721 5450 p.
766 5385 869 5448 111,
915 5397 967 5448 q.
1010 5396 1169 5446 xxm,
1226 5387 1323 5436 art.
1368 5385 1429 5446 33
1486 5385 1539 5433 et
1585 5384 1652 5434 111
1692 5384 1853 5449 Sem„

302 5456 423 5510 dist.
458 5466 554 5517 xx,
585 5471 637 5521 q.
668 5468 736 5517 ιι,
759 5460 857 5507 art.
882 5458 910 5507 ⁴
933 5470 953 5519 3
980 5459 1032 5507 et
1059 5454 1202 5520 Quot.
1229 5457 1293 5520 ll,
1319 5459 1415 5508 art.
1457 5457 1516 5520 25
1543 5454 1853 5522 nichel-dus,

373 5537 439 5603 (a)
461 5536 587 5591 Goet.
613 5535 737 5588 edit.
758 5533 980 5587 abundat
998 5547 1142 5600 ergo.

1996 2598 2056 2659 5.
2090 2594 2273 2677 Item,
2309 2615 2437 2661 non
2481 2602 2575 2663 est
2601 2599 2830 2664 modus
2853 2600 3182 2667 ordinatus
3226 2603 3462 2669 satisfa-

1917 2703 2146 2785 ciendi,
2174 2704 2246 2768 in
2274 2722 2404 2787 quo
2454 2704 2716 2770 additur
2740 2712 3068 2791 peccatum
3095 2729 3290 2794 super
3313 2730 3458 2795 pec·

1919 2815 2135 2875 catum
2205 2833 2221 2876 t
2269 2812 2378 2877 sed
2432 2811 2718 2878 Christus
2778 2815 2978 2880 occidi
3034 2834 3166 2882 non
3221 2823 3467 2902 poterat

1921 2919 2060 2984 sine
2108 2919 2490 3001 gravissimo
2534 2923 2790 3004 peccato
2820 2942 2837 2987 ε
2869 2942 3027 3005 ergo
3071 2924 3468 2992 inordinatus

1923 3030 2154 3094 modus
2219 3031 2637 3097 satisfaciendi
2699 3033 2953 3098 videtur
3014 3053 3130 3119 per
3190 3043 3467 3104 mortem

1926 3137 2181 3204 Christi.

2007 3252 2070 3313 6.
2122 3247 2278 3313 ltem
2307 3249 2573 3332 gravius
2606 3250 2729 3316 fuit
2767 3256 3098 3334 peccatum
3149 3253 3472 3320 Christum

1930 3354 2358 3420 occidentium
2378 3402 2397 3432 ,
2455 3374 2651 3439 quam
2680 3362 2844 3423 esset
2877 3362 3207 3443 peccatum
3260 3361 3468 3428 Adae:
3518 3389 3524 3394 ·

1932 3479 2089 3544 ergo
2103 3461 2157 3527 si
2182 3480 2314 3527 non
2338 3465 2547 3546 potuit
2571 3445 2909 3531 satisfactio
2926 3467 3064 3532 fleri
3083 3486 3200 3551 pro
3222 3453 3476 3552 peccato

1933 3567 2114 3650 Adae,
2145 3570 2272 3634 nisi
2310 3570 2593 3638 Christus
2608 3573 2805 3639 semel
2822 3579 3201 3653 moreretur,
3225 3576 3479 3643 videtur

1935 3675 2110 3760 quod
2133 3694 2266 3741 non
2286 3679 2565 3761 potuerit
2580 3681 2914 3747 satisfactio
2932 3682 3073 3748 fieri
3094 3701 3210 3766 pro
3227 3687 3479 3767 peccato

1938 3784 2362 3851 occidentium
2391 3786 2738 3871 Christum,
2758 3789 2885 3854 nisi
2908 3789 3191 3857 Christus
3204 3793 3481 3859 secundo

1939 3893 2333 3961 occideretur
2376 3917 2392 3961 :
2423 3896 2564 3979 pari
2599 3897 2845 3962 ratione
2885 3916 3004 3963 nec
3048 3898 3127 3964 de
3172 3899 3483 3965 occisione

1941 4000 2072 4082 illa,
2107 4001 2234 4068 nisi
2263 4002 2654 4069 occideretur
2679 4005 2889 4087 tertio,
2916 4008 2981 4070 et
3023 4004 3115 4070 sic
3152 4004 3223 4069 in
3266 4005 3485 4070 infini-

1943 4114 2085 4177 tum
2118 4131 2136 4176 :
2157 4128 2314 4192 ergo
2335 4128 2471 4190 non
2486 4111 2743 4178 videtur
2768 4112 2942 4196 quod
2962 4111 3105 4177 talis
3132 4113 3363 4178 modus
3381 4131 3485 4180 sa·

1943 4219 2297 4286 tisfaciendi
2347 4220 2430 4285 sit
2456 4224 2840 4306 competens,
2869 4240 2988 4288 nec
3022 4241 3063 4288 a
3112 4221 3240 4290 Deo
3276 4241 3489 4308 accep-

1944 4327 2198 4394 tandus.

2492 4477 2942 4547 CONCLUSIO.

1950 4616 2139 4675 Μοάιε
2189 4620 2385 4675 nostroe
2436 4617 2828 4686 satisfactionis
2873 4620 3037 4689 factm
3066 4633 3169 4692 per
3215 4617 3489 4679 Christum

2022 4709 2141 4776 suit
2160 4707 2493 4775 conveniem,
2521 4709 2575 4763 et
2601 4710 2838 4766 maxime
2860 4723 2896 4765 a
2915 4709 3023 4765 Deo
3049 4709 3420 4781 acceptandus

2036 4865 2222 4951 Resp.
2262 4866 2340 4931 ad
2370 4885 2512 4949 arg.
2543 4864 2897 4935 Dicendum
2924 4869 3097 4953 quod
3124 4868 3392 4934 modum
3418 4869 3499 4936 is·

1955 4977 2098 5042 tum
2122 4975 2292 5040 ultra
2309 4978 2571 5041 caeteros
2601 4976 2825 5043 modos
2850 4975 3068 5042 debuit
3094 4976 3262 5044 Deus
3285 4996 3500 5063 accep-

1957 5088 2116 5164 tare,
2147 5085 2301 5169 quia
2338 5085 2771 5152 nobilissimus
2808 5092 2904 5153 est
2936 5088 3105 5153 inter
3127 5105 3353 5154 omnes
3384 5087 3500 5174 qui

1958 5195 2387 5276 possunt-esse
2433 5194 2540 5262 vel
2581 5195 2933 5279 excogitari
2963 5196 3125 5262 :fuit
3176 5196 3350 5264 enim
3386 5215 3502 5265 ac-

1962 5387 2331 5452 lssSent.,dist.
2351 5399 2440 5450 xx,
2462 5400 2587 5454 (μη
2613 5389 2859 5454 Stepbau.
2885 5390 3094 5458 Brulef„
3115 5393 3182 5443 ΙΙΙ
3207 5392 3368 5458 Seni„
3382 5392 3500 5445 dist.

1960 5474 2053 5527 xx,
2072 5476 2126 5527 q.
2147 5472 2270 5512 v.-
2293 5461 2536 5528 wltreip..
2555 5474 2615 5524 11,
2645 5465 2695 5515 8.
2713 5490 2776 5502 -
2793 5464 2816 5499 ⁸
2841 5465 2961 5527 Iso..
2985 5477 3101 5531 mu,
3120 5468 3246 5517 6.-
3265 5466 3502 5532 διΡετι-.,

1963 5545 2024 5599 11,
2044 5535 2125 5586 22.
2150 5558 2212 5573 —
2230 5533 2252 5571 ⁸
2278 5531 2577 5599 Sap.,1,13.
