4185 6288
1630 470 2002 537 msrmcr.
2045 468 2244 536 xvn.
3409 491 3528 552 335

352 606 599 677 ratione
641 608 824 700 cupit
857 608 1126 704 dissolvi
1170 617 1237 679 et
1270 630 1406 678 esse
1446 630 1600 677 cum
1649 606 1949 692 Christ03
2007 627 2204 675 sensu
2250 614 2472 677 autem
2514 607 2729 678 carnis
2769 609 3015 702 refugit
3068 621 3136 683 et
3173 626 3449 689 recusat.
3483 648 3519 688 n

348 722 487 792 Hoc
536 722 735 792 habet
788 724 1121 793 humanus
1160 724 1457 810 affectus,
1506 723 1820 816 quoniam
1874 722 1993 816 qui
2047 721 2267 811 diligit
2310 722 2545 808 vitam,
2594 724 2735 792 odit
2790 735 3089 798 mortem.
3145 731 3526 806 Secundum

351 838 549 907 istum
600 839 909 908 affectum
963 840 1260 910 Christus
1314 840 1480 910 mori
1525 839 1763 924 noluit,
1810 860 1929 907 nec
1981 838 2270 908 obtinuit
2318 840 2495 930 quod
2551 841 2914 912 secundum
2967 844 3169 916 istum
3215 849 3523 922 affectum

354 954 562 1045 petiit.

81 1078 326 1182 Assffi
444 1071 543 1139 Ex
567 1071 806 1141 affectu
832 1093 989 1162 ergo
1013 1073 1330 1159 humano,
1356 1095 1553 1166 quem
1574 1073 1654 1140 de
1671 1072 1950 1161 Virgine
1980 1071 2203 1159 traxit,
2231 1071 2496 1142 volebat
2510 1094 2645 1141 non
2667 1074 2859 1160 mori,
2881 1083 2946 1144 et
2962 1075 3230 1149 calicem
3250 1085 3525 1155 transire

94 1200 315 1307 ἔπηξ’
357 1187 605 1257 orabat.
638 1187 828 1257 Unde
853 1187 1058 1258 Beda¹
1089 1212 1106 1257 :
1153 1215 1189 1255 ι
1214 1187 1373 1258 Orat
1402 1189 1678 1258 transire
1696 1189 1988 1275 calicem,
2019 1188 2181 1281 quia
2204 1188 2401 1257 homo
2427 1197 2588 1271 erat,
2619 1188 2840 1259 dicens
2860 1199 2883 1233 ¹
2914 1216 2930 1260 ε
2965 1196 3191 1278 Pater,
3225 1210 3527 1271 transeat

100 1327 151 1367 ει
175 1327 311 1370 ctu-s-
357 1330 401 1372 a
427 1306 738 1375 mecalioe
773 1306 919 1375 iste.
971 1307 1133 1377 Ecce
1178 1307 1374 1376 habet
1414 1306 1818 1375 voluntatem
1872 1304 2232 1373 humanam
2276 1328 2673 1398 expressam.
2719 1308 2890 1378 Vide
2925 1311 3068 1401 jam
3096 1322 3346 1384 rectum
3374 1339 3520 1386 cor:

76 1389 331 1495 muz-...-
354 1420 488 1489 Sed
507 1444 642 1491 non
665 1421 842 1514 quod
864 1446 980 1515 eqo
997 1424 1165 1505 volo,
1187 1421 1304 1491 sed
1325 1421 1500 1515 quod
1512 1434 1586 1490 tu
1611 1422 1733 1490 vis.
1772 1420 1955 1491 Unde
1979 1420 2141 1489 alibi
2157 1420 2179 1455 ⁸
2210 1446 2226 1489 :
2259 1423 2408 1493 Non
2429 1423 2581 1491 veni
2593 1405 3250 1515 facere-voluntatem
3270 1454 3520 1521 meam,

353 1560 553 1630 quam
577 1539 821 1608 scilicet
844 1538 1290 1632 temporaliter
1315 1539 1564 1630 sumpsi
1591 1560 1672 1607 ex
1700 1537 1998 1628 Virgine,
2033 1541 2146 1608 sed
2171 1539 2578 1607 voluntatem
2607 1539 2771 1629 eju-5,
2805 1543 2919 1633 qui
2949 1544 3135 1614 misit
3160 1569 3290 1633 me,
3318 1572 3520 1638 quam

350 1654 592 1722 scilicet
618 1664 900 1724 aeternus
925 1654 1129 1723 habui
1154 1676 1306 1723 cum
1360 1655 1578 1723 Patre.
1614 1679 1649 1716 n
1679 1653 1801 1722 Hic
1851 1661 2071 1746 aperte
2124 1653 2281 1723 dicit
2319 1653 2485 1723 duas
2511 1655 2584 1723 in
2611 1654 2867 1726 Christo
2894 1659 3092 1729 fuisse
3123 1661 3520 1752 voluntates,

350 1769 708 1838 secundum
747 1793 913 1862 quas
958 1771 1217 1840 diversa
1268 1770 1503 1839 voluit.
1542 1769 1987 1862 Hieronymus
2037 1792 2344 1863 quoque,
2391 1794 2590 1863 super
2641 1772 2836 1843 illum
2888 1774 3105 1845 locum
3133 1784 3155 1819 ⁶
3185 1803 3202 1846 ε
3234 1780 3523 1872 Spiritus

344 1899 692 1978 promptus
718 1899 836 1969 est,
868 1909 1024 1955 caro
1062 1898 1288 1956 amem
1339 1886 1643 1977 infirma,
1699 1884 1862 1955 daus
1914 1886 2281 1975 intelligere
2326 1888 2433 1956 hic
2471 1889 2639 1960 duas
2683 1891 3053 1962 voluntates
3095 1894 3403 1986 exprimi,
3433 1897 3525 1965 ita

351 2002 445 2069 ait
470 2011 538 2068 ⁸:
571 2028 608 2069 α
636 2001 777 2072 Boc
802 2012 1028 2072 contra
1060 2001 1526 2094 Eutychianos,
1580 2001 1698 2094 qui
1753 2001 1981 2070 dicunt
2008 2003 2079 2070 in
2106 2002 2365 2072 Christo
2391 2027 2594 2074 unam
2623 2014 2878 2077 tantum
2937 2010 3368 2079 voluntatem.
3398 2011 3523 2081 Hic

349 2126 570 2186 autem
625 2118 906 2188 ostendit
959 2118 1345 2204 humanam,
1399 2139 1549 2211 quae
1604 2125 1868 2210 propter
1917 2117 2368 2188 infirmitatem
2425 2122 2642 2190 carnis
2698 2132 2951 2192 recusat
2991 2125 3355 2216 passionem
3384 2182 3403 2215 ,
3459 2137 3525 2198 et

349 2233 668 2323 divinam,
714 2257 863 2327 quae
911 2243 1213 2328 prompta
1262 2242 1360 2303 est
1412 2232 1725 2325 perticere
1789 2233 2367 2325 dispensationem.
2424 2263 2458 2302 ν)
2502 2239 2922 2328 Augustinus
2979 2241 3177 2309 etiam
3232 2241 3397 2311 duas
3450 2243 3522 2311 in

349 2350 608 2422 Christo
659 2353 887 2421 asserit
954 2351 1324 2422 voluntates
1346 2403 1364 2436 ,
1422 2349 1644 2421 dicens
1668 2357 1691 2392 ⁸
1748 2375 1763 2417 ε
1804 2378 1840 2418 ιι
1896 2350 2236 2433 Quantum
2291 2352 2489 2421 distat
2534 2352 2711 2422 Deus
2761 2354 2843 2422 ab
2896 2355 3161 2425 homine
3185 2408 3204 2443 ,
3265 2365 3519 2426 tantum

348 2468 656 2537 voluntas
676 2468 799 2538 Dei
833 2491 874 2537 a
905 2468 1244 2537 voluntate
1284 2466 1595 2536 hominis.
1642 2466 1833 2536 Unde
1876 2465 2212 2536 hominem
2259 2466 2558 2537 Christus
2597 2491 2829 2558 gerens
2872 2470 3153 2540 ostendit
3197 2472 3517 2564 privatam

350 2584 757 2655 voluntatem
788 2585 1143 2678 quamdam
1175 2583 1484 2668 hominiS,
1516 2583 1589 2651 in
1613 2605 1750 2675 qua
1772 2590 1837 2650 et
1862 2605 2050 2652 suam
2078 2589 2142 2651 et
2169 2589 2456 2651 nostram
2486 2583 2802 2674 figuravit
2827 2584 2985 2678 quia
3025 2586 3109 2677 (α)
3146 2594 3341 2678 caput
3368 2610 3519 2656 nos-

349 2706 527 2768 trum
538 2708 657 2788 est,
674 2702 840 2772 etad
865 2723 1019 2771 eum
1036 2701 1207 2770 sicut
1234 2699 1528 2769 membra
1554 2699 1976 2792 pertinemus.
2008 2702 2235 2784 Pater,
2268 2699 2512 2792 inquit,
2543 2701 2753 2791 sifieri
2762 2714 3003 2793 potest,
3036 2712 3518 2774 transeatume

350 2817 531 2885 calix
555 2817 701 2887 iste.
733 2818 890 2887 Haec
919 2817 1213 2887 humana
1239 2816 1544 2886 voluntas
1570 2823 1731 2900 erat,
1764 2815 2107 2907 proprium
2143 2814 2422 2907 aliquid,
2463 2824 2530 2885 et
2557 2825 2870 2910 tanquam
2900 2818 3234 2910 privatum
3262 2819 3511 2889 volens.

350 2931 482 3001 Sed
508 2935 669 3026 quia
691 2941 940 3003 rectum
968 2933 1115 3001 vult
1139 2955 1275 3003 esse
1300 2931 1659 3020 hominem,
1688 2939 1755 2999 et
1781 2931 1863 3000 ad
1889 2930 2101 3000 Deum
2128 2930 2349 3022 dirigi,
2380 2930 2600 3002 subdit
2634 2935 2809 3005 :Non
2835 2933 3010 3027 quod
3038 2958 3190 3028 erqo
3217 2936 3384 3020 volo,
3405 2933 3522 3004 sed

351 3048 527 3141 quod
553 3063 625 3118 tu
648 3051 771 3119 vis.
800 3054 896 3120 Ac
921 3049 977 3118 si
1003 3050 1286 3119 diceret:
1322 3048 1492 3118 Vide
1519 3056 1582 3117 te
1622 3048 1694 3116 in
1739 3070 1866 3134 me,
1909 3047 2070 3140 quia
2118 3055 2300 3141 potes
2341 3047 2596 3141 aliquid
2641 3049 2982 3141 proprium
3017 3051 3213 3137 velle,
3246 3059 3321 3120 ut
3346 3051 3523 3121 Deus

349 3167 531 3236 aliud
559 3168 722 3237 velit
751 3193 767 3235 :
812 3166 1188 3237 conceditur
1223 3166 1348 3237 hoc
1385 3166 1691 3236 humanae
1736 3165 2101 3254 fragilitati.
2137 3191 2172 3232 »
2201 3166 2381 3235 Idem
2420 3165 2580 3235 alibi
2610 3172 2632 3206 ⁷
2663 3190 2680 3235 ε
2723 3191 2759 3232 α
2800 3166 3099 3238 Christus
3124 3169 3197 3238 in
3225 3170 3521 3261 passione

351 3283 513 3353 duas
539 3284 851 3377 expressit
877 3284 1249 3353 voluntates
1275 3283 1346 3351 in
1371 3306 1439 3351 se
1456 3281 1819 3351 secundum
1843 3280 2010 3352 duas
2037 3289 2327 3352 naturas.
2357 3282 2471 3351 Ait
2497 3282 2677 3351 enim
2710 3309 2725 3352 :
2763 3286 2990 3368 Pater,
3023 3285 3084 3353 si
3104 3285 3260 3375 fieri
3274 3298 3518 3378 potest,

356 3413 650 3471 transeat
673 3424 716 3469 a
743 3424 850 3470 me
877 3401 1056 3471 calix
1080 3400 1226 3469 iste.
1273 3399 1432 3468 Ecce
1475 3398 1676 3468 habes
1712 3397 2000 3468 hominis
2042 3399 2476 3485 voluntatem,
2523 3422 2728 3491 quam
2773 3399 2854 3468 ad
2885 3399 3180 3469 divinam
3207 3402 3522 3471 continuo

352 3516 661 3606 dirigens,
690 3517 781 3586 ait
809 3541 826 3584 ε
874 3520 1335 3586 Verumtamen
1358 3537 1492 3584 non
1516 3515 1688 3583 sicut
1714 3537 1828 3607 eqo
1853 3515 2021 3599 vole,
2049 3512 2168 3583 sed
2189 3515 2362 3585 sicut
2386 3527 2484 3584 tu.
2503 3515 2936 3585 »Ambrosius
2960 3516 3159 3585 etiam
3177 3516 3247 3585 in
3266 3517 3441 3587 libro
3459 3518 3521 3586 11

354 3631 435 3701 de
460 3631 622 3701 Fide
644 3639 704 3702 ⁸:
747 3659 783 3699 α
808 3632 1140 3726 Scriptum
1178 3640 1273 3702 est
1305 3657 1321 3700 ε
1352 3635 1576 3716 Pater,
1612 3632 1672 3700 si
1711 3631 1866 3722 fieri
1895 3642 2141 3724 potest,
2191 3633 2482 3724 transfer
2527 3655 2571 3699 α
2617 3655 2724 3701 me
2768 3632 3040 3701 calicem
3070 3632 3270 3702 hunc.
3308 3633 3522 3703 Verba

354 3749 590 3818 Christi
615 3759 801 3832 sunt;
834 3749 945 3818 sed
967 3773 1102 3843 quo
1129 3749 1324 3818 modo
1360 3748 1444 3839 (b)
1479 3754 1543 3818 et
1572 3748 1644 3816 in
1673 3771 1808 3840 qua
1846 3747 2057 3817 forma
2080 3747 2411 3835 dicantur,
2442 3748 2730 3817 adverte.
2750 3748 3060 3818 Hominis
3086 3748 3519 3818 substantiam

353 3867 544 3955 gerit,
591 3866 877 3936 hominis
918 3866 1267 3958 assumpsit
1309 3865 1644 3934 affectum.
1691 3862 1840 3933 Non
1891 3886 2047 3954 ergo
2088 3864 2277 3956 quasi
2319 3863 2519 3952 Deus,
2573 3864 2685 3935 sed
2726 3864 2916 3957 quasi
2960 3864 3159 3934 homo
3198 3864 3515 3956 loquitur.

353 3981 647 4074 Suscepit
694 3983 963 4075 quidem
1008 3982 1416 4052 voluntatem
1461 4002 1698 4050 meam.
1759 3978 1905 4050 Mea
1945 3988 2040 4049 est
2082 3980 2414 4068 voluntas,
2463 4003 2666 4074 quam
2705 4003 2894 4049 suam
2939 3980 3129 4067 dixit,
3181 4002 3335 4048 cum
3384 3979 3514 4048 ait:

350 4101 501 4171 Non
525 4100 697 4168 sicut
721 4122 836 4190 eqo
861 4099 1028 4182 volo,
1083 4095 1200 4166 sed
1234 4099 1406 4168 sicut
1470 4111 1543 4168 tu
1599 4095 1719 4164 vis.
1787 4095 1954 4166 Cum
2019 4105 2242 4167 autem
2304 4096 2473 4166 dixit
2498 4104 2521 4139 ⁹
2553 4121 2569 4165 ε
2609 4097 2855 4166 Omnia
2892 4118 3031 4191 quae
3056 4096 3259 4165 habet
3285 4099 3513 4179 Pater,

350 4239 499 4284 mea
537 4228 715 4299 sunt,
769 4216 928 4308 quia
977 4216 1146 4285 nihil
1205 4216 1552 4308 excipitur,
1610 4217 1752 4285 sine
1796 4216 2026 4304 dubio,
2075 4240 2279 4311 quam
2315 4217 2511 4287 Pater
2563 4215 2786 4302 habet,
2844 4213 3140 4283 eamdem
3196 4223 3259 4281 et
3310 4212 3521 4283 Filius

350 4330 544 4401 habet
570 4332 997 4401 voluntatem.
1037 4330 1284 4401 Eadem
1327 4342 1423 4401 est
1473 4331 1715 4402 Christi
1757 4322 2097 4420 voluntas,
2143 4355 2294 4426 quae
2346 4340 2639 4425 paterna.
2695 4332 2847 4402 Una
2897 4353 3053 4421 ergo
3093 4329 3399 4398 voluntas
3427 4335 3523 4398 est

349 4446 559 4516 Patris
582 4456 649 4517 et
671 4447 849 4516 Filii.
882 4446 1010 4517 Sed
1034 4447 1166 4517 alia
1189 4454 1287 4517 est
1324 4447 1631 4517 voluntas
1672 4448 1985 4534 hominis,
2041 4448 2175 4519 alia
2216 4449 2360 4537 Dei,
2401 4458 2478 4519 ut
2499 4449 2661 4519 scias
2687 4448 2894 4518 vitam
2921 4447 2992 4516 in
3019 4446 3357 4515 voluntate
3384 4466 3520 4513 esse

349 4563 660 4652 hominis,
688 4564 1055 4656 passionem
1090 4571 1310 4634 autem
1358 4564 1597 4634 Christi
1632 4565 1703 4632 in
1748 4564 2087 4634 voluntate
2132 4564 2383 4652 diviua,
2437 4574 2512 4634 ut
2557 4571 2892 4657 pateretur
2937 4583 3057 4654 pro
3084 4561 3295 4631 nobis.
3333 4585 3368 4626 »
3398 4559 3521 4628 His

351 4680 736 4750 testimoniis
779 4680 1115 4750 evidenter
1151 4679 1421 4750 docetur
1460 4681 1531 4749 in
1575 4679 1834 4750 Christo
1874 4681 2038 4750 duas
2085 4680 2286 4750 fuisse
2323 4681 2696 4750 voluntates
2735 4705 2751 4748 ε
2810 4677 2985 4772 quod
3043 4677 3203 4770 quia
3255 4676 3522 4773 negavit

352 4797 670 4866 Macarius
715 4795 1233 4889 archiepiscopus
1281 4796 1668 4883 Antiochiae,
1709 4796 1783 4866 in
1827 4796 2546 4890 Constantinopolitano.
2582 4796 2833 4887 synodo
2872 4792 3349 4863 condemnatus
3386 4799 3512 4859 est.

346 4912 428 4982 Et
464 4938 546 4984 ex
582 4915 818 4982 affectu
862 4912 1153 4982 humano
1196 4913 1634 4984 sensualitatis
1669 4912 1965 5007 quidem,
2007 4936 2143 4983 non
2190 4913 2485 4998 rationis,
2535 4911 2706 4980 illud
2747 4910 2960 4979 voluit
3005 4918 3070 4979 et
3097 4909 3306 5002 petiit,
3337 4908 3515 5002 quod

346 5052 477 5100 nou
501 5028 899 5123 impetravit.
944 5027 1077 5097 Nec
1114 5028 1259 5098 ideo
1302 5029 1489 5122 petiit
1528 5038 1605 5098 ut
1645 5029 2046 5122 impetraret,
2097 5030 2254 5122 quia
2293 5027 2535 5097 sciebat
2580 5027 2788 5096 Deum
2834 5048 2976 5096 non
3021 5048 3159 5095 esse
3184 5025 3515 5094 facturum

411 5176 425 5209 ¹
457 5175 601 5235 ned..
629 5174 716 5224 lib.
750 5174 835 5234 tv,
858 5172 993 5222 Com.
1017 5174 1067 5221 in
1098 5173 1275 5236 Marc„
1294 5186 1341 5223 c.
1365 5184 1476 5223 xiv.
1500 5199 1549 5208 —
1572 5173 1595 5206 ²
1612 5172 1815 5235 Manli„
1835 5184 1976 5237 xxv1,
2008 5175 2087 5222 39.
2105 5199 2166 5210 -
2182 5173 2203 5206 ³
2221 5173 2386 5236 loon„
2409 5183 2480 5230 vt,
2505 5170 2691 5223 38.—⁸
2713 5168 2917 5232 Halm,
2946 5172 3166 5231 xxv1‚‚tt
3183 5207 3195 5221 .
3215 5195 3275 5208 —
3299 5169 3321 5205 ⁸
3340 5169 3519 5220 Glossa

350 5246 526 5311 allegat
543 5248 638 5296 sub
664 5245 875 5295 nomine
899 5243 1033 5293 Hier.
1059 5256 1214 5307 super
1235 5244 1415 5305 Marc„
1434 5254 1523 5293 xrv
1535 5258 1551 5305 ;
1570 5244 1659 5291 sed
1682 5257 1863 5293 revera
1888 5249 2006 5293 sunt
2030 5243 2200 5307 Bedae,
2222 5245 2512 5294 comment.
2533 5255 2742 5293 suorum
2767 5242 2855 5290 lib.
2886 5239 2974 5303 lv,
3003 5242 3140 5290 circs
3169 5239 3306 5291 hunc
3328 5240 3516 5292 locum.

330 5344 408 5356 ·—
427 5320 450 5355 ⁸
478 5323 630 5383 Aug,
658 5318 710 5366 in
738 5318 829 5365 Ps.
850 5326 1016 5370 xxm,
1039 5317 1087 5373 ¹,
1115 5315 1291 5365 Euarr.
1324 5325 1385 5376 11,
1412 5328 1467 5363 u.
1493 5314 1657 5363 2.—·¹
1681 5313 1777 5377 td„
1805 5315 1858 5365 in
1875 5316 1959 5365 Ps.
1991 5326 2141 5373 xcm,
2177 5318 2253 5375 ¹5,
2281 5316 2477 5378 [ἔασι-ιι,
2508 5328 2561 5364 u.
2587 5318 2661 5364 ¹9.
2679 5310 2781 5350 —⁸
2799 5312 3058 5375 Ambros,
3086 5310 3145 5360 de
3170 5310 3311 5374 Fide,
3342 5311 3429 5362 lib.
3457 5314 3517 5377 ΙΙ,

349 5403 394 5440 c.
414 5403 468 5452 v,
495 5404 550 5440 u.
570 5391 651 5451 tt,
674 5390 773 5449 ⁴23
801 5399 849 5436 c.
875 5396 946 5449 vt,
971 5398 1024 5435 n.
1049 5388 1100 5436 51
1131 5398 1146 5446 ;
1172 5400 1218 5435 c.
1253 5396 1343 5445 vu,
1369 5398 1425 5436 n.
1453 5386 1534 5445 52,
1559 5385 1755 5433 53.—·
1773 5385 1939 5447 loun„
1972 5397 2084 5448 ιη,
2115 5388 2195 5435 ¹5.

409 5481 476 5542 (α)
499 5479 622 5530 Coet.
645 5476 767 5529 edit.
796 5476 886 5539 qui
913 5502 973 5513 —
1004 5475 1067 5539 (ὁ)
1096 5475 1178 5525 ΑΙ.
1209 5475 1430 5544 quaudo.
