4185 6288
97 4705 274 4765 opinio!

1337 426 1531 497 DIST.
1576 429 1734 496 m.
1778 429 1963 499 ΛΒΤ.
2011 432 2057 496 1.
2099 431 2400 511 QUAEST.
2447 434 2525 500 11.

353 561 612 644 telligere
637 563 878 647 aliquid
906 565 1051 630 addi
1078 588 1094 629 t
1125 566 1233 630 sed
1253 566 1418 630 Deus
1442 573 1556 646 est,
1574 586 1703 650 quo
1733 586 1866 632 ma-

346 671 438 751 jus
460 671 719 752 cogitari
749 691 881 736 non
909 677 1134 757 potest,
1161 678 1233 737 ut
1268 674 1418 738 dicit
1443 675 1783 739 Anselmus
1808 677 1866 738 ¹:

351 797 488 860 ergo
509 780 788 847 Verbum
819 785 1328 858 unitumanimae
1354 785 1605 865 Christi,
1636 786 1689 849 si
1704 803 1872 849 com-

349 889 825 969 prehenderetur
881 893 964 956 ab
1018 895 1177 976 ipsa,
1239 911 1370 957 non
1417 899 1578 958 esset
1643 892 1804 958 Deus
1850 911 1868 956 ε

347 997 438 1061 sed
464 1003 554 1063 est
576 999 744 1065 Deus
770 1022 785 1066 ε
816 1018 975 1082 ergo
1005 1018 1135 1065 non
1153 1001 1733 1084 comprehenditur.

869 1254 1322 1322 CONCLUSIO.

342 1409 532 1466 Anima
588 1411 794 1469 christi
842 1427 950 1469 non
1005 1413 1402 1486 conzprehendit
1449 1414 1868 1469 immensitatem

409 1501 599 1568 Verbi,
630 1518 941 1573 quanquam
979 1507 1149 1559 totum
1181 1507 1363 1576 ipsum
1396 1504 1627 1562 Verbum
1653 1519 1869 1573 coquos-

403 1594 519 1654 cat,
560 1593 692 1661 quia
718 1607 824 1647 non
852 1595 1115 1663 cognoscit
1143 1594 1392 1650 totaliter
1424 1596 1621 1667 ipsum.

136 1762 251 1818 ⁰⁹³2
282 1770 313 1809 1.
411 1749 590 1834 Roep.
623 1751 702 1815 ad
733 1769 873 1834 arg.
904 1753 1003 1817 Ad
1030 1753 1484 1835 praedictorum
1506 1754 1864 1836 intelligen-

340 1858 480 1922 tiam
494 1864 587 1923 ast
605 1861 987 1939 notandum,
1004 1863 1175 1944 quod
1190 1862 1391 1945 aliqui
1418 1864 1626 1928 dicere
1651 1864 1869 1928 volue-

338 1975 499 2048 runt,
529 1970 703 2053 quod
734 1971 1015 2037 Verbum
1039 1973 1416 2051 increatum,
1434 1979 1496 2038 et
1525 1976 1656 2057 ipse
1682 1974 1867 2054 Deua,

337 2096 456 2142 non
479 2079 690 2143 solum
739 2080 821 2144 ab
847 2081 1062 2144 anima
1106 2081 1354 2161 Christi,
1401 2082 1509 2146 sed
1552 2083 1744 2146 etiam
1789 2082 1872 2144 ab

336 2184 463 2249 aliis
491 2188 830 2252 animabus
857 2189 1055 2253 beatis
1077 2189 1271 2253 habet
1294 2190 1772 2273 comprehendi,
1808 2194 1873 2254 et

335 2292 539 2377 aliquo
567 2295 756 2359 modo
782 2301 878 2360 est
906 2297 1493 2379 comprehensibilis
1531 2320 1546 2362 :
1581 2316 1870 2381 compre-

335 2399 516 2466 hendi
544 2403 718 2467 enim
744 2404 935 2467 habet
959 2410 1274 2487 quantum
1302 2406 1381 2470 ad
1412 2406 1770 2485 essentiam,
1798 2411 1873 2470 ut

333 2509 644 2592 dixerunt,
675 2530 823 2595 quae
851 2517 946 2577 est
967 2514 1185 2577 finita:
1217 2518 1280 2578 et
1307 2515 1451 2578 ideo
1482 2515 1686 2593 finita,
1717 2514 1871 2597 quia

333 2617 390 2680 in
412 2618 616 2702 seipsa
641 2620 913 2702 simplex
937 2626 1001 2685 et
1025 2623 1335 2704 perfecta3
1391 2622 1621 2686 dicitur
1646 2627 1865 2685 autem

330 2730 387 2789 et
414 2731 509 2791 est
533 2728 1171 2811 incomprehensibile
1183 2733 1501 2813 quantuni
1529 2731 1608 2794 ad
1637 2734 1868 2813 poten-

328 2833 498 2911 tiam,
525 2854 676 2919 quae
702 2836 956 2920 respicit
1002 2837 1250 2901 infinita
1283 2858 1298 2901 ε
1332 2856 1668 2920 nunquam
1694 2838 1869 2902 enim

328 2945 522 3022 potest
543 2943 613 3007 in
637 2947 753 3022 tot,
784 2944 945 3027 quin
971 2943 1041 3008 in
1086 2944 1292 3028 plura.
1332 2944 1403 3009 Et
1430 2964 1544 3027 per
1570 2945 1692 3010 hoc
1734 2945 1869 3009 dis-

328 3047 566 3113 solvere
593 3050 941 3115 voluerunt
965 3052 1369 3115 auctoritates
1398 3049 1777 3114 Sanctorum
1806 3053 1870 3113 et

328 3153 688 3239 Scripturae,
739 3176 887 3242 quae
934 3159 1233 3223 videntur
1280 3177 1646 3242 repugnare
1695 3160 1862 3222 invi-

329 3281 461 3327 cem
489 3287 505 3327 :
535 3266 880 3347 aliquando
906 3266 1079 3330 enim
1111 3266 1343 3329 dicitur
1370 3265 1543 3348 quod
1586 3266 1753 3329 Deus
1775 3272 1870 3330 est

328 3369 1012 3457 incomprehensibilis;
1056 3373 1398 3456 aliquando
1438 3366 1671 3437 dicitur
1697 3374 1865 3455 quod

328 3475 508 3543 Beati·
530 3480 769 3544 habent
794 3480 1230 3562 cognitionem
1261 3480 1863 3562 comprehensioniS,

113 3627 284 3687 ,nm
324 3591 387 3649 et
406 3593 696 3670 respectu
719 3587 1320 3671 comprehensionis.
1349 3588 1470 3652 Sed
1492 3588 1608 3652 iste
1638 3589 1868 3653 modus

323 3693 570 3759 dicendi
620 3696 687 3759 in
733 3696 940 3780 primo
994 3697 1157 3760 libro
1191 3696 1215 3731 ²
1264 3696 1659 3779 improbatus
1710 3697 1862 3775 suit,

321 3803 475 3885 quia
499 3803 887 3887 impoaeibile
930 3809 1025 3869 est
1073 3804 1246 3887 quod
1282 3806 1564 3886 potentia
1604 3805 1867 3869 excedat

317 3912 676 3976 essentiam.
712 3912 888 3978 Unde
946 3912 1333 3995 impossibile
1376 3918 1468 3977 est
1513 3914 1863 3996 potentiam

318 4038 454 4083 esse
504 4021 873 4103 simpliciter
900 4021 1240 4100 infinitam,
1280 4022 1635 4085 substantia
1674 4025 1737 4085 et
1762 4040 1865 4085 es-

317 4128 520 4192 sentia
563 4129 870 4193 existente
916 4128 1117 4192 finita.
1159 4128 1236 4193 Et
1275 4127 1512 4193 ibidem
1565 4128 1865 4209 Magister

318 4236 623 4316 ostendit,
658 4238 829 4319 quod
877 4237 1175 4301 divinum
1202 4255 1339 4300 esse
1381 4255 1513 4301 non
1557 4235 1767 4299 solum
1795 4235 1864 4298 in

320 4340 625 4406 relatione
648 4343 730 4407 ad
773 4343 1020 4424 Beatos,
1051 4342 1161 4407 sed
1188 4344 1382 4407 etiam
1412 4343 1481 4407 in
1507 4341 1718 4424 seipso
1738 4341 1859 4405 ha-

317 4449 429 4513 bet
478 4450 1015 4516 immensitatem:
1049 4454 1113 4515 et
1155 4450 1295 4515 ideo
1341 4451 1457 4515 iste
1503 4451 1733 4515 modus
1772 4450 1863 4514 di·

321 4557 503 4622 cendi
528 4562 694 4622 stare
723 4577 857 4623 non
883 4559 1123 4641 potest3
1147 4569 1211 4622 et
1245 4558 1358 4641 qui
1386 4558 1508 4623 hoc
1535 4557 1746 4641 primo
1774 4557 1867 4622 di·

277 4744 290 4756 ·
321 4664 440 4744 xit,
467 4667 872 4749 postmodum
900 4666 1287 4730 retractavit.
1317 4665 1445 4729 Alii
1476 4683 1630 4730 vero
1656 4665 1866 4730 dicere
1897 4670 1908 4679 ⁴

320 4773 667 4838 voluerunt
688 4822 705 4854 ,
736 4772 909 4855 quod
957 4771 1175 4836 anima
1213 4771 1439 4836 Christi
1457 4820 1476 4853 ,
1508 4772 1626 4837 etsi
1655 4773 1740 4836 sit
1793 4774 1868 4835 fi-

321 4882 475 4959 nita,
501 4886 717 4949 tamen
765 4882 848 4946 ob
876 4880 1153 4963 gratiam
1203 4881 1459 4946 unionis
1483 4882 1866 4947 sublimatur

318 4990 401 5053 ad
447 4991 689 5075 aliquid
743 4987 1078 5052 infinitum·
1107 5010 1121 5051 :
1152 4988 1347 5053 habet
1398 4990 1571 5053 enim
1599 4989 1860 5073 aliquid,

318 5100 487 5181 quod
512 5103 609 5165 oet
656 5116 853 5181 supra
896 5113 1156 5162 omnem
1207 5100 1516 5163 creaturae
1541 5095 1860 5177 gradum,

315 5210 378 5271 et
401 5227 529 5291 quo
553 5206 725 5272 nihil
767 5208 970 5287 potest
1014 5203 1282 5286 cogitari
1307 5203 1719 5268 excellentius
1756 5225 1772 5267 ε
1802 5206 1865 5267 et

310 5336 389 5381 ex
421 5319 531 5382 illa
559 5319 743 5400 parte
775 5318 977 5395 potest
1016 5311 1553 5393 comprehendere
1581 5309 1863 5374 Verbum

372 5447 390 5485 ι
417 5444 673 5507 Amelm„
701 5437 953 5501 Pratum,
980 5450 1026 5490 c.
1054 5447 1128 5487 ιν.
1157 5462 1220 5475 -
1249 5437 1273 5473 ¹
1297 5436 1423 5489 Dist.
1452 5447 1533 5489 111.

3406 441 3517 503 ³01

1976 570 2096 633 sibi
2124 571 2404 635 unitum.
2451 570 2530 635 Et
2570 572 2692 635 hoc
2743 573 2837 636 est
2879 571 3073 636 etiam
3104 571 3304 655 ipsius
3327 573 3526 636 solius

1976 677 2330 759 proprium.
2356 677 2433 742 Et
2461 696 2574 761 pro
2600 682 2776 742 tanto
2814 678 3034 743 dicunt
3062 679 3298 744 dixisse
3320 678 3524 743 Isido-
3553 685 3743 743 Improb-

1976 802 2152 863 rum,
2181 785 2350 867 quod
2381 809 2410 847 α
2435 785 2712 850 Trinitas
2731 791 2882 851 nota
2908 790 3002 851 est
3018 786 3138 851 sibi
3163 786 3303 863 soli,
3330 791 3393 851 et
3411 788 3527 851 ho·

1978 891 2140 954 mini
2164 897 2512 976 assumpto.
2544 917 2574 953 w
2627 893 2749 958 Sed
2779 913 2893 958 nec
2919 894 3077 957 illud
3103 898 3269 958 stare
3295 899 3522 977 potest,

1977 999 2133 1080 quia
2161 1001 2461 1082 quamvis
2478 1001 2688 1082 gratia
2706 1001 2966 1065 unionis
2987 1001 3151 1065 dicat
3165 1001 3407 1083 aliquid
3429 1001 3526 1064 iu·

1978 1106 2235 1170 finitum
2262 1108 2506 1172 ratione
2538 1109 2798 1174 alterius
2825 1110 3131 1185 extremi,
3185 1114 3400 1173 tamen
3428 1127 3523 1173 ra·

1981 1213 2150 1278 tione
2193 1215 2425 1280 animae
2469 1217 2666 1281 unitae
2715 1236 2966 1301 semper
2993 1218 3146 1282 dicit
3193 1217 3348 1301 quid
3378 1217 3525 1281 fini-

1979 1325 2143 1399 tum,
2164 1328 2225 1387 et
2255 1342 2391 1387 rem
2429 1324 2684 1389 virtutis
2712 1326 2936 1403 finitae,
2978 1327 3282 1409 quoniam
3311 1327 3527 1390 anima

1979 1428 2206 1493 Christi
2238 1436 2456 1496 manet
2483 1432 2654 1496 intra
2678 1434 2985 1498 terminos
3015 1438 3344 1498 creaturae.
3376 1433 3452 1498 Et
3474 1435 3525 1497 si

1977 1539 2071 1599 est
2100 1537 2356 1602 virtutis
2412 1540 2631 1620 finitae,
2666 1539 2989 1623 quomodo
3019 1546 3220 1625 potest
3251 1541 3527 1605 immen-

1978 1644 2229 1708 sitatem
2256 1647 2794 1730 comprehendere
2817 1649 2911 1713 rei
2936 1648 3199 1712 omnino
3228 1649 3523 1728 infinitae,

1978 1757 2040 1816 et
2058 1754 2422 1819 excedentis
2443 1774 2587 1819 eam
2614 1756 2682 1818 in
2708 1756 3077 1820 infinitum?
3098 1755 3176 1819 Et
3199 1761 3529 1840 propterea
3555 1761 3685 1818 Opin-
3704 1764 3747 1805 ⁸·

1983 1865 2075 1924 oet
2103 1862 2328 1927 tertius
2355 1865 2582 1928 modus
2611 1864 3036 1943 communior,
3061 1864 3448 1946 probabilior
3466 1871 3528 1929 et

1978 1969 2228 2049 certior,
2260 1972 2434 2053 quod
2460 1990 2581 2035 nec
2608 1971 2828 2035 anima
2854 1971 3112 2050 Christi,
3146 1990 3264 2035 nec
3312 1972 3529 2055 aliqua

1979 2082 2271 2143 creatura
2311 2078 2847 2161 comprehendere
2901 2083 3104 2162 potest
3135 2079 3530 2143 immensita-

1978 2187 2108 2248 tem
2126 2184 2318 2250 Verbi
2353 2187 2640 2264 increati,
2672 2189 2807 2251 sive
2828 2188 3031 2270 ipsius
3060 2185 3195 2265 Dei;
3219 2193 3283 2251 et
3311 2198 3527 2253 tamen

1979 2293 2193 2375 ipsum
2220 2299 2428 2358 totum
2460 2295 2807 2375 cognoscit.
2840 2293 2916 2357 Et
2943 2299 3206 2376 possunt
3250 2296 3371 2358 ista
3395 2297 3525 2359 duo

1977 2401 2173 2465 simul
2206 2405 2395 2479 stare,
2446 2402 2577 2465 imo
2603 2420 2855 2465 necesse
2882 2406 2977 2465 est
3001 2420 3259 2484 ponere,
3291 2421 3526 2485 quam-

1979 2511 2076 2572 vis
2127 2509 2378 2573 difficile
2407 2510 2490 2572 sit
2534 2509 2879 2573 intellectui
2923 2515 3141 2574 nostro
3178 2529 3422 2594 capere.
3460 2509 3526 2575 Si

1976 2616 2152 2679 enim
2196 2635 2345 2681 vere
2392 2616 2693 2699 ponimus
2736 2616 2937 2682 Deum
2977 2618 3364 2701 simplicem,
3396 2621 3527 2683 imo

1978 2725 2132 2807 quia
2158 2726 2585 2788 necessarium
2611 2729 2705 2789 est
2733 2726 2821 2790 sic
2850 2726 3125 2802 credere,
3161 2732 3223 2790 et
3250 2745 3519 2808 ponere;

1976 2831 2029 2894 si
2057 2832 2503 2912 cognoscitur,
2548 2834 2687 2913 jam
2714 2850 2843 2896 non
2889 2832 3242 2898 secundum
3279 2838 3525 2917 partem

1976 2944 2037 3004 et
2059 2945 2327 3023 partem,
2357 2941 2467 3006 sed
2492 2945 2660 3005 totus
2690 2943 3119 3023 cognoscitur.
3166 2942 3430 3022 Rursus,
3472 2945 3525 3007 si

1978 3047 2179 3112 Deum
2208 3050 2506 3131 ponimus
2550 3050 2964 3130 immensum,
2997 3051 3147 3134 qnia
3175 3051 3298 3115 hoc
3322 3053 3522 3117 credi-

1978 3176 2125 3220 mus
2177 3163 2242 3221 et
2285 3158 2580 3239 fatemur,
2633 3178 2884 3224 necesse
2927 3164 3021 3224 est
3072 3179 3305 3242 ponere
3356 3163 3525 3244 quod

1979 3284 2315 3349 nunquam
2344 3269 2423 3331 ab
2450 3268 2772 3332 intellectu
2817 3268 2996 3331 ssnito
3050 3268 3527 3350 comprehendi-

1977 3377 2084 3437 tur
2110 3375 2380 3438 totaliter
2416 3397 2431 3438 z
2462 3381 2524 3439 et
2557 3375 2645 3438 sic
2673 3374 2839 3439 Deus
2862 3395 2901 3438 a
2927 3394 3336 3459 quacumque
3352 3395 3524 3439 crea-

1977 3485 2124 3544 tura
2171 3482 2385 3564 ipsum
2410 3482 2845 3565 {cognoscente
2895 3486 3065 3546 totus
3094 3483 3520 3564 cognoscitur,

1976 3588 2084 3651 sed
2112 3592 2326 3653 tamen
2354 3608 2485 3653 non
2511 3590 2808 3655 totaliter.
2838 3590 2906 3654 Si
2934 3593 3150 3653 autem
3194 3593 3524 3672 quaeratur

1976 3697 2301 3778 quomodo
2355 3696 2509 3761 illud
2556 3701 2767 3780 posset
2818 3697 3133 3779 intelligi,
3183 3696 3525 3762 dicendum

1975 3804 2149 3886 quod
2173 3804 2623 3869 difficillimum
2652 3810 2748 3870 est
2772 3805 3128 3886 intelligere
3161 3827 3176 3868 :
3215 3806 3369 3888 quia
3380 3806 3526 3888 plus

1975 3911 2292 3993 reperitur
2344 3912 2413 3975 in
2465 3912 2772 3976 creaturis
2826 3913 2905 3976 de
2964 3912 3477 3978 dissimilitudine
3503 3960 3521 3990 ,

1975 4038 2172 4102 quam
2246 4019 2324 4083 de
2404 4019 2840 4084 similitudine.
2902 4017 3343 4101 Intelligamus
3420 4024 3522 4085 ta·-
3606 4041 3765 4087 Exem-

1977 4146 2151 4206 men,
2181 4126 2389 4209 gratia
2416 4126 2720 4208 exempli,
2779 4126 3059 4209 aliquem
3089 4128 3374 4209 oculum,
3406 4149 3519 4194 cu·
3549 4108 3668 4165 ''¹¹¹¹''
3689 4110 3729 4149 ¹·

1967 4237 2079 4318 jus
2107 4239 2396 4318 aspectus
2426 4252 2560 4298 non
2581 4233 2660 4296 sit
2685 4234 2947 4297 omnino
2976 4233 3207 4313 claruS,
3249 4240 3312 4300 et
3340 4238 3525 4302 intel-

1976 4343 2260 4425 ligamus
2313 4341 2568 4425 aliquod
2598 4359 2872 4424 parvum
2902 4341 3158 4421 album,
3185 4347 3401 4407 tamen
3429 4346 3524 4408 in-

1976 4456 2231 4517 tensum
2265 4452 2330 4515 in
2362 4449 2813 4530 luminositate,
2843 4455 2907 4512 et
2952 4451 3232 4516 claritate
3258 4453 3521 4533 coloris3

1977 4561 2201 4624 oculus
2231 4559 2334 4622 ille
2358 4557 2596 4622 videbit
2623 4556 2781 4620 illud
2805 4556 3026 4620 album
3052 4561 3282 4638 totum,
3310 4562 3526 4624 tamen

1975 4666 2389 4731 eminentiam
2414 4665 2581 4729 illius
2607 4664 2912 4729 albedinis
2944 4683 3074 4729 non
3104 4668 3525 4749 comprehen-

1975 4775 2067 4838 dit
2098 4775 2227 4838 :sic
2254 4793 2375 4838 suo
2400 4772 2592 4837 modo
2612 4773 2680 4835 in
2700 4772 3021 4855 proposito
3036 4772 3526 4855 intelligendum

1975 4885 2089 4945 est.
2122 4879 2244 4945 sed
2288 4897 2421 4944 non
2472 4878 2722 4943 modica
2766 4862 2992 4942 esthic
3030 4879 3472 4945 dissimilitudo
3505 4903 3520 4946 t

1976 4989 2131 5072 quia
2158 4989 2224 5050 in
2277 4987 2385 5051 illo
2413 4987 2555 5050 albo
2584 4984 2856 5068 qualitas
2883 4985 3095 5049 differt
3135 5006 3174 5050 a
3200 4988 3520 5068 claritate;

1976 5094 2045 5157 in
2086 5093 2212 5158 Deo
2238 5095 2457 5157 autem
2498 5097 2591 5156 est
2617 5091 2881 5157 omnino
2908 5092 3100 5156 idem.
3129 5093 3208 5158 Et
3228 5094 3383 5159 illud
3405 5115 3527 5160 ex-

1975 5313 2148 5374 tione
2204 5326 2340 5371 suae
2386 5307 2802 5391 simplicitatis
2850 5311 3021 5369 totus
3074 5309 3418 5390 attingitur
3443 5314 3523 5377 ab

1978 5434 2110 5482 una
2136 5415 2324 5497 linea,
2357 5433 2488 5479 non
2514 5420 2731 5479 tamen
2755 5413 3338 5498 comprehenditur,
3368 5419 3531 5500 quia

3610 5127 3764 5174 Exem-

1975 5200 2260 5282 emplum
2309 5199 2640 5264 consuevit
2680 5198 2832 5280 poni
2878 5198 2948 5261 in
2973 5204 3236 5280 puncto,
3272 5204 3382 5283 qui
3413 5222 3524 5268 ra-
3553 5192 3729 5249 plum·
