4185 6288
612 5396 677 5441 Ad
693 5407 797 5452 opp.

801 480 923 546 ΞΗ

802 614 1304 682 constructionis,
1353 612 1592 679 Verum
1634 630 1792 697 ergo
1840 614 1989 679 dicit
2032 614 2337 697 Magister

801 722 872 788 in
896 724 1161 790 dicendo
1199 721 1532 806 praedictas
1570 721 1921 787 locutiones
1968 739 2103 786 esse
2140 720 2339 804 tropi-

802 850 944 909 cas;
976 848 1207 896 verum
1237 831 1428 895 etiam
1469 829 1643 912 quod
1677 848 1759 894 ex
1795 829 2055 914 tropicis
2083 848 2218 894 non
2247 831 2344 892 est

802 943 973 1004 recta
1026 938 1600 1020 argumentationis
1655 937 1994 1021 processio,
2045 936 2120 1000 Et
2181 935 2342 1000 ratio

800 1051 1001 1133 hujus
1046 1054 1169 1130 est,
1216 1049 1371 1132 quia
1418 1049 1758 1131 aliquando
1804 1053 2082 1130 negatur
2128 1047 2345 1131 aliqua

799 1157 1033 1221 locutio
1061 1161 1317 1240 propter
1344 1156 1885 1239 improprietatem
1916 1178 1931 1219 z
1964 1160 2028 1219 et
2056 1172 2206 1218 cum
2233 1154 2345 1218 ali-

800 1265 944 1348 quis
970 1282 1179 1328 sermo
1213 1269 1553 1328 excusatur
1580 1263 1700 1327 sub
1725 1281 1858 1327 una
1883 1263 2120 1341 forma,
2152 1262 2205 1325 si
2233 1262 2347 1325 fiat

800 1372 1113 1456 processio
1162 1371 1241 1436 ad
1283 1390 1644 1437 sermonem
1689 1371 1810 1436 suh
1846 1370 1969 1434 alia
2005 1371 2240 1449 forma,
2274 1368 2346 1431 in

799 1498 928 1563 qua
955 1498 1085 1544 non
1109 1478 1354 1544 invenit
1383 1480 1885 1556 excusationem,
1918 1477 2280 1560 proceditur
2307 1492 2348 1539 a

795 1586 1112 1651 locutione
1156 1604 1303 1669 quae
1343 1591 1685 1651 excusatur
1700 1635 1718 1666 ‚
1747 1585 1829 1649 ad
1864 1602 2009 1648 eam
2035 1600 2183 1667 quae
2213 1600 2345 1646 non

793 1692 986 1758 habet
1024 1694 1499 1759 excusationem
1541 1717 1557 1757 ι
1599 1698 1663 1758 et
1703 1693 1792 1757 sic
1835 1692 1978 1756 talis
2017 1708 2347 1774 processus

796 1801 1174 1885 impeditur,
1204 1803 1368 1866 sicut
1407 1804 1461 1866 si
1504 1802 1951 1886 procederetur
1985 1818 2025 1863 a
2066 1817 2223 1864 vero
2264 1799 2346 1863 ad

798 1908 1049 1974 salsum.
1092 1907 1268 1974 Unde
1293 1910 1451 1974 illud
1480 1911 1942 1992 argumentum
1971 1925 2104 1970 non
2128 1904 2297 1970 valet
2324 1927 2341 1969 ι

807 2040 838 2077 α
868 2015 988 2082 Iste
1032 2021 1127 2081 est
1169 2017 1354 2082 albus
1389 2018 1743 2083 secundum
1787 2016 2038 2099 pedem,
2068 2031 2228 2094 ergo
2254 2016 2349 2076 est

799 2124 1114 2190 coloratus
1181 2124 1537 2189 secundum
1603 2124 1827 2207 pedem
1888 2142 1906 2186 ε
1954 2145 1984 2181 >³
2050 2119 2348 2203 quamvis

800 2232 976 2297 enim
1000 2231 1079 2295 ad
1107 2249 1241 2295 esse
1267 2229 1485 2294 album
1509 2229 1799 2312 sequitur
1829 2229 2178 2293 coloratum
2197 2277 2218 2307 ,
2248 2231 2348 2291 ta-

800 2358 953 2404 men
996 2357 1324 2421 processus
1369 2337 1709 2420 praedictus
1754 2356 1885 2401 non
1938 2335 2106 2402 valet
2128 2384 2144 2413 ‚
2197 2337 2351 2419 quia

803 2448 975 2513 color
1001 2466 1132 2512 non
1151 2452 1243 2512 est
1265 2450 1456 2510 natus
1481 2446 1686 2510 inesse
1719 2446 1966 2527 corpori
1992 2447 2351 2510 secundum

802 2561 1078 2640 partem,
1119 2555 1285 2618 sicut
1326 2553 1570 2618 albedo.
1603 2553 1681 2617 Et
1718 2553 1841 2617 hoc
1870 2557 1964 2616 est
2000 2552 2175 2635 quod
2211 2553 2353 2615 vult

805 2662 1326 2745 dicereMag-ister
1354 2663 1424 2725 in
1448 2662 1797 2744 proposito;
1819 2663 1882 2723 et
1909 2660 2031 2723 hoc
2059 2663 2155 2723 est
2179 2658 2353 2741 quod

806 2772 962 2837 alias
987 2771 1317 2837 consuevit
1346 2769 1503 2849 dici,
1537 2767 1706 2852 quod
1734 2768 2082 2834 locutiones
2107 2768 2353 2849 impro-

806 2884 963 2968 priae
1004 2902 1137 2948 non
1182 2885 1334 2947 sunt
1377 2878 1791 2946 concedendae
1808 2929 1825 2960 ‚
1856 2898 1973 2945 nec
2008 2879 2090 2944 ad
2137 2895 2353 2942 conse—

807 2993 1134 3075 quentiam
1171 2989 1540 3068 trahendae;
1578 2989 1688 3054 sed
1738 2988 1946 3069 magis
1980 2988 2135 3050 sunt
2173 2984 2356 3050 susti·

805 3097 1033 3164 nendae
1081 3101 1146 3162 et
1189 3096 1613 3181 exponendae,
1663 3099 1727 3160 et
1769 3094 2108 3174 arctandas,
2155 3111 2238 3157 ne
2278 3092 2356 3157 de

808 3214 1041 3280 minori
1070 3214 1547 3298 improprietate
1583 3212 1882 3276 veniatur
1909 3210 1989 3275 ad
2019 3211 2354 3291 majorem.

1223 3385 1780 3460 ARTICULUS
1835 3386 1894 3456 1.

893 3539 990 3604 Ad
1018 3537 1503 3620 intelligentiam
1540 3540 1759 3600 autem
1800 3534 2000 3616 huJus
2025 3533 2229 3616 partis
2253 3532 2358 3595 in·

813 3647 964 3712 cidit
988 3647 1094 3710 hic
1119 3645 1387 3729 quaestio
1414 3644 1582 3708 circa
1606 3642 1734 3707 duo
1768 3664 1783 3706 ι
1813 3641 2024 3725 primo
2044 3644 2360 3723 quantum

812 3755 894 3820 ad
926 3754 1153 3819 Christi
1192 3750 1811 3836 praedestinationem
1840 3772 1856 3828 ;
1900 3748 2180 3813 secundo
2207 3765 2362 3812 vero

816 3864 1129 3947 quaeritur
1163 3862 1240 3926 de
1275 3862 1378 3926 his
1398 3910 1419 3940 ,
1448 3879 1594 3943 quae
1624 3860 1921 3925 videntur
1950 3844 2118 3922 circa
2144 3855 2366 3920 Chris·-

817 3976 960 4036 tum
1025 3988 1262 4054 ponere
1329 3968 1796 4052 incoeptionem.
1844 3965 2020 4030 Circa
2078 3964 2365 4047 primum

821 4087 1199 4168 quaeruntur
1228 4081 1352 4144 tria
1379 4098 1493 4163 per
1529 4077 2062 4162 comparationem
2098 4075 2178 4139 ad
2205 4092 2368 4157 prae-

824 4189 1306 4255 destinationem
1376 4191 1658 4250 nostram
1715 4203 1732 4247 :
1788 4184 1995 4267 primo
2057 4182 2368 4264 quaeritur

826 4302 1047 4364 utrum
1075 4293 1541 4378 praedestinatio
1570 4290 1798 4357 Christi
1824 4291 1906 4353 sit
1940 4293 2173 4353 nostrae
2200 4304 2369 4370 prae-

797 4475 804 4481 ,
827 4402 1228 4470 destinationi
1250 4400 1624 4476 conformis3
1647 4396 1923 4462 secundo
1945 4413 2120 4474 vero,
2146 4399 2372 4457 utrum

829 4511 912 4574 sit
943 4514 1176 4575 nostrae
1212 4505 1786 4592 praedestinationis
1819 4504 2026 4568 forma
2052 4499 2374 4583 exempla-

831 4619 957 4698 ris;
985 4619 1207 4696 tertio,
1237 4620 1465 4679 utrum
1503 4616 1792 4695 respectu
1827 4614 2062 4676 nostrae
2091 4609 2383 4693 praedes-⁴

832 4724 1156 4791 tinationis
1181 4722 1358 4787 sitin
1383 4739 1460 4786 ea
1487 4720 1651 4784 ratio
1679 4717 2083 4784 causalitatis.

1384 4957 1741 5042 QUAESTlo
1786 4956 1835 5023 Ι.

917 5118 1011 5174 An
1036 5116 1441 5191 praedestinatio
1469 5113 1672 5170 Christi
1693 5115 1768 5166 sit
1796 5110 2081 5180 conformis
2107 5110 2302 5164 nostroe

1328 5202 1805 5278 proedestiuationi
1841 5198 1882 5254 ¹.
2097 5219 2099 5222 ⁴

921 5366 1150 5432 Utrum
1200 5362 1665 5450 praedestinatio
1720 5357 1947 5424 Christi
2009 5358 2092 5421 sit
2142 5361 2378 5421 nostrae

844 5472 1379 5555 praedestinationi
1412 5468 1784 5546 conformia,
1814 5465 1905 5528 ita
1946 5462 2120 5546 quod
2164 5468 2382 5529 nostra

1878 472 2499 547 SENTENTIARUM
2536 476 2689 543 LIB.
2731 477 2841 542 111.
2941 485 2947 494 “

2445 616 2508 679 et
2546 631 2664 678 sua
2706 611 3173 697 praedestinatio
3212 611 3460 676 dicatur
3500 611 3855 677 secundum
3894 630 3991 676 ra·

2445 720 2684 784 tionem
2710 720 3082 797 univocam;
3105 722 3168 783 et
3190 718 3362 801 quod
3379 719 3490 796 sic,
3513 718 3768 783 videtur
3784 720 3991 802 primo

2428 833 2561 913 ‘per
2596 832 3039 896 diffinitionem
3076 829 3668 913 praedestinationis.
3708 828 3987 893 Praedoe-

2447 938 2669 1003 tinatio
2706 944 2801 1005 est
2829 939 3207 1023 praeparatio
3240 938 3468 1020 gratiae
3496 942 3559 1002 et
3584 938 3808 1020 gloriae
3836 960 3851 1001 t
3886 938 3991 1003 sed

2447 1047 2589 1112 haec
2615 1048 2912 1112 convenit
2940 1045 3185 1111 Christo
3213 1051 3277 1111 et
3298 1047 3484 1110 nobis
3515 1065 3533 1108 ι
3564 1065 3742 1128 erg0‚
3775 1051 3919 1127 eto}

2531 1154 2688 1219 Item
2754 1154 2921 1238 quod
2992 1154 3290 1218 convenit
3354 1152 3599 1218 Christo
3643 1154 3992 1219 secundum

2449 1260 2804 1325 humanam
2831 1264 3162 1339 naturam,
3196 1260 3495 1326 convenit
3533 1260 3717 1325 nobis
3747 1261 3995 1326 unifor-

2450 1371 2663 1445 miter,
2680 1386 2829 1433 cum
2848 1368 2928 1431 sit
2951 1368 3239 1450 ejusdem
3265 1373 3513 1432 naturae
3542 1371 3605 1432 et
3632 1367 3862 1450 speciei
3888 1386 3997 1432 no-

2450 1477 2699 1541 biscum
2734 1497 2749 1540 t
2783 1477 2891 1541 sed
2920 1475 3391 1559 praedestinatio
3422 1475 3722 1539 convenit
3753 1474 3995 1540 Christo

2451 1585 2805 1650 secundum
2841 1589 3139 1649 naturam
3172 1583 3526 1648 humanam
3560 1605 3574 1645 :
3627 1598 3787 1663 ergo
3818 1582 3998 1647 nobis

2452 1697 2515 1757 et
2538 1692 2657 1757 sihi
2685 1692 2985 1775 competit
3010 1691 3361 1757 secundum
3407 1691 3721 1757 rationem
3762 1690 3993 1756 univo-

2454 1819 2619 1865 cam.

2534 1908 2691 1972 Item
2734 1907 3211 1973 conformamur
3250 1907 3495 1972 Christo
3523 1907 3592 1971 in
3630 1907 3863 1972 merito
3896 1908 4001 1971 :et

2452 2015 2506 2078 si
2535 2018 3009 2081 conformamur
3036 2017 3103 2080 in
3142 2016 3372 2079 merito
3392 2065 3409 2095 ‚
3441 2033 3693 2080 necesse
3726 2020 3822 2079 est
3850 2033 3994 2079 con-

2452 2124 2703 2188 formari
2731 2124 2797 2186 in
2838 2124 3106 2205 praemio
3139 2146 3155 2186 ε
3187 2142 3344 2205 ergo
3373 2123 3510 2206 pari
3547 2123 3789 2187 ratione
3820 2127 3884 2186 et
3926 2123 3995 2186 in

2454 2231 2672 2296 divino
2712 2232 3033 2314 proposito
3074 2253 3089 2294 :
3137 2232 3244 2295 sed
3287 2231 3410 2294 hoc
3454 2235 3549 2295 est
3590 2229 4001 2312 praedestina-

2454 2338 2543 2402 tio
2574 2359 2591 2402 ε
2626 2357 2806 2420 erg0‚
2838 2342 2957 2403 etc.

2538 2445 2695 2510 Item
2758 2445 3166 2527 Augustinus
3190 2493 3207 2522 ,
3271 2446 3363 2511 De
3425 2442 4000 2511 Proedestinatione

2460 2554 2835 2622 Sanctorum
2854 2557 2877 2591 ¹
2903 2575 2928 2617 .·
2965 2577 2996 2614 α
3022 2553 3425 2637 Quicumque
3452 2554 3648 2617 homo
3681 2553 3895 2634 gratia
3933 2553 4002 2615 fit

2457 2662 2865 2741 christianuS,
2896 2663 3058 2725 sicut
3093 2662 3198 2726 ille
3227 2660 3421 2726 homo
3450 2661 3531 2724 ab
3578 2659 3761 2724 initio
3801 2661 3998 2723 factus

2458 2773 2552 2834 est
2582 2769 2890 2835 Christus.
2920 2793 2950 2830 n
2990 2769 3160 2852 Ergo
3188 2770 3243 2834 si
3288 2789 3363 2834 eo
3404 2768 3595 2833 modo
3646 2768 3815 2832 Deus
3853 2767 4002 2831 alios

2458 2878 2751 2942 homines
2776 2878 3152 2943 christianos
3180 2878 3345 2955 fecit,
3376 2894 3490 2960 per
3516 2893 3711 2958 quem
3740 2874 4002 2938 modum

2460 2991 2524 3050 et
2550 2985 2735 3049 illum
2757 2986 3089 3051 hominem
3119 2984 3437 3049 Christum
3464 2984 3628 3062 fecit,
3658 2987 3721 3047 et
3744 2981 4003 3046 omnino

2462 3096 2684 3162 eodem
2712 3095 2902 3160 modo
2932 3091 3436 3178 praedestinavit,
3467 3109 3601 3175 quo
3626 3090 3775 3155 fecit
3800 3112 3816 3169 ;
3854 3105 4003 3171 ergo

2461 3221 2576 3288 per
2614 3202 2914 3269 eumdem
2957 3203 3222 3266 modum
3264 3198 3745 3283 praedestinavit
3785 3217 3903 3263 nos
3947 3199 4006 3261 et

2465 3310 2805 3375 Christum.

2543 3417 2667 3483 Sed
2693 3421 2913 3482 contra
2945 3438 2961 3483 ε
2992 3434 3108 3499 per
3138 3414 3579 3496 Augustinum
3613 3412 3691 3480 de
3722 3411 4005 3479 Proedes-
4030 3419 4185 3464 ‘⁸¹⁶⁸-

2467 3513 2781 3592 tinatione
2831 3526 3243 3592 Sanctorum⁸
3274 3545 3296 3586 .-
3341 3546 3372 3583 α
3400 3520 3881 3586 Praedestinatio
3922 3522 4007 3584 est

2468 3634 2862 3715 propositum
2910 3631 3271 3696 miserendi.
3298 3653 3327 3690 ι)
3366 3628 3489 3694 Sed
3532 3633 3831 3711 respectu
3875 3628 4007 3709 ejus

2468 3760 2599 3806 non
2639 3746 2732 3806 est
2764 3741 3104 3807 miserendi
3141 3740 3565 3822 propositum,
3610 3737 3680 3800 in
3708 3755 3841 3819 quo
3868 3734 4011 3799 nul-

2467 3847 2606 3913 lum
2651 3848 2966 3930 contingit
3002 3846 3266 3930 reperiri
3310 3850 3639 3928 peccatum
3699 3860 3716 3904 ε
3763 3843 3816 3906 si
3861 3858 4010 3923 ergo

2468 3957 2610 4020 talis
2636 3963 2728 4021 est
2754 3955 3040 4021 Christus
3058 4006 3076 4037 ‚
3104 3956 3360 4021 videtur
3406 3953 3580 4038 quod
3607 3971 3744 4017 non
3792 3969 4009 4015 secun·

2470 4064 2630 4129 dum
2657 4065 2943 4129 eamdem
2972 4065 3286 4128 rationem
3317 4061 3565 4126 dicatur
3601 4058 4009 4143 praedestina-

2472 4171 2560 4234 tio
2586 4172 2666 4236 de
2690 4172 2872 4236 nobis
2892 4220 2911 4250 ‚
2938 4176 3001 4236 et
3027 4172 3107 4237 de
3138 4168 3405 4234 Christo.

2555 4279 2712 4342 Item
2763 4278 3233 4361 praedestinatio
3282 4276 3374 4340 sic
3428 4275 3795 4339 notificatur
3855 4288 4016 4336 com·

2477 4388 2755 4451 muniter
2784 4409 2800 4449 ε
2833 4384 3304 4451 Praedestinatio
3330 4386 3425 4448 est
3452 4381 3842 4465 praeparatio
3870 4396 4011 4460 gra-

2475 4494 2583 4558 tiae
2611 4494 2680 4557 in
2705 4476 3031 4577 praesenti,
3062 4498 3127 4557 et
3162 4491 3389 4573 gloriae
3431 4489 3500 4553 in
3530 4489 3775 4554 sutum.
3809 4486 3926 4551 Sed
3954 4485 4015 4547 in

2480 4601 2724 4665 Christo
2750 4600 2945 4665 simui
2974 4600 3235 4664 suemnt
3262 4596 3471 4679 gratia
3500 4599 3563 4661 et
3579 4594 3786 4676 gloria
3818 4616 3833 4656 ε
3868 4607 4015 4671 ergo

2481 4707 2949 4792 praedestinatio
2975 4724 3105 4770 non
3132 4704 3432 4771 convenit
3460 4703 3647 4767 nobis
3676 4704 3740 4765 et
3783 4698 4015 4764 Christo

2481 4816 2833 4882 secundum
2857 4833 3059 4879 unam
3084 4812 3422 4878 rationem.

2454 4932 2470 4938 '
2563 4924 2723 4989 Item
2757 4922 3225 5007 praedestinatio
3265 4925 3357 4984 est
3397 4919 3467 4982 in
3512 4917 3699 4981 nobis
3726 4935 3858 4981 non
3885 4920 4015 4978 tan-

2482 5035 2623 5096 tum
2660 5031 2904 5095 ratione
2940 5034 3223 5107 naturae,
3273 5045 3505 5092 verum
3548 5024 3742 5089 etiam
3786 5022 4012 5089 ratione

2551 5195 2567 5227 ¹
2586 5195 2665 5257 Cf.
2696 5193 2839 5244 Alex.
2862 5192 3058 5255 Alens„
3077 5205 3129 5255 p.
3152 5189 3239 5251 ΙΙΙ,
3258 5203 3309 5253 q.
3333 5199 3414 5250 111,
3445 5186 3639 5236 memb.
3658 5186 3793 5249 638.
3816 5184 4006 5242 Thom.,

2484 5265 2548 5317 111
2567 5265 2928 5329 Sent.‚dist.x‚
2951 5278 3002 5329 q.
3028 5274 3107 5326 ιιι,
3123 5266 3218 5312 art.
3248 5264 3304 5323 ²;
3333 5259 3511 5323 Steph.
3529 5256 3737 5321 Brulef„
3764 5257 3834 5306 ΙΙΙ
3861 5255 4007 5316 Seni„

2486 5337 2603 5388 dist.
2634 5347 2707 5400 xl,
2728 5350 2781 5400 q.
2810 5348 2914 5386 1.—
2939 5336 2961 5369 ¹
2981 5337 3131 5399 Aug„
3159 5333 3220 5382 de
3248 5328 3547 5381 Proedestin.
3579 5329 3816 5391 sanctor„
3846 5340 3890 5375 c.
3924 5335 4007 5383 ιν,

2487 5423 2540 5459 n.
2572 5411 2650 5459 3¹.
2673 5433 2735 5445 -—
2752 5406 2938 5470 8Ibid„
2960 5421 3005 5459 c.
3034 5416 3089 5471 x,
3107 5403 3276 5469 quoad
3303 5414 3532 5463 sensum,
3560 5399 3647 5451 sed
3668 5410 3917 5463 nusquam
3930 5395 4000 5445 in·

2489 5478 2689 5530 venitur
2715 5477 3010 5529 formaliter.
