4185 6288
1211 415 1590 482 DISTINCT.
1634 410 1816 479 XXX.
1862 415 2044 480 ΛΒΤ.
2092 416 2142 481 Ι.
2188 417 2465 495 QUAEST
2505 417 2582 483 11.

280 548 574 615 animam
610 563 799 615 suam
836 548 1026 630 ponit
1054 550 1134 632 (a)
1166 566 1283 632 pro
1319 550 1543 618 ovibus
1571 550 1733 615 suis.
1761 548 1830 613 Si

281 671 441 737 ergo
466 655 816 739 imperfecti
842 673 977 720 non
1005 659 1309 723 tenentur
1335 657 1412 723 ad
1437 675 1631 741 opera
1671 657 1832 722 cha-

281 764 485 828 ritatis
527 765 821 846 perfectae
845 811 862 840 ,
913 763 1166 831 videtur
1211 768 1383 850 quod
1433 784 1566 830 non
1609 783 1833 830 omnes

143 905 146 906 ν
278 876 617 937 teneantur
642 890 758 955 pro
784 870 1032 937 Christo
1058 876 1122 937 et
1147 873 1204 955 ej
1214 891 1291 938 us
1318 873 1624 937 membris
1650 889 1832 936 mor-

278 980 410 1041 tem
435 977 677 1043 subire.

360 1082 519 1149 Item
562 1084 777 1166 majus
814 1088 909 1149 est
947 1086 1222 1149 mortem
1261 1084 1477 1149 subire
1502 1101 1619 1167 pro
1645 1083 1834 1150 Chri-

281 1192 379 1254 sto
404 1237 425 1268 ,
459 1208 657 1273 quam
686 1192 989 1256 omnibus
1022 1191 1479 1276 temporalibus
1506 1193 1834 1257 abrenun-

280 1297 451 1362 ciare
483 1319 499 1364 ε
532 1298 642 1364 sed
683 1316 813 1363 non
858 1317 1083 1363 omnes
1120 1303 1422 1365 tenentur
1460 1299 1835 1383 temporalia

280 1404 503 1469 omnia
549 1404 910 1488 relinquere
941 1424 958 1469 ε
991 1424 1151 1489 ergo
1178 1423 1311 1471 non
1340 1423 1564 1498 omnes
1603 1411 1832 1471 tenen-

280 1514 389 1577 tur
417 1513 688 1577 mortem
721 1531 837 1595 pro
860 1512 1105 1578 Christo
1140 1515 1377 1579 subire.
1405 1512 1586 1590 Quod
1613 1517 1833 1578 autem

282 1617 548 1700 majoris
567 1619 968 1700 perfectionis
990 1621 1094 1698 sit,
1122 1625 1294 1704 patet
1317 1638 1431 1704 per
1453 1620 1636 1698 illud,
1661 1620 1835 1702 quod

283 1724 433 1790 dicit
463 1723 807 1807 Gregorius
831 1731 890 1789 ²:
929 1749 963 1788 α
988 1725 1133 1791 Non
1158 1746 1476 1809 magnum
1504 1731 1599 1792 est
1636 1727 1833 1792 abne-

285 1850 441 1912 gare
491 1832 663 1915 quod
702 1833 935 1914 habes;
966 1835 1077 1899 sed
1119 1835 1305 1900 valde
1359 1853 1677 1916 magnum
1735 1840 1830 1900 est

286 1939 608 2021 abnegare
645 1941 820 2023 quod
864 1959 954 2006 es.
1004 1964 1033 2001 υ
1079 1941 1160 2006 Et
1205 1946 1497 2007 constans
1535 1946 1632 2006 est
1665 1940 1836 2024 quod

288 2046 492 2111 multo
527 2048 736 2130 magis
777 2052 872 2112 est
918 2049 1240 2132 abnegare
1279 2051 1562 2132 seipsum
1587 2098 1604 2126 ,
1637 2068 1836 2132 quam

287 2172 445 2233 sua;
476 2154 628 2221 dare
671 2157 955 2239 corporis
1007 2158 1234 2237 vitam,
1267 2173 1465 2240 quam
1514 2161 1836 2221 terrenam

288 2261 733 2328 substantiam.

791 2439 1316 2508 CONCLUSIO.

295 2589 663 2660 Unusquisque
693 2604 797 2662 pro
828 2590 938 2647 Ioco
967 2594 1020 2645 et
1062 2594 1294 2662 tempore
1312 2630 1328 2659 ,
1365 2590 1464 2646 ubi
1502 2591 1636 2647 talis
1683 2592 1835 2662 optio

361 2676 536 2746 detur,
548 2681 895 2748 quantumvis
904 2682 1267 2752 imperfectus,
1288 2684 1497 2736 tenetur
1505 2695 1610 2753 pro
1629 2680 1837 2737 Christo
1851 2689 1858 2696 ·

361 2769 504 2823 mon·
514 2770 697 2850 potius
716 2783 877 2839 quam
896 2769 1167 2826 Christum
1188 2784 1383 2839 nccare
1399 2786 1418 2840 3
1438 2784 1604 2839 seem,
1629 2771 1837 2824 remota

361 2858 578 2927 optione
607 2857 733 2912 tali.

373 3016 557 3100 Resp.
589 3018 668 3082 ad
697 3035 838 3099 arg.
871 3018 966 3082 Ad
995 3019 1446 3101 praedictorum
1472 3018 1836 3102 intelligen-

291 3125 445 3190 tiam
493 3128 588 3191 est
632 3126 989 3193 notandum
1009 3175 1026 3205 ,
1076 3127 1246 3211 quod
1295 3128 1513 3194 subire
1562 3132 1836 3194 mortem

292 3231 642 3297 intentione
669 3234 958 3316 placendi
983 3234 1133 3315 Dec,
1168 3236 1291 3300 hoc
1317 3240 1519 3318 potest
1550 3254 1686 3301 esse
1721 3236 1838 3301 tri-

292 3337 538 3420 pliciter
566 3362 582 3404 :
607 3359 737 3405 uno
768 3341 979 3420 mod0,
1010 3343 1271 3423 quando
1300 3343 1476 3408 adest
1500 3343 1839 3408 necessitas

289 3444 391 3509 vel
433 3445 762 3512 deserendi
814 3447 1129 3529 justitiam
1145 3497 1166 3528 ,
1211 3448 1314 3512 vel
1359 3449 1690 3514 amittendi
1730 3449 1836 3513 vi-

287 3556 462 3631 tam3
494 3553 619 3617 alio
658 3555 870 3635 mod0,
899 3556 1157 3637 quando
1199 3574 1266 3620 se
1311 3556 1501 3621 offert
1523 3562 1835 3640 opportu-

290 3660 453 3724 nitas
480 3661 764 3727 divinam
793 3662 1069 3743 gloriam
1091 3663 1560 3743 manifestandi,
1586 3668 1650 3729 et
1675 3665 1839 3729 aedi-

289 3767 522 3833 fleandi
561 3766 941 3850 Ecclesiam3
986 3769 1174 3834 tertio
1222 3771 1410 3835 modo
1433 3819 1452 3851 ,
1494 3771 1705 3836 solum
1756 3790 1840 3837 ex

290 3876 414 3939 hoc
460 3875 632 3957 qnod
667 3875 869 3940 vitam
916 3894 1102 3940 suam
1143 3878 1339 3943 habet
1379 3897 1663 3944 exosam.
1697 3880 1839 3946 Pri-

297 3999 482 4045 mum
527 3985 621 4045 est
642 3982 909 4063 Justitiae
936 3986 1000 4048 et
1025 3984 1413 4048 necessitatis
1437 4005 1455 4065 ;
1485 3987 1839 4051 secundum

293 4094 388 4153 est
412 4088 811 4173 periectionis
836 4095 901 4155 et
927 4094 1510 4174 supererogationis
1531 4115 1549 4172 ;
1581 4096 1840 4160 tertium

292 4199 644 4264 severitatis
665 4203 728 4264 et
756 4199 1166 4264 crudelitatis,
1197 4200 1376 4266 Unde
1399 4203 1839 4284 Augustinus¹

292 4304 436 4369 illos
453 4354 472 4386 ,
514 4305 631 4387 qui
672 4306 1042 4389 semetipsos
1087 4308 1433 4390 praefocant
1453 4357 1471 4386 ,
1505 4313 1569 4374 et
1613 4308 1843 4393 praeci-

293 4412 450 4494 pitio
473 4411 778 4477 collidunt
808 4417 1066 4496 propter
1086 4415 1235 4479 vitae
1247 4417 1580 4498 praesentis
1593 4417 1837 4495 odium,

296 4519 447 4584 dicit
471 4538 607 4583 esse
632 4520 1144 4585 sceleratissimos
1168 4520 1540 4601 homicidas,
1566 4525 1844 4588 tractans

295 4624 454 4691 illud
474 4625 496 4660 ⁸
522 4648 538 4689 ε
572 4626 698 4699 Qui
722 4625 863 4692 odit
884 4628 1176 4693 animam
1199 4644 1388 4695 suam
1419 4630 1490 4694 in
1510 4630 1622 4696 hoc
1650 4646 1844 4696 mun-

297 4731 405 4812 do,
437 4732 513 4796 in
538 4734 749 4799 vitam
794 4738 1105 4799 aetemam
1145 4735 1433 4804 custodit
1472 4753 1634 4803 eam.
1684 4737 1845 4802 Cum

299 4857 459 4919 ergo
486 4840 801 4922 quaeritur
825 4843 1051 4906 utrum
1077 4861 1304 4908 omnes
1318 4847 1655 4909 teneantur
1681 4861 1849 4908 mor·

299 4951 434 5012 tem
459 4965 574 5030 pro
605 4946 850 5012 Christo
877 4949 1131 5034 subire,
1161 4950 1500 5016 dicendum
1533 4953 1703 5035 quod
1729 4970 1847 5035 pro

302 5056 442 5121 loco
487 5062 551 5121 et
594 5061 880 5140 tempore
900 5106 919 5138 ,
947 5058 1062 5123 uhi
1101 5060 1246 5124 talis
1287 5061 1460 5143 optio
1495 5060 1703 5139 detur,
1740 5058 1848 5125 vel

301 5162 476 5246 quod
493 5163 747 5245 ,iustitia
767 5164 1118 5245 deseratur,
1145 5166 1248 5230 vel
1268 5167 1440 5249 quod
1462 5167 1598 5232 vita
1625 5166 1850 5250 perda-

304 5280 435 5355 tur,
458 5275 550 5341 ibi
567 5292 814 5356 omnes,
833 5272 1431 5362 quantumcumque
1453 5279 1585 5344 sint
1607 5279 1849 5363 imper-

370 5405 437 5469 (α)
474 5402 615 5467 Vulq.
649 5401 753 5452 dat.

3373 436 3482 496 071

1939 550 2109 631 fecti,
2129 555 2429 618 tenentur
2454 556 2727 618 mortem
2753 555 2990 637 subire,
3025 564 3089 623 et
3115 564 3328 644 praeeli
3336 583 3492 647 gere

1940 657 2154 739 magis
2192 657 2319 723 Deo
2359 659 2586 725 dilecto
2629 661 2816 740 mori,
2850 681 3047 746 quam
3084 668 3224 750 ipso
3251 671 3494 736 offenso

1939 765 2182 828 vivere.
2233 763 2352 829 Ubi
2392 782 2546 830 vero
2590 766 2734 830 talis
2759 771 3099 837 necessitas
3116 791 3246 839 non
3271 777 3494 842 immi-

1940 876 2071 948 net,
2100 891 2218 936 nec
2247 873 2436 938 datur
2464 873 2663 956 optio,
2692 876 2906 940 tamen
2935 880 3120 944 offert
3156 901 3223 947 se
3255 902 3489 968 oppor-

1940 981 2181 1044 tunitas
2235 980 2681 1046 manifestandi
2728 982 3016 1049 divinam
3072 988 3346 1070 gloriam
3372 1039 3390 1072 ,
3432 998 3495 1058 et

1940 1087 2296 1152 aedificandi
2338 1086 2716 1165 Ecclesiam,
2743 1090 2799 1152 si
2825 1089 3023 1156 homo
3062 1111 3131 1159 se
3159 1098 3348 1161 morti
3373 1117 3493 1165 ex-

1941 1198 2158 1278 ponat,
2191 1199 2464 1261 mortem
2490 1195 2708 1260 subire
2732 1200 2831 1261 est
2854 1201 3258 1280 perfectionis
3283 1209 3349 1269 et
3376 1225 3493 1272 su-

1941 1302 2466 1385 pererogationis,
2480 1302 2559 1366 ad
2585 1320 2783 1385 quam
2798 1323 2930 1390 non
2951 1323 3173 1373 omnes
3195 1314 3492 1377 tenentur

1939 1428 2057 1493 pro
2104 1409 2371 1475 Christo,
2403 1410 2480 1475 Et
2506 1410 2864 1475 secundum
2897 1412 3087 1477 istam
3131 1417 3306 1482 viam
3334 1438 3492 1501 pro-

1941 1516 2177 1581 cedunt
2203 1518 2479 1582 rationes
2501 1517 2922 1598 ostendentes,
2965 1522 3139 1603 quod
3178 1541 3310 1589 non
3350 1544 3494 1591 om-

1940 1642 2053 1688 nes
2086 1628 2387 1688 tenentur
2413 1628 2687 1687 mortem
2714 1643 2830 1708 pro
2859 1626 3105 1693 Christo
3132 1631 3346 1696 subire
3380 1653 3396 1697 :
3427 1638 3494 1698 et

1940 1730 2083 1795 ideo
2113 1733 2267 1794 sunt
2296 1730 2737 1796 concedendae.

2022 1843 2083 1900 1.
2114 1836 2213 1902 Ad
2240 1836 2398 1901 illud
2420 1838 2591 1920 quod
2618 1837 2846 1902 ultimo
2874 1839 3172 1921 objicitur
3197 1843 3276 1908 de
3299 1845 3489 1910 abre·
3567 1861 3613 1891 θ·
3673 1862 3717 1893 ¹¹·

1939 1944 2352 2010 nunciatione
2400 1944 2772 2009 substantiae
2815 1948 3185 2030 temporalis
3208 1998 3225 2029 ,
3256 1955 3318 2015 et
3346 1971 3488 2035 per-

1943 2051 2234 2132 pessione
2263 2051 2513 2128 mortiS,
2548 2052 2916 2133 responderi
2948 2058 3173 2136 potest,
3204 2059 3377 2139 quod
3406 2060 3493 2123 ita

1942 2157 2013 2221 in
2060 2176 2212 2222 casu
2252 2159 2637 2223 necessitatis
2682 2165 3073 2243 praeceptum
3130 2169 3225 2227 est
3274 2167 3493 2230 omnia

1939 2266 2317 2348 temporalia
2342 2266 2631 2331 deserere
2660 2267 2919 2332 cuilibet
2934 2269 3183 2333 homini
3200 2319 3219 2348 ,
3249 2272 3412 2336 sicut
3429 2278 3493 2338 et

1942 2375 2217 2436 mortem
2249 2373 2491 2452 subire,
2510 2373 2645 2437 imo
2661 2374 2866 2438 multo
2892 2375 3140 2440 fortius.
3174 2375 3352 2443 Unde
3372 2380 3493 2444 hoc

1942 2479 2133 2544 datur
2175 2478 2449 2560 intelligi
2477 2498 2592 2562 per
2636 2480 2847 2544 locum
2885 2499 2926 2543 a
2956 2482 3234 2546 minori:
3259 2490 3322 2549 et
3349 2485 3492 2552 ideo

1943 2586 2109 2649 ratio
2136 2585 2268 2665 illa,
2298 2585 2462 2648 sicut
2489 2590 2553 2649 et
2572 2585 2740 2666 aliae,
2758 2604 2885 2651 non
2918 2589 3122 2669 cogit,
3156 2592 3278 2654 nisi
3304 2599 3495 2675 prout

1943 2692 2312 2774 simpliciter
2338 2693 2743 2775 intelligitur,
2772 2695 2861 2759 ita
2897 2698 3069 2779 quod
3098 2698 3292 2764 homo
3318 2718 3496 2765 mera

1943 2796 2272 2861 voluntate
2300 2803 2637 2881 promptus
2655 2804 2751 2864 est
2768 2803 3145 2885 temporalia
3170 2806 3495 2888 abnegare

1943 2908 2006 2969 et
2035 2909 2311 2969 mortem
2334 2906 2574 2970 subire.

2022 3017 2083 3077 2.
2122 3013 2217 3078 Ad
2261 3014 2422 3077 illud
2466 3031 2618 3079 vero
2653 3016 2826 3097 quod
2857 3012 3067 3101 primo
3104 3020 3402 3103 objicitur
3426 3022 3496 3086 in

1944 3120 2361 3200 contrarium,
2394 3122 2565 3204 quod
2597 3123 2904 3191 debemus
2922 3126 2992 3190 in
3010 3128 3293 3210 periculo
3320 3149 3493 3195 mor-

1944 3226 2024 3290 tis
2052 3245 2288 3291 nomen
2332 3228 2560 3292 Christi
2601 3233 2921 3313 confiteri,
2953 3234 3296 3300 dicendum
3324 3238 3497 3318 quod

1945 3352 2179 3403 verum
2204 3340 2321 3413 est,
2352 3336 2408 3399 si
2429 3355 2658 3402 sumus
2690 3338 2760 3402 in
2786 3358 2863 3403 ea
2888 3343 3253 3407 necessitate
3285 3345 3493 3426 positi,

1945 3442 2120 3523 quod
2137 3443 2424 3506 confiteri
2443 3448 2751 3525 oporteat,
2770 3447 2872 3509 vel
2885 3466 3145 3528 negare.
3164 3450 3281 3514 Sed
3295 3455 3500 3533 potest

1947 3566 2082 3615 esse
2110 3550 2397 3614 medium
2426 3550 2593 3615 inter
2628 3552 2750 3617 hoc
2781 3558 2844 3617 et
2870 3555 3049 3632 illud,
3083 3559 3235 3639 quia
3258 3559 3496 3641 imper-

1948 3659 2148 3723 fectus
2166 3663 2372 3741 potest
2397 3659 2864 3741 subterfugere,
2895 3667 2959 3725 et
2983 3663 3262 3746 seipsum
3286 3668 3502 3731 occul-

1947 3774 2083 3830 tare
2121 3788 2136 3829 ε
2169 3784 2288 3828 nec
2314 3784 2397 3829 ex
2423 3765 2546 3829 hoc
2573 3766 2807 3830 dicitur
2834 3786 3070 3832 nomen
3099 3770 3325 3836 Christi
3353 3791 3499 3837 eru-

1947 3872 2238 3952 bescere;
2271 3874 2379 3938 sed
2404 3877 2556 3937 tunc
2585 3873 2953 3938 erubescere
2968 3876 3219 3958 dicitur,
3242 3881 3498 3962 quando

1947 3980 2177 4044 timore
2201 3980 2425 4044 mortis
2456 3986 2649 4064 negat
2675 3981 2890 4064 ipsum
2939 3983 3279 4050 Christum.
3326 3987 3493 4069 lde0,

1949 4088 2251 4170 quamvis
2277 4106 2500 4153 omnes
2529 4093 2865 4153 teneantur
2891 4091 2973 4154 ad
2998 4091 3121 4156 hoc
3148 4094 3322 4175 quod
3349 4096 3499 4158 nul-

1946 4195 2049 4260 lus
2084 4200 2315 4277 neget3
2364 4215 2498 4261 non
2542 4202 2756 4262 tamen
2802 4217 2883 4263 ex
2926 4199 3048 4264 hoc
3094 4207 3300 4284 potest
3346 4220 3495 4267 con-

1948 4303 2159 4382 cludi,
2204 4303 2373 4386 quod
2411 4321 2635 4368 omnes
2660 4305 2783 4368 sim
2792 4304 3032 4387 pliciter
3059 4311 3395 4373 teneantur
3418 4311 3499 4374 ad

1950 4411 2390 4491 perferendam
2452 4417 2723 4476 mortem
2751 4459 2774 4491 ,
2841 4412 2968 4476 nisi
3036 4414 3499 4481 interveniente

1950 4518 2253 4600 praedicta
2279 4520 2672 4584 necessitate.
3012 4564 3021 4573 -
3292 4530 3305 4539 ·

2034 4630 2094 4689 3.
2125 4625 2221 4688 Ad
2250 4625 2408 4691 illud
2435 4626 2603 4709 quod
2635 4627 2963 4707 objicitur,
2993 4626 3165 4709 quod
3195 4628 3352 4710 quia
3379 4647 3501 4712 po-

1953 4733 2086 4797 suit
2125 4732 2408 4797 animam
2444 4752 2629 4797 suam
2666 4752 2782 4816 pro
2808 4734 3016 4813 nobiS,
3047 4752 3166 4798 nos
3195 4734 3503 4800 debemus

1954 4839 2236 4903 animam
2298 4858 2416 4923 pro
2480 4839 2782 4905 fratribus
2847 4859 3085 4923 ponere
3107 4888 3126 4918 ,
3164 4840 3503 4908 dicendum

1954 4946 2129 5029 quod
2176 4951 2270 5010 est
2315 4946 2599 5011 debitum
2644 4948 3032 5013 necessitatis
3053 4995 3071 5027 ,
3101 4950 3168 5012 et
3193 4953 3287 5013 est
3326 4950 3505 5016 (lebi-

1955 5057 2101 5117 tum
2166 5054 2622 5133 congruitatis3
2671 5055 2810 5119 sive
2863 5054 3152 5120 debitum
3194 5056 3273 5121 ad
3331 5059 3503 5140 quod

1957 5161 2349 5243 obligamur,
2374 5164 2439 5223 et
2462 5159 2751 5225 debitum
2769 5161 2849 5225 ad
2867 5161 3040 5244 quod
3057 5161 3503 5230 admonemur.

2024 5328 2039 5361 ¹
2071 5329 2244 5390 Greg„
2272 5327 2325 5375 in
2349 5326 2563 5390 Ευιυιςυ
2591 5326 2733 5377 hom.
2766 5340 2936 5379 xxxu.
2957 5328 3052 5364 ——2
3074 5328 3223 5392 Aug„
3251 5329 3306 5379 in
3338 5329 3505 5399 Joan„

1964 5404 2112 5450 tract.
2139 5411 2211 5450 m.
2233 5425 2285 5435 —-
2325 5401 2346 5434 ⁸
2368 5401 2532 5459 dean„
2564 5410 2639 5449 ιιι
2686 5402 2767 5461 25.

3545 1915 3599 1956 ad
3628 1913 3705 1956 ult.

3551 2039 3723 2085 undam·
