4185 6288
1235 446 1613 514 ms‘rmc'r.
1656 446 1815 514 xlv.
1859 446 2045 514 ΛΒΤ.
2090 447 2142 512 1.
2188 447 2496 527 QUAEST.
2543 449 2620 513 ll.

422 590 480 652 1.
521 587 619 652 Ad
659 585 818 651 illud
854 601 1017 666 ergo
1040 584 1215 668 quod
1245 584 1456 667 primo
1484 584 1784 667 objicitur
1811 584 1884 648 in

346 695 729 759 contrarium
749 739 767 769 ,
810 692 984 775 quod
1025 692 1235 774 ipsum
1289 691 1572 756 Verbum
1629 695 1726 756 est
1776 710 1883 755 sa-

344 802 610 884 pientia,
662 804 726 864 et
795 800 1104 882 sapientia
1169 800 1573 881 cognoscitur
1635 799 1841 882 seipsa
1862 848 1880 877 ,

342 908 679 974 dicendum
716 907 889 989 quod
922 906 1137 989 ipsum
1174 905 1461 970 Verbum
1503 909 1599 970 est
1635 906 1886 989 sapien-

342 1021 425 1084 tia
467 1039 597 1102 qua
638 1023 871 1084 caetera
916 1022 1392 1099 cognoscuntur
1419 1067 1439 1096 ,
1489 1021 1623 1081 tam
1668 1018 1884 1100 ipsum

340 1128 642 1207 Verbum,
697 1145 896 1209 quam
941 1145 1018 1191 ea
1053 1144 1202 1209 quse
1234 1126 1501 1190 suntab
1549 1126 1711 1208 ipso.
1759 1123 1883 1191 Sed

339 1236 789 1302 attendendum
837 1241 934 1300 est
998 1235 1167 1317 quod
1216 1235 1324 1299 ille
1390 1235 1712 1300 ablativus
1764 1254 1884 1318 po-

340 1348 461 1409 test
500 1344 784 1408 construi
829 1343 1199 1422 formaliter,
1256 1344 1361 1408 vel
1413 1343 1750 1408 causaliter
1782 1365 1798 1408 :
1830 1343 1884 1407 si

341 1451 686 1516 formaliter
719 1498 738 1531 ,
795 1450 888 1513 sic
948 1450 1259 1533 sapientia
1313 1453 1555 1516 aeterna
1613 1452 1709 1514 est
1762 1450 1883 1513 sihi

344 1559 462 1642 ipsi
514 1558 676 1622 ratio
721 1558 1197 1640 cognoscendi;
1254 1557 1307 1620 si
1372 1557 1736 1634 causaliter,
1795 1557 1886 1621 sic

341 1666 559 1730 omnia
598 1670 1075 1747 cognoscuntur
1109 1666 1268 1748 ipsa,
1301 1667 1454 1748 quia
1479 1666 1627 1730 facit
1651 1669 1884 1729 caetera

342 1774 665 1855 cognosci.
687 1772 1064 1838 Formaliter
1075 1777 1291 1837 autem
1306 1791 1437 1837 non
1464 1776 1673 1854 potest
1695 1772 1883 1837 intel-

341 1880 482 1961 ligi,
517 1881 672 1962 quia
705 1898 839 1945 non
866 1885 1228 1964 potestesse
1258 1882 1465 1946 forma
1488 1898 1884 1962 cognoscen-

342 1989 422 2050 tis
454 1988 649 2052 creati
670 2036 687 2068 ,
717 1989 841 2052 nisi
869 1989 1114 2053 dicatur
1139 1990 1345 2053 forma
1368 1989 1771 2071 exemplaris.
1808 1987 1885 2051 Et

341 2097 645 2178 quoniam
671 2098 882 2161 omnis
907 2102 1087 2162 actus
1121 2098 1544 2180 cognoscendi
1568 2098 1884 2179 perfectus

341 2209 434 2267 ast
464 2223 506 2267 a
537 2205 848 2288 sapientia
868 2252 887 2282 ,
930 2222 1062 2269 non
1107 2211 1357 2268 tantum
1404 2205 1692 2270 effective
1714 2253 1733 2284 ,
1773 2205 1882 2268 sed

338 2307 503 2371 sicut
527 2327 566 2371 a
596 2309 804 2372 forma
827 2309 1192 2390 perficiente
1223 2309 1428 2391 ipsam
1460 2307 1882 2400 substantiam

338 2420 827 2497 cognoscentem
849 2438 865 2494 ;
897 2416 1049 2480 hinc
1063 2415 1347 2498 estgquod
1375 2415 1455 2478 ad
1481 2432 1879 2495 cognoscen-

337 2523 494 2587 dum
536 2523 776 2587 sontem
813 2523 1145 2606 sapientiae
1186 2522 1536 2604 requiritur
1573 2521 1882 2603 sapientia

337 2649 484 2713 quae
511 2632 592 2696 de
621 2631 730 2696 illo
759 2632 928 2695 fonte
959 2631 1309 2695 derivatur.
1350 2629 1480 2694 Nec
1526 2635 1620 2693 est
1666 2647 1885 2712 proce·

336 2737 487 2801 dere
506 2738 575 2800 in
593 2738 947 2813 infinitum,
977 2737 1131 2819 quia
1156 2736 1246 2799 ibi
1274 2740 1369 2799 est
1396 2739 1618 2814 status,
1651 2736 1887 2800 scilicet

338 2843 408 2907 in
439 2845 772 2927 sapientia,
811 2846 918 2909 vel
953 2844 1217 2908 scientia
1236 2890 1254 2919 ,
1285 2860 1432 2926 quae
1461 2847 1555 2906 est
1586 2844 1793 2907 forma
1821 2847 1885 2907 et

339 2954 597 3019 habitus
622 2956 856 3019 animae
871 3003 886 3019 .

416 3064 475 3122 2.
518 3059 614 3122 Ad
659 3058 818 3123 illud
863 3057 1038 3141 quod
1084 3059 1404 3140 objicitur,
1447 3060 1619 3141 quod
1652 3058 1741 3122 ibi
1786 3063 1884 3122 est

342 3185 753 3249 cognoscens,
785 3171 851 3232 et
877 3168 1323 3249 cognoscibile,
1358 3172 1422 3232 et
1449 3169 1630 3248 uni0‚
1666 3168 1883 3233 dicen-

341 3276 494 3340 dum
543 3275 717 3359 quod
756 3294 885 3340 non
933 3294 1358 3358 quaecumque
1407 3276 1563 3341 unio
1602 3294 1882 3357 cognos-

345 3385 540 3448 centis
583 3384 666 3447 ad
706 3383 1130 3466 cognoscibile
1166 3384 1399 3447 sufficit
1441 3384 1521 3448 ad
1565 3384 1883 3466 cognitior-

343 3491 620 3569 tionem3
651 3492 785 3554 imo
824 3491 1194 3573 requiritur,
1228 3492 1403 3573 quod
1431 3491 1740 3556 uniantur
1768 3510 1883 3573 per

341 3599 602 3662 modum
651 3598 1110 3678 cognoscentis.
1162 3596 1338 3662 Sicut
1376 3599 1548 3661 enim
1579 3598 1647 3662 in
1679 3617 1879 3682 oppo-

263 3706 268 3712 ’
340 3705 545 3769 nendo
576 3708 1003 3769 monstratum
1028 3706 1144 3782 est,
1179 3704 1343 3769 Deus
1364 3710 1456 3769 est
1485 3706 1552 3769 in
1581 3706 1882 3770 omnibus

339 3811 782 3891 essentialiter,
810 3816 873 3875 et
899 3811 1165 3876 intimus
1202 3814 1541 3891 omnibus;
1574 3818 1638 3877 et
1664 3816 1879 3878 tamen

340 3937 374 3980 a
394 3919 617 4000 paucis
649 3919 1091 4001 cognoscitur;
1132 3924 1195 3982 et
1225 3919 1366 3983 ideo
1397 3920 1694 4002 quamvis
1719 3919 1879 3984 Ver-

338 4025 489 4089 bum
527 4026 886 4090 increatum
927 4026 1010 4089 sit
1041 4027 1276 4089 animae
1305 4027 1584 4106 unitum,
1620 4047 1750 4091 non
1779 4032 1879 4092 ta-

337 4151 481 4198 men
534 4133 946 4214 cognoscitur
988 4150 1127 4214 per-
1149 4133 1272 4195 hoc
1315 4134 1487 4215 quod
1531 4135 1756 4199 unitur
1810 4136 1881 4199 in

339 4242 647 4305 unitatem
675 4257 987 4322 personae,
1026 4240 1137 4303 sed
1173 4258 1286 4322 per
1314 4240 1435 4304 hoc
1481 4242 1655 4322 quod
1689 4241 1874 4306 intel-

339 4347 532 4412 lectus
560 4348 798 4411 animae
829 4348 948 4411 sibi
978 4348 1173 4411 unitae
1216 4348 1489 4411 efficitur
1529 4349 1589 4412 ei
1625 4352 1878 4414 confor-

343 4458 458 4521 mis
499 4476 617 4541 per
675 4457 1079 4522 influentiam
1131 4457 1419 4521 luminis.
1471 4456 1733 4523 Necesse
1783 4465 1881 4525 est

340 4564 508 4626 enim
552 4562 944 4627 intellectum
990 4563 1206 4646 aliquo
1247 4563 1437 4627 modo
1481 4564 1765 4645 formari,
1816 4570 1880 4630 et

338 4671 663 4736 informari
702 4671 784 4735 ab
817 4671 979 4754 ipSO,
1014 4670 1094 4735 ad
1128 4671 1250 4735 hoc
1293 4671 1466 4752 quod
1504 4671 1720 4753 ipsum
1769 4690 1875 4738 co-

339 4782 618 4859 gnoscat.

415 4892 474 4950 3.
520 4887 622 4951 Ad
668 4885 831 4950 illud
875 4886 1047 4968 quod
1082 4885 1382 4967 objicitur
1433 4885 1513 4951 de
1547 4887 1767 4951 anima
1813 4893 1878 4953 et

345 4994 624 5075 scientia,
654 4994 834 5078 quod
880 4993 1103 5076 seipsis
1142 4998 1641 5074 cognoscuntur,
1672 4998 1736 5058 et
1765 4995 1877 5060 illa

339 5119 475 5184 quae
503 5101 921 5168 essentialiter
969 5100 1214 5165 suntin
1240 5100 1489 5180 anima,
1533 5101 1874 5166 dicendum

396 5227 413 5261 ¹
432 5227 511 5290 Cf.
532 5230 676 5280 Alex.
696 5226 915 5288 alensis,
931 5239 986 5288 p.
1003 5225 1154 5289 lll‚q.
1173 5226 1534 5287 1111,memb.7
1556 5241 1572 5289 3
1594 5229 1647 5278 S.
1667 5226 1871 5287 Thoan„

340 5308 385 5357 p.
406 5298 487 5361 111,
512 5315 561 5364 q.
587 5313 641 5363 x,
665 5301 764 5349 art.
789 5302 848 5358 1;
885 5299 937 5345 et
959 5296 1023 5345 111
1060 5296 1220 5360 Sent„
1243 5296 1360 5346 dist.
1397 5308 1508 5357 xlv,
1534 5312 1585 5361 q.
1616 5310 1662 5361 1,
1685 5302 1782 5347 art.
1807 5303 1869 5363 2,

341 5381 388 5430 q.
413 5382 475 5434 1¹3
498 5373 622 5423 etde
648 5370 833 5431 Verit„
854 5381 909 5431 q.
937 5379 1025 5429 xx,
1044 5371 1137 5419 art.
1158 5371 1186 5418 5
1203 5383 1216 5430 ;
1236 5369 1422 5419 Scotus
1441 5404 1458 5430 ,
1486 5370 1547 5418 111
1570 5369 1728 5432 8εηί.,
1751 5371 1867 5420 dist.

340 5449 438 5504 xlv,
464 5458 512 5507 q.
535 5457 571 5496 11
583 5462 601 5510 ;
621 5440 891 5503 Richard„
913 5440 979 5489 111
1015 5439 1172 5504 Sene„
1204 5440 1321 5490 dist.
1343 5452 1452 5505 x1v,
1471 5455 1523 5506 q.
1553 5452 1622 5503 115
1648 5441 1870 5493 Thomas

3417 451 3542 519 29⁹

1992 585 2165 666 quod
2217 583 2432 648 anima
2484 602 2617 649 non
2674 584 2907 650 dicitur
2960 586 3260 668 cognosci
3312 587 3542 670 seipsa,

1994 691 2148 772 quia
2186 691 2324 774 ipsa
2350 692 2432 756 sit
2456 691 2743 773 scientia,
2771 711 2902 776 qua
2926 694 3256 775 cognoscit
3289 713 3392 774 se;
3427 696 3539 760 sed

1991 800 2200 882 seipsa
2239 800 2648 880 cognoscitur
2668 849 2687 877 ,
2719 802 3025 883 quoniam
3073 801 3211 883 ipsa
3238 806 3334 868 est
3359 804 3541 868 unita

1989 909 2291 990 potentiae
2336 910 2763 990 cognoscenti,
2813 911 2884 974 in
2927 915 3245 993 quantum
3280 916 3386 994 ,est
3430 931 3541 977 co-

1994 1033 2334 1096 gnoscens.
2370 1017 2456 1082 De
2485 1017 2795 1100 sapientia
2809 1022 3026 1084 autem
3052 1019 3331 1083 increata
3356 1037 3539 1085 secus

1993 1128 2088 1190 est
2117 1147 2133 1190 ε
2166 1129 2308 1190 tum
2352 1126 2507 1209 quia
2548 1126 2689 1208 ipsa
2734 1131 2830 1190 est
2866 1143 3060 1210 supra
3095 1127 3379 1191 animam
3431 1148 3542 1193 co-

1992 1238 2429 1314 gnoscentem,
2459 1237 2522 1297 et
2550 1233 2691 1298 ideo
2716 1237 2965 1315 oportet
2985 1234 3223 1299 elevari
3251 1255 3365 1318 per
3394 1254 3538 1317 gra-

1993 1339 2183 1414 tiam;
2212 1346 2353 1405 tum
2377 1340 2572 1404 etiam
2599 1340 2754 1423 quia
2779 1340 2921 1404 talis
2948 1342 3104 1405 unio
3131 1360 3263 1406 non
3280 1344 3537 1423 sufficit,

1992 1447 2117 1510 nisi
2150 1447 2313 1512 alius
2339 1447 2571 1511 modus
2600 1448 2857 1511 unionis
2884 1454 3241 1513 concurrat.

2072 1560 2134 1618 4.
2172 1555 2266 1618 Ad
2297 1554 2454 1618 illud
2482 1555 2654 1637 quod
2672 1555 2975 1636 objicitur
2998 1557 3076 1620 de
3103 1559 3541 1623 communica-

1992 1663 2162 1727 tione
2189 1663 2591 1743 idiomatum,
2617 1663 2955 1728 dicendum
2990 1664 3159 1747 quod
3187 1684 3418 1730 verum
3446 1672 3542 1732 est

1991 1771 2164 1851 quod
2189 1771 2295 1834 ille
2319 1771 2517 1835 homo
2558 1772 2889 1851 cognoscit
2919 1770 3203 1837 Verbum
3228 1774 3540 1858 sapientia

1991 1851 2311 1956 increata3
2361 1878 2470 1942 sed
2503 1880 2802 1960 quamvis
2836 1879 3138 1945 idiomata
3175 1882 3535 1946 communi-

1991 1991 2214 2050 centur
2241 1987 2333 2049 illi
2355 1987 2627 2065 homini,
2656 2005 2785 2051 non
2814 1992 3031 2051 tamen
3052 1991 3541 2053 communican-

1991 2098 2098 2158 tur
2142 2094 2379 2157 animae
2416 2094 2667 2157 Christi.
2718 2093 2849 2159 Nos
2887 2100 3106 2160 autem
3139 2113 3271 2159 non
3301 2097 3539 2179 quaeri-

1990 2218 2140 2266 mus
2160 2201 2239 2266 de
2267 2202 2628 2282 cognitione
2653 2221 2801 2285 quae
2829 2203 3018 2267 datur
3044 2203 3134 2266 illi
3152 2203 3400 2267 homini
3422 2222 3537 2285 per

1989 2307 2370 2372 idiomatum
2387 2310 3051 2386 communicationem,
3073 2311 3185 2374 sed
3202 2329 3349 2393 quae
3369 2329 3539 2374 com-

1991 2414 2147 2496 petit
2189 2416 2541 2479 secundum
2593 2420 2892 2480 naturam
2949 2417 3183 2481 animat
3234 2437 3275 2482 a
3326 2417 3535 2483 Verbo

1990 2526 2358 2604 assumptae.

2500 2672 2917 2752 QUAESTIO
2971 2674 3059 2740 11.

1990 2808 2082 2864 An
2133 2809 2322 2863 anima
2370 2808 2576 2864 Christi
2612 2811 2675 2864 in
2719 2809 3066 2878 coquoscendo
3122 2813 3531 2884 comprehendat

2315 2899 2497 2969 ipsum
2530 2898 2763 2954 Verbum
2784 2899 2894 2954 sibi
2917 2901 3134 2956 unitum
3157 2902 3198 2956 ².

2071 3054 2301 3120 Utrum
2328 3056 2544 3120 anima
2561 3056 2788 3121 Christi
2810 3059 2879 3122 in
2898 3061 3336 3141 cognoscendo
3363 3081 3532 3127 com-

1990 3165 2342 3247 prehendat
2380 3166 2592 3248 ipsum
2638 3165 2925 3232 Verbum
2961 3170 3083 3232 sibi
3125 3171 3424 3250 unitum3
3472 3177 3538 3237 et

1989 3273 2162 3354 quod
2213 3272 2325 3349 sic,
2383 3272 2637 3337 videtur
2680 3276 2889 3357 primo
2939 3295 3054 3359 per
3097 3279 3535 3343 auctoritatem

1988 3380 2271 3462 Apostoli
2298 3384 2322 3419 ¹
2357 3399 2371 3443 ε
2402 3380 2482 3446 In
2505 3397 2629 3463 quo
2653 3382 2987 3463 plenitudo
3002 3383 3385 3453 divinitatis
3397 3402 3531 3453 cor-

1984 3488 2291 3567 pov-aliter
2336 3488 2659 3556 inhabitat
2700 3510 2726 3551 .·
2771 3490 3054 3573 loquitur
3099 3492 3177 3556 de
3239 3492 3531 3558 Christo:

1990 3594 2098 3657 sed
2132 3595 2223 3658 ita
2248 3595 2576 3675 cognoscit
2599 3597 2816 3660 anima
2852 3597 3078 3662 Christi
3107 3598 3387 3664 Verbum
3415 3602 3536 3665 sibi

1989 3700 2247 3766 unitum
2264 3749 2284 3780 ,
2316 3702 2480 3766 sicut
2505 3702 2841 3768 habitatin
2865 3722 2942 3768 ea
2970 3728 2985 3768 ε
3016 3708 3341 3788 cognoscit
3377 3728 3534 3791 ergo

1989 3827 2248 3873 omnem
2285 3810 2748 3892 plenitudinem
2783 3814 2965 3893 ejus:
2996 3817 3062 3877 et
3099 3815 3222 3878 hoc
3260 3832 3394 3879 non
3438 3820 3533 3880 est

1988 3915 2184 3995 aliud,
2210 3934 2409 3998 quam
2437 3918 2975 4000 comprehendere
3006 3939 3021 3980 :
3054 3939 3235 4002 ergo,
3267 3926 3386 3987 etc.

2068 4027 2131 4086 2.
2183 4022 2341 4088 Item
2384 4025 2507 4089 hoc
2543 4026 2757 4106 ipsum
2784 4027 2937 4090 dicit
2973 4028 3429 4107 Damascenus,
3453 4029 3533 4095 de

1988 4130 2447 4199 lncamatione
2497 4134 2687 4200 verbi
2716 4132 2834 4201 Dei
2859 4141 2882 4176 ³
2903 4153 2929 4197 .·
2970 4158 3001 4195 (ι
3022 4135 3252 4199 Aimus
3273 4155 3535 4201 omnem

1988 4243 2287 4305 naturam
2313 4240 2664 4305 divinitatis
2686 4242 2756 4305 in
2781 4261 2912 4307 una
2938 4261 3204 4307 suarum
3232 4243 3529 4326 hyposta-

1986 4365 2142 4411 seon
2191 4347 2585 4412 incarnatam
2638 4368 2795 4414 esse.
2839 4374 2869 4409 ι)
2925 4350 3102 4432 Ergo
3156 4356 3365 4416 totum
3419 4352 3529 4417 Dei

1986 4451 2272 4519 Verbum
2324 4455 2584 4520 unitum
2651 4463 2747 4522 est
2798 4457 3103 4522 humanae
3155 4464 3401 4523 naturae
3466 4461 3535 4523 in

1988 4560 2235 4627 Christo
2268 4585 2282 4627 ε
2314 4564 2422 4629 sed
2460 4583 2536 4629 eo
2573 4566 2764 4630 modo
2805 4570 3032 4631 natum
3069 4571 3165 4629 est
3193 4566 3273 4630 ab
3318 4568 3536 4633 anima

1988 4668 2218 4732 Christi
2259 4671 2596 4750 cognosci,
2627 4690 2742 4754 per
2786 4691 2981 4755 quem
3025 4674 3290 4737 modum
3326 4675 3536 4755 potuit

1985 4778 2162 4841 uniri
2191 4801 2207 4840 :
2240 4797 2400 4859 ergo
2445 4780 2500 4843 si
2537 4784 2744 4844 totum
2790 4781 3000 4863 potuit
3041 4781 3217 4844 uniri
3238 4829 3256 4858 ,
3282 4782 3535 4848 videtur

1985 4885 2159 4967 quod
2198 4886 2390 4950 etiam
2441 4887 2510 4950 in
2555 4890 2761 4950 totum
2808 4888 3039 4952 habeat
3064 4890 3399 4969 cognosci:
3422 4891 3534 4955 sed

1984 4994 2110 5058 hoc
2137 4997 2234 5057 est
2259 4994 2753 5076 comprehendi:
2784 5013 2967 5077 erge,
2998 5000 3098 5060 etc

2065 5105 2123 5164 3.
2158 5100 2317 5164 Item
2348 5099 2650 5181 Isidorus,
2685 5100 2765 5167 dc
2802 5104 3123 5173 Trinitate
3141 5104 3162 5140 ⁴
3190 5126 3214 5170 .·
3251 5128 3281 5166 «
3314 5105 3530 5171 Trini-

1984 5302 2214 5364 Argent„
2245 5299 2307 5350 111
2333 5299 2491 5363 Sent„
2509 5299 2625 5349 dist.
2648 5310 2756 5362 xiv,
2777 5314 2828 5364 q.
2854 5312 2890 5363 ι,
2909 5304 3004 5351 art.
3028 5306 3082 5365 ¹3
3106 5302 3282 5366 Steph.
3307 5304 3494 5354 Bruler.
3506 5341 3523 5367 ,

1985 5373 2049 5422 111
2064 5371 2226 5434 Seni„
2243 5371 2360 5422 dist.
2379 5383 2491 5435 xxv,
2509 5385 2562 5435 q.
2586 5382 2644 5421 ιι.
2661 5399 2724 5409 -
2740 5372 2762 5407 ¹
2777 5371 2985 5435 coloss„
3002 5385 3060 5436 ιι,
3078 5378 3128 5426 9.
3151 5401 3212 5412 -
3226 5376 3249 5411 ³
3267 5376 3526 5439 Damaso„

1981 5444 2068 5493 lib.
2095 5443 2182 5504 111,
2203 5457 2247 5493 c.
2274 5455 2415 5492 v1.—
2437 5443 2459 5479 δ
2475 5443 2616 5508 leid„
2636 5443 2912 5496 desummo
2926 5446 3073 5512 Bon„
3091 5446 3182 5498 lib.
3209 5448 3246 5512 l,
3265 5461 3314 5498 c.
3344 5458 3402 5510 u,
3430 5447 3461 5509 ἓ
3482 5451 3529 5505 1,.

3566 3099 3634 3141 Ad
3665 3112 3768 3155 opp.
