4185 6288
360 4376 427 4418 Ad
446 4385 551 4429 opp.

584 464 706 526 352

580 588 661 652 sti
707 604 725 650 ε
772 583 881 650 sed
925 598 1057 644 non
1103 593 1326 643 omnes
1372 576 1629 641 induxit
1680 579 1997 658 quantum
2046 575 2129 639 ad

581 694 955 759 varietatem
992 706 1106 751 seu
1146 684 1625 750 multitudinem
1657 705 1673 748 ε
1704 702 1864 766 ergo
1903 702 2129 751 omnes

581 801 837 866 induxit
862 799 1180 880 quantum
1207 793 1288 858 ad
1310 792 1829 874 aequivalentium
1862 798 1925 858 et
1950 811 2130 858 acer-

581 908 864 972 bitatem.

664 1014 821 1079 Item
861 1011 1105 1076 ratione
1143 1009 1399 1073 videtur
1430 1031 1445 1072 :
1483 1009 1732 1086 Quanto
1773 1007 2128 1091 complexio

582 1122 855 1188 nobilior
896 1123 1018 1200 est,
1062 1122 1240 1182 tanto
1281 1117 1487 1200 passio
1528 1116 1761 1182 doloris
1806 1116 1875 1179 in
1914 1135 1991 1180 ea
2032 1120 2131 1180 est

582 1230 868 1295 acerbior
922 1247 939 1293 t
988 1227 1100 1292 sed
1153 1225 1439 1290 Christus
1495 1224 1957 1289 nobilissimam
2015 1223 2129 1287 ha-

582 1337 722 1401 buit
787 1335 1333 1418 complexionem;
1377 1332 1679 1397 nobilitas
1727 1331 1903 1395 enim
1949 1348 2126 1394 com-

580 1443 893 1527 plexionis
928 1440 1264 1525 respondet
1298 1440 1613 1504 nobilitati
1653 1439 1889 1503 animae
1919 1460 1936 1501 ι
1969 1456 2129 1520 ergo

581 1570 731 1616 cum
758 1550 1041 1615 Christus
1065 1548 1528 1613 nobilissimam
1565 1548 1846 1632 animam
1887 1546 2130 1611 habue-

582 1660 688 1739 rit,
716 1658 946 1723 habuit
973 1675 1131 1738 ergo
1175 1655 1242 1718 in
1287 1655 1584 1739 patiendo
1628 1654 1979 1719 maximam
2018 1652 2130 1717 do-

581 1764 734 1831 loris
757 1764 1187 1829 afflictionem.

664 1872 845 1953 Item,
892 1874 1130 1955 quanto
1174 1856 1398 1934 sensus
1437 1872 1642 1933 tactus
1677 1872 1772 1932 cst
1814 1866 2123 1946 vivacior,

548 1953 553 1957 ⁶
583 1982 758 2044 tanto
797 1979 996 2058 dolor,
1028 1979 1142 2061 qui
1174 1981 1267 2041 est
1306 1975 1657 2042 secundum
1702 1992 1984 2052 sensum,
2034 1977 2130 2038 est

582 2087 868 2165 acutior3
916 2085 1085 2150 unde
1132 2086 1201 2147 in
1240 2083 1363 2146 illis
1402 2082 1744 2164 membris,
1784 2083 1853 2145 in
1892 2081 2130 2164 quibus

582 2194 765 2274 viget
808 2211 1030 2258 sensus
1067 2196 1273 2257 tactus
1291 2240 1308 2271 ,
1337 2195 1432 2255 est
1466 2189 1644 2255 dolor
1671 2189 2075 2255 acutissimus
2107 2207 2123 2252 t

581 2301 690 2365 sed
725 2301 795 2365 in
840 2300 1086 2365 Christo
1126 2299 1248 2364 ruit
1297 2315 1519 2363 sensus
1562 2300 1767 2360 tactus
1810 2294 2130 2360 vivacissi-

583 2426 767 2486 mus3
802 2406 1372 2489 temperatissimus
1411 2403 1586 2469 enim
1625 2402 2008 2467 animalium
2035 2406 2130 2466 aet

581 2514 801 2592 homo,
831 2519 905 2579 ut
927 2513 1081 2579 dicit
1105 2511 1596 2600 Philosophus&
1626 2514 1691 2574 et
1711 2510 1879 2574 inter
1902 2527 2128 2574 omnes

580 2620 1148 2704 temperatissimus
1191 2618 1314 2684 fuit
1369 2617 1652 2684 Christus
1668 2666 1686 2697 ,
1736 2635 1886 2682 cum
1934 2615 2130 2682 fuerit

582 2730 819 2813 optime
845 2728 1187 2812 dispositus
1233 2744 1251 2789 z
1292 2721 1457 2808 'ergo
1491 2725 1672 2790 dolor
1688 2774 1706 2806 ,
1754 2743 1953 2808 quem
1979 2742 2126 2789 sen-

581 2839 687 2915 sit,
717 2857 910 2921 super
933 2854 1157 2902 omncs
1189 2835 1437 2899 dolores
1465 2833 1588 2897 fuit
1616 2832 2041 2897 acutissimus.

665 2944 824 3008 Item
846 2992 864 3021 ,
914 2946 1155 3027 quanto
1207 2943 1419 3023 majus
1485 2942 1581 3005 est
1646 2944 1889 3004 bonum
1953 2938 2128 3021 quod

584 3055 924 3134 amittitur,
956 3058 1132 3120 tanto
1170 3055 1482 3134 majorem
1520 3052 1711 3116 infert
1753 3050 2037 3115 dolorem
2067 3048 2128 3114 ei

583 3165 699 3247 qui
725 3162 1082 3246 cognoscit,
1113 3166 1176 3227 et
1216 3161 1407 3226 habet
1441 3178 1635 3225 usum
1674 3159 1934 3223 rationIs
1968 3179 1985 3223 ε
2017 3158 2129 3224 sed

582 3270 717 3337 vita
758 3268 988 3335 Christi
1029 3271 1166 3333 erat
1207 3266 1604 3332 nobilissima
1621 3314 1636 3345 ,
1666 3268 1730 3330 et
1770 3265 1978 3348 passio
2018 3264 2128 3328 illa

582 3378 783 3443 vitam
811 3377 1206 3461 perimebat:
1241 3391 1400 3456 ergo
1436 3372 1720 3439 dolorem
1758 3371 1849 3436 illi
1892 3371 2127 3437 animae

580 3483 1022 3551 acutissimum
1049 3482 1378 3548 inferebat.

663 3591 820 3657 Item
846 3596 1025 3656 tanto
1052 3608 1243 3674 poena
1269 3592 1364 3654 est
1389 3586 1678 3653 acerbior
1700 3632 1719 3665 ,
1748 3589 1988 3668 quanto
2021 3604 2130 3652 ve.

579 3699 781 3766 locius
807 3698 1109 3765 virtutem
1136 3700 1387 3761 naturae
1426 3694 1670 3776 dejicit,
1700 3693 1982 3758 maxime
2009 3692 2125 3758 ubi

580 3807 840 3890 aliquod
867 3806 1306 3873 membrorum
1335 3803 1790 3887 principalium
1817 3820 1950 3866 non
1976 3820 2124 3867 cor-

580 3915 825 3999 rumpit
873 3938 889 3981 :
939 3915 1048 3980 sed
1102 3912 1387 3978 Christus
1433 3912 1502 3975 in
1549 3929 1740 3976 cruce
1782 3929 2127 3993 suspensus

581 4021 739 4086 adeo
768 4021 893 4086 cito
917 4020 1038 4086 tuit
1075 4022 1398 4099 mortuus,
1430 4021 1505 4083 ut
1547 4018 1741 4082 etiam
1778 4000 2126 4085 miraretur

580 4126 838 4194 Pilatus
859 4129 883 4164 ²
900 4150 927 4194 .·
953 4145 1113 4208 ergo
1130 4127 1385 4193 videtur
1408 4124 1581 4208 quod
1606 4124 1791 4191 dolor
1815 4125 1871 4206 ej
1881 4143 1957 4189 us
1981 4143 2126 4207 gra-

582 4216 883 4300 vissimus
906 4233 1147 4299 fuisset.

661 4339 787 4406 Sed
832 4345 1054 4407 contra
1102 4359 1118 4402 :
1168 4348 1198 4405 1
1211 4387 1229 4405 .
1281 4339 1414 4406 Hoc
1464 4339 1673 4422 primo
1744 4337 2044 4421 objicitur
2083 4357 2125 4402 a

582 4452 760 4532 parte
786 4448 1043 4530 generis
1075 4465 1311 4532 poenae,
1343 4447 1496 4532 quia
1534 4464 1724 4530 poena
1750 4446 1925 4528 iguis
1962 4463 2124 4511 acu-

576 4556 707 4622 tius
729 4557 982 4639 affligit,
1012 4575 1208 4640 quam
1233 4575 1425 4641 poena
1448 4556 1601 4621 ferri
1638 4577 1653 4619 ε
1684 4555 1793 4620 sed
1834 4552 2123 4620 Lauren-
2223 4590 2228 4593 -

573 4665 704 4730 tius
738 4670 801 4730 et
825 4663 1196 4731 Vincentius
1230 4663 1441 4729 exusti
1476 4665 1737 4728 fuerunt
1784 4662 1856 4727 in
1900 4662 2054 4745 igne
2098 4680 2117 4726 ε

573 4790 732 4856 ergo
754 4772 1014 4839 videtur
1046 4772 1220 4856 quod
1249 4774 1561 4855 majorem
1586 4770 1873 4848 dolorem
1900 4788 2121 4836 sense-

574 4883 750 4958 runt,
775 4899 985 4965 quam,
999 4878 1309 4944 Christus.

658 4993 720 5052 2.
755 4988 917 5053 Item
953 4987 1074 5053 hoc
1110 4988 1323 5070 ipsum
1353 4985 1712 5051 ostenditur
1740 5005 1779 5050 a
1807 4988 1986 5068 parte
2012 5004 2121 5051 vo-

572 5094 837 5160 luntatis
883 5094 1161 5178 patiendi
1193 5115 1210 5158 :
1242 5092 1396 5176 quia
1427 5096 1669 5176 quanto
1709 5091 1945 5176 aliquis
1972 5110 2121 5157 ma·-

575 5202 678 5284 gis
714 5200 1026 5267 desiderat
1050 5201 1207 5283 pati,
1236 5203 1415 5266 tanto
1456 5200 1676 5265 minus
1700 5199 1873 5266 dolet
1899 5200 1970 5265 in
1995 5218 2120 5284 pa-

641 5364 848 5427 ¹Arist.,
874 5363 933 5414 de
955 5362 1133 5414 Gener.
1162 5359 1411 5424 Animal„
1435 5361 1524 5411 lib.
1556 5362 1617 5425 ll,
1638 5375 1685 5412 c.
1727 5365 1776 5413 4.
1802 5389 1864 5401 --
1889 5365 1908 5398 ¹
1932 5364 2116 5426 Marc„

575 5447 663 5501 xv,
690 5439 738 5488 β,
757 5461 819 5476 -—
841 5435 865 5469 ⁸
889 5435 1030 5499 ινα,
1054 5445 1150 5496 111,
1180 5436 1259 5483 50.

1692 447 2324 516 SENTENTIARUM
2365 450 2514 516 LIB.
2554 450 2662 516 111.

2236 576 2449 640 tiendo
2489 595 2506 639 ε
2541 577 2650 642 sed
2685 577 2973 645 Christus
3015 583 3433 650 vehementer
3472 583 3804 649 desidera-

2236 682 2347 746 bat
2388 685 2519 766 pati
2558 703 2676 767 pro
2714 704 2953 766 genere
2993 689 3305 770 humano,
3351 692 3516 756 sicut
3559 691 3809 756 dicitur

2237 789 2309 853 in
2371 791 2546 857 Luca
2574 792 2598 826 ⁸
2633 813 2658 858 .·
2685 793 3019 874 Baptismo
3074 798 3263 865 habeo
3319 798 3688 880 baptizari,
3732 803 3810 866 et

2237 898 2547 978 quomodo
2597 908 2881 969 coarctor
2933 921 3132 987 usque
3177 906 3335 972 dum
3372 906 3806 988 perficiatur!

2237 1002 2408 1086 Ergo
2452 1006 2705 1072 videtur
2744 1012 2915 1092 quod
2962 1013 3142 1078 dolor
3183 1017 3325 1096 ejus
3353 1015 3537 1079 valde
3564 1031 3804 1096 parum

2236 1111 2315 1176 de
2344 1114 2678 1179 acerbitate
2704 1117 2952 1183 habuit.

2320 1224 2379 1283 3.
2414 1219 2571 1285 Item
2599 1223 2723 1288 hoc
2757 1224 2971 1308 ipsum
2996 1228 3352 1293 ostenditur
3392 1246 3434 1293 a
3458 1232 3636 1311 parte
3674 1217 3796 1291 ad-

2229 1327 2481 1407 jutorii,
2523 1330 2678 1411 quia
2721 1337 2965 1415 quanto
3009 1334 3204 1400 homo
3246 1338 3557 1418 majorem
3603 1336 3806 1399 babet

2235 1432 2629 1517 charitatem,
2659 1442 2834 1503 tanto
2855 1440 3102 1505 facilius
3135 1442 3404 1506 sustinet
3430 1443 3799 1508 cruciatum

2236 1559 2446 1624 poenae
2505 1561 2523 1605 ε
2573 1545 2682 1608 sed
2744 1545 3034 1612 Christus
3099 1548 3403 1614 maximae
3461 1548 3804 1615 charitatis

2235 1653 2358 1718 fuit
2388 1676 2403 1717 ε
2439 1673 2599 1735 ergo
2625 1655 2920 1722 facillime
2945 1660 3262 1747 tormenta
3290 1659 3567 1742 portavit
3588 1681 3604 1724 z
3622 1677 3789 1742 ergo

2238 1759 2423 1825 valde
2452 1781 2682 1844 parum
2710 1762 2935 1828 doluit.
3307 1745 3312 1750 q

2316 1871 2377 1931 4.
2423 1867 2583 1933 Item
2629 1871 2751 1935 hoc
2792 1871 3005 1953 ipsum
3041 1872 3295 1937 videtur
3341 1890 3378 1937 a
3423 1877 3600 1956 parte
3636 1873 3798 1937 boni

2236 1975 2474 2052 amissi,
2521 1978 2675 2060 quia
2709 1983 2950 2060 quanto
2979 1981 3104 2061 maj
3113 1999 3191 2046 us
3222 1984 3318 2044 est
3343 1981 3587 2045 bonum
3616 1981 3798 2063 quod

2235 2071 2547 2164 perditur,
2582 2088 2757 2150 tanto
2789 2088 2995 2168 major
3020 2086 3198 2151 dolor
3226 2090 3319 2150 est
3344 2087 3433 2166 ei,
3459 2088 3572 2169 qui
3597 2088 3793 2150 amit-

2235 2190 2311 2253 tit
2341 2213 2355 2254 :
2388 2191 2498 2256 sed
2523 2197 2811 2274 peccator
2839 2193 3110 2277 perdidit
3138 2194 3365 2275 Deum,
3390 2194 3504 2277 qui
3531 2198 3626 2259 est
3654 2214 3800 2259 ma-

2228 2298 2341 2379 jus
2380 2298 2659 2376 bonum,
2700 2319 2898 2382 quam
2942 2300 3023 2364 sit
3066 2301 3199 2366 vita
3240 2301 3362 2365 ista
3390 2302 3736 2384 corporalis
3767 2323 3793 2365 z

2235 2421 2396 2485 ergo
2424 2405 2679 2471 videtur
2714 2407 2887 2489 quod
2912 2409 3197 2473 acerbior
3224 2409 3406 2474 dolor
3434 2409 3514 2472 sit
3543 2409 3610 2472 in
3642 2410 3797 2475 viro

2237 2512 2511 2577 contrito
2533 2517 2599 2577 et
2623 2513 2989 2596 poenitente,
3013 2533 3210 2597 quam
3225 2514 3416 2579 fuerit
3444 2514 3514 2577 in
3541 2514 3800 2580 Christo

2236 2618 2535 2700 patiente.

2317 2731 2376 2790 5.
2409 2726 2569 2791 Item
2595 2727 2716 2793 hoc
2753 2728 2966 2810 ipsum
3011 2728 3363 2793 ostenditur
3401 2748 3440 2793 a
3475 2732 3653 2812 parte
3681 2748 3793 2794 re-

2236 2835 2790 2917 compensationiS,
2818 2836 2974 2918 quia
2990 2840 3232 2917 quanto
3254 2836 3443 2900 alicui
3471 2837 3552 2901 sit
3578 2840 3794 2920 major

2235 2943 2300 3003 et
2342 2940 2570 3005 melior
2614 2944 3116 3024 recompensatio
3171 2942 3247 3008 de
3291 2944 3461 3008 bono
3513 2946 3751 3010 amisso
3765 2995 3786 3024 ‚

2235 3050 2414 3112 tanto
2441 3046 2658 3113 mitior
2684 3053 2778 3113 est
2803 3048 2985 3114 dolor
3016 3070 3032 3112 ε
3081 3050 3190 3114 sed
3225 3050 3472 3116 Christo
3507 3070 3625 3135 pro
3666 3052 3789 3128 do-

2235 3152 2371 3218 lore
2398 3154 2736 3235 passionis,
2767 3158 2831 3219 et
2854 3156 3247 3239 expositione
3273 3159 3422 3223 vitae
3452 3177 3622 3241 suae,
3648 3178 3795 3224 τω·-

2233 3259 2583 3326 tituebatur
2625 3262 2782 3327 stola
2823 3263 3048 3345 gloriae
3090 3265 3161 3329 in
3199 3285 3288 3345 se,
3335 3267 3496 3331 etin
3538 3268 3794 3333 caeteris

2238 3369 2544 3433 membris
2569 3370 2704 3434 suis
2733 3389 2751 3434 ε
2783 3388 2964 3451 erge,
2994 3375 3112 3436 etc.

2316 3480 2378 3541 6.
2434 3475 2592 3540 Item
2647 3477 2768 3542 hoc
2818 3478 3034 3560 ipsum
3085 3480 3441 3545 ostenditur
3479 3499 3562 3545 ex
3605 3486 3791 3565 parte

2183 3614 2188 3618 ·
2233 3583 2401 3665 spei,
2453 3584 2606 3665 quia
2653 3587 2891 3666 quanto
2941 3585 3173 3668 aliquis
3220 3589 3452 3651 certius
3495 3594 3793 3671 expectat

2234 3688 2702 3770 liberationem,
2731 3695 2908 3757 tanto
2937 3692 3153 3756 minus
3195 3694 3506 3775 affligitur
3534 3696 3605 3758 in
3633 3714 3782 3779 pas-

2234 3796 2413 3860 sione
2448 3818 2465 3861 :
2500 3797 2609 3862 sed
2654 3798 2940 3864 Christus
2983 3800 3372 3866 certissimus
3406 3806 3541 3867 erat
3586 3803 3664 3867 de
3701 3804 3787 3866 li-

2234 3902 2560 3969 beratione
2618 3906 2913 3989 proxima
2976 3925 2994 3970 :
3065 3925 3223 3989 ergo
3291 3908 3542 3975 videtur
3606 3911 3787 3992 quod

2234 4011 2492 4077 afflictio
2522 4018 2659 4079 erat
2684 4014 2869 4080 valde
2897 4016 3166 4082 modica.

2795 4238 3266 4343 coNans10.‘

2234 4434 2437 4491 Christi
2475 4434 2628 4492 dolor
2662 4437 3035 4497 acerbissimus
3068 4441 3179 4508 mit
3218 4444 3332 4496 tum
3362 4456 3429 4497 cae
3464 4442 3625 4497 modo
3661 4458 3777 4513 pa-

2306 4522 2634 4669 πεζιιξζεέἑιιπ
2651 4540 2718 4581 em
2738 4530 3207 4600 compassionis,
3237 4533 3347 4586 tum
3372 4546 3438 4586 ex
3460 4530 3767 4587 conditione

2303 4628 2380 4683 pa
2406 4629 2427 4668 ι
2575 4651 2586 4666 .

2312 4768 2498 4853 Resp.
2529 4771 2611 4836 ad
2645 4790 2786 4855 arg.
2823 4772 3172 4840 Dicendum
3202 4777 3374 4859 quod
3416 4774 3596 4842 dolor
3624 4795 3781 4861 pas-

2230 4877 2427 4942 sionis
2468 4876 2695 4942 Christi
2734 4880 2900 4945 inter
2944 4886 3207 4949 caeteros
3250 4883 3501 4949 dolores
3536 4888 3600 4948 et
3637 4902 3783 4967 pas-

2229 4984 2440 5050 siones
2476 4986 2600 5050 fuit
2639 4986 3082 5052 acerbissimus
3125 4994 3190 5054 et
3230 4990 3653 5056 acutissimus.
3698 4991 3783 5057 Et

2229 5092 2349 5157 hoc
2377 5096 2571 5175 patet,
2599 5093 2652 5157 si
2681 5093 2790 5157 illa
2816 5096 3296 5161 considerentur
3310 5146 3331 5177 ,
3363 5116 3512 5181 quae
3540 5098 3784 5162 doloris

2227 5200 2590 5284 passionem
2613 5202 3003 5269 acerbiorem
3039 5204 3333 5269 reddunt.
3366 5204 3518 5270 Haec
3557 5209 3783 5270 autem

2229 5311 2380 5373 sunt
2421 5308 2572 5390 tria,
2603 5293 2895 5375 videlicet
2932 5330 3124 5376 causa
3159 5313 3467 5396 passionis
3481 5362 3505 5394 ,
3539 5318 3603 5378 et
3632 5331 3783 5379 mo-

2092 5478 2098 5481 ,
2228 5414 2349 5480 dus
2378 5415 2688 5498 patiendi,
2718 5419 2783 5481 et
2806 5417 3083 5488 conditio
3123 5420 3434 5502 patientia
3471 5420 3537 5486 Si
3563 5421 3775 5501 consi-
