4185 6288
1228 433 1424 501 mST.
1468 433 1597 501 XV.
1638 434 1821 501 ΛΒΤ.
1867 435 1917 500 1.
1961 435 2258 514 QUAEST.
2304 440 2349 504 Ι.

809 680 1164 759 QUAESTlo
1206 682 1255 747 1.

279 834 365 891 An
388 854 663 914 conor-imm
687 849 858 916 tuerit
884 852 945 906 in
978 849 1188 908 Christo
1214 854 1448 924 reperiri
1472 851 1706 921 desectus
1752 856 1792 909 ¹.

103 1002 144 1042 Λᾶ
171 1016 253 1060 ουν·
352 993 568 1070 Utrum
605 1026 970 1090 congruum
1007 1011 1198 1076 fuerit
1242 1011 1399 1076 tales
1432 1012 1708 1076 defectus
1730 1011 1796 1075 in

278 1098 513 1175 Christo
548 1115 847 1197 reperiri3
906 1121 970 1182 et
1023 1117 1193 1199 quod
1254 1119 1366 1195 sic,
1397 1119 1651 1184 videtur
1696 1120 1719 1154 ¹
1774 1141 1790 1184 ε

276 1209 491 1283 Debuit
513 1237 619 1302 per
664 1224 887 1289 omnia
931 1223 1245 1303 fratribus
1289 1227 1670 1307 assimilari,
1725 1232 1798 1294 ut

274 1319 607 1395 merie-ors
655 1331 864 1411 fieret,
942 1337 1005 1398 et
1060 1330 1276 1413 fidelis
1329 1334 1637 1415 pontifex
1706 1333 1796 1400 ad

274 1421 484 1498 Deum.
510 1435 570 1500 Si
596 1454 756 1519 ergo
800 1437 1058 1503 decebat
1100 1438 1421 1504 Christum
1463 1439 1533 1503 in
1576 1458 1644 1504 se
1679 1439 1795 1503 ha-

275 1528 413 1602 bere
439 1541 537 1607 illa
562 1563 713 1628 quae
738 1546 979 1610 faciunt
1004 1546 1085 1611 ad
1112 1547 1476 1612 fidelitatem
1506 1552 1570 1611 et
1598 1549 1793 1611 mise-

276 1639 609 1731 rieordiam,
640 1657 705 1717 et
729 1652 868 1717 haec
906 1658 1059 1717 sunt
1086 1652 1194 1717 illa
1240 1654 1309 1718 in
1348 1654 1585 1736 quibus
1613 1655 1795 1718 nobis

277 1750 643 1822 assimilatur
667 1760 1024 1825 secundum
1050 1765 1287 1825 statum
1334 1760 1607 1825 miseriae
1626 1809 1644 1840 ‚
1673 1780 1794 1826 cu-

272 1851 526 1932 jusmodi
566 1871 724 1931 sunt
754 1867 1032 1932 defectus
1076 1871 1140 1932 et
1168 1867 1591 1950 poenalitates,
1636 1886 1794 1952 ergo

279 1957 338 2024 in
363 1966 591 2037 Christo
619 1974 996 2055 huiusmodi
1020 1975 1283 2057 reperiri
1313 1975 1562 2040 debent.

350 2071 494 2142 ltem
521 2081 543 2117 ⁸
572 2104 587 2145 ε
619 2082 764 2148 Nou
785 2082 1082 2147 habemus
1103 2083 1495 2162 pontificem,
1524 2085 1794 2164 quinon

276 2187 457 2254 possit
472 2192 750 2272 compati
772 2189 1277 2269 infirmitatibus
1298 2191 1563 2268 nostris,
1583 2196 1796 2256 tenta-

281 2288 401 2354 tum
414 2300 1097 2379 auternperomniapro
1117 2298 1552 2365 similitudine
1563 2298 1794 2380 absque

276 2406 526 2470 Peccato-
558 2403 655 2468 Ex
681 2405 804 2468 isto
830 2406 1029 2469 verbo
1057 2406 1356 2487 arguitur
1388 2406 1475 2470 ita
1520 2428 1535 2469 :
1582 2406 1796 2469 Bonus

281 2509 532 2579 pontifex
555 2511 743 2576 debet
769 2512 792 2547 ⁸
818 2514 1102 2595 compati
1129 2512 1234 2578 his
1260 2516 1378 2594 qui
1408 2515 1712 2596 iquorem
1736 2520 1797 2580 et

280 2622 470 2683 errant
508 2638 533 2679 .-
579 2619 689 2682 sed
738 2619 1019 2684 Christus
1059 2620 1398 2702 assumpsit
1442 2620 1793 2686 humanam

194 2811 199 2817 ¹
281 2722 572 2802 naturam,
618 2730 692 2788 ut
733 2726 915 2790 fieret
964 2733 1178 2791 noster
1220 2728 1507 2810 pontifex
1562 2750 1577 2791 ε
1637 2746 1795 2810 ergo

278 2817 470 2892 debuit
508 2848 585 2894 ea
633 2832 705 2895 in
745 2851 814 2897 se
856 2852 1203 2915 assumere,
1252 2854 1400 2918 quae
1451 2836 1690 2900 faciunt
1716 2837 1795 2900 ad

279 2938 753 3018 compassionem
825 2958 844 3004 ι
918 2940 1290 3023 hujusmodi
1361 2947 1576 3007 autem
1645 2947 1797 3007 sunt

277 3033 527 3110 defectus
576 3050 642 3110 et
706 3046 1102 3129 poenalitates
1158 3052 1394 3116 nostrae
1462 3051 1711 3113 naturae
1775 3071 1789 3112 :

275 3160 434 3230 erge,
459 3156 577 3218 etc.

338 3255 510 3338 ltem,
542 3259 832 3326 Christus
852 3262 934 3326 ad
966 3263 1087 3327 hoc
1108 3266 1454 3347 assumpsit
1491 3269 1791 3330 naturam

272 3354 626 3448 humanam,
660 3371 731 3432 ut
754 3368 939 3433 nobis
967 3370 1033 3434 in
1069 3370 1176 3434 illa
1215 3376 1567 3437 mereretur
1592 3373 1793 3437 vitam

271 3474 577 3552 aeternam,
624 3493 822 3558 quam
861 3477 1113 3559 primus
1153 3497 1384 3561 parens
1433 3480 1617 3544 nobis
1655 3480 1795 3544 abs-

270 3575 527 3645 tulerat:
569 3582 680 3647 sed
723 3584 1027 3649 meritum
1069 3587 1469 3669 praecipuum
1511 3587 1795 3652 consistit

268 3678 320 3747 in
345 3686 673 3752 tolerantia
692 3690 1061 3772 passionum
1092 3698 1154 3756 et
1181 3693 1542 3759 defectuum
1570 3696 1796 3760 huma·

268 3805 482 3858 norum
512 3817 528 3858 ε
560 3795 616 3859 si
666 3814 825 3878 ergo
861 3798 1069 3862 decuit
1107 3798 1427 3864 Christum
1465 3803 1792 3885 praecipuo

268 3901 475 3966 merito
516 3904 772 3981 mereri,
823 3904 1034 3970 decuit
1078 3926 1194 3989 per
1227 3926 1621 3992 consequens
1667 3909 1789 3975 hu-

261 4008 524 4087 jusmodi
550 4011 831 4077 defectus
855 4018 918 4077 et
944 4014 1268 4096 passiones
1312 4016 1382 4080 in
1425 4016 1564 4099 ipso
1602 4035 1790 4102 repe-

266 4130 389 4180 nn.

332 4222 525 4304 Item,
554 4224 636 4289 ad
676 4225 799 4290 hoc
842 4227 1185 4309 assumpsit
1229 4226 1513 4292 Christus
1549 4228 1791 4295 huma-

263 4347 402 4395 nam
424 4337 749 4411 naturam,
779 4338 854 4399 ut
879 4353 1023 4399 eam
1054 4340 1307 4400 curaret
1327 4337 1790 4416 satisfaciendo,

263 4443 322 4504 et
353 4443 635 4509 curando
673 4443 1097 4509 satisfaceret:
1124 4446 1237 4510 sed
1293 4448 1572 4529 pretium
1618 4449 1791 4530 quod

262 4547 486 4614 facitad
513 4551 614 4614 cul
618 4569 719 4634 pae
748 4551 1144 4617 curationem
1175 4559 1238 4618 et
1261 4554 1781 4632 satisfactionem,

268 4661 356 4720 est
369 4658 635 4740 poenalis
661 4658 1023 4724 humiliatio
1058 4683 1073 4725 ε
1105 4679 1261 4742 ergo
1308 4662 1563 4728 videtur
1612 4664 1784 4745 quod

264 4760 463 4827 decuit
488 4765 857 4847 hujusmodi
895 4766 1159 4848 reperiri
1186 4768 1251 4832 in
1281 4768 1547 4833 Christo.

231 4929 241 4942 ,
337 4868 452 4934 Sed
492 4875 714 4935 contra
744 4894 760 4935 ε
793 4877 852 4935 1.
886 4871 1060 4937 Sicut
1101 4892 1372 4940 summae
1392 4876 1662 4958 justitiae
1686 4895 1790 4940 re-

266 4982 501 5059 pugnat
530 4978 808 5043 defectus
842 4981 1071 5063 culpae,
1121 4981 1212 5044 sic
1255 5001 1530 5047 summae
1573 4988 1792 5065 poten-

186 5132 193 5139 .
266 5082 362 5147 tiae
403 5091 724 5183 repugnat
766 5085 1044 5153 defectus
1074 5087 1436 5170 fragilitatis
1477 5098 1540 5155 et
1577 5091 1787 5174 impo-

322 5280 439 5343 tGs.
458 5280 603 5331 Alex.
627 5282 853 5348 Alensis,
879 5298 933 5348 p.
957 5284 1044 5346 ln,
1063 5297 1115 5347 q.
1136 5294 1184 5347 V,
1206 5286 1397 5335 memb.
1431 5289 1485 5348 13
1507 5288 1562 5339 S.
1582 5288 1787 5353 Thom.‚

268 5365 313 5414 p.
334 5352 410 5415 ΙΙΙ,
438 5368 490 5418 q.
513 5365 603 5404 xlv
620 5393 639 5417 ,
659 5359 754 5403 art.
777 5360 837 5419 ¹3
861 5363 911 5407 et
930 5357 995 5405 ΙΙΙ
1027 5356 1185 5415 Sem..
1205 5357 1321 5407 dist.
1345 5369 1432 5422 xv,
1453 5372 1504 5423 q.
1537 5372 1571 5423 1,
1596 5367 1690 5412 art.
1725 5368 1782 5422 ¹3

268 5426 313 5472 et
335 5424 393 5474 lv
412 5427 588 5476 eontra
602 5426 771 5491 Germ,
791 5442 836 5478 c.
856 5440 950 5490 ιη
972 5431 1024 5477 et
1053 5427 1226 5490 Opusc.
1249 5429 1334 5491 111,
1355 5443 1401 5478 c.
1422 5441 1531 5479 nu
1551 5435 1799 5496 etxnv113‘

3328 452 3447 514 333

1908 573 2125 638 tentiae
2149 592 2167 637 :
2192 575 2301 639 sed
2345 575 2546 640 Deum
2590 595 2842 642 summe
2880 579 3133 660 justum
3173 597 3302 645 non
3334 582 3448 646 de-

1906 680 2037 745 cuit
2071 681 2310 747 habere
2340 684 2652 749 defectum
2698 685 2904 768 culpae
2927 734 2945 765 ,
2973 704 3091 750 nec
3115 687 3186 751 in
3208 708 3296 766 se,
3329 708 3448 755 nec

1905 785 1972 849 in
2025 793 2256 853 natura
2294 795 2554 874 assupta
2593 810 2610 855 ε
2651 810 2808 873 ergo
2851 793 2990 875 pari
3035 795 3280 860 ratione
3329 816 3449 862 nec

1905 894 2219 961 defectum
2251 900 2636 981 poenalitatis
2658 905 2721 964 et
2749 901 3161 982 impotentiae.

1986 1009 2045 1067 2.
2075 1003 2256 1082 Item,
2278 1008 2640 1091 sicutculpa
2663 1009 2798 1072 sine
2816 1026 3006 1091 poena
3022 1010 3444 1092 subsequente

1905 1114 1999 1174 est
2028 1111 2411 1191 inordinata,
2455 1116 2544 1179 sic
2586 1135 2775 1199 poena
2812 1117 2950 1180 sine
2980 1116 3167 1199 culpa
3199 1136 3446 1201 praece-

1904 1217 2089 1283 dente
2120 1237 2137 1281 ε
2170 1221 2278 1285 sed
2315 1240 2446 1286 non
2491 1223 2667 1288 decet
2700 1222 2903 1287 Deum
2950 1224 3190 1307 aliquid
3241 1225 3445 1290 facere

1904 1324 2334 1393 inordinatum
2381 1330 2546 1394 circa
2591 1349 2659 1395 se
2683 1378 2702 1409 ,
2756 1348 2875 1395 nec
2927 1331 3093 1395 circa
3144 1334 3442 1396 naturam

1902 1432 2022 1495 sibi
2062 1435 2306 1500 unitam
2341 1459 2356 1500 ε
2388 1456 2544 1518 ergo
2572 1438 2625 1500 si
2653 1437 2897 1502 nullam
2938 1439 3160 1503 habuit
3188 1439 3441 1523 culpam

1902 1557 2021 1602 nec
2049 1540 2120 1604 in
2146 1559 2247 1622 se,
2287 1561 2404 1608 nec
2443 1545 2510 1607 in
2552 1548 2782 1609 natura
2807 1545 2926 1608 sibi
2958 1545 3161 1622 unita,
3190 1545 3443 1610 videtur

1901 1646 2073 1726 quod
2119 1648 2329 1713 nullos
2372 1650 2593 1714 debuit
2617 1652 2896 1715 detectus
2926 1669 3251 1717 assumere
3274 1701 3292 1729 ,
3333 1672 3443 1717 ne-

1902 1770 2028 1834 que
2054 1755 2499 1844 passibilitates
2535 1758 2616 1821 ad
2660 1758 2913 1842 culpam
2964 1765 3439 1844 consequentes,

1902 1861 2257 1925 secundum
2280 1869 2529 1928 rectum
2564 1867 2877 1931 ordinem.

1982 1973 2043 2031 3.
2089 1967 2931 2057 ltem,Christusassumpsit
2957 1975 3306 2040 humanam
3337 1995 3446 2041 na-

1904 2079 2118 2139 turam
2140 2079 2219 2141 ad
2247 2079 2597 2144 curandam
2624 2100 2764 2144 eam
2788 2101 2917 2145 non
2935 2083 3146 2146 solum
3169 2102 3208 2146 a
3233 2083 3440 2166 culpa,

1902 2185 2011 2249 sed
2038 2187 2232 2251 etiam
2252 2207 2291 2251 a
2309 2189 2651 2255 defectibus
2675 2196 2737 2255 et
2766 2192 3161 2275 passionibus
3189 2193 3442 2276 culpam

1903 2297 2435 2376 consequentibus
2486 2316 2503 2360 ε
2563 2298 2674 2362 sed
2732 2299 3049 2363 contraria
3112 2300 3446 2364 contrariis

1904 2405 2208 2465 curantur
2242 2407 2371 2466 tam
2406 2404 2477 2466 in
2504 2406 2967 2487 corporalibuS,
2999 2426 3193 2489 quam
3221 2407 3290 2470 in
3314 2409 3447 2490 spi-

1902 2507 2236 2573 ritualibus
2294 2533 2309 2573 :
2368 2529 2525 2592 ergo
2577 2513 2787 2593 magis
2839 2515 3058 2578 debuit
3121 2533 3446 2579 assumere

1903 2615 2340 2682 fortitudinem
2388 2622 2453 2681 et
2500 2618 3069 2701 impassibilitatem
3097 2621 3176 2685 ad
3202 2640 3444 2686 curan-

1902 2722 2051 2787 dam
2123 2728 2404 2788 nostram
2457 2725 2847 2790 debilitatem
2893 2731 2957 2791 et
2980 2727 3440 2809 infirmitatem,

1904 2848 2102 2911 quam
2140 2831 2419 2895 defectus
2456 2837 2703 2896 nostros
2732 2834 3072 2901 naturales.
3105 2834 3184 2898 Et
3202 2835 3325 2899 hoc
3355 2840 3451 2900 est

1903 2938 2074 3019 quod
2114 2939 2370 3003 videtur
2398 2937 2712 3022 Propheta
2750 2945 2960 3023 petere
2987 2944 3009 2978 ⁸
3043 2965 3058 3007 z
3110 2943 3445 3027 Consurqe,

1902 3059 2208 3127 consume
2237 3065 2262 3107 .-
2301 3046 2569 3113 induere
2607 3047 3081 3128 fortitudinem,
3117 3049 3449 3117 brachium

1904 3154 2184 3220 Domini.

1983 3265 2045 3324 4.
2080 3262 2261 3338 Item,
2296 3262 2580 3326 Christus
2610 3263 2786 3327 venit
2820 3265 2901 3329 ad
2929 3266 3356 3348 pugnandum
3388 3270 3451 3331 et

1903 3369 2373 3435 devincendum
2442 3371 2881 3436 adversarium
2930 3396 2943 3436 :
3000 3373 3110 3436 sed
3171 3372 3449 3437 defectus

1903 3473 2272 3558 huJusmodi
2314 3478 2459 3560 plus
2497 3483 2650 3542 sunt
2695 3479 2969 3543 ordinati
3018 3481 3100 3543 ad
3151 3479 3448 3543 deficien-

1902 3583 2055 3647 dum
2078 3631 2100 3662 ,
2129 3602 2326 3667 quam
2363 3584 2443 3647 ad
2502 3585 2927 3662 vincendum,
2970 3586 3251 3650 maxime
3295 3603 3446 3649 cum

1900 3696 2232 3773 pugnatur
2259 3696 2478 3756 contra
2505 3692 2733 3757 fortem
2767 3693 3204 3757 adversarium
3241 3712 3257 3754 ε
3287 3712 3446 3775 ergo

1901 3797 2156 3862 videtur
2206 3798 2376 3880 quod
2424 3799 2641 3882 potius
2689 3802 2844 3864 tales
2896 3801 3178 3865 defectus
3224 3801 3446 3866 debuit

1901 3904 2184 3969 Christus
2207 3905 2495 3987 rejicere,
2524 3924 2719 3988 quam
2747 3907 2817 3971 in
2841 3926 2907 3972 se
2928 3925 3280 3972 assumere.

2444 4149 2895 4230 CONCLUSIO.

1903 4335 2205 4406 Conqnmm
2229 4336 2340 4404 tuit
2368 4334 2635 4391 Christum
2662 4348 2924 4391 assumere
2949 4332 3182 4402 desectus
3222 4339 3274 4391 et
3303 4352 3440 4408 pas-

1969 4426 2142 4481 siones
2181 4427 2394 4480 nostras
2423 4427 2648 4495 propter
2675 4425 2916 4495 pretium
2958 4427 3153 4479 nostroe
3208 4426 3437 4492 salutis,

1969 4515 2271 4586 exemplum
2297 4515 2541 4580 virtutis,
2574 4517 2626 4569 et
2650 4514 3026 4581 fulcimentum
3047 4518 3239 4571 nostres
3261 4517 3440 4586 fraqi-

1972 4605 2173 4660 litatis.

1980 4763 2165 4844 Resp.
2196 4762 2276 4827 ad
2298 4780 2441 4842 arg.
2472 4761 2820 4826 Dicendum
2847 4764 3019 4844 quod
3048 4764 3286 4847 absque
3318 4767 3443 4831 du-

1898 4872 2003 4936 bio
2046 4888 2412 4951 congruum
2458 4869 2578 4933 fuit
2615 4868 2933 4934 Christum
2965 4891 3290 4938 assumere
3322 4895 3435 4939 ua-

1900 4985 2112 5043 turam
2141 4983 2424 5042 nostram
2453 4996 2602 5040 cum
2631 4978 2969 5043 defectibus
2992 4985 3054 5044 et
3076 4982 3441 5064 passibilita-

1898 5088 2066 5151 tibus
2091 5106 2109 5166 3
2146 5090 2210 5150 et
2242 5085 2365 5149 hoc
2389 5083 2618 5165 triplici
2651 5102 2734 5147 ex
2763 5104 2952 5150 causa
2977 5088 3435 5172 principaliter,

1897 5286 2204 5349 Richardus,
2236 5284 2299 5333 ΙΙΙ
2331 5282 2494 5333 Seni„
2520 5279 2637 5331 dist.
2669 5291 2758 5344 ιν,
2780 5294 2833 5345 q.
2853 5294 2893 5333 11
2909 5297 2927 5345 ;
2957 5284 3195 5349 Stephan.
3227 5286 3435 5350 Brulef„

1899 5362 1960 5409 ΙΙΙ
1985 5360 2145 5419 Seni„
2170 5357 2286 5407 dist.
2315 5365 2401 5415 xv,
2426 5366 2478 5417 q.
2496 5364 2614 5402 1.—
2631 5353 2654 5387 ²
2675 5351 2849 5412 Heln..
2877 5367 2938 5416 11,
2968 5358 3043 5406 Π.
3064 5383 3127 5396 -
3147 5358 3169 5392 ³
3191 5357 3340 5424 mid,
3364 5373 3433 5423 iv,

1900 5430 2094 5504 ¹5:-⁸
2120 5428 2266 5486 lbid„
2301 5438 2351 5490 ν,
2382 5429 2427 5475 2.
2452 5451 2496 5459 --
2530 5425 2550 5460 ³
2583 5426 2699 5483 lea„
2725 5431 2864 5486 1.1,9.
