4185 6288
1270 508 1652 578 DISTINCT.
1694 509 1800 578 xl.
1843 507 2032 578 ΛΒΤ.
2078 509 2159 575 ss.
2202 508 2500 589 QUAEST.
2547 511 2595 577 1.

431 651 593 718 Item
641 649 928 717 Christus
969 647 1025 713 si
1049 652 1147 713 est
1170 651 1483 726 creatura,
1514 653 1629 714 aut
1653 649 1776 714 hoc
1803 653 1899 713 est

355 759 597 824 ratione
626 762 901 837 naturae,
927 761 1042 821 aut
1054 756 1296 821 ratione
1311 774 1599 840 personae
1616 779 1631 820 ε
1651 758 1898 823 ratione

355 874 606 935 naturae
630 886 790 946 non,
820 867 973 951 quia
999 870 1234 931 natura
1257 884 1388 930 non
1409 865 1793 948 praedicatur
1820 866 1897 930 de

355 976 635 1055 Christ03
665 976 913 1040 ratione
953 991 1242 1057 personae
1269 991 1421 1052 non,
1452 973 1603 1055 quia
1629 990 1899 1055 persona

359 1084 584 1148 Christi
627 1102 760 1147 non
790 1087 888 1147 est
912 1085 1141 1160 creata,
1176 1081 1288 1145 sed
1335 1079 1508 1146 Patri
1536 1085 1849 1144 coaeterna
1880 1101 1895 1143 :

357 1210 515 1273 ergo
541 1191 725 1255 nullo
779 1190 969 1255 modo
995 1207 1227 1254 verum
1272 1192 1368 1252 est
1416 1188 1590 1271 quod
1616 1187 1902 1254 Christus

357 1299 440 1362 sit
459 1303 778 1363 creatura.

924 1482 1378 1550 CONCLUSIO.

367 1636 636 1694 Christum
671 1649 778 1691 esse
809 1637 1112 1690 creaturam
1151 1648 1260 1688 non
1300 1633 1454 1689 debet
1486 1634 1770 1689 admittere
1811 1650 1903 1690 ca·

437 1728 660 1783 tholicus
690 1726 992 1795 theoloqus,
1041 1726 1152 1781 nisi
1195 1741 1314 1780 cum
1348 1724 1813 1794 determinatione,
1853 1725 1906 1778 in

434 1825 682 1891 quantum
710 1816 894 1885 homo,
934 1816 1067 1886 quia
1103 1816 1235 1871 talis
1268 1830 1435 1871 sermo
1462 1815 1603 1872 male
1636 1815 1906 1885 intelliqi-

444 1908 569 1963 bilis
599 1912 703 1973 est,
741 1911 794 1963 et
818 1906 963 1962 male
990 1906 1289 1963 intellectus
1313 1907 1447 1974 fuit.

447 2070 634 2154 Resp.
665 2069 747 2134 ad
775 2087 920 2150 arg.
978 2068 1323 2132 Dicendum
1375 2068 1546 2150 quod
1573 2069 1912 2151 praedictus

370 2195 577 2241 sermo
605 2193 644 2239 a
686 2175 1052 2240 doctoribus
1094 2174 1441 2256 theologiae
1489 2175 1914 2239 communiter

372 2303 501 2350 non
526 2284 874 2367 recipitur:
916 2307 947 2345 α
971 2283 1275 2360 ChristuS,
1302 2285 1437 2348 sive
1461 2283 1633 2346 filius
1674 2282 1782 2347 Dei
1820 2287 1916 2347 est

372 2396 682 2456 creatura.
735 2413 764 2450 n
803 2390 1152 2455 Adhaerent
1179 2389 1351 2455 enim
1380 2390 1596 2454 verbis
1629 2390 1914 2471 Magistri

372 2499 437 2562 in
467 2499 699 2563 littera.
724 2498 906 2562 Ratio
946 2503 1161 2562 autem
1204 2517 1403 2580 quare
1428 2515 1559 2561 non
1587 2498 1911 2581 recipitur,

280 2600 292 2610 ⁶
371 2611 464 2671 oet
490 2608 643 2690 quia
670 2606 815 2669 talis
842 2623 1051 2670 sermo
1080 2609 1177 2669 est
1223 2606 1623 2688 propinquus
1662 2605 1862 2669 errori
1896 2628 1909 2668 :

371 2715 570 2780 errori
599 2718 816 2779 autem
844 2714 1334 2796 appropinquat,
1357 2717 1420 2776 et
1445 2713 1599 2795 quia
1620 2712 1788 2776 male
1810 2711 1918 2775 ali-

374 2823 631 2906 quando
685 2820 1042 2887 intellectus
1091 2824 1184 2884 oet
1210 2821 1291 2884 ab
1318 2821 1636 2885 haereticis
1683 2819 1919 2884 arianis

378 2933 484 3014 (α),
514 2934 579 2995 et
629 2930 822 2994 etiam
851 2927 1004 3011 quia
1026 2928 1103 2992 de
1124 2945 1192 2991 se
1224 2927 1386 2991 male
1413 2932 1505 2990 est
1537 2925 1917 3007 intelligibi-

371 3039 472 3104 lis.
500 3038 697 3102 Arius
731 3037 805 3119 (b)
836 3055 1116 3120 namque
1160 3036 1325 3099 dixit
1363 3034 1599 3099 Filium
1629 3034 1738 3098 Dei
1785 3053 1919 3099 esse

372 3153 736 3214 creaturam
770 3169 784 3211 :
829 3152 893 3211 et
939 3146 1240 3229 quoniam
1291 3146 1581 3210 Christus
1631 3142 1922 3207 nominat

374 3275 716 3339 personam
746 3254 889 3319 Filii
918 3254 1029 3318 Dei
1052 3276 1070 3333 ;
1097 3254 1210 3336 qui
1245 3253 1396 3317 dicit
1436 3251 1759 3315 Christum
1787 3269 1921 3314 6556

377 3364 736 3424 creaturam
762 3407 780 3436 ,
856 3375 985 3421 non
1073 3356 1499 3420 determinans
1568 3353 1922 3417 secundum

377 3486 573 3550 quam
610 3471 909 3530 naturam
940 3464 1280 3544 intelligat,
1313 3461 1567 3526 videtur
1617 3461 1784 3524 idem
1819 3460 1922 3522 di-

379 3592 520 3638 cere
548 3573 721 3656 quod
749 3572 950 3637 Arius
974 3573 1050 3651 (b)
1082 3571 1275 3652 impie
1321 3569 1538 3632 sensit.
1593 3567 1703 3631 Est
1732 3569 1923 3631 etiam

378 3683 546 3748 male
581 3680 1007 3762 intelligibilis
1055 3680 1134 3744 de
1158 3699 1227 3743 se
1268 3682 1528 3761 propter
1550 3695 1925 3760 repugnan-

377 3794 529 3857 tiam
563 3791 1042 3855 intellectuum:
1070 3794 1364 3854 creatura
1394 3787 1588 3864 enim,
1607 3790 1926 3869 quantum

376 3906 468 3966 est
493 3902 572 3965 de
612 3900 857 3964 ratione
885 3898 984 3961 sui
1027 3897 1327 3974 nominiS,
1358 3896 1510 3961 dicit
1563 3897 1924 3976 respectum

374 4011 452 4075 ad
480 4011 841 4074 Creatorem
865 4028 882 4085 ;
910 4006 1063 4070 dicit
1087 4005 1280 4068 etiam
1306 4004 1568 4088 aliquid,
1597 4003 1770 4086 quod
1806 4002 1922 4065 ha-

379 4121 482 4183 bet
500 4135 638 4182 esse
666 4120 806 4199 post
832 4133 964 4178 non
993 4131 1157 4192 esse3
1189 4112 1338 4176 dicit
1370 4113 1561 4176 etiam
1590 4111 1760 4194 quod
1809 4109 1927 4173 ha-

381 4228 483 4291 bet
509 4243 649 4290 6556
673 4222 929 4287 aliunde
954 4239 1068 4304 per
1097 4220 1489 4284 voluntatem
1533 4219 1876 4302 procedens
1906 4237 1923 4282 ε

383 4352 539 4417 ergo
567 4334 638 4397 in
667 4331 776 4395 tali
829 4328 1149 4393 locutione
1198 4326 1555 4390 intellectus
1604 4324 1929 4408 praedicati

391 4458 755 4526 repugnare
782 4437 1035 4503 videtur
1060 4435 1407 4501 intellectui
1432 4435 1635 4517 ipsius
1660 4434 1930 4519 subjecti

386 4548 739 4614 secundum
767 4543 1081 4626 triplicem
1107 4543 1591 4607 dissonantiam.
1624 4541 1701 4606 Et
1742 4561 1929 4625 prop-

390 4662 556 4721 terea
574 4651 924 4738 praedictus
949 4667 1161 4713 sermo
1183 4654 1277 4713 est
1304 4648 1465 4712 male
1493 4648 1930 4729 intelligibilis,

392 4770 450 4831 et
474 4765 595 4830 fuit
620 4760 789 4826 male
816 4758 1175 4823 intellectus
1202 4779 1217 4820 ε
1249 4761 1314 4821 et
1332 4775 1446 4840 per
1474 4758 1596 4821 hoc
1614 4760 1709 4820 est
1734 4757 1935 4820 errori

392 4873 814 4957 propinqum.
854 4865 940 4951 Et„
968 4865 1272 4948 quoniam
1300 4883 1510 4928 sermo
1532 4863 1936 4944 theologicus

391 4982 573 5048 debet
598 4995 738 5044 esse
769 4973 1114 5039 catholicus
1131 5021 1150 5051 ,
1179 4975 1243 5035 et
1271 4972 1543 5036 usitatus
1567 5020 1585 5049 ‚
1625 4971 1706 5034 ab
1744 4971 1935 5034 intel-

393 5091 553 5156 lectu
580 5106 718 5153 non
737 5084 1054 5159 dissonus»,
1087 5082 1149 5144 et
1171 5080 1288 5158 rei,
1318 5079 1396 5143 (16
1423 5096 1552 5162 qua
1586 5077 1932 5160 loquimur,

395 5213 746 5272 consonus;
800 5193 1142 5274 propterea
1182 5186 1527 5270 praedictus
1571 5203 1782 5249 sermo
1809 5202 1939 5248 non

395 5308 715 5391 recipitur,
747 5300 876 5365 nisi
903 5296 1366 5364 determinetur
1398 5317 1413 5357 ε
1449 5293 1618 5359 unde
1663 5295 1939 5359 rationes

396 5409 814 5480 eoncedendae
841 5409 1013 5480 sunt,
1027 5422 1174 5486 quae
1197 5400 1541 5467 ostendunt
1565 5402 1938 5484 praedictum

399 5532 759 5591 sermonem
786 5530 920 5579 non
948 5527 1087 5575 esse
1112 5508 1593 5574 admittendum.

3429 518 3542 580 251

2085 653 2116 711 1
2164 650 2228 712 et
2261 653 2322 712 Ξ.
2369 648 2466 712 Ad
2512 648 2670 713 illud
2725 666 2883 731 ergo
2936 649 3110 732 quod
3137 650 3435 733 objicitur
3480 652 3551 717 in

2003 755 2394 821 contrarium
2422 757 2501 822 (16
2533 760 2901 821 sanctorum
2926 758 3426 838 auctoritatibus,
3448 761 3551 826 di-

2004 862 2280 928 cendum
2306 864 2478 946 quod
2502 865 2701 929 sancti
2726 863 3067 946 aliquando
3114 864 3390 930 multum
3435 885 3555 932 ex-

2005 988 2220 1054 presse
2274 970 2630 1053 loquuntur
2668 970 2979 1054 ampliuS,
3023 989 3221 1053 quam
3264 973 3554 1038 admittat

2006 1077 2372 1141 communis
2400 1095 2592 1158 usna,
2623 1078 2705 1141 ob
2760 1077 3002 1160 aliquid
3034 1079 3549 1160 exprimendum.

2007 1185 2085 1250 Et
2114 1186 2271 1250 tales
2316 1203 2642 1250 sermones
2669 1204 2798 1250 non
2828 1191 3072 1269 oportet
3129 1187 3408 1267 extendi,
3443 1190 3553 1254 sed

2009 1295 2225 1377 potius
2254 1294 2464 1375 magis
2492 1298 2646 1357 sunt
2680 1295 3042 1377 exponendi
3074 1317 3089 1358 ε
3121 1299 3184 1360 et
3210 1295 3301 1359 sic
3346 1300 3441 1359 est
3486 1297 3555 1361 in

2009 1402 2311 1486 praedicto
2359 1420 2652 1467 sermone
2677 1452 2696 1483 ,
2757 1421 2908 1468 cum
2964 1403 3181 1467 dicunt
3232 1401 3553 1468 Christum

2009 1529 2147 1576 esse
2187 1514 2543 1576 creaturam
2595 1534 2611 1576 :
2644 1512 2766 1576 hoc
2808 1515 3028 1577 autem
3072 1512 3290 1577 dicunt
3329 1531 3558 1577 secun-

2009 1620 2167 1684 dum
2193 1619 2547 1684 humanam
2573 1623 2896 1699 naturam,
2911 1623 2977 1684 et
2997 1638 3148 1684 vere
3176 1620 3552 1703 loquuntur;

2012 1746 2146 1793 non
2186 1730 2400 1793 tamen
2451 1732 2699 1810 oportet
2753 1746 3115 1793 sermonem
3150 1728 3345 1793 istum
3390 1727 3557 1792 trahi

2013 1836 2095 1900 ad
2117 1853 2525 1900 communem
2554 1854 2771 1899 usum.

2096 1949 2156 2007 3.
2178 1944 2275 2008 Ad
2302 1943 2457 2008 illud
2485 1943 2657 2027 quod
2684 1943 2981 2026 objicitur
3005 1942 3084 2007 de
3112 1941 3324 2006 verbis
3354 1946 3555 2025 Apos-

2017 2051 2152 2130 toli,
2184 2069 2314 2134 quo
2336 2051 2604 2116 dicitur:
2639 2051 2902 2117 Factum
2925 2049 3006 2115 de
3035 2050 3315 2129 muliere,
3346 2050 3563 2117 dicen-

2018 2158 2176 2222 dum
2202 2157 2375 2240 quod
2423 2158 2557 2239 ipsa
2586 2156 3029 2221 determinatio
3055 2155 3135 2221 de
3180 2156 3479 2237 muliere,
3502 2160 3565 2221 et

2018 2264 2142 2329 alia
2164 2264 2630 2343 determinati0‚
2679 2283 2807 2347 qua
2860 2264 3011 2328 dicit
3036 2263 3127 2328 ad
3152 2265 3467 2329 Romanos
3491 2265 3509 2299 ¹
3541 2287 3559 2326 .-

2023 2373 2156 2450 Qui
2186 2373 2398 2452 sactus
2432 2377 2525 2437 est
2556 2387 2642 2437 ex
2680 2373 2917 2437 semine
2950 2370 3165 2437 David
3214 2368 3563 2437 secundum

2019 2496 2298 2558 carnem,
2328 2478 2596 2543 trahunt
2639 2479 2763 2543 hoc
2788 2479 3195 2558 vocabulum,
3220 2481 3454 2560 factm,
3484 2479 3565 2543 ad

2021 2588 2341 2666 standum,
2357 2590 2495 2652 sive
2514 2588 2875 2671 ponendam
2899 2604 3038 2651 rem
3064 2604 3248 2650 suam
3267 2587 3432 2651 circa
3458 2606 3567 2658 na-

2021 2699 2236 2759 turam
2299 2699 2714 2778 assumptam.
2773 2694 2852 2759 Et
2910 2693 3052 2757 ideo
3108 2710 3238 2756 non
3280 2693 3569 2775 sequitur

2023 2807 2282 2886 propter
2305 2803 2429 2866 hoc
2451 2851 2468 2881 ,
2499 2803 2670 2885 quod
2697 2802 2851 2866 tales
2889 2800 3240 2865 locutiones
3277 2800 3405 2863 sint
3430 2799 3567 2864 sine

2024 2912 2548 2977 determinatione
2577 2911 3015 2976 concedendae.

2106 3024 2166 3082 4.
2201 3019 2300 3084 Ad
2319 3020 2478 3084 illud
2506 3019 2679 3102 quod
2709 3020 3029 3102 objicitur,
3058 3017 3227 3101 quod
3256 3016 3398 3080 haec
3416 3034 3571 3081 con-

2023 3126 2273 3192 ceditur
2299 3127 2436 3191 sine
2484 3126 3009 3192 determinatione
3039 3150 3053 3188 :
3105 3151 3135 3187 α
3165 3125 3451 3192 Christus
3478 3128 3573 3189 est

2029 3235 2305 3314 Creator,
2333 3256 2364 3294 n
2403 3235 2741 3298 dicendum
2794 3236 2964 3318 quod
3009 3253 3140 3299 non
3189 3237 3282 3298 est
3325 3234 3566 3310 simile:

2028 3343 2335 3427 quoniam
2369 3343 2665 3409 Christus
2687 3343 2977 3407 nominat
3003 3361 3339 3425 personam
3356 3342 3568 3419 Verbi,

2028 3469 2178 3533 quae
2208 3458 2301 3513 est
2330 3450 2632 3526 increata,
2653 3455 2717 3514 et
2741 3451 3036 3514 increatae
3060 3455 3309 3514 naturae
3335 3467 3449 3531 per
3469 3466 3572 3512 es-

2030 3558 2300 3621 sentiam
2323 3562 2387 3621 et
2413 3562 2707 3621 naturam
2761 3559 3105 3640 propriam.
3158 3556 3302 3621 ldeo
3328 3574 3459 3621 non
3487 3556 3576 3620 ita

2029 3666 2483 3730 convenienter
2510 3666 2880 3729 attribuitur
2898 3665 2956 3729 ei
2989 3664 3372 3728 vocabulum
3400 3681 3577 3728 crea-

2031 3775 2220 3853 turae,
2251 3774 2415 3837 sicut
2445 3773 2774 3851 CreatoriS,
2815 3772 2965 3854 quia
3007 3789 3137 3835 non
3164 3775 3258 3834 est
3305 3770 3448 3834 talis
3472 3770 3572 3833 in-

2031 3880 2404 3943 tellectuum
2433 3880 2841 3943 dissonantia.
2880 3877 3192 3942 Praeterea
3232 3877 3337 3941 ille
3366 3896 3576 3941 sermo

2032 4006 2164 4051 non
2194 3987 2281 4050 ita
2306 3987 2712 4071 approximat
2734 4004 2982 4051 veneno
3003 3985 3259 4062 erroriS‚
3277 3984 3441 4048 sicut
3450 4002 3578 4047 ser-

2036 4115 2142 4161 mo
2185 4098 2546 4179 propositus
2585 4118 2599 4158 z
2644 4100 2709 4159 et
2746 4094 2836 4157 ita
2878 4096 3050 4176 patet
3084 4091 3255 4175 qnod
3311 4109 3441 4154 non
3487 4093 3580 4153 est

2035 4205 2457 4287 respuendus,

2119 4318 2180 4376 5.
2218 4313 2315 4376 Ad
2342 4312 2498 4376 illud
2528 4310 2694 4394 quod
2723 4308 3089 4392 opponitur,
3118 4304 3289 4388 quod
3313 4304 3391 4369 (16
3417 4321 3579 4387 quo-

2036 4439 2315 4504 cumque
2337 4420 2720 4503 praedicatur
2737 4417 3027 4495 inferius,
3055 4418 3120 4478 et
3144 4412 3461 4496 superiuS,
3484 4412 3580 4475 di-

2037 4531 2313 4595 cendum
2356 4528 2528 4612 quod
2563 4545 2792 4591 verum
2839 4528 2954 4603 est,
2997 4526 3313 4606 quantum
3363 4524 3460 4584 est
3504 4521 3587 4586 de

2038 4638 2279 4703 virtute
2333 4634 2650 4699 illationis,
2704 4631 2881 4696 Unde
2933 4631 2987 4694 si
3033 4630 3174 4693 haec
3227 4632 3322 4691 est
3367 4644 3520 4690 vera
3565 4649 3580 4690 z

2048 4769 2079 4807 α
2112 4744 2331 4808 Petrus
2372 4747 2467 4805 est
2505 4741 2721 4817 hom0,
2771 4762 2801 4799 ι»
2840 4718 3080 4819 absque
3129 4735 3326 4800 dubio
3356 4754 3587 4800 verum

2049 4858 2178 4918 est:
2213 4875 2243 4912 (ι
2268 4850 2491 4915 Petrus
2516 4853 2611 4913 est
2632 4846 2892 4911 animal.
2915 4868 2945 4903 »2
2974 4844 3078 4908 Sic
3104 4844 3294 4907 etiam
3331 4843 3586 4907 concedi

2046 4961 2271 5044 potest,
2302 4957 2474 5041 quod
2493 4956 2547 5019 si
2571 4972 2721 5018 vere
2757 4957 2851 5017 est
2874 4952 3090 5029 homo,
3122 4950 3292 5033 quod
3319 4968 3470 5015 vere
3497 4955 3591 5014 est

2042 5070 2336 5132 creatura
2385 5087 2399 5127 ε
2435 5081 2564 5126 non
2592 5066 2804 5124 tamen
2833 5060 3079 5141 oportet
3100 5057 3270 5139 quod
3298 5057 3349 5120 si
3376 5056 3590 5139 aliqua

2042 5174 2358 5239 locutione
2385 5168 2695 5234 utendum
2739 5169 2835 5230 est
2862 5183 3011 5228 cum
3054 5164 3343 5228 inferiori
3365 5213 3382 5241 ‚
3414 5164 3585 5247 quod

2042 5281 2357 5347 utendum
2384 5279 2467 5341 sit
2488 5294 2564 5340 ea
2590 5292 2740 5338 cum
2761 5271 3092 5358 superiori,
3106 5274 3367 5356 propter
3382 5272 3588 5336 diver-

2113 5447 2184 5514 (α)
2207 5445 2325 5496 Coet.
2350 5442 2472 5494 edit.
2504 5438 2747 5492 Arrianis.
2781 5461 2843 5480 -
2870 5437 2942 5505 (ὁ)
2969 5437 3161 5491 Atrine.

2110 5521 2127 5556 ¹
2158 5520 2315 5581 Rom,
2342 5527 2383 5579 1,
2400 5518 2449 5567 2.
