4185 6288
1594 546 1979 616 DISTINC'I'.
2026 549 2134 615 ΙΙΙ.
3386 560 3466 621 83

268 684 344 748 sic
362 682 531 749 Deus
560 681 759 749 Pater
792 681 1102 748 formavit
1129 699 1387 748 carnem
1412 687 1808 767 assumptam

269 790 572 855 mediante
590 789 837 874 Spiritu
859 792 1100 854 sancto.
1129 787 1201 853 In
1217 788 1341 853 hoc
1364 791 1460 853 est
1481 788 1805 870 dissimile,

269 899 407 982 quia
430 898 704 980 spiritus
737 897 1019 981 spiratus
1042 914 1083 961 a
1108 900 1399 960 creatura
1424 900 1519 960 est
1543 896 1812 961 vehicu-

269 1004 393 1069 lum
418 1004 630 1085 verbi,
663 1023 801 1070 non
827 1005 920 1069 sic
941 1004 1217 1088 Spiritus
1240 1008 1495 1069 sanctus
1520 1023 1809 1088 personae

272 1110 444 1179 Filii:
487 1130 821 1195 nusquam
867 1111 1039 1176 enim
1084 1117 1179 1177 est
1222 1129 1495 1196 persona
1539 1110 1813 1195 Spiritus

272 1219 498 1299 sancti,
526 1220 650 1284 ubi
677 1237 809 1285 uon
840 1219 924 1284 sit
959 1237 1232 1302 persona
1259 1217 1501 1284 Verbi:
1532 1221 1599 1284 et
1633 1219 1807 1301 ide0‚

272 1328 583 1409 quantum
608 1324 690 1391 ad
718 1326 871 1405 hoc,
910 1326 1260 1392 similitudo
1294 1343 1428 1392 non
1468 1329 1671 1410 potest
1695 1344 1812 1393 nec

277 1432 456 1499 debet
476 1433 743 1500 attendi.

349 1545 410 1606 2.
452 1541 553 1607 Ad
608 1540 768 1606 illud
809 1540 982 1624 quod
1023 1540 1392 1624 opponitur,
1437 1541 1609 1625 quod
1655 1542 1813 1607 unio

283 1650 635 1715 voluntaria
676 1653 771 1716 oet
814 1649 1128 1714 mediante
1177 1667 1432 1725 amore,
1474 1649 1813 1715 dicendum

288 1757 445 1840 quod
468 1758 625 1822 unio
652 1756 1012 1823 voluntaria
1037 1756 1269 1822 dicitur
1294 1755 1673 1841 dupliciter:
1702 1760 1818 1823 aut

292 1864 428 1947 quia
447 1867 541 1930 est
567 1885 607 1929 a
634 1864 980 1944 voluntate,
1020 1868 1134 1930 aut
1161 1864 1312 1947 quia
1338 1867 1436 1929 est
1458 1864 1814 1931 secundum

294 1971 691 2036 voluntatem.
733 1971 845 2037 Illa
884 1970 1041 2035 unio
1075 1987 1224 2054 quae
1260 1973 1356 2034 est
1388 1969 1753 2036 voluntaria
1776 1990 1818 2037 a

298 2078 624 2155 voluntate,
677 2080 774 2142 aet
824 2078 1143 2143 mediante
1190 2095 1409 2143 amore
1459 2077 1626 2143 sicut
1677 2079 1819 2145 effl-

303 2185 514 2265 ciente3
552 2186 667 2251 illa
703 2204 858 2253 vero
896 2204 1043 2269 quae
1070 2189 1165 2250 est
1190 2186 1552 2251 voluntaria
1586 2206 1817 2254 secun-

305 2311 434 2357 cum
473 2293 889 2373 voluntatem,
935 2294 1044 2358 illa
1086 2294 1281 2359 habet
1317 2293 1456 2359 fleri
1501 2296 1817 2362 mediante

306 2419 519 2483 amore,
544 2403 706 2467 sicut
728 2403 983 2485 glutino
1008 2405 1466 2489 conjungente.
1486 2402 1635 2470 Dico
1660 2424 1817 2488 ergo

308 2509 456 2592 quod
491 2509 642 2575 unio
680 2509 870 2576 Verbi
903 2511 985 2576 ad
1010 2510 1365 2576 humanam
1396 2516 1696 2577 naturam
1724 2519 1818 2578 est

309 2616 658 2699 voluntaria,
681 2618 840 2702 quia
861 2622 957 2682 est
975 2637 1015 2682 a
1036 2617 1364 2683 voluntate
1386 2639 1403 2684 τ
1430 2619 1539 2683 sed
1566 2638 1698 2685 non
1725 2625 1820 2686 ost

311 2723 667 2808 voluntaria,
713 2729 870 2810 quia
909 2728 985 2791 fit
1021 2727 1374 2792 secundum
1416 2727 1820 2793 conformita-

312 2834 417 2895 tem
441 2833 834 2900 voluntatum
855 2883 875 2914 ,
904 2835 1016 2899 sed
1038 2834 1250 2918 potius
1277 2835 1632 2901 secundum
1667 2854 1820 2901 con·

302 2937 656 3019 junctionem
699 2946 1088 3007 naturarum
1131 2941 1200 3007 in
1236 2960 1370 3007 una
1410 2960 1702 3025 persona.
1742 2943 1820 3009 Et

303 3043 418 3112 ideo
452 3067 573 3115 non
614 3050 941 3135 sequitur,
981 3049 1154 3134 quod
1193 3048 1333 3115 talis
1366 3049 1521 3115 unio
1543 3052 1656 3114 flat
1681 3069 1821 3116 me-

294 3154 472 3224 diante
496 3158 743 3245 Spiritu
776 3161 1008 3224 sancto
1047 3158 1211 3223 sicut
1240 3159 1506 3225 vinculo
1538 3160 1822 3226 interve-

284 3265 495 3349 niente,
522 3269 632 3334 sed
660 3268 890 3352 potius
915 3266 1084 3331 sicut
1113 3265 1425 3351 principio
1447 3267 1781 3334 efficiente.

341 3373 393 3434 3.
417 3373 509 3437 Ad
542 3373 709 3438 illud
742 3369 938 3456 quod
965 3371 1340 3454 opponitur,
1381 3370 1555 3455 quod
1580 3371 1821 3438 divinae

1918 701 2210 770 personas
2239 686 2584 749 nectuntur
2608 683 2925 750 mediante
2951 684 3197 768 Spiritu
3218 693 3461 766 sancto,

1918 791 2263 856 dicendum
2305 791 2478 874 quod
2519 809 2648 856 non
2679 795 2774 855 est
2799 791 3003 856 simile
3014 810 3036 875 3
3074 793 3229 876 quia
3259 813 3467 859 nexus

1918 898 2196 963 duarum
2253 916 2669 981 personarum
2716 897 3062 963 attenditur
3110 900 3464 965 secundum

1919 1005 2405 1089 productionem
2437 1022 2727 1089 personae
2756 1005 2954 1070 unius
2977 1024 3091 1089 per
3119 1006 3467 1071 voluntatis

1916 1113 2393 1179 foecunditatem
2409 1163 2427 1194 ‚
2460 1114 2547 1180 ita
2575 1115 2748 1198 quod
2776 1114 2942 1180 inter
2964 1114 3106 1180 illas
3130 1132 3460 1198 personas,

1919 1225 1983 1285 et
2007 1240 2231 1286 earum
2260 1239 2526 1304 nexum,
2557 1227 2653 1288 est
2677 1220 2997 1288 distinctio
3021 1240 3460 1305 personarum.

1922 1327 2066 1395 Non
2105 1331 2197 1396 sic
2235 1336 2452 1397 autem
2489 1333 2584 1395 aet
2618 1330 2686 1395 in
2730 1330 3090 1414 proposito,
3132 1331 3283 1413 quia
3317 1329 3465 1396 duae

1921 1442 2173 1503 naturae
2200 1443 2595 1503 concurrunt
2621 1438 2688 1502 in
2715 1437 3025 1502 unitatem
3051 1455 3362 1521 personae.

2001 1543 2065 1604 4.
2109 1539 2206 1603 Ad
2229 1540 2382 1605 illud
2413 1540 2584 1623 quod
2611 1540 2980 1623 opponitur,
3006 1539 3173 1622 quod
3206 1540 3468 1623 propin-

1923 1647 2115 1731 quior
2155 1651 2250 1711 est
2279 1648 2464 1712 uobis
2505 1665 2777 1731 persona
2806 1646 3079 1730 Spiritus
3106 1647 3337 1725 sancti,
3365 1648 3467 1712 di-

1923 1755 2199 1821 cendum
2223 1755 2394 1838 quod
2427 1755 2550 1819 hoc
2577 1754 2820 1819 dictum
2843 1757 2938 1819 est
2963 1773 3079 1837 per
3101 1755 3467 1838 appropria·

1922 1862 2200 1943 tionem,
2260 1881 2390 1927 non
2427 1862 2580 1946 quia
2632 1880 2904 1946 persona
2943 1860 3223 1945 Spiritus
3266 1863 3468 1927 sancti

1926 1971 2135 2052 magis
2170 1970 2425 2035 accedat
2465 1969 2545 2033 ad
2581 1975 2879 2034 naturam
2922 1973 3237 2048 creatam,
3272 1987 3470 2052 quam

1925 2095 2198 2160 persona
2213 2074 2425 2153 Verbi;
2454 2075 2563 2140 sed
2588 2075 2742 2158 quia
2766 2078 3020 2139 tantum
3051 2074 3353 2157 procedit,
3380 2074 3471 2140 ita

1925 2188 2097 2272 quod
2122 2206 2250 2255 non
2279 2188 2567 2273 producit
2593 2188 2788 2252 aliam
2816 2204 3179 2270 personam,
3224 2191 3288 2251 et
3319 2205 3472 2271 pro-

1925 2295 2088 2359 cedit
2121 2314 2233 2377 per
2253 2296 2515 2360 modum
2537 2295 2966 2360 foecunditatis
2993 2293 3363 2359 voluntatis.
3395 2292 3475 2359 Et

1925 2402 2236 2484 quoniam
2301 2420 2526 2466 omnes
2580 2406 2893 2466 creaturae
2945 2400 3270 2484 productae
3321 2406 3472 2466 sunt

1927 2509 2306 2589 voluntarie,
2335 2513 2507 2573 etex
2534 2508 2755 2573 divina
2780 2507 3178 2586 liberalitate,
3202 2507 3354 2573 hinc
3379 2515 3474 2574 est

1925 2618 2096 2700 quod
2143 2635 2414 2701 persona
2456 2616 2731 2700 Spiritus
2766 2617 2971 2681 sancti
3015 2615 3250 2681 dicitur
3287 2616 3473 2680 nobis

1927 2726 2139 2805 magis
2193 2725 2728 2808 appropinquare.
2786 2723 2864 2788 Et
2921 2723 3063 2789 ideo
3116 2723 3472 2787 secundum

1925 2832 2272 2916 quamdam
2314 2832 2894 2915 appropriationem
2933 2829 3188 2896 concedi
3232 2833 3472 2913 potest,

1926 2940 2098 3023 quod
2128 2940 2284 3004 unio
2322 2939 2431 3004 illa
2463 2940 2575 3003 ssat
2611 2939 2926 3004 mediante
2956 2938 3198 3022 SpIritu
3228 2940 3470 3017 sanct0,

1927 3066 2078 3113 cum
2111 3049 2192 3113 sit
2217 3048 2541 3132 gratuita:
2570 3067 2610 3112 a
2637 3047 2882 3131 Spiritu
2907 3051 3148 3126 sancto,
3180 3046 3470 3129 inquam,

1926 3157 2236 3223 efficiente
2274 3158 2630 3242 secundum
2682 3156 3297 3241 appropriationem,
3341 3173 3473 3220 non

1928 3268 2392 3335 interveniente
2424 3272 2643 3334 tamen
2681 3267 3032 3333 secundum
3073 3263 3472 3350 personalem

1925 3372 2418 3456 distinctionem,
2446 3377 2552 3442 vel
2581 3374 3051 3442 discretionem.

1387 3780 2120 3881 DISTINCTIO
2204 3783 2363 3876 111

376 4053 451 4100 DE
490 4053 693 4101 mm
740 4047 933 4106 Qun(
978 4045 1228 4095 mum(
1272 4046 1636 4097 assumam:
1688 4047 1910 4104 ouans
1963 4047 2128 4095 mn
2169 4046 2426 4096 ruam.
2474 4044 2554 4093 m·
2597 4042 2816 4100 omns
2859 4041 3172 4091 munera
3214 4042 3332 4089 SIT.

354 4254 672 4336 Quaeritur
698 4252 919 4324 etiam
946 4250 1031 4319 de
1057 4273 1250 4322 carne
1274 4251 1507 4339 Verbi,
1539 4274 1656 4340 an,
1697 4252 2092 4346 priusquam
2120 4249 2597 4342 conciperetur,
2628 4245 2918 4337 obligata
2943 4245 3143 4344 fuerit
3167 4251 3460 4338 peccate,
3570 4299 3635 4346 Β.

291 4388 364 4437 an
386 4378 445 4438 et
465 4371 614 4440 talis
638 4374 990 4460 assumpta
1023 4367 1226 4437 fuerit
1254 4391 1295 4438 a
1323 4367 1570 4440 Verbo.
1603 4367 1776 4439 Sane
1802 4368 1933 4438 dici
1959 4376 2168 4463 potest
2193 4376 2257 4437 et
2292 4364 2470 4435 credi
2497 4370 2790 4458 oportet,
2831 4362 3024 4455 juxta
3071 4362 3462 4431 Sanctorum
3491 4361 3687 4482 322⁸-

300 4487 696 4556 attestationis
722 4484 1293 4574 convenientiam,
1321 4485 1531 4579 ipsam
1561 4486 1746 4579 prius
1772 4496 2031 4580 peccato
2061 4486 2262 4555 fuisse
2301 4481 2656 4554 obnoxiam
2681 4480 2851 4548 sicut
2883 4478 3142 4571 reliqua
3167 4476 3466 4566 Virginis
3530 4488 3668 4536 nou..

306 4619 462 4688 carc,
487 4602 595 4672 sed
622 4602 922 4694 Spiritus
947 4603 1185 4671 sanctis
1212 4602 1587 4695 operatione
1613 4603 1709 4672 ita
1735 4602 2119 4672 mundatam
2139 4654 2159 4688 ,
2201 4607 2278 4670 ut
2317 4599 2401 4669 ab
2428 4597 2612 4668 omni
2640 4595 2882 4690 peccati
2910 4594 3301 4686 contagione
3342 4594 3466 4663 im·

312 4719 503 4786 munis
526 4720 833 4789 uniretur
858 4717 1119 4806 verbe,
1152 4741 1348 4811 poena
1373 4726 1669 4807 tantum,
1704 4742 1840 4789 non
1868 4718 2246 4789 necessitate
2265 4771 2284 4807 ,
2317 4716 2428 4785 sed
2458 4714 2799 4785 voluntate
2825 4711 3216 4781 assumentis
3258 4733 3473 4781 rema-

315 4842 501 4903 nente.
526 4835 803 4906 Mariam
828 4857 1100 4929 quoque
1124 4844 1329 4905 totam
1356 4836 1646 4929 Spiritus
1671 4844 1934 4906 sanctus
1961 4835 2032 4904 in
2058 4858 2206 4906 eam
2237 4832 2648 4928 praeveniens
2667 4853 2707 4898 a
2728 4835 2988 4921 peccato
3017 4850 3285 4919 prorsus
3311 4851 3398 4922 pu
3409 4851 3473 4897 r-

320 4950 493 5038 gavit,
521 4960 580 5023 et
604 4975 641 5023 a
666 4953 896 5023 fomite
923 4952 1166 5045 peccati
1193 4953 1391 5022 etiam
1417 4952 1749 5043 liberavit,
1782 4952 1889 5023 vel
1923 4952 2229 5022 fomitem
2258 4950 2478 5044 ipsum
2505 4947 2769 5040 penitus
2793 4942 3195 5031 evacuando,
3225 4951 3303 5013 ut
3327 4945 3477 5038 qui-

320 5061 558 5138 busdam
584 5069 824 5163 placet,
870 5067 982 5139 vel
1026 5068 1119 5137 sic
1155 5068 1563 5139 debilitando
1606 5077 1672 5139 et
1698 5068 2118 5139 extenuando
2136 5120 2156 5155 ,
2196 5075 2271 5135 ut
2309 5065 2368 5134 ei
2413 5061 2831 5156 postmodum
2876 5059 3185 5151 peccandi
3227 5061 3474 5132 occasio

323 5180 658 5256 nullatenus
682 5184 1000 5256 extiterit.
1031 5184 1403 5255 Potentiam
1430 5209 1698 5279 quoque
1737 5184 2098 5276 generandi
2126 5183 2374 5275 absque
2413 5179 2545 5249 viri
2570 5178 2818 5246 semine
2850 5174 3116 5264 Virgini
3151 5198 3476 5268 praepara-

326 5294 421 5366 vit.
446 5298 532 5370 Ita
554 5304 723 5375 enim
749 5303 964 5376 verba
991 5302 1339 5393 Evangelii
1365 5302 1637 5392 docent,
1676 5302 1795 5374 ubi
1831 5301 2132 5392 Angelus
2158 5298 2507 5389 Virginem
2545 5294 2923 5386 alloquens,
2953 5290 3048 5360 ait
3076 5303 3096 5341 ¹
3132 5316 3148 5360 τ
3184 5292 3475 5385 Spiritus

326 5427 551 5489 sanctus
566 5422 979 5517 siper-veniet
1004 5419 1084 5490 in
1114 5429 1207 5505 te,
1237 5431 1305 5491 et
1349 5418 1561 5492 virtus
1584 5418 1920 5519 Altissimi
1958 5414 2377 5488 obwnbrabit
2425 5410 2570 5483 tibi.
2601 5411 2696 5480 Et
2726 5405 2902 5503 quod
2941 5420 3249 5479 nasceren-
3292 5431 3374 5477 ατ
3410 5420 3475 5476 te

377 5547 524 5618 moe..
543 5566 584 5622 1,
604 5559 679 5612 35.
