4185 6288
1216 497 1415 565 DIST.
1459 496 1618 565 xlv.
1658 494 1843 565 ΛΒΤ.
1890 496 1969 563 11.
2011 494 2312 576 QUAEST.
2359 498 2430 563 11.
2544 525 2553 532 ·

259 640 391 721 quia
416 639 580 704 scire
607 636 899 701 nominat
933 635 1361 716 cognitionem
1404 634 1475 698 in
1515 633 1774 712 habitu,

258 744 348 808 sed
391 743 739 826 intolliqere
780 742 848 806 in
893 746 1103 805 actu:
1153 758 1311 824 ergo
1356 739 1435 806 ad
1484 739 1672 822 plura
1711 757 1778 803 se

256 852 518 916 extendit
544 851 822 928 habitus,
852 869 1048 933 qnam
1082 854 1261 914 actus
1288 867 1402 932 per
1428 852 1726 913 naturam
1757 867 1775 911 ε

253 960 349 1023 sed
387 977 515 1023 non
541 962 638 1023 est
676 976 928 1022 necesse
954 956 1127 1040 quod
1162 957 1229 1020 in
1256 955 1499 1021 Christo
1526 955 1781 1020 habitus

252 1067 600 1148 perficiatur
641 1065 724 1128 ab
769 1069 917 1128 actu
947 1082 965 1127 ε
996 1081 1154 1145 ergo
1192 1081 1324 1127 non
1366 1067 1460 1128 est
1497 1081 1775 1140 necesse,

250 1175 406 1256 qnod
428 1172 737 1256 quidquid
763 1173 980 1236 anima
1002 1171 1228 1236 Christi
1263 1172 1489 1236 habitu
1513 1189 1779 1254 cognos-

251 1282 323 1344 cit
347 1282 416 1345 in
441 1278 672 1358 Verbo,
702 1283 1041 1361 cognoscat
1065 1280 1137 1343 in
1165 1284 1334 1344 actu.

323 1389 472 1454 Item
492 1436 510 1466 ‚
556 1388 722 1452 sicut
764 1387 1040 1470 perfecta
1083 1391 1177 1451 est
1217 1386 1499 1468 cognitio
1544 1387 1778 1451 animae

252 1497 488 1579 Christi,
512 1497 602 1560 ita
621 1496 970 1579 perfectum
998 1499 1094 1559 est
1118 1498 1260 1577 ejus
1287 1495 1601 1576 gaudium
1629 1494 1779 1558 :sed

249 1605 447 1669 anima
495 1603 725 1668 Christi
778 1622 912 1668 non
957 1604 1195 1685 gaudet
1240 1605 1317 1668 de
1364 1604 1542 1668 omni
1583 1621 1661 1668 eo
1707 1604 1779 1668 in

249 1718 378 1778 actu
394 1763 412 1793 ‚
460 1714 540 1778 de
599 1731 729 1794 quo
791 1712 1032 1793 gaudet
1087 1710 1154 1774 in
1211 1711 1476 1791 habitu3
1541 1711 1780 1793 gaudet

252 1820 407 1882 enim
443 1826 464 1860 ¹
522 1834 715 1899 super
781 1832 910 1882 uno
956 1822 1278 1900 peccatore
1332 1819 1780 1900 poenitentiam

252 1932 482 2010 mente,
513 1925 661 1989 licet
684 1941 815 1988 non
844 1923 1173 1988 actualiter
1210 1924 1279 1987 in
1306 1942 1382 1988 eo
1417 1924 1775 2006 laetaretur,

255 2034 495 2117 qnando
526 2033 823 2116 peccabat
853 2053 867 2095 :
905 2049 1063 2112 ergo
1089 2032 1228 2113 pari
1255 2033 1500 2096 ratione
1526 2050 1659 2096 non
1686 2035 1780 2096 est
1807 2097 1816 2104 ,

254 2146 699 2224 opportunum,
727 2139 900 2221 quod
927 2157 1117 2203 omne
1145 2140 1318 2221 quod
1356 2140 1680 2221 cognoscit
1711 2140 1781 2204 in

253 2249 481 2327 habitu,
507 2250 850 2329 cognoscat
873 2248 942 2310 in
969 2251 1136 2311 actu.

325 2356 499 2435 Item,
528 2355 794 2420 actualis
818 2355 1232 2420 consideratio
1257 2372 1478 2419 rerum
1501 2356 1784 2436 cognita·

255 2482 390 2527 rum
431 2463 501 2526 in
545 2461 756 2527 Verbo
800 2463 871 2526 in
916 2462 1164 2527 Christo
1205 2462 1492 2544 subjacet
1539 2463 1782 2527 volun-

257 2572 401 2635 tati:
433 2589 596 2652 ergo
629 2574 834 2653 potest
873 2570 1062 2634 modo
1099 2568 1498 2633 considerare
1539 2569 1782 2652 aliquid

256 2684 522 2744 creatum
535 2726 556 2757 ‚
586 2677 758 2760 quod
797 2694 931 2741 non
970 2676 1052 2739 sit
1097 2676 1176 2740 de
1220 2676 1492 2741 essentia
1532 2675 1778 2757 gloriae,

258 2787 432 2852 modo
456 2787 652 2851 etiam
677 2803 810 2850 non
849 2784 1248 2850 considerare
1280 2807 1295 2848 :
1326 2803 1486 2866 ergo
1513 2784 1566 2848 si
1593 2785 1784 2849 habet

259 2896 417 2961 illius
440 2897 533 2961 rei
555 2895 871 2972 habitum,
897 2911 1028 2958 non
1065 2909 1316 2956 necaese
1345 2894 1635 2976 estquod
1663 2894 1784 2958 ha-

258 3005 413 3069 bitus
445 3021 700 3086 semper
741 3003 823 3066 sit
856 3003 996 3083 conj
1005 3005 1235 3065 unctus
1278 3002 1448 3066 actui
1495 3005 1784 3085 respectu

258 3115 706 3197 cujuscumque
734 3109 1194 3192 cognoscibilis.

334 3220 481 3284 Item
500 3269 518 3299 ,
557 3223 671 3283 aut
710 3218 930 3282 anima
969 3215 1196 3281 Christi
1237 3221 1383 3280 actu
1429 3216 1786 3282 considerat

262 3346 439 3392 omne
463 3325 635 3410 quod
662 3323 948 3390 Verbum
983 3327 1297 3388 aeternum
1343 3327 1569 3388 natum
1607 3327 1701 3388 est
1725 3323 1785 3388 ei

260 3439 699 3517 repraesentare
716 3479 737 3508 ‚
785 3436 900 3495 aut
940 3448 1072 3494 non
1105 3452 1120 3495 ε
1151 3431 1205 3494 si
1245 3434 1394 3495 actu
1433 3430 1788 3495 considerat

261 3560 438 3606 omne
474 3541 646 3624 qnod
685 3538 969 3605 Verbum
998 3541 1313 3603 aeternum
1348 3543 1574 3603 natum
1603 3543 1698 3603 est
1726 3539 1786 3603 ei

261 3654 697 3732 repraesentare
714 3696 732 3725 ,
760 3664 912 3711 cum
939 3646 1049 3709 illa
1073 3646 1201 3710 sint
1223 3646 1502 3724 infinita,
1532 3646 1786 3711 videtur

261 3760 418 3839 quod
469 3760 684 3824 anima
731 3754 955 3820 Christi
1007 3755 1077 3818 in
1128 3755 1584 3821 considerando
1639 3759 1787 3819 actu

264 3868 581 3947 pertransit
604 3866 878 3943 infinita,
908 3864 1082 3947 quod
1107 3868 1202 3928 est
1235 3864 1622 3947 impossibile
1651 3865 1786 3930 vir-

263 3975 372 4038 tuti
411 3976 631 4039 finitae.
684 3972 753 4038 Si
806 3989 942 4036 non
986 3975 1132 4036 actu
1194 3973 1551 4036 considerat
1591 3990 1786 4036 omne

263 4083 416 4165 quod
437 4082 720 4150 Verbum
754 4080 874 4144 sibi
912 4079 1169 4143 unitum
1196 4083 1424 4144 natum
1454 4083 1549 4143 est
1590 4080 1648 4143 ei
1688 4098 1788 4143 re·

265 4195 628 4271 praesentare
645 4237 668 4267 ‚
717 4205 875 4269 ergo
917 4186 1199 4269 aliquam
1243 4186 1434 4251 habet
1478 4187 1785 4270 aptitudi-

264 4313 398 4360 nem
421 4297 638 4361 anima
662 4293 888 4359 Christi
915 4293 997 4356 ad
1032 4293 1302 4376 aliquid,
1340 4298 1630 4377 respectu
1669 4312 1785 4358 cu-

258 4405 354 4485 ius
376 4423 509 4469 non
534 4420 784 4485 semper
809 4406 904 4466 est
929 4402 1000 4465 in
1024 4406 1172 4466 actu
1212 4423 1228 4467 ε
1270 4403 1378 4467 sed
1407 4403 1619 4466 omnis
1646 4405 1788 4485 ejus

262 4510 531 4593 aptitudo
575 4515 671 4574 est
708 4510 1019 4593 completa
1053 4528 1167 4593 per
1207 4510 1503 4577 habitum
1545 4510 1786 4592 glorio-

262 4635 392 4682 sum
433 4640 449 4681 ε
494 4635 656 4698 ergo
706 4617 945 4699 aliquid
1015 4618 1336 4699 cognoscit
1396 4619 1466 4682 in
1525 4619 1747 4684 habitu
1764 4668 1783 4698 ,

263 4728 418 4807 quod
441 4744 575 4792 non
600 4726 927 4805 cognoscit
949 4726 1019 4789 in
1042 4731 1209 4790 actu.

334 4832 506 4912 Item,
535 4833 794 4917 quando
824 4833 1062 4916 aliquid
1101 4853 1169 4898 se
1204 4834 1486 4900 extendit
1517 4836 1597 4899 ad
1634 4838 1787 4901 infl-

263 4938 403 5019 nita,
426 4940 819 5023 impossibile
843 4945 939 5004 oet
964 4940 1133 5024 qnod
1161 4942 1372 5024 ipsum
1395 4943 1672 5007 totaliter
1706 4944 1790 5009 sit

265 5045 326 5110 in
350 5054 520 5128 actu,
550 5048 605 5111 si
640 5047 890 5111 differat
928 5047 998 5111 in
1041 5066 1118 5112 eo
1166 5054 1343 5112 actus
1378 5068 1419 5111 a
1458 5053 1737 5133 potentia
1765 5073 1782 5115 ε

263 5155 361 5218 sed
388 5156 640 5220 habitus
675 5154 1057 5236 cognitionis
1083 5156 1156 5220 in
1186 5155 1431 5224 Christo
1470 5177 1540 5225 se
1566 5164 1786 5226 exten·

266 5257 351 5323 dit
373 5262 450 5326 ad
474 5262 724 5326 infinita
747 5284 762 5326 :
785 5280 946 5343 ergo
969 5263 1354 5345 impossibile
1380 5271 1474 5329 est
1500 5272 1574 5332 nt
1598 5286 1790 5332 omne

271 5370 424 5447 quod
441 5370 770 5451 cognoscit
794 5370 861 5433 in
887 5370 1134 5451 habitu,
1162 5379 1500 5455 cognoscat
1521 5376 1589 5441 in
1616 5382 1785 5443 actu.

331 5493 347 5525 ¹
379 5494 508 5555 Luc„
538 5506 624 5554 xv,
658 5496 707 5557 Ἰ,
740 5496 816 5544 10.

3313 498 3422 565 3ss

1887 631 2091 715 Major
2137 633 2466 698 manifesta
2502 639 2619 713 est,
2660 637 2814 719 quia
2860 653 3011 701 cum
3052 635 3430 701 continuum

1886 739 1971 805 sit
2015 740 2330 806 divisibile
2375 742 2445 806 in
2487 743 2813 808 infinitum
2831 791 2851 821 ,
2903 742 3292 826 impossibile
3338 745 3433 807 est

1887 847 2101 931 ipsum
2141 850 2414 914 totaliter
2439 850 2717 916 divisum
2750 868 2884 915 esse
2915 850 2987 914 in
3025 854 3192 915 actu.
3225 848 3433 913 Minor

1887 955 2197 1037 probatur
2255 975 2370 1039 per
2412 958 2556 1038 hoc,
2583 959 2750 1041 quod
2781 958 3065 1023 Christus
3106 957 3175 1021 in
3224 956 3430 1021 Verbo

1887 1066 2127 1126 aeterno
2162 1063 2277 1127 scit
2316 1082 2539 1130 omnes
2579 1067 2815 1149 species
2842 1066 3101 1130 numeri
3135 1065 3304 1147 paris
3331 1065 3430 1129 di·

1887 1170 2165 1234 visibiles
2190 1189 2326 1236 esse
2355 1172 2423 1235 in
2450 1173 2579 1237 dno
2606 1172 2878 1256 aequalia
2922 1177 2985 1238 et
3012 1172 3134 1236 hoc
3158 1172 3337 1237 novit
3361 1173 3431 1235 in

1886 1277 2113 1342 habitu
2139 1280 2216 1343 de
2243 1278 2527 1361 qualibet
2550 1282 2691 1362 ejus
2715 1281 2943 1362 specie.
2986 1278 3054 1344 Si
3090 1297 3248 1361 ergo
3286 1298 3430 1363 spe-

1887 1389 2014 1453 cies
2050 1388 2306 1453 numeri
2345 1393 2497 1453 sunt
2535 1389 2804 1454 infinitae
2825 1439 2844 1468 ‚
2892 1407 3050 1472 ergo
3094 1388 3277 1455 novit
3312 1388 3432 1454 ha-

1887 1495 2024 1560 bitu
2050 1495 2321 1559 infinita.

1967 1608 2153 1683 Item,
2199 1605 2361 1668 nihil
2403 1606 2581 1670 novit
2623 1605 2838 1669 anima
2882 1605 3111 1669 Christi
3151 1606 3219 1668 in
3259 1608 3449 1682 actu,.

1886 1730 2079 1794 super
2106 1712 2276 1795 quod
2308 1730 2441 1777 non
2466 1716 2798 1778 convertat
2823 1731 2890 1778 se
2917 1712 3247 1777 actualiter
3277 1736 3291 1776 :
3324 1714 3432 1778 sed

1888 1818 2244 1884 intellectus
2292 1821 2433 1901 eJus
2480 1822 2542 1882 et
2586 1823 2875 1901 aspectus
2917 1819 3191 1902 simplex
3232 1826 3327 1884 est
3371 1824 3435 1885 et

1888 1927 2111 1991 ssnitns
2151 1949 2167 1990 t
2200 1927 2308 1991 sed
2345 1927 2614 2009 simplex
2655 1931 2720 1990 et
2761 1928 3019 1992 finitum
3045 1928 3127 1992 ad
3153 1928 3324 2010 qnod
3366 1946 3435 1992 se

1888 2035 2223 2114 convertit,
2250 2034 2523 2099 totaliter
2544 2052 2613 2098 se
2640 2035 2953 2099 convertit
2981 2053 3181 2115 :ergo
3209 2035 3258 2097 si
3286 2039 3435 2099 actu

1889 2142 2201 2206 convertit
2225 2160 2291 2205 se
2317 2141 2398 2205 ad
2440 2159 2682 2220 unum,
2731 2141 3118 2224 impossibile
3144 2141 3434 2223 estquod

1888 2249 2081 2313 simul
2122 2253 2185 2313 et
2225 2250 2422 2314 semel
2463 2254 2612 2313 actu
2655 2268 2721 2314 se
2762 2251 3086 2315 convertat
3129 2248 3209 2313 ad
3247 2248 3430 2325 illud,

1890 2356 2062 2440 quod
2109 2356 2191 2419 sit
2240 2356 2322 2420 ab
2362 2355 2471 2421 illo
2520 2355 2907 2439 disparatum
2957 2378 2972 2420 ε
3018 2374 3176 2438 ergo
3218 2356 3436 2420 anima

1890 2463 2121 2528 Christi
2163 2481 2294 2527 non
2335 2464 2661 2544 cognoscit
2702 2463 2919 2528 omnia
2960 2463 3029 2527 in
3066 2467 3235 2543 actu,
3283 2481 3432 2546 quae

1890 2570 2218 2651 cognoscit
2245 2570 2313 2634 in
2338 2570 2583 2635 habitu.

2438 2801 2883 2871 CONCLUSIO.

1891 2981 2102 3039 Anima
2125 2983 2330 3041 Christi
2356 2999 2465 3040 non
2501 2985 2799 3042 considerat
2822 2990 2948 3043 actu
2975 2990 3159 3044 omnia
3186 3003 3303 3059 quoe
3333 2990 3434 3045 ho-

1967 3073 2086 3129 bitu
2115 3077 2379 3147 cognoscit
2405 3076 2468 3129 in
2503 3074 2693 3147 Verbo,
2714 3081 2976 3149 quantum
2994 3078 3070 3135 cd
3095 3094 3157 3136 ea
3190 3095 3306 3152 φη
3328 3095 3437 3136 non

1964 3170 2089 3221 sunt
2115 3165 2179 3221 de
2205 3167 2394 3237 qlorioe
2418 3165 2745 3224 substantia.

1975 3323 2160 3407 Resp.
2192 3312 2440 3408 adarg.
2470 3326 2568 3390 Ad
2603 3326 3439 3412 praedictorumintelligenss-

1894 3430 2049 3494 tiam
2107 3436 2201 3495 est
2260 3434 2610 3498 notandum
2628 3482 2645 3510 ‚
2707 3436 2879 3516 quod
2940 3436 3157 3499 anima
3210 3436 3437 3501 Christi

1893 3537 2075 3602 beata
2136 3539 2327 3604 habet
2375 3542 2804 3622 cognitionem
2855 3543 3221 3626 aliquorum
3285 3563 3434 3627 quae

1893 3650 2044 3710 sunt
2079 3648 2435 3712 essentialia
2477 3649 2732 3730 gloriae,
2772 3654 2837 3714 et
2875 3651 3242 3733 aliquorum
3283 3669 3431 3733 qnae

1892 3773 2032 3820 nous
2048 3760 2201 3820 sunt
2225 3756 2302 3821 de
2328 3758 2597 3822 essentia
2629 3759 2879 3840 gloriae.
2910 3758 2977 3823 Si
3017 3777 3180 3840 ergo
3212 3760 3432 3841 loqua-

1894 3879 2045 3926 mur
2079 3863 2159 3927 de
2198 3865 2565 3946 cognitione
2604 3884 2830 3931 eorum
2856 3885 3004 3948 quae
3033 3870 3184 3930 sunt
3225 3885 3432 3932 essen-

1895 3968 2066 4033 tialia
2106 3970 2363 4052 gloriae,
2391 3972 2529 4037 dico
2557 3973 2730 4055 quod
2770 3975 2984 4037 anima
3029 3972 3257 4039 Christi
3293 3994 3430 4039 om-

1894 4075 2023 4152 nia,
2065 4094 2215 4159 quae
2255 4078 2578 4159 cognoscit
2610 4080 2682 4142 in
2714 4079 2969 4159 habitu,
3001 4082 3326 4163 cognoscit
3364 4083 3434 4147 in

1896 4188 2074 4263 actu,
2105 4186 2259 4267 qnia
2293 4185 2499 4267 gloria
2523 4192 2617 4251 est
2651 4187 2911 4252 habitus
2940 4188 3010 4252 in
3052 4193 3221 4254 actu.
3257 4190 3434 4256 Unde

1895 4292 2061 4357 sicut
2095 4312 2228 4357 non
2274 4298 2475 4377 potest
2508 4296 2724 4359 anima
2758 4299 2901 4379 ejus
2942 4315 3073 4361 non
3114 4316 3246 4363 esse
3291 4298 3437 4381 glo·

1895 4400 2095 4480 riosa,
2125 4401 2216 4466 sic
2252 4402 2639 4484 impossibile
2663 4408 2758 4469 est
2791 4405 3099 4470 actualem
3141 4407 3437 4473 conside-

1896 4510 2208 4574 rationem
2250 4530 2505 4593 eorum,
2535 4531 2681 4595 qnae
2716 4518 2868 4578 sunt
2904 4513 2982 4578 de
3008 4516 3277 4580 essentia
3302 4515 3439 4598 glo-

1896 4618 2034 4697 riae,
2063 4618 2135 4681 in
2162 4619 2301 4701 ipso
2328 4618 2730 4704 interrumpi.
2758 4620 2828 4685 Si
2852 4626 3067 4686 autem
3095 4621 3439 4706 loquamur

1897 4726 1974 4791 de
2010 4727 2375 4808 cognitione
2410 4746 2634 4793 eorum
2669 4746 2817 4809 quae
2858 4746 2993 4794 non
3034 4734 3185 4794 sunt
3219 4748 3439 4795 essen-

1897 4834 2071 4898 tialia
2111 4834 2366 4915 gloriae,
2396 4834 2485 4900 sic
2527 4854 2659 4900 non
2697 4839 2792 4899 est
2820 4855 3070 4903 necesse
3097 4838 3268 4920 quod
3296 4856 3439 4902 om-

1897 4942 2041 5020 nia,
2072 4961 2219 5024 qnae
2260 4943 2582 5024 cognoscit
2608 4943 2675 5006 in
2709 4942 2933 5009 habitu
2957 4992 2974 5023 ‚
3005 4949 3344 5027 cognoscat
3371 4945 3440 5011 in

1898 5053 2063 5113 actu.
2097 5049 2176 5114 Et
2217 5050 2413 5132 hujus
2439 5051 2701 5132 signum
2728 5055 2855 5131 est,
2889 5036 3060 5133 qnod
3086 5050 3252 5117 Deus
3285 5052 3435 5117 hea-

1899 5161 1980 5224 tis
2022 5161 2435 5226 existentibus
2481 5162 2548 5224 in
2601 5161 2842 5243 gloria,
2890 5163 3013 5227 hoc
3058 5167 3154 5228 est
3205 5163 3441 5227 sanctis

1900 5269 2176 5351 angelis,
2204 5268 2446 5352 aliquid
2477 5268 2554 5333 de
2578 5288 2749 5334 novo
2773 5270 3048 5350 revelat,
3079 5275 3141 5336 et
3167 5271 3443 5337 ostendit

1901 5379 1972 5440 in
1998 5396 2087 5458 se,
2117 5376 2289 5459 quod
2323 5377 2500 5459 prius
2526 5380 2743 5441 tamen
2771 5396 2901 5443 non
2945 5378 3331 5443 ostendebat.
3364 5375 3442 5442 Et

1905 5485 2046 5550 ideo
2073 5484 2266 5551 statui
2290 5484 2517 5567 gloriae
2544 5502 2676 5549 non
2702 5490 3022 5571 repugnat
3046 5485 3441 5550 considerare
