4185 6288
711 478 792 540 u
1806 462 2430 534 SENTENTlARUM
2475 462 2626 528 Lm.
2673 461 2781 528 111.

696 608 806 673 illa
816 609 1029 674 unitas
1045 626 1179 674 nou
1198 626 1268 673 se
1292 610 1503 671 teneat
1518 624 1601 671 ex
1624 608 1801 689 parte
1827 601 2231 680 assumentis,

693 717 803 782 sed
828 716 1172 800 assumpti,
1204 731 1539 778 assumens
1574 731 1708 777 non
1741 710 2008 776 assumit
2046 714 2236 773 natu-

692 841 829 886 ram
859 824 1052 888 aliam
1079 823 1155 887 ad
1184 822 1509 905 propriam
1537 820 1890 884 unitatem:
1916 835 2075 899 ergo
2101 834 2232 880 non

695 931 965 994 assumit
987 930 1067 995 ad
1094 948 1161 994 se
1179 978 1197 1008 ,
1228 928 1336 994 sed
1367 928 1447 993 ad
1473 926 1647 991 aliud
1676 949 1692 990 :
1724 929 1788 990 et
1814 925 1866 990 si
1896 943 2028 989 non
2056 942 2234 987 assu-

692 1038 812 1101 mit
835 1038 915 1102 ad
942 1057 1041 1116 se,
1074 1056 1207 1102 non
1240 1035 1510 1101 assumit
1540 1058 1555 1098 ε
1586 1034 1941 1117 assumptio
1971 1049 2133 1113 ergo
2159 1031 2230 1094 in

690 1143 1003 1208 unitatem
1035 1143 1351 1207 individui
1370 1160 1500 1206 non
1521 1146 1617 1206 est
1639 1160 1783 1205 assu
1792 1157 1965 1204 mere
1994 1157 2147 1203 vere
2168 1142 2233 1203 et

689 1250 976 1335 proprie,
1022 1251 1190 1315 sicut
1232 1267 1408 1313 nunc
1446 1248 1778 1331 loquimur
1816 1246 1895 1311 de
1934 1265 2226 1328 assump-

685 1358 880 1422 tione.
911 1356 1175 1441 Propter
1197 1357 1403 1439 igitur
1427 1355 1988 1421 contradictionem
2016 1353 2228 1437 impli-

683 1464 911 1544 citam,
959 1464 1175 1548 plures
1215 1482 1514 1547 personas
1556 1480 1882 1527 assumere
1915 1480 2120 1526 unam
2164 1465 2229 1526 et

685 1572 977 1637 eamdem
1005 1576 1333 1652 naturam,
1363 1588 1482 1636 nec
1506 1574 1601 1635 est
1624 1569 1919 1653 possibile
1937 1617 1955 1648 ,
1985 1587 2107 1633 nec
2132 1572 2229 1632 est

680 1678 1099 1761 intelligibile.
1146 1678 1440 1743 Rationes
1480 1678 1605 1742 hoc
1639 1678 2039 1743 ostendentes
2072 1680 2228 1741 sunt

682 1785 1123 1850 concedendae.

762 1894 821 1951 1.
855 1887 956 1952 Ad
983 1888 1271 1971 primum
1296 1887 1470 1970 quod
1497 1886 1846 1971 opponitur
1871 1886 1942 1951 in
1968 1893 2226 1952 contra-

682 1997 857 2060 rium
877 2045 895 2075 ,
915 1996 1086 2078 quod
1115 2014 1250 2060 una
1268 1995 1598 2059 animaest
1624 1994 1844 2075 imago
1874 1994 2103 2072 trium,
2132 1993 2225 2059 di-

679 2104 951 2168 cendum
980 2104 1152 2186 quod
1176 2104 1396 2185 imago
1418 2102 1496 2166 de
1527 2101 1772 2166 ratione
1798 2101 1898 2165 sui
1923 2101 2076 2166 dicit
2102 2121 2219 2167 ex·

682 2229 960 2293 pressam
1006 2210 1633 2293 repraesentationem
1678 2227 1811 2273 non
1864 2209 2221 2275 secundum

678 2321 889 2382 totum
914 2317 976 2380 id
1000 2366 1018 2396 ‚
1058 2317 1159 2381 vel
1185 2317 1392 2396 illius,
1433 2317 1504 2378 in
1531 2333 1662 2398 quo
1701 2316 1920 2396 imago
1957 2319 2081 2396 est,
2111 2318 2223 2382 sed

675 2425 1028 2489 secundum
1070 2424 1310 2507 aliquid
1347 2422 1471 2487 sui.
1504 2422 1667 2487 Unio
1707 2427 1924 2488 autem
1951 2442 2101 2507 quae
2129 2429 2225 2489 est

674 2535 743 2598 in
782 2536 1101 2619 personali
1127 2535 1599 2615 incarnatione,
1628 2540 1826 2600 totam
1865 2536 2221 2600 humanam

673 2647 971 2707 naturam
1000 2643 1068 2706 in
1096 2646 1309 2707 atomo
1347 2646 1411 2706 et
1450 2642 1804 2707 secundum
1832 2646 2043 2707 totum
2073 2644 2223 2707 facit

676 2750 847 2815 uniri
875 2750 1110 2815 divinae
1153 2767 1444 2832 personae
1466 2798 1484 2827 ‚
1530 2750 1619 2813 ita
1654 2750 1827 2833 quod
1854 2753 1988 2815 tota
2030 2751 2222 2815 subs-

672 2856 1059 2921 tantificatur
1097 2856 1168 2921 in
1192 2876 1328 2921 una
1362 2862 1673 2939 tanquam
1702 2857 1770 2920 in
1801 2876 1933 2921 una
1959 2858 2221 2941 propria

672 2963 1023 3046 hypostasi.
1046 2961 1189 3027 Non
1206 2968 1301 3028 est
1325 2968 1545 3028 autem
1570 2965 2027 3030 inconveniens
2043 2965 2219 3048 quod

673 3070 915 3154 aliquid
959 3073 1372 3155 repraesenoet
1396 3071 1611 3155 plures
1641 3090 1945 3157 personas
1979 3091 2219 3137 secun-

672 3181 832 3245 dum
875 3179 1236 3244 differentes
1275 3180 1690 3262 proprietates
1724 3186 1789 3245 et
1830 3181 2146 3264 potentias
2195 3200 2213 3246 ε

671 3286 1133 3353 inconveniens
1152 3289 1370 3351 autem
1392 3290 1488 3350 est
1512 3286 1684 3369 quod
1715 3305 1925 3352 unum
1953 3293 2017 3352 et
2045 3289 2216 3354 idem

672 3398 937 3462 uniatur
962 3397 1257 3480 pluribus
1286 3395 1576 3480 personis
1614 3396 1687 3460 in
1729 3414 2021 3479 personae
2059 3399 2217 3462 uni-

669 3510 863 3571 tatem
896 3528 912 3572 :
945 3509 1008 3569 et
1051 3504 1194 3569 ideo
1227 3523 1357 3570 non
1402 3505 1725 3588 sequitur,
1777 3505 1950 3588 quod
1988 3506 2039 3568 si
2087 3525 2218 3570 una

668 3613 888 3678 anima
913 3616 1117 3695 potest
1144 3630 1280 3676 esse
1306 3612 1527 3693 imago
1550 3611 1749 3675 trium
1772 3659 1791 3691 ‚
1817 3612 1990 3694 quod
2022 3612 2216 3679 simul

667 3727 731 3788 et
753 3719 951 3786 semel
972 3721 1169 3803 possit
1196 3721 1375 3784 uniri
1406 3720 1612 3785 tribus
1633 3720 1943 3803 personis.

745 3831 809 3892 2.
860 3827 953 3891 Ad
1002 3827 1161 3892 illud
1211 3827 1382 3910 quod
1425 3826 1772 3910 opponitur
1790 3876 1807 3905 ‚
1860 3829 2032 3910 quod
2080 3849 2216 3895 una

668 3953 941 4020 persona
958 3938 1162 4017 potest
1176 3951 1502 3998 assumere
1519 3933 1734 4015 plures
1751 3938 2033 4015 naturas,
2052 3953 2213 4018 ergo

662 4042 958 4108 similiter
1010 4042 1226 4126 plures
1266 4059 1557 4126 personae
1616 4060 1816 4106 unam
1860 4048 2162 4108 naturam
2190 4065 2207 4125 3

661 4153 1006 4218 dicendum
1042 4151 1215 4234 quod
1255 4168 1385 4214 non
1427 4154 1524 4214 est
1565 4149 1773 4213 simile
1795 4196 1812 4226 ‚
1863 4150 2019 4232 quia
2058 4169 2210 4215 cum

662 4261 820 4326 unio
851 4259 962 4324 illa
984 4256 1440 4323 incarnationis
1479 4258 1594 4320 flat
1615 4256 1688 4320 in
1712 4255 2025 4321 unitatem
2058 4276 2210 4341 per-

661 4385 837 4434 sonae
856 4415 876 4445 ‚
924 4385 1055 4432 non
1088 4367 1159 4431 in
1203 4365 1515 4431 unitatem
1554 4367 1828 4444 naturae,
1878 4366 2210 4448 pluralitas

654 4477 1040 4539 ¹natunarum
1071 4491 1206 4538 non
1240 4472 1331 4536 sic
1354 4474 1679 4554 repugnat
1721 4471 1955 4536 unioni
1992 4471 2209 4538 incar-

654 4586 934 4651 nationis
946 4634 963 4663 ,
994 4586 1159 4650 sicut
1180 4582 1511 4667 pluralitas
1530 4600 1977 4665 personarum.

738 4697 800 4758 3.
830 4693 928 4758 Ad
967 4692 1123 4758 illud
1157 4692 1330 4775 quod
1358 4691 1706 4775 opponitur
1727 4739 1746 4771 ,
1776 4691 1949 4774 quod
1988 4691 2204 4775 plures

658 4817 947 4885 personae
1001 4804 1268 4884 possunt
1323 4798 1797 4864 communicare
1848 4798 1922 4863 in
1980 4799 2203 4867 eadem

657 4909 929 4974 essentia
954 4926 1069 4991 per
1104 4912 1403 4973 naturam
1426 4956 1444 4989 ,
1476 4911 1624 4987 etc.‚
1659 4906 1999 4973 dicendum
2026 4912 2200 4993 quod

655 5035 788 5082 non
804 5021 901 5081 est
926 5015 1130 5081 simile
1158 5039 1174 5081 :
1204 5015 1510 5099 quoniam
1538 5013 1751 5079 unitas
1777 5032 2198 5098 personarum

650 5121 721 5184 in
747 5137 884 5184 una
910 5119 1264 5184 substantia
1284 5119 1437 5184 dicit
1452 5117 1965 5185 convenientiam
1993 5119 2063 5183 in
2085 5140 2198 5186 nae

651 5232 801 5293 tura
829 5227 1318 5293 :convenientia
1340 5230 1559 5294 autem
1586 5226 1656 5291 in
1677 5229 1913 5292 natura
1934 5245 2071 5292 non
2095 5248 2198 5295 re-

637 5340 904 5420 pugnat
933 5333 1322 5401 distinctioni
1355 5334 1427 5400 in
1464 5353 1769 5419 persona,
1792 5335 1976 5402 siout
2002 5355 2124 5402 nec
2158 5356 2196 5404 e

646 5460 961 5511 converse
990 5441 1323 5510 diversitas
1346 5442 1418 5507 in
1442 5447 1675 5510 namra
1698 5449 2024 5529 repugnat
2043 5445 2189 5510 uni-

2343 597 3542 683 tatimpemonmseduniogratnita
3579 596 3897 663 nondicit

2343 707 2856 771 convenientiam
2891 706 2962 769 in
3000 708 3267 781 natura,
3311 704 3423 769 sed
3461 703 3532 769 in
3568 722 3891 788 persona:

2342 818 2407 876 et
2431 813 2573 878 ideo
2594 813 2925 896 pluralitas
2948 829 3371 895 personarum
3395 816 3721 894 repugnat
3742 813 3891 876 uni-

2340 924 2453 987 tati
2484 925 2740 989 unionis
2763 943 2779 984 :
2801 929 2867 989 et
2890 927 3230 1007 propterea
3250 922 3552 1005 praedicta
3571 922 3736 989 ratio
3758 942 3892 988 non

2341 1035 2531 1110 tenet,
2564 1032 2717 1115 quia
2740 1049 2873 1096 non
2891 1036 2988 1096 est
3011 1030 3222 1094 simile
3250 1030 3400 1094 hinc
3424 1034 3489 1094 et
3517 1030 3688 1094 inde.

2419 1143 2481 1201 4.
2510 1138 2609 1203 Ad
2632 1138 2795 1204 illud
2816 1138 2989 1222 quod
3013 1138 3349 1221 quaeritur,
3377 1138 3530 1220 quid
3557 1137 3884 1220 impediat,

2337 1244 2682 1311 dicendum
2708 1246 2883 1330 quod
2909 1264 3030 1310 nec
3051 1264 3325 1328 persona
3348 1244 3616 1327 impedit
3639 1262 3754 1328 per
3779 1263 3848 1310 se
3868 1293 3886 1321 ‚

2337 1369 2454 1417 nec
2478 1357 2713 1417 natura
2728 1354 3018 1419 humana
3044 1372 3162 1435 per
3183 1370 3251 1416 se
3266 1400 3286 1432 ‚
3316 1352 3428 1417 sed
3446 1351 3677 1416 modus
3697 1351 3888 1416 unio-

2336 1461 2460 1524 nis.
2509 1460 2676 1538 Quia
2723 1461 2899 1526 enim
2941 1460 3163 1526 divina
3209 1463 3445 1524 natura
3486 1459 3714 1523 unitur
3758 1459 3888 1523 hu-

2336 1586 2548 1633 manae
2573 1568 2646 1633 in
2674 1569 2985 1634 unionem
3009 1585 3302 1652 personae
3320 1615 3340 1648 ‚
3369 1564 3885 1648 incompossibile

2334 1679 2430 1740 est
2467 1676 2639 1759 quod
2678 1676 2748 1740 in
2785 1676 3164 1741 illaunione
3206 1673 3538 1738 situnitas
3579 1690 3662 1738 ex
3701 1677 3883 1755 parte

2334 1788 2813 1865 extremorum,
2853 1788 2918 1848 et
2946 1783 3277 1867 pluralitas
3300 1801 3387 1847 ex
3424 1786 3605 1866 parte
3643 1782 3880 1857 medii,

2333 1892 2400 1955 in
2438 1910 2570 1974 quo
2606 1892 2956 1958 attenditur
2992 1892 3104 1956 illa
3145 1891 3324 1956 unio.
3355 1889 3533 1955 Unde
3573 1888 3744 1955 sicut
3789 1893 3888 1954 oet

2333 2000 2847 2085 incompossibile
2862 2002 3038 2085 quod
3056 2000 3273 2084 plures
3289 2017 3580 2084 personae
3601 1998 3732 2064 sint
3751 2017 3886 2063 una

2331 2121 2603 2186 persona
2625 2153 2644 2185 ,
2688 2123 2820 2170 non
2847 2108 3106 2189 propter
3130 2103 3632 2187 repugnantiam
3659 2120 3879 2184 perso-

2328 2229 2566 2275 narum
2587 2261 2605 2291 ,
2642 2213 2754 2278 sed
2781 2217 3041 2295 propter
3065 2211 3564 2295 implicationem
3595 2210 3882 2274 duorum

2329 2320 2766 2403 oppositorum
2789 2369 2807 2399 ,
2830 2320 3009 2383 sicin
3036 2319 3357 2402 proposito
3387 2323 3484 2382 est
3506 2317 3882 2399 intelligen-

2329 2428 2508 2492 dum.
2536 2426 2690 2491 Haec
2712 2431 2931 2491 autem
2964 2426 3131 2491 dicta
3156 2429 3312 2490 sunt
3337 2425 3417 2490 de
3443 2425 3883 2490 incarnatione

2328 2534 2467 2617 ipsa
2482 2534 2837 2599 secundum
2857 2553 3009 2599 eum
3027 2534 3292 2598 modum
3307 2534 3660 2598 secundum
3682 2552 3879 2616 quem

2328 2642 2472 2706 facit
2544 2642 2924 2706 idiomatum
2996 2640 3643 2706 communicationem
3667 2688 3687 2720 ‚
3765 2657 3881 2724 per

2325 2769 2525 2833 quem
2553 2750 2821 2831 modum
2851 2750 3026 2814 filius
3060 2750 3165 2814 Dei
3195 2750 3401 2813 factus
3426 2753 3522 2814 est
3547 2749 3766 2813 homo.
3801 2747 3881 2812 Et

2327 2859 2449 2924 isto
2486 2859 2676 2923 modo
2698 2859 3089 2942 impossibile
3125 2862 3222 2922 est
3256 2857 3619 2939 intelligere
3660 2856 3879 2939 plures

2327 2986 2628 3050 personas
2671 2985 2996 3032 assumere
3050 2985 3260 3031 unum
3307 2970 3371 3030 et
3410 2965 3711 3030 eumdem
3753 2966 3878 3030 ho-

2327 3075 2570 3140 minem
2591 3124 2609 3156 ,
2639 3075 2804 3140 sicut
2843 3075 3119 3140 ostendit
3143 3073 3489 3139 Anselmus
3506 3121 3526 3152 ‚
3567 3077 3632 3138 et
3660 3078 3877 3138 osten-

2328 3184 2491 3247 dunt
2516 3184 2794 3248 rationes
2824 3183 3196 3266 praemissae.
3231 3181 3305 3245 In
3331 3183 3456 3246 hoc
3497 3187 3716 3246 tamen
3743 3199 3874 3246 non

2325 3290 2687 3356 excluditur
2710 3291 2921 3356 omnis
2939 3291 3105 3356 alius
3121 3291 3353 3355 modus
3371 3290 3830 3373 assumptionis
3853 3312 3869 3355 ε

2326 3398 2478 3481 quia
2507 3417 2656 3463 cum
2685 3399 2890 3464 multa
2914 3398 3110 3481 possit
3131 3397 3297 3462 Deus
3325 3396 3561 3477 facere,
3590 3416 3738 3480 quae
3765 3397 3873 3462 in-

2325 3506 2611 3571 tellectus
2644 3511 2859 3572 noster
2896 3523 3031 3571 non
3077 3506 3329 3596 videtur
3375 3523 3556 3587 posse
3597 3523 3822 3589 capere
3847 3554 3865 3584 ‚

2325 3611 2471 3694 quis
2494 3612 2753 3677 audebit
2774 3630 3053 3677 asserere
3079 3612 3251 3694 quod
3268 3616 3396 3676 tres
3417 3629 3705 3695 personae
3732 3631 3869 3678 non

2323 3720 2567 3802 possint
2611 3738 2821 3784 unum
2857 3725 2921 3784 et
2961 3719 3266 3785 eumdem
3301 3720 3634 3784 hominem
3683 3739 3867 3784 assu-

2326 3831 2548 3894 mere?
2593 3828 2765 3893 Nihil
2815 3828 2988 3894 enim
3045 3829 3298 3894 videtur
3344 3828 3654 3912 impedire
3705 3828 3868 3912 quin

2325 3939 2451 4000 tres
2476 3954 2765 4018 personae
2800 3936 3041 4018 possint
3074 3955 3189 4019 per
3217 3936 3496 4018 gratiam
3524 3935 3683 4000 illud
3726 3936 3865 3999 effl-

2322 4060 2464 4107 cere
2485 4091 2504 4122 ‚
2534 4047 2607 4108 ut
2640 4042 2769 4107 sint
2796 4061 3085 4125 personae
3115 4042 3316 4107 unius
3356 4042 3703 4124 singularis
3746 4062 3868 4107 na-

2319 4153 2487 4214 turae
2521 4150 2590 4212 in
2612 4154 2932 4233 tempore,
2964 4168 3116 4214 cum
3152 4149 3262 4213 illa
3282 4153 3515 4214 natura
3539 4149 3622 4213 sit
3654 4149 3858 4232 possi-

2320 4256 2487 4337 bilis,
2516 4262 2582 4322 et
2596 4258 2861 4323 omnino
2884 4257 3186 4322 obediens
3209 4261 3501 4340 respectu
3519 4256 3867 4340 cnjuslibet

2320 4383 2610 4448 personae
2629 4366 2699 4429 in
2716 4364 3043 4429 Trinitate.
3068 4363 3147 4428 Et
3171 4382 3288 4447 pro
3307 4369 3485 4429 tanto
3511 4363 3864 4429 voluerunt

2319 4473 2516 4557 aliqui
2543 4474 2750 4538 dicere
2780 4491 2915 4538 non
2944 4472 3496 4554 irrationabiliter,
3529 4471 3703 4554 quod
3742 4489 3863 4553 po-

2316 4586 2527 4649 terant
2555 4586 2684 4646 tres
2718 4599 3009 4664 personae
3049 4599 3375 4646 assumere
3408 4598 3617 4645 unum
3652 4579 3864 4645 homi-

2315 4689 2564 4754 nemin
2596 4689 2839 4753 unitate
2879 4688 3193 4754 individui
3227 4707 3246 4753 ε
3284 4688 3455 4772 quod
3480 4687 3539 4751 si
3579 4687 3864 4752 rationa-

2314 4798 2524 4864 biliter
2543 4794 2936 4878 intelligatur
2952 4844 2972 4874 ‚
2997 4797 3148 4863 satis
3170 4795 3630 4863 rationabiliter
3653 4798 3861 4878 potest

2311 4905 2634 4970 sustineri.
2681 4902 2809 4968 Nec
2845 4909 3166 4988 repugnat
3204 4904 3479 4970 verbum
3525 4901 3808 4968 Anselmi
3835 4948 3855 4982 ,

2312 5032 2431 5078 nec
2457 5031 2532 5078 ea
2556 5031 2706 5096 quae
2729 5012 3287 5096 praedetermmata
3310 5016 3482 5078 sunt.
3513 5008 3659 5076 Non
3676 5010 3850 5075 enim

2310 5123 2540 5189 volunt
2571 5121 2780 5188 dicere
2805 5121 2978 5204 quod
3007 5122 3120 5187 illa
3156 5121 3510 5205 assumptio
3541 5120 3854 5186 termina-

2308 5234 2490 5296 retur
2510 5231 2592 5295 ad
2617 5230 2929 5295 unitatem
2952 5229 3410 5296 individualem
3445 5248 3528 5294 ex
3552 5234 3734 5313 parte
3758 5247 3852 5293 as·

2307 5338 2654 5418 sumentis,
2704 5337 2814 5403 sed
2847 5337 3019 5420 quod
3053 5340 3184 5402 tres
3220 5355 3510 5421 personae
3545 5337 3602 5402 si
3636 5354 3843 5402 unum

2304 5446 2634 5513 hominem
2674 5452 3071 5512 assumerent
3091 5496 3111 5526 ,
3148 5451 3357 5514 essent
3395 5464 3569 5512 unus
3606 5445 3804 5511 homo
3821 5493 3840 5526 ‚
