4185 6288
741 498 860 561 306
1861 483 2482 554 SENTENTIARUM
2524 485 2672 551 Lm.
2712 485 2820 552 111.

743 628 949 717 illnd;
979 650 1098 697 nec
1138 623 1307 696 illud
1349 623 1496 693 fieri
1529 622 1793 693 volebat
1830 620 2067 692 affectu
2102 620 2401 709 rationis,
2438 620 2543 690 vel
2591 621 2932 691 voluntate
2992 585 3380 692 divinitatis.
3426 622 3530 692 Ad
3583 621 3744 713 quid
3765 644 3918 713 ergo

742 745 932 837 petiit
954 749 988 813 ‘l
1013 742 1104 812 Ut
1131 740 1442 812 membris
1491 739 1771 809 formam
1812 738 2159 831 praeberet,
2190 737 2575 806 imminente
2617 736 3017 826 turbatione,
3055 738 3382 808 clamandi
3410 737 3491 806 ad
3530 737 3918 826 Dominum,

741 868 807 929 et
830 858 1216 952 subjiciendi
1242 857 1653 926 voluntatem
1680 876 1870 924 suam
1888 853 2130 923 divinae
2157 852 2508 942 voluntati,
2554 860 2629 922 ut
2665 852 2722 921 si
2750 853 3053 946 pulsante
3082 854 3379 924 molestia
3407 852 3769 941 tristentur,
3800 876 3923 946 pro

740 975 1032 1067 ejusdem
1061 974 1386 1044 amotione
1412 979 1642 1058 orent;
1695 971 1804 1039 sed
1848 970 1904 1038 si
1942 976 2283 1061 nequeunt
2319 969 2552 1055 vitare,
2591 969 2813 1037 dicant
2852 971 3030 1061 quod
3079 971 3216 1063 ipse
3240 970 3560 1040 Christus.
3590 969 3735 1039 Non
3767 992 3924 1060 ergo

742 1091 823 1160 ad
875 1091 1319 1183 insipientiam
1360 1088 1515 1176 fuit,
1561 1086 1738 1181 quod
1784 1086 2084 1156 Christus
2121 1085 2411 1155 clamans
2452 1107 2586 1154 non
2631 1084 2985 1155 exauditur
3028 1086 3106 1154 ad
3159 1086 3437 1156 salutem
3488 1085 3917 1178 corporalem.

739 1205 1000 1277 Bonum
1028 1206 1296 1299 quidem
1320 1203 1533 1298 petiit,
1564 1202 1811 1272 scilicet
1839 1210 1916 1272 ut
1945 1224 2078 1272 non
2109 1209 2515 1289 moreretur;
2542 1201 2652 1270 sed
2680 1200 2918 1270 melius
2945 1208 3085 1272 erat
3116 1211 3194 1272 ut
3221 1209 3621 1273 moreretur:
3654 1202 3828 1295 quod
3861 1213 3924 1270 et

744 1323 985 1392 factum
1012 1332 1130 1392 est.

504 1438 722 1556 quffhssl
832 1438 1157 1510 Caeterum
1211 1460 1345 1507 non
1395 1458 1630 1529 parum
1700 1458 1822 1505 nos
1895 1442 2164 1506 movent
2228 1433 2427 1503 verba
2494 1434 2856 1520 Ambrosii,
2930 1435 3174 1527 quibus
3237 1435 3610 1525 significare
3664 1433 3928 1504 videtur

532 1564 696 1642 &5¹¹⁸
747 1555 1081 1624 Christum
1109 1554 1470 1624 secundum
1496 1552 1869 1622 humanum
1895 1551 2200 1620 affectum
2227 1550 2307 1619 de
2333 1550 2548 1619 Patris
2575 1551 2867 1642 potentia
2891 1550 3248 1637 dubitasse,
3277 1551 3368 1619 sic
3395 1549 3620 1620 dicens
3645 1551 3717 1620 in
3752 1551 3927 1620 libro

508 1633 717 1766 cniiiiim
747 1671 1031 1740 secundo
1056 1669 1138 1739 de
1164 1669 1328 1740 Fide
1350 1679 1367 1713 ¹
1404 1694 1482 1737 :a
1514 1669 1609 1737 De
1643 1691 1776 1761 quo
1820 1668 2136 1737 dubitat?
2166 1667 2246 1736 de
2284 1689 2376 1753 se,
2425 1689 2508 1735 an
2555 1666 2635 1735 de
2679 1667 2873 1735 Patre
2899 1672 2930 1734 ‘l
2976 1666 3069 1737 De
3116 1690 3194 1736 eo
3234 1668 3492 1759 utique,
3532 1668 3640 1736 cui
3667 1667 3824 1737 dicit
3849 1667 3874 1701 ⁸
3906 1692 3921 1735 :

503 1756 719 1859 diffie?
754 1789 1080 1878 Transfer,
1120 1786 1377 1855 dubitat
1430 1784 1717 1854 hominis
1771 1783 2033 1852 affectu.
2092 1782 2260 1851 Nam
2316 1783 2491 1852 Deus
2540 1805 2673 1852 non
2728 1783 2807 1852 de
2851 1784 3045 1852 Patre
3098 1782 3379 1866 dubitat,
3444 1806 3563 1852 nec
3612 1783 3693 1852 de
3718 1791 3928 1853 morte

517 1881 529 1922 ¹
532 1894 711 1922 '''''''''
744 1902 1073 1971 formidat.
1109 1901 1435 1994 Propheta
1460 1900 1654 1970 etiam
1687 1922 1821 1968 nou
1850 1899 2132 1983 dubitat,
2177 1900 2295 1991 qui
2332 1898 2499 1967 nihil
2526 1898 2661 1966 Deo
2688 1921 2825 1967 esse
2852 1898 3255 1991 impossihile
3281 1901 3510 1970 asserit
3537 1906 3560 1942 ³
3592 1926 3607 1968 :
3650 1901 3921 1982 Omnia,

744 2040 1158 2112 quaecumque
1183 2018 1413 2101 voluit,
1443 2017 1632 2109 fecit.
1672 2016 1854 2084 Num
1891 2014 2064 2083 infra
2090 2014 2390 2084 homines
2424 2015 2776 2084 constitues
2803 2015 3013 2084 Deum
3041 2021 3072 2083 ‘l
3128 2015 3456 2109 Propheta
3481 2039 3615 2087 non
3642 2015 3925 2102 dubitat,

616 2167 631 2173 -
741 2142 808 2203 et
829 2135 1041 2204 filium
1070 2134 1371 2204 dubitare
1403 2141 1474 2201 tu
1502 2131 1760 2201 credis?
1807 2131 1897 2199 Ut
1950 2130 2148 2199 homo
2195 2153 2372 2221 ergo·
2397 2130 2678 2217 dubitat,
2722 2139 2800 2200 ut
2825 2131 3022 2200 homo
3048 2132 3309 2202 locutus
3338 2140 3455 2202 est.
3477 2159 3511 2199 n
3546 2132 3667 2201 His
3712 2133 3930 2202 verbis

745 2249 934 2319 innui
960 2251 1248 2334 videtur,
1280 2249 1457 2342 quod
1485 2248 1808 2332 ChristuS,
1838 2268 1972 2315 non
2000 2247 2071 2314 in
2101 2254 2425 2338 quantum
2455 2246 2630 2315 Deus
2657 2255 2776 2332 est,
2805 2247 2913 2316 vel
2943 2247 3063 2317 Dei
3091 2248 3328 2335 Filius,
3360 2249 3471 2318 sed
3499 2250 3568 2317 in
3599 2259 3926 2341 quantum

744 2366 966 2453 homo,
997 2365 1397 2435 dubitaverit
1423 2363 1656 2434 affectu
1684 2363 2004 2432 humano.
2038 2361 2230 2444 Quod
2258 2384 2335 2432 ea
2361 2363 2614 2431 ratione
2640 2363 2889 2433 dictum
2917 2365 3118 2456 accipi
3147 2373 3382 2456 potest,
3415 2389 3546 2435 non
3590 2366 3751 2459 quia
3784 2367 3928 2458 ipse

744 2482 1166 2569 dubitaverit,
1215 2481 1327 2551 sed
1366 2480 1523 2573 quia
1551 2478 1823 2548 modum
1870 2479 2068 2568 gessit
2092 2478 2480 2565 dubitantis,
2537 2487 2601 2548 et
2628 2479 3009 2549 hominibus
3046 2478 3349 2550 dubitare
3370 2482 3740 2551 videbatur.

535 2596 718 2702 33:22³
834 2598 1009 2668 Illud
1054 2598 1250 2668 etiam
1294 2596 1734 2687 ignorandum
1775 2618 1909 2665 non
1952 2603 2089 2683 est,
2133 2596 2312 2687 quod
2355 2594 2654 2664 Hilarius
2700 2618 2982 2665 asserere
3027 2596 3289 2665 videtur
3323 2595 3370 2682 ⁴,
3412 2597 3745 2667 Christum
3787 2620 3927 2667 non

512 2718 640 2774 '⁰¹¹8‘
660 2722 722 2763 ‹¹⁵-
749 2713 899 2800 sibi,
923 2714 1032 2783 sed
1061 2715 1199 2784 suis
1222 2736 1461 2798 orasse,
1491 2735 1643 2781 cum
1670 2712 1839 2781 dixit
1873 2736 1889 2778 ε
1945 2713 2254 2802 Transfer
2293 2734 2336 2780 a
2375 2733 2482 2780 me
2525 2712 2797 2781 calicem
2841 2712 3041 2797 hunc,
3090 2713 3258 2782 sicut
3303 2735 3423 2781 nec
3450 2713 3602 2799 sibi,
3649 2714 3759 2783 sed
3786 2714 3927 2783 suis

538 2794 658 2824 RRRRR
660 2797 699 2825 m

532 2847 689 2949 323
752 2830 973 2899 timuit
997 2858 1016 2918 ;
1045 2853 1166 2899 nec
1191 2852 1346 2899 eum
1372 2829 1683 2915 voluisse,
1714 2838 1791 2898 ut
1815 2827 1939 2897 sibi
1968 2851 2104 2897 non
2130 2837 2294 2918 esset
2320 2829 2557 2920 passio,
2587 2828 2698 2896 sed
2730 2836 2806 2897 ut
2833 2850 2872 2896 a
2893 2829 3030 2896 suis
3050 2829 3356 2897 transiret
3377 2829 3549 2898 calix
3577 2828 3921 2920 passionis»,

528 2973 697 3040 ,φη-ι..
748 2945 841 3014 ita
891 2946 1201 3039 inquiens
1259 2970 1344 3013 τε(
1378 2945 1451 3014 Si
1504 2945 1716 3037 passio
1772 2943 2285 3013 honorificatura
2338 2966 2489 3013 eum
2543 2952 2704 3030 erat,
2761 2944 2929 3012 sicut
2976 2944 3151 3013 Juda
3206 2954 3485 3013 exeunte
3530 2945 3622 3013 ait
3665 2969 3680 3012 :
3725 2947 3924 3016 Nunc

504 3034 719 3147 „33³2
746 3062 1219 3155 honorificatus
1252 3075 1347 3132 cst
1378 3062 1458 3155 (a)
1491 3062 1703 3130 Filius
1749 3060 2060 3129 homini-3.
2117 3060 2264 3142 Quo
2295 3060 2486 3129 modo
2518 3060 2769 3128 tristem
2796 3082 2950 3128 eum
2981 3070 3190 3129 metus
3216 3061 3533 3153 passionis
3558 3061 3863 3130 effecerat
3885 3067 3918 3130 ’ἱ

741 3178 882 3247 Nisi
909 3179 1076 3248 forte
1103 3188 1237 3248 tam
1264 3177 1732 3248 irrationabilis
1761 3177 1984 3260 fuerit,
2044 3187 2122 3246 ut
2161 3175 2298 3268 pati
2341 3185 2618 3245 mortem
2661 3177 2979 3263 timuerit,
3024 3199 3172 3269 quae
3194 3178 3545 3269 patientem
3574 3200 3642 3247 se
3669 3177 3922 3268 glorifi-

739 3301 965 3365 catura
1005 3303 1171 3364 esset
1194 3300 1225 3362 ‘l
1272 3294 1399 3377 Sed
1446 3295 1613 3364 forte
1659 3293 1953 3362 timuisse
2011 3315 2222 3385 usque
2276 3315 2353 3361 eo
2416 3292 2922 3378 existimabitur,
2988 3300 3064 3360 ut
3109 3293 3447 3362 transferri
3491 3317 3531 3362 a
3557 3317 3625 3363 se
3651 3292 3920 3364 calicem

738 3411 1119 3503 deprecatus
1172 3413 1280 3498 sit,
1333 3410 1554 3480 dicens
1593 3436 1608 3478 :
1674 3413 1899 3499 Pater,
1960 3410 2254 3502 transfer
2306 3409 2573 3480 calicem
2627 3408 2801 3478 lzzcnc
2845 3432 2889 3476 a
2940 3431 3068 3477 me.
3132 3410 3277 3490 Quo
3329 3410 3524 3480 modo
3575 3413 3751 3481 enim
3803 3437 3923 3507 per

739 3528 1027 3618 patiendi
1056 3535 1301 3596 metum
1330 3526 1667 3596 transferri
1694 3525 2151 3618 deprecaretur
2176 3549 2215 3593 a
2246 3548 2339 3612 se,
2387 3526 2565 3618 quod
2608 3547 2722 3617 per
2739 3523 3235 3618 dispensationis
3261 3527 3556 3596 studium
3584 3529 3921 3599 festinaret

735 3643 1058 3736 implere?
1087 3642 1234 3713 Non
1280 3643 1456 3712 enim
1509 3642 1817 3711 convenit
1870 3650 1948 3711 ut
1996 3641 2132 3734 pati
2190 3640 2381 3728 nolit,
2435 3641 2554 3733 qui
2613 3641 2743 3732 pati
2794 3642 3027 3710 venit:
3085 3650 3149 3711 et
3200 3664 3353 3711 cum
3398 3643 3536 3735 pati
3564 3667 3718 3713 eum
3747 3645 3918 3716 velle

735 3769 1170 3851 cognosceret,
1201 3758 1572 3850 religiosius
1598 3757 1815 3827 fuerat
1841 3758 1962 3827 hoc
1989 3756 2314 3845 confiteri,
2344 3779 2546 3849 quam
2574 3758 2654 3825 ad
2687 3756 2754 3825 id
2784 3756 3005 3849 impiae
3034 3756 3328 3827 stultitiae
3356 3781 3809 3853 prorumpere,
3843 3772 3918 3831 ut

738 3898 891 3945 eum
915 3898 1257 3963 assereres,
1319 3897 1401 3944 ne
1431 3880 1786 3967 pateretur,
1820 3896 2063 3962 orasse,
2110 3895 2311 3967 quem
2355 3872 2489 3964 pati
2524 3871 2697 3941 velle
2733 3893 3171 3962 cognosceres.
3204 3873 3353 3942 Non
3380 3897 3537 3965 ergo
3563 3876 3686 3943 sibi
3716 3877 3919 3946 tristis

737 3990 887 4078 fuit,
914 4014 1129 4084 neque
1154 3991 1279 4060 sibi
1307 3997 1450 4061 orat
1477 3990 1753 4060 transire
1782 3990 2047 4059 calicem
2080 4014 2097 4056 t
2146 3988 2256 4057 sed
2287 3988 2651 4080 discipuliS,
2684 4011 2766 4057 ne
2793 3989 2862 4056 in
2893 3989 2985 4057 eis
3011 3989 3180 4058 calix
3206 3989 3521 4081 passionis
3550 3992 3911 4081 incumbat,

737 4130 934 4199 quem
963 4130 1004 4176 a
1027 4130 1094 4177 se
1119 4106 1398 4176 transire
1421 4116 1588 4196 orat,
1619 4130 1702 4176 ne
1727 4105 1800 4175 in
1840 4105 1944 4175 his
2000 4104 2246 4173 scilicet
2292 4112 2580 4173 maneat.
2637 4105 2788 4174 Non
2840 4105 3017 4172 enim
3072 4113 3261 4194 rogat
3309 4128 3392 4174 ne
3418 4129 3637 4176 secum
3665 4109 3776 4197 sit,
3804 4109 3915 4178 sed

738 4232 878 4291 uta
913 4247 981 4292 se
1019 4232 1325 4294 transeat.
1381 4223 1628 4293 Deinde
1685 4224 1817 4292 ait:
1876 4226 2032 4295 Non
2084 4221 2256 4290 sicut
2308 4245 2423 4314 eqo
2478 4221 2647 4307 volo,
2700 4218 2816 4290 sed
2859 4221 3031 4290 sicut
3085 4233 3158 4289 tu
3210 4222 3349 4306 vis;
3402 4222 3708 4294 humanae
3746 4224 3818 4293 in
3846 4248 3914 4293 se

735 4341 1195 4409 sollicitudinis
1218 4340 1595 4431 significans
1618 4339 2048 4425 consortium,
2076 4338 2190 4407 sed
2215 4360 2351 4408 non
2378 4338 2751 4406 discernens
2785 4337 3175 4406 senteutiam
3204 4337 3330 4406 sibi
3357 4340 3728 4409 communis
3754 4353 3909 4409 cum

737 4457 927 4525 Patre
955 4456 1335 4526 voluntatis.
1364 4433 1497 4526 Pro
1521 4455 1903 4525 hominibus
1948 4477 2106 4545 ergo
2144 4454 2292 4523 vult
2341 4453 2617 4523 transire
2658 4452 2952 4541 calicem,
2992 4475 3111 4544 per
3133 4476 3333 4545 quem
3361 4477 3586 4525 omnes
3611 4455 3910 4549 discipuli

733 4582 921 4640 erant
956 4572 1286 4659 tentandi3
1341 4581 1405 4641 et
1442 4571 1591 4641 ideo
1629 4593 1748 4662 pro
1799 4570 1996 4641 Petro
2049 4577 2238 4661 rogat
2274 4576 2297 4611 ⁸
2318 4622 2337 4657 ,
2394 4594 2477 4639 ne
2528 4569 2801 4661 deficiat
2848 4568 3019 4661 fides
3071 4570 3235 4661 ejus.
3295 4569 3519 4641 Sciens
3572 4594 3728 4663 ergo
3776 4573 3911 4643 haee

734 4689 960 4758 omnia
984 4698 1129 4782 post
1153 4696 1431 4758 mortem
1454 4710 1644 4757 suam
1670 4687 1984 4771 desitura,
2015 4708 2227 4780 usque
2253 4687 2335 4756 ad
2363 4694 2640 4757 mortem
2666 4685 2867 4755 tristis
2892 4693 3011 4772 est,
3043 4693 3106 4754 et
3134 4685 3253 4754 scit
3279 4685 3457 4755 hunc
3482 4688 3749 4757 calicem
3774 4711 3908 4758 non

735 4828 920 4899 posse
946 4805 1249 4893 transire,
1278 4804 1406 4873 nisi
1433 4804 1714 4891 biberit;
1764 4802 1912 4874 ideo
1951 4804 2044 4873 ait
2078 4829 2097 4872 z
2149 4807 2353 4873 Pater
2404 4804 2526 4888 mi,
2584 4803 2644 4873 si
2692 4825 2827 4872 non
2867 4815 3089 4896 potest
3116 4803 3398 4875 transire
3425 4806 3606 4875 calioe
3628 4807 3753 4876 iste
3777 4807 3911 4877 nisi

737 4922 958 4991 bibam
1010 4923 1228 5010 illum,
1268 4922 1401 5013 fiat
1452 4922 1758 4991 voluntas
1814 4933 1958 5005 tua,
2014 4920 2225 4990 sciens
2273 4920 2347 4989 in
2405 4944 2473 4990 se
2524 4928 2977 4992 consummata
3036 4919 3336 5012 passione
3389 4929 3640 4991 metum
3693 4923 3911 4991 calicis

737 5040 1195 5129 transiturum,
1244 5038 1362 5131 qui
1408 5037 1535 5107 nisi
1575 5059 1727 5107 eum
1776 5036 2070 5123 bibisset,
2119 5035 2399 5107 transire
2453 5059 2590 5106 non
2640 5026 2876 5130 posset,
2922 5058 3045 5105 nec
3089 5035 3244 5105 finis
3288 5037 3573 5125 terroris,
3603 5039 3733 5107 nisi
3757 5060 3908 5107 con-

737 5164 1064 5226 summata
1085 5155 1406 5249 passione,
1455 5153 1693 5225 terrori
1735 5153 2127 5243 succederet,
2179 5153 2340 5245 quia
2395 5162 2540 5246 post
2584 5161 2862 5223 mortem
2914 5153 3056 5246 ejus
3109 5175 3226 5245 per
3277 5153 3601 5222 virtutum
3628 5155 3906 5246 gloriam

808 5302 1040 5365 ¹Ambr‚,
1058 5298 1290 5422 '‘ligide,
1320 5298 1406 5348 lib.
1428 5300 1502 5421 ἑὲ,
1532 5313 1576 5350 c.
1602 5312 1651 5362 V,
1675 5313 1726 5349 n.
1754 5301 1830 5349 43.
1855 5298 2144 5360 -2uan-.,
2166 5309 2271 5361 MV,
2294 5298 2372 5348 36.
2394 5326 2444 5334 -—
2468 5298 2488 5330 ⁸
2509 5299 2591 5347 Ps.
2618 5310 2765 5362 extu,
2787 5299 2908 5349 3,-
2929 5297 2950 5332 ⁸
2970 5297 3145 5358 Hilar„
3170 5296 3231 5346 de
3257 5298 3410 5357 Tria„
3440 5298 3529 5348 lib.
3549 5301 3610 5349 X.
3628 5325 3688 5337 —
3709 5301 3906 5363 Uenu,

739 5382 855 5436 xm,
884 5374 962 5423 31.
982 5398 1046 5410 --
1204 5406 1238 5433 .,
1267 5382 1397 5433 111¹,
1495 5408 1507 5421 .

804 5463 870 5527 (a)
898 5462 1068 5526 vulg„
1093 5460 1400 5522 clarificatus
1419 5462 1513 5509 eet.
