4185 6288
581 5242 757 5297 Compa-

541 5302 648 5344 ratio
659 5303 756 5346 cha-

539 5361 687 5405 ritatis.

795 478 913 544 596

800 635 833 674 a
858 611 1143 678 Charitas
1167 616 1263 676 est
1290 610 1425 677 vita
1462 612 1766 695 copulans
1807 618 2132 678 amantem
2178 633 2328 679 cum

790 723 1023 785 amato.
1057 742 1088 780 n
1122 719 1448 785 Postremo
1484 720 1798 786 diffinitur
1821 722 1902 785 ab
1915 721 2218 804 Apostolo
2251 729 2269 765 ¹
2305 741 2323 786 τ

789 828 976 895 Finis
1005 829 1317 912 praecepti
1351 836 1444 896 est
1482 829 1772 897 charitas
1806 829 1884 896 de
1915 829 2100 897 corde
2125 847 2284 911 puro
2301 879 2322 910 ,

787 937 1176 1003 conscientia
1213 937 1404 1016 bona,
1438 941 1496 1002 et
1534 935 1665 1017 fide
1700 951 1831 1003 non
1874 936 2053 1016 ficta.
2096 936 2327 1001 Contra

786 1043 1062 1124 primam
1089 1042 1534 1108 diffinitionem
1556 1043 1646 1106 sic
1668 1044 1965 1125 objicitur
1988 1065 2003 1107 t
2032 1043 2206 1108 Idem
2230 1049 2325 1109 est

786 1150 1066 1228 dilectio,
1095 1157 1159 1214 et
1184 1152 1458 1216 charitas
1489 1173 1504 1215 z
1538 1170 1686 1216 cum
1712 1169 1869 1233 ergo
1889 1150 2188 1232 Magister
2211 1152 2324 1215 dir-

784 1256 928 1320 finit
946 1258 1317 1323 charitatem
1337 1277 1451 1341 per
1462 1258 1880 1337 dilectionem,
1904 1258 2133 1322 diffinit
2152 1258 2319 1322 idem

784 1380 899 1445 per
938 1364 1242 1446 seipsum.
1279 1364 1437 1429 item
1477 1365 1682 1429 amori
1724 1365 2002 1429 naturali
2038 1364 2107 1428 in
2150 1368 2319 1429 statu

783 1469 1166 1536 innocentia}
1195 1471 1609 1535 conveniebat
1639 1471 1756 1534 ista
1784 1470 2080 1536 diffinitio
2113 1493 2128 1535 :
2160 1489 2318 1552 ergo

783 1599 916 1645 non
987 1580 1242 1646 videtur
1303 1579 1732 1645 convertibilis
1784 1598 1935 1644 cum
1990 1578 2312 1643 charitate.

783 1686 1015 1752 Contra
1032 1687 1376 1752 secundam
1395 1687 1839 1752 diffinitionem
1858 1686 2158 1769 objicitur
2182 1686 2271 1749 sic
2294 1707 2309 1748 ε

780 1793 1045 1859 Affectio
1072 1795 1274 1859 animi
1311 1800 1405 1860 est
1441 1795 1521 1859 ab
1564 1797 1700 1878 ipsa
1742 1793 1956 1858 anima
1986 1815 2000 1856 ε
2034 1792 2318 1857 Charitas

779 1905 995 1964 autem
1013 1919 1146 1965 non
1173 1905 1267 1966 est
1284 1903 1364 1966 ab
1384 1903 1519 1986 ipsa
1537 1950 1555 1978 ,
1586 1902 1695 1966 sed
1721 1920 1759 1965 a
1784 1901 1944 1964 Deo:
1967 1917 2127 1981 ergo
2150 1900 2316 1963 male

779 2007 1011 2072 dicitur
1043 2030 1057 2071 ε
1092 2033 1122 2068 α
1147 2008 1427 2073 Charitas
1455 2013 1549 2074 est
1574 2008 1821 2073 affectio
1848 2008 2069 2072 animi.
2096 2029 2127 2066 ι)
2157 2006 2315 2070 Item

776 2115 918 2180 haec
929 2116 1213 2182 definitio
1226 2120 1429 2200 potest
1447 2121 1802 2199 competere
1821 2116 1958 2199 spei
1979 2138 1993 2179 :
2010 2133 2170 2196 ergo
2183 2132 2315 2178 non

777 2226 945 2286 recte
968 2223 1336 2304 assignatur
1352 2224 1429 2287 de
1454 2224 1779 2288 charitate.
1810 2222 2040 2288 Contra
2060 2222 2316 2286 tertiam

779 2330 1075 2414 objicitur
1097 2331 1186 2394 sic
1217 2353 1232 2396 2
1264 2331 1427 2410 Quia
1447 2331 1611 2397 visio
1633 2332 1970 2414 respondet
1995 2331 2115 2414 ipsi
2140 2330 2313 2407 fidei,

777 2441 841 2502 et
859 2440 1075 2504 fruitio
1098 2440 1291 2504 estad
1316 2458 1574 2505 omnem
1597 2440 1904 2504 virtutem
1924 2462 1941 2518 ;
1972 2456 2132 2520 ergo
2152 2439 2318 2502 male

777 2544 1088 2608 diffinitur
1132 2545 1404 2610 charitas
1442 2565 1556 2629 per
1595 2546 1813 2612 videre
1850 2551 1912 2609 et
1956 2546 2114 2626 rmi-
2156 2542 2316 2607 Item

776 2649 1157 2714 desiderium
1184 2652 1370 2715 estin
1399 2653 1664 2728 absens,
1694 2657 1757 2715 et
1800 2651 2079 2733 quodam
2126 2650 2317 2714 modo

775 2757 1216 2840 imperfectum
1249 2776 1266 2821 ε
1297 2776 1449 2821 cum
1479 2777 1634 2840 ergo
1665 2759 1939 2822 charitas
1973 2758 2052 2821 sit
2077 2757 2319 2840 perfec-

777 2864 1054 2941 tissima,
1096 2867 1262 2930 male
1305 2866 1621 2931 diffinitur
1660 2884 1773 2950 per
1815 2870 2028 2929 actum
2071 2863 2320 2928 deside-

777 2971 982 3035 randi.
1014 2971 1243 3037 Contra
1269 2979 1574 3055 quartum
1604 2973 1904 3054 objicitur
1937 2972 2025 3035 sic
2048 2988 2066 3036 2
2091 2971 2320 3054 Diony-

777 3077 912 3142 sius
932 3127 951 3159 ,
987 3079 1054 3143 in
1085 3080 1248 3147 libro
1274 3082 1353 3148 de
1397 3081 1660 3147 Divinis
1702 3080 2118 3158 NominibuS,
2148 3079 2318 3143 diffl-

778 3187 960 3250 niens
1000 3206 1285 3254 amorem
1329 3189 1714 3271 generaliter
1735 3237 1754 3268 ,
1785 3188 1937 3251 dicit
1956 3188 1980 3222 ¹
2006 3186 2178 3269 quod
2226 3189 2322 3249 est

779 3294 989 3359 virtus
1011 3297 1296 3361 unitiva:
1320 3315 1478 3378 ergo
1498 3297 1798 3378 copulare
1825 3299 2145 3359 amantem
2169 3312 2318 3357 cum

780 3406 991 3465 amato
1016 3421 1148 3466 non
1174 3408 1269 3468 est
1292 3404 1627 3486 proprium
1664 3403 1987 3467 charitatis
2007 3451 2023 3481 ,
2054 3420 2204 3465 cum
2240 3401 2323 3465 sit

781 3527 1123 3574 commune
1163 3511 1367 3574 amori
1398 3509 1710 3590 naturali,
1741 3515 1803 3574 et
1849 3508 2127 3573 animali.
2165 3507 2320 3573 ltem

780 3615 913 3678 vita
941 3619 1037 3679 est
1062 3617 1360 3698 perfectio
1385 3617 1672 3681 absoluta
1702 3639 1718 3680 t
1756 3615 2072 3700 copulatio
2103 3633 2323 3679 aman·

782 3722 863 3786 tis
889 3740 1039 3787 cum
1066 3729 1281 3787 amato
1305 3729 1400 3787 est
1426 3724 1697 3805 qualitas
1725 3722 2076 3804 respectiva
2114 3743 2129 3785 t
2163 3738 2321 3803 ergo

782 3828 946 3893 male
1002 3829 1233 3895 dicitur
1291 3830 1565 3894 charitas
1617 3849 1751 3895 esse
1803 3830 1937 3894 vita
1989 3828 2316 3911 copulans,

782 3934 1011 4000 Contra
1049 3935 1343 4000 ultimam
1383 3936 1681 4018 objicitur
1716 3936 1805 4000 sic
1846 3958 1861 3999 ε
1906 3935 2190 4000 Charitas
2228 3939 2340 4002 esb

782 4043 964 4107 radix
990 4042 1341 4123 virtutum,
1379 4048 1443 4107 et
1476 4042 1863 4126 principium
1902 4041 2228 4121 merendi,
2260 4045 2324 4105 et

782 4149 1033 4231 pondus
1076 4168 1207 4232 quo
1245 4150 1391 4231 quis
1429 4150 1767 4213 inclinatur
1803 4153 1867 4212 et
1906 4148 2107 4212 tendit
2130 4148 2208 4212 ad
2236 4150 2322 4212 fl-

781 4273 931 4319 nem
966 4273 981 4318 :
1014 4274 1172 4338 ergo
1217 4274 1349 4320 non
1376 4256 1627 4320 videtur
1670 4257 1842 4339 quod
1889 4255 2162 4319 charitas
2206 4256 2314 4320 de-

780 4363 926 4427 beat
951 4364 1075 4428 dici
1107 4364 1275 4427 finis.
1307 4361 1465 4427 Item
1491 4364 1804 4446 quaeritur
1831 4363 1910 4428 de
1948 4363 2070 4426 illis
2116 4362 2324 4426 tribus

784 4471 985 4535 modis
1012 4472 1126 4553 qui
1171 4471 1535 4546 adduntur,
1575 4489 1693 4553 pro
1740 4470 1973 4552 quibus
2016 4473 2220 4549 stent,
2262 4475 2325 4533 et

781 4598 909 4662 quo
937 4579 1127 4643 modo
1156 4579 1654 4660 distinguantur.
1689 4577 1882 4642 item:
1913 4577 2123 4656 Quare
2151 4578 2322 4643 cordi

779 4686 1148 4750 attribuitur
1182 4686 1429 4768 puritas
1449 4734 1469 4765 ,
1501 4691 1565 4750 et
1591 4684 1992 4750 conscientiae
2033 4686 2317 4764 bonitaS,

779 4796 842 4857 et
867 4793 1016 4858 fidei
1048 4793 1387 4871 stabilitas,
1419 4811 1568 4857 cum
1614 4793 1858 4876 purItas
1901 4793 2107 4856 cordis
2133 4792 2213 4856 sit
2240 4811 2323 4856 ex

777 4899 904 4964 fide
938 4901 961 4935 ⁸
1011 4921 1026 4964 t
1082 4898 1243 4965 Fide
1279 4899 1642 4981 purificans
1689 4898 1884 4965 corda
1932 4915 2147 4965 eorum
2190 4921 2215 4964 .·
2260 4904 2324 4962 et

778 5024 978 5088 quare
1019 5007 1177 5071 fides
1229 5010 1507 5089 ponatur
1557 5005 1805 5085 ultima,
1858 5024 2009 5070 cum
2063 5008 2202 5089 ipsa
2243 5007 2325 5070 sit

779 5113 1010 5193 prima.

862 5215 1048 5300 Resp.
1083 5218 1264 5297 Quod
1305 5218 1578 5283 charitas
1616 5218 1968 5283 secundum
2012 5220 2322 5305 multipli-

847 5376 867 5410 ¹
893 5376 908 5423 Ι
941 5377 1083 5437 Tim„
1113 5392 1150 5442 1,
1175 5383 1223 5429 5.
1243 5404 1305 5417 —
1326 5381 1349 5414 ¹
1384 5379 1618 5445 Dionys„
1643 5379 1704 5430 de
1737 5382 1850 5432 Div.
1889 5379 2059 5443 Nom„
2087 5395 2134 5432 c.
2166 5394 2234 5433 lv,
2265 5412 2318 5422 -

782 5445 806 5481 ⁸
830 5445 961 5506 Act„
989 5458 1075 5511 XV,
1099 5452 1147 5500 9.

1883 462 2502 546 SENTEN’rlAmm
2541 478 2688 547 ms.
2736 480 2844 546 ιιι.

2440 633 2580 680 cem
2607 614 2711 679 sui
2753 615 3294 698 comparationem
3332 614 3532 680 habet
3558 614 3972 698 multipliciter

2438 722 2720 787 diffiniri.
2755 721 2958 786 Habet
2996 722 3175 786 enim
3216 721 3494 786 charitas
3521 724 3879 804 comparari
3903 723 3973 787 ad

2436 830 2792 914 objectum;
2826 834 2890 894 et
2914 830 3005 894 sic
3032 830 3399 912 assignatur
3435 830 3736 895 diffinitio
3782 831 3974 913 primo

2435 937 2636 1018 posita
2664 956 2705 1000 a
2728 936 3055 1018 Magistro.
3091 936 3301 1001 Potest
3325 937 3564 1001 iterum
3599 937 3976 1002 considerari

2435 1061 2548 1124 per
2594 1043 3135 1127 comparationem
3179 1043 3258 1109 ad
3300 1044 3497 1107 finem
3538 1043 3868 1121 ultimum;
3920 1049 3975 1108 et

2433 1150 2526 1213 sic
2585 1149 2909 1243 diffinitur
2961 1150 3043 1213 ab
3077 1150 3443 1230 Augustino
3484 1150 3555 1213 in
3594 1149 3971 1232 soliloquio.

2433 1254 2643 1348 Potest
2669 1258 2863 1322 etiam
2883 1257 3244 1340 comparari
3273 1257 3353 1322 ad
3381 1262 3597 1321 actum
3625 1256 3973 1340 proprium,

2429 1364 2543 1445 qui
2580 1368 2675 1429 est
2719 1365 2907 1430 unire
2937 1370 3001 1429 et
3039 1365 3401 1442 adhaerere;
3448 1370 3513 1428 et
3552 1364 3646 1427 sic
3676 1364 3980 1428 diffinitur

2430 1470 2511 1535 ah
2539 1472 2900 1553 Augustino
2934 1474 3002 1537 in
3033 1473 3199 1538 libro
3228 1473 3305 1538 de
3328 1472 3615 1538 Moribus
3651 1473 3978 1551 Ecclesia,

2429 1579 2587 1642 etin
2616 1578 2779 1644 libro
2816 1579 2896 1647 de
2930 1580 3179 1662 Spiritu
3223 1588 3285 1647 et
3320 1582 3600 1661 Anima,
3629 1599 3750 1663 per
3774 1586 3980 1645 actum

2427 1684 2690 1749 uniendi
2730 1689 2794 1749 et
2818 1686 3159 1768 copulandi
3187 1692 3508 1750 amantem
3550 1705 3704 1750 cum
3733 1694 3977 1762 amato,

2427 1792 2714 1857 videlicet
2743 1792 3045 1858 affectum
3074 1797 3373 1858 nostrum
3411 1813 3560 1857 cum
3593 1793 3748 1858 Dee.
3785 1795 3981 1860 Potest

2425 1899 3058 1985 iterum·comparari
3102 1901 3181 1965 ad
3221 1902 3514 1966 habitum
3550 1903 3676 1966 sibi
3720 1905 3976 1985 adjunc-

2426 2011 2607 2087 tum,
2642 2009 2759 2091 qui
2800 2010 3081 2091 quodam
3121 2009 3312 2073 modo
3349 2013 3445 2072 est
3472 2009 3680 2091 ipsius
3709 2012 3977 2075 charita·

2426 2114 2506 2177 tis
2536 2114 2924 2197 principium
2949 2139 2965 2195 ;
2998 2120 3061 2179 et
3086 2116 3177 2179 sic
3201 2116 3511 2180 diffinitur
3536 2117 3622 2179 ab
3656 2118 3979 2200 Apostolo,

2429 2239 2580 2285 cum
2603 2221 2870 2286 dicitur:
2899 2222 3195 2288 Charitas
3214 2230 3304 2288 est
3322 2223 3482 2303 finis
3501 2227 3842 2307 proecepri,
3865 2229 3977 2289 etc.

2426 2327 2505 2392 Et
2533 2329 2658 2394 hoc
2693 2334 2864 2411 patet
2901 2349 2984 2395 ex
3025 2331 3225 2414 ipsius
3268 2332 3730 2395 notificationis
3769 2334 3980 2415 expla-

2425 2436 2707 2499 natione.
2737 2435 2899 2500 Nam
2928 2437 3208 2501 charitas
3235 2440 3603 2519 comparata
3624 2438 3710 2502 ad
3734 2438 3979 2503 habitus

2425 2543 2700 2606 aliarum
2725 2542 3045 2606 virtutum
3077 2543 3591 2624 theologicarum
3615 2592 3633 2621 ,
3653 2546 3817 2625 quia
3845 2548 3980 2609 unit

2427 2667 2536 2713 eas
2564 2650 2703 2729 fini,
2737 2650 3166 2732 principatum
3192 2655 3366 2714 tenet
3388 2650 3557 2714 inter
3586 2670 3699 2715 eas
3715 2674 3735 2730 ;
3763 2659 3828 2716 et
3850 2653 3980 2717 ideo

2426 2761 2678 2836 movet,
2712 2762 2772 2821 et
2800 2757 3137 2836 informat,
3180 2762 3244 2821 et
3281 2756 3617 2836 terminat,
3647 2760 3792 2822 sive
3836 2778 3979 2823 oon-

2426 2868 2746 2928 summat:
2781 2867 2846 2929 et
2873 2869 3205 2948 propterea
3228 2865 3457 2929 dicitur
3484 2885 3623 2931 esse
3651 2868 3811 2932 finis
3829 2888 3980 2951 prae-

2428 2971 2591 3053 cepti
2626 2993 2640 3035 :
2676 2976 2739 3035 et
2764 2973 2918 3055 quia
2947 2972 3094 3036 finis
3136 2977 3232 3037 est
3270 2973 3539 3039 aliarum
3563 3024 3583 3054 ,
3613 2982 3802 3040 actus
3831 2979 3978 3041 alia-

2425 3095 2575 3141 rum
2616 3077 2962 3162 disponunt
2992 3079 3071 3142 ad
3114 3082 3332 3143 actum
3361 3079 3728 3159 charitatis,
3761 3088 3826 3147 et
3855 3085 3982 3167 ipm

2428 3187 2701 3251 charitas
2741 3188 3104 3252 immediate
3145 3188 3332 3252 elicit.
3379 3187 3458 3252 Et
3499 3189 3644 3253 ideo
3697 3197 3831 3255 toes
3874 3213 3983 3275 po-

2428 3299 2674 3357 nuntur
2699 3293 2788 3358 ibi
2815 3294 3245 3358 conditiones:
3280 3298 3345 3358 et
3368 3312 3483 3376 per
3512 3296 3831 3377 primam,
3858 3319 3982 3382 qua

2427 3400 2657 3465 dicitur
2684 3401 2774 3465 ibi
2803 3400 3077 3464 charitas
3105 3399 3183 3466 de
3220 3399 3406 3467 corde
3436 3417 3605 3483 puro
3625 3451 3646 3480 ‚
3693 3406 3985 3486 tangitur

2430 3506 2702 3572 conditio
2731 3506 2929 3589 ipsius
2954 3506 3281 3570 charitatis
3296 3555 3315 3586 ,
3338 3509 3528 3589 cujus
3555 3513 3654 3572 est
3677 3509 3986 3593 deputare

2428 3615 2728 3679 affectum
2758 3615 2964 3679 cordis
2990 3616 3070 3679 ab
3097 3616 3275 3679 omni
3302 3616 3676 3682 terrenitate
3698 3641 3717 3695 ;
3747 3638 3868 3701 per
3888 3640 3982 3684 se·

2429 3723 2706 3788 cundam
2725 3772 2741 3802 ,
2767 3723 2997 3788 scilicet
3025 3722 3104 3789 cle
3124 3726 3518 3791 conscientia
3545 3726 3738 3807 bona,
3762 3732 3986 3812 tangi-

2429 3838 2535 3896 tur
2557 3833 2831 3897 conditio
2849 3834 3013 3916 spei;
3038 3852 3154 3916 per
3179 3835 3458 3912 tertiam,
3477 3835 3762 3901 conditio
3789 3839 3980 3902 fidei:

2429 3946 2493 4005 et
2550 3942 2905 4006 secundum
2954 3941 3078 4006 hoc
3135 3943 3519 4006 ordinantur
3547 3991 3565 4020 ,
3623 3946 3984 4011 secundum

2430 4050 2600 4132 quod
2647 4049 3057 4131 principalius
3086 4049 3168 4113 ad
3216 4054 3429 4113 actum
3481 4051 3820 4116 charitatis
3859 4055 3985 4118 dis*

2432 4160 2702 4236 ponunt.
2732 4155 2811 4220 Et
2845 4156 2935 4220 sic
2962 4160 3132 4238 patet
3166 4155 3460 4220 diffinitio
3480 4204 3498 4235 ,
3532 4161 3595 4221 et
3623 4158 3985 4223 intellectus

2432 4263 2879 4344 praedictarum
2937 4262 3416 4327 diffinitionum.
3470 4264 3569 4328 Ad
3607 4264 3776 4330 illud
3825 4286 3982 4349 ergo

2431 4369 2605 4450 quod
2649 4369 2856 4452 primo
2904 4369 3202 4450 objicitur
3247 4374 3470 4434 contra
3523 4371 3981 4437 diffinitionem

2432 4478 2751 4562 Magistri,
2784 4481 2955 4564 quod
2982 4482 3152 4546 idem
3180 4486 3276 4546 est
3300 4481 3548 4546 dilectio
3571 4486 3638 4546 et
3661 4483 3981 4561 charitas,

2430 4585 2766 4652 dicendum
2798 4588 2969 4670 quod
2992 4588 3109 4652 etsi
3136 4589 3264 4653 sint
3287 4588 3457 4653 idem
3484 4607 3578 4667 re,
3607 4594 3843 4655 tamen
3871 4591 3984 4654 ali-

2430 4710 2561 4773 qua
2588 4691 2947 4759 differentia
2970 4697 3236 4761 rationis
3261 4703 3374 4762 est.
3409 4698 3672 4763 Dilectio
3700 4700 3890 4763 enim
3919 4700 3984 4762 in

2430 4798 2575 4881 plus
2587 4805 2702 4877 est,
2714 4821 2908 4884 quam
2923 4804 3197 4869 charitas
3214 4827 3229 4868 t
3246 4804 3419 4870 unde
3429 4806 3766 4869 consuevit
3780 4807 3987 4887 assig-

2431 4908 2570 4970 nari
2584 4907 2959 4990 differentia,
2978 4912 3151 4994 quod
3166 4930 3351 4976 amor
3363 4916 3460 4977 est
3478 4918 3761 4991 naturae,
3786 4914 3984 4978 dilec-

2430 5013 2522 5077 tio
2564 5020 2659 5078 est
2696 5015 3049 5081 voluntatis
3088 5018 3549 5097 deliberativae,
3593 5023 3661 5083 et
3700 5020 3987 5084 charit&

2430 5119 2678 5200 gratiae.
2694 5121 2835 5186 Alia
2853 5123 3045 5186 etiam
3070 5130 3166 5187 est
3190 5124 3572 5201 differentia,
3587 5127 3751 5207 quia
3780 5127 3989 5190 ehari-

2429 5231 2524 5289 tas
2563 5229 2857 5293 nominat
2893 5229 3223 5308 habitum,
3253 5232 3360 5295 sed
3396 5232 3652 5296 dilectio
3688 5235 3986 5298 nominat

2429 5338 2645 5397 actum
2676 5355 2695 5398 ε
2724 5340 2789 5399 et
2804 5334 2894 5400 ita
2913 5335 3225 5402 diffinitur
3246 5337 3526 5402 charitas
3549 5357 3669 5422 per
3685 5339 3982 5405 dileetio-

2429 5459 2609 5520 nem,
2640 5448 2944 5526 tanquam
2973 5444 3193 5510 minus
3223 5462 3574 5511 commune
3611 5465 3729 5530 per
3765 5449 3982 5531 magis
