4185 6288
1220 433 1415 501 ms'r.
1458 429 1699 498 XXVII.
1747 429 1930 497 ΛΒΤ.
1979 431 2027 497 1.
2072 429 2370 512 QUAEST.
2411 432 2493 497 ll.

263 567 342 630 sit
365 583 697 633 summum
724 568 1001 648 bonum,
1035 571 1098 634 et
1123 571 1294 653 quod
1338 570 1569 635 habeat
1611 556 1803 632 omne

262 673 504 738 honum
549 693 663 757 per
706 676 1064 741 essentiam.
1096 677 1459 743 Secundum
1488 676 1654 760 quod
1685 694 1797 758 op-

264 785 353 845 tat
377 781 533 848 illud
564 785 880 867 proxime,
913 786 1004 850 sic
1030 786 1261 851 dicitur
1288 785 1551 867 diligere
1585 782 1800 866 proxi·

264 906 470 967 mum,
505 891 658 973 quia
692 893 834 957 vult
877 894 1047 976 quod
1086 893 1318 958 haheat
1360 893 1518 957 illud
1557 893 1802 957 honum

261 1015 376 1080 per
422 1000 697 1080 gratiam
748 1006 811 1066 et
859 1001 1158 1084 gloriam.
1211 1000 1577 1066 Secundum
1632 997 1802 1080 quod

261 1109 436 1187 optat
464 1107 622 1172 illud
647 1108 791 1185 sibi,
822 1109 912 1173 sic
938 1109 1167 1174 dicitur
1193 1109 1463 1190 diligere
1489 1107 1796 1191 seipsum.

261 1210 647 1278 Generaliter
692 1233 849 1297 ergo
889 1215 961 1279 in
1008 1220 1155 1280 actu
1200 1214 1569 1294 dilectioni5‚
1604 1213 1804 1298 ipsius

259 1319 579 1386 charitatis
624 1341 830 1386 unum
871 1327 966 1388 est
1008 1324 1254 1388 bonum
1294 1326 1581 1405 optatum
1598 1371 1617 1403 ‚
1659 1321 1806 1386 licet

260 1427 466 1492 multa
493 1428 641 1506 sint,
669 1430 906 1512 quibus
945 1431 1104 1495 illud
1134 1431 1378 1496 bonum
1407 1433 1661 1513 optatur
1693 1451 1707 1494 ε
1742 1433 1805 1493 et

259 1535 423 1600 illud
449 1540 543 1600 cst
568 1537 888 1619 objectum
925 1538 1270 1622 principale
1310 1538 1507 1622 ipsius
1542 1536 1804 1601 habitus

257 1641 591 1724 diligendi,
620 1645 927 1727 quoniam
956 1646 1164 1728 ipsum
1210 1650 1469 1728 propter
1515 1663 1583 1709 se
1623 1649 1804 1727 opta-

256 1753 370 1814 tur
394 1768 435 1813 a
454 1751 780 1830 charitate,
811 1753 899 1817 ita
941 1754 1109 1836 quod
1138 1754 1327 1818 habet
1351 1752 1661 1818 rationem
1685 1753 1798 1816 ob-

247 1857 410 1939 jecti
432 1859 863 1942 principaliter
890 1860 1224 1939 moventis„
1256 1865 1318 1925 et
1343 1861 1490 1923 finis
1516 1860 1804 1942 quietan-

256 1944 363 2030 tis.
422 1966 498 2030 Et
547 1968 701 2049 quia
756 1968 915 2032 illud
962 1971 1056 2032 est
1100 1986 1307 2031 unum
1354 1966 1565 2030 solum
1593 2012 1610 2046 ‚
1665 1965 1803 2029 sive

256 2077 665 2151 comparetur
691 2074 770 2138 ad
799 2094 866 2139 se
886 2122 906 2153 ,
939 2075 1074 2139 sive
1101 2078 1505 2158 comparetur
1530 2074 1609 2138 ad
1649 2091 1801 2136 eum

256 2182 375 2265 qui
416 2181 607 2246 habet
656 2182 1050 2258 charitatem,
1098 2182 1233 2245 sive
1275 2186 1677 2264 comparetur
1724 2181 1804 2245 ad

254 2291 403 2372 ejus
455 2289 821 2371 proximum
846 2308 863 2367 ;
895 2288 1068 2354 ,hinc
1115 2295 1211 2353 est
1258 2289 1430 2371 quod
1476 2289 1803 2353 charitatis

254 2395 518 2460 habitus
548 2395 734 2459 habet
760 2413 894 2459 esse
920 2396 1140 2459 uniuS.
1184 2394 1357 2459 Unde
1388 2396 1805 2461 concedendae

252 2507 414 2567 sunt
439 2502 718 2567 rationes
746 2520 891 2585 quae
925 2503 1048 2566 hoc
1075 2502 1437 2567 ostendunt.

344 2616 403 2674 1.
433 2611 531 2676 Ad
557 2609 714 2674 illud
748 2628 903 2674 vero
947 2610 1120 2692 quod
1154 2609 1363 2693 primo
1408 2608 1708 2691 objicitur
1735 2608 1805 2672 in

252 2716 680 2796 contrarium,
710 2717 883 2798 quod
910 2716 1155 2799 objecta
1181 2720 1332 2780 sunt
1357 2715 1642 2794 diversa,
1667 2718 1804 2798 jam

249 2827 437 2907 patet
465 2822 824 2906 responsio:
863 2823 1036 2906 quia,
1084 2822 1228 2887 licet
1277 2823 1548 2887 charitas
1585 2822 1809 2903 diligat

247 2931 635 3015 proximum
659 2978 677 3006 ‚
705 2934 919 2994 tamen
959 2930 1290 3013 proximus
1335 2948 1466 2994 non
1496 2934 1590 2993 est
1623 2929 1807 3012 prin-

250 3038 461 3122 cipale
489 3037 807 3120 objectum
826 3086 844 3117 ,
874 3037 981 3102 sed
1009 3041 1105 3102 est
1129 3038 1288 3102 illud
1317 3037 1395 3102 ad
1432 3037 1606 3120 quod
1632 3037 1808 3119 prin-

253 3150 461 3235 cipale
487 3151 808 3232 ohJectum
832 3149 1158 3215 charitatis
1184 3155 1609 3233 comparatur.
1647 3148 1808 3227 Quia

252 3258 439 3324 enim
465 3258 797 3339 proximus
821 3258 1041 3339 imago
1080 3260 1174 3322 est
1201 3257 1342 3336 Dei,
1373 3260 1436 3320 et
1463 3275 1665 3340 capax
1702 3256 1807 3339 ip-

253 3366 401 3430 sius
426 3364 539 3429 Dei
566 3384 584 3445 ;
611 3365 753 3429 ideo
778 3364 986 3429 virtus
1014 3363 1359 3443 charitatis»,
1389 3358 1537 3446 quae
1564 3363 1810 3427 daeide-

254 3472 444 3538 derat
481 3491 811 3536 summum
847 3472 1092 3537 bonum
1127 3471 1349 3536 haberi
1392 3471 1473 3534 ab
1516 3470 1694 3534 omni
1733 3488 1809 3533 eo

255 3579 378 3662 qui
403 3582 606 3662 potest
631 3579 842 3662 ipsum
868 3579 1102 3643 habere
1131 3582 1192 3642 et
1227 3578 1363 3662 ipso
1393 3578 1543 3657 frui,
1571 3576 1811 3660 appetit

255 3704 600 3750 summum
627 3688 872 3751 honum
894 3705 935 3750 a
959 3685 1253 3768 proximo
1277 3684 1528 3761 haberi,
1560 3684 1725 3748 sicut
1748 3686 1812 3747 et

255 3794 346 3858 ab
376 3793 542 3858 eoin
569 3812 701 3877 quo
728 3799 820 3860 est
849 3797 952 3859 :et
972 3793 1095 3858 hoc
1121 3811 1251 3856 non
1281 3795 1375 3855 est
1396 3789 1592 3869 aliud,
1612 3809 1810 3873 quam

255 3918 488 3965 amare
511 3902 880 3984 proximum
898 3919 1013 3983 per
1036 3897 1359 3964 charitatis
1383 3898 1705 3962 affectum.
1734 3896 1811 3963 Et

253 4009 313 4072 si
346 4013 423 4072 tu
449 4008 742 4091 objicias,
771 4008 943 4091 quod
969 4007 1243 4072 charitas
1268 4024 1399 4069 non
1431 4009 1681 4068 tantum
1710 4005 1811 4068 fa-

255 4116 352 4199 cit
398 4115 570 4198 quod
599 4116 792 4182 homo
837 4114 991 4180 velit
1018 4114 1312 4199 proximo
1357 4112 1600 4175 bonum
1640 4110 1808 4193 quod

253 4222 436 4288 Deus
461 4227 555 4287 est
576 4270 593 4300 ‚
624 4225 732 4288 sed
759 4223 953 4287 etiam
981 4239 1170 4286 omne
1197 4219 1368 4283 aliud
1396 4219 1641 4282 honum
1665 4265 1682 4295 ‚
1712 4215 1813 4279 di-

250 4329 540 4396 cendum
586 4330 755 4413 quod
794 4330 916 4395 hoc
964 4347 1099 4394 non
1146 4331 1242 4391 est
1286 4323 1711 4409 principaliter
1750 4327 1813 4387 et

250 4438 562 4519 elicitive‚
595 4439 704 4503 sed
742 4437 925 4521 quasi
950 4438 1407 4517 consequenter
1438 4436 1502 4495 et
1535 4431 1622 4494 im
1633 4449 1812 4513 pera-

249 4547 400 4610 tive
448 4568 464 4609 t
516 4550 578 4610 et
623 4546 747 4610 hoc
794 4541 1300 4608 manifestabitur
1343 4539 1509 4603 infra
1527 4539 1545 4573 ¹
1597 4537 1811 4619 magis

249 4655 509 4735 aperte,
558 4671 709 4716 cum
756 4657 987 4734 agetur
1031 4651 1108 4716 de
1149 4649 1250 4713 his
1287 4666 1434 4732 quae
1472 4649 1626 4711 sunt
1667 4645 1807 4711 dili-

250 4758 482 4843 genda
507 4777 591 4823 ex
616 4760 943 4824 charitate.

345 4871 411 4932 2.
442 4868 539 4932 Ad
565 4867 723 4932 illud
747 4868 919 4949 quod
946 4865 1245 4949 objicitur
1261 4913 1279 4943 ‚
1308 4862 1477 4946 quod
1504 4863 1633 4927 duo
1662 4863 1813 4925 sunt

249 4979 584 5059 praecepta
605 4974 946 5051 charitatiS‚
974 4973 1312 5039 dicendum
1339 4970 1511 5054 quod
1542 4967 1649 5032 illa
1682 4968 1810 5033 duo

248 5085 588 5167 praecepta
630 5099 763 5145 non
808 5085 960 5145 sunt
1002 5080 1253 5144 diversa
1286 5077 1655 5154 formaliter,
1703 5074 1814 5140 sed

248 5188 480 5253 solum
502 5186 933 5266 materialiter,
953 5186 1109 5269 quia
1129 5202 1337 5251 unum
1363 5184 1621 5248 illorum
1648 5182 1813 5246 clau·

244 5295 439 5362 ditur
468 5294 537 5360 in
564 5293 790 5371 altero,
817 5293 1172 5357 secundum
1199 5292 1368 5375 quod
1394 5289 1696 5372 Magister
1722 5288 1814 5354 di-

325 5420 348 5454 ¹
382 5419 506 5472 Dist.
536 5430 726 5481 xxvm,
752 5422 847 5468 art.
877 5421 925 5482 2,
955 5431 1008 5481 q.
1037 5426 1110 5466 v1.
1136 5443 1195 5454 —
1224 5418 1246 5451 ¹
1269 5416 1392 5467 Dist.
1417 5427 1491 5466 ιι.

3333 407 3455 510 ⁶05

1911 567 1998 632 cit
2036 568 2105 631 in
2149 569 2377 633 littera.
2407 567 2484 632 Et
2515 571 2771 651 propter
2815 570 2938 635 hoc
2979 592 3112 638 non
3147 578 3456 661 sequitur,

1910 676 2081 759 quod
2113 677 2368 742 habitus
2394 676 2716 749 charitatis
2742 678 3205 748 diversificetur
3230 703 3460 752 secun-

1911 781 2065 846 dum
2097 783 2394 848 formam.

1993 897 2052 956 3.
2100 891 2197 955 Ad
2225 891 2383 957 illud
2431 892 2600 976 quod
2640 893 2941 976 objicitur
2990 897 3067 963 de
3097 899 3459 968 diversitate

1911 999 2289 1078 modorum,
2333 998 2674 1064 dicendum
2716 1003 2888 1083 quod
2936 1002 3268 1072 diversitas
3313 1010 3454 1075 illo·

1912 1124 2060 1170 rum
2087 1106 2427 1171 modorum
2463 1111 2556 1170 est
2601 1108 3079 1193 extdiversitate
3126 1133 3460 1199 compara-

1910 1211 2164 1277 tionum
2205 1214 2377 1278 illius
2417 1215 2653 1278 summi
2700 1216 2853 1281 boni
2896 1221 3065 1302 quod
3114 1227 3317 1303 potest
3363 1224 3461 1288 di-

1913 1319 2066 1400 ligi,
2119 1319 2222 1384 vel
2261 1321 2465 1403 optari
2505 1321 2625 1385 sihi
2673 1322 2794 1406 ipsi
2815 1373 2834 1404 ,
2882 1330 2948 1390 et
3005 1332 3212 1411 potest
3253 1333 3460 1413 optari

1911 1431 2224 1492 creaturae
2269 1446 2416 1510 quae
2458 1433 2607 1492 nata
2647 1435 2741 1494 est
2787 1430 2857 1494 in
2883 1433 3019 1515 ipso
3061 1435 3404 1500 beatificari
3440 1459 3455 1502 ε

1910 1534 2079 1598 unde
2107 1534 2438 1600 diversitas
2466 1535 2720 1600 illorum
2750 1539 3089 1606 modorum
3119 1562 3252 1607 non
3285 1546 3461 1610 venit

1911 1649 1991 1703 ex
2016 1641 2381 1706 diversitate
2410 1643 2774 1725 principalis
2799 1647 3061 1729 objecti,
3094 1651 3202 1715 sed
3245 1671 3328 1716 ex
3352 1671 3462 1717 va-

1910 1748 2005 1811 ria
2048 1750 2520 1831 comparatione
2567 1750 2817 1832 ipsius:
2850 1758 2912 1817 et
2957 1760 3290 1839 propterea
3329 1777 3460 1824 non

1911 1857 2194 1937 sequitur
2233 1857 2403 1938 quod
2443 1856 2524 1920 sit
2566 1857 2898 1924 diversitas
2939 1861 3007 1925 in
3047 1863 3286 1929 virtute
3329 1884 3463 1931 mo-

1910 1962 2237 2043 dificante,
2270 1964 2419 2045 quia
2464 1964 2799 2030 diversitas
2827 1972 3314 2052 comparationis
3343 1974 3463 2037 ob-

1906 2070 2057 2151 jecti
2087 2088 2220 2134 non
2247 2071 2483 2135 sufficit
2511 2073 2590 2136 ad
2619 2073 2982 2140 faciendum
3020 2077 3311 2143 habitum
3358 2081 3462 2145 di-

1910 2178 2279 2242 versificari.

1992 2288 2051 2346 4.
2084 2284 2182 2347 Ad
2212 2284 2369 2349 illud
2398 2285 2568 2367 quod
2610 2287 2907 2369 oincitur
2951 2290 3026 2354 de
3063 2293 3372 2375 sapientia
3397 2298 3461 2359 et

1912 2390 2195 2466 scientia,
2226 2390 2411 2454 latria
2439 2395 2505 2454 et
2529 2392 2732 2471 dulia3
2763 2394 3101 2461 dicendum
3129 2400 3300 2480 quod
3329 2419 3458 2464 non

1913 2501 2006 2559 est
2050 2497 2286 2576 simile,
2317 2499 2471 2580 quia
2510 2499 2815 2581 sapientia
2856 2504 3227 2583 negotiatur
3259 2506 3337 2570 de
3382 2525 3464 2571 ae-

1912 2604 2110 2667 ternis
2135 2607 2485 2669 secundum
2515 2605 2790 2670 rationes
2825 2612 3131 2690 aeternaS,
3167 2617 3229 2676 et
3255 2613 3464 2678 scien-

1914 2712 2004 2775 tia
2032 2713 2109 2776 de
2138 2714 2595 2796 temporalibus
2623 2717 2974 2782 secundum
3008 2720 3282 2784 rationes
3308 2726 3464 2785 tem-

1914 2819 2163 2900 porales
2195 2837 2211 2882 t
2247 2823 2312 2883 et
2355 2821 2496 2885 ideo
2539 2821 2822 2886 diversas
2875 2825 3150 2891 rationes
3200 2828 3475 2909 habent,

1914 2927 2270 2990 secundum
2324 2946 2485 3011 quas
2535 2930 2946 3011 diriguntur,
2996 2937 3058 2998 et
3099 2935 3169 2999 in
3218 2937 3465 3001 actibus

1915 3033 2048 3095 suis
2092 3033 2496 3115 regulantur.
2542 3036 2665 3101 Sed
2708 3038 2982 3104 charitas
3026 3060 3225 3106 unam
3268 3044 3468 3108 solam

1915 3140 2107 3206 habet
2147 3141 2460 3208 rationem
2510 3151 2896 3226 moventem,
2937 3148 3225 3214 videlicet
3261 3151 3468 3234 ipsam

1916 3268 2240 3314 summam
2279 3252 2649 3333 bonitatem,
2698 3272 2844 3337 quae
2893 3274 3043 3321 cum
3093 3259 3173 3323 sit
3215 3279 3469 3326 summe

1917 3358 2228 3436 amabiliS‚
2263 3366 2327 3424 et
2345 3366 2537 3443 prout
2563 3366 2656 3426 est
2684 3362 2749 3425 in
2779 3382 2868 3442 se,
2899 3371 2962 3428 et
2989 3371 3181 3449 prout
3205 3370 3461 3451 partici-

1918 3468 2108 3547 patur
2156 3466 2225 3530 in
2274 3472 2584 3546 creatura,
2634 3474 2909 3553 utroque
2957 3473 3144 3537 modo
3190 3475 3463 3541 charitas

1918 3590 2061 3636 eam
2086 3577 2260 3636 amat
2291 3594 2306 3637 :
2338 3575 2515 3638 etsie
2539 3575 2728 3640 habet
2758 3596 2954 3640 unam
2981 3579 3291 3645 rationem
3325 3600 3467 3647 mo-

1917 3678 2142 3754 tivam,
2175 3684 2237 3743 et
2281 3685 2616 3763 propterea
2642 3701 2773 3748 non
2817 3684 3001 3750 dehet
3047 3686 3136 3750 sic
3163 3686 3467 3752 diversifi-

1919 3786 2073 3866 cari,
2104 3785 2267 3850 sicut
2292 3787 2602 3870 sapientia
2619 3794 2682 3853 et
2707 3790 2989 3856 scientia.
3012 3791 3250 3858 Eodem
3278 3795 3466 3860 modo

1917 3892 2262 3957 dicendum
2291 3898 2387 3958 est
2412 3895 2491 3959 de
2527 3895 2709 3961 latria
2746 3900 2808 3960 et
2844 3898 2922 3962 de
2966 3898 3175 3980 dulia,
3210 3900 3373 3965 sicut
3399 3902 3467 3965 in

1918 4001 2428 4083 praecedentibus
2445 4009 2469 4043 ¹
2494 4007 2592 4067 est
2614 4008 2963 4069 ostensum.

2001 4113 2058 4171 5.
2108 4108 2203 4173 Ad
2235 4108 2391 4174 illud
2431 4111 2602 4192 quod
2648 4111 2945 4193 objicitur
2988 4114 3066 4178 de
3110 4114 3466 4181 differentia

1919 4215 2429 4298 contemplativae
2480 4221 2543 4280 et
2596 4217 2853 4297 activae,
2905 4219 3246 4285 dicendum
3292 4225 3473 4305 quod

1918 4323 2412 4405 contemplativa
2453 4327 2516 4387 et
2563 4326 2777 4390 activa
2825 4328 2967 4392 vita
3011 4329 3302 4393 nominat
3345 4336 3467 4394 sta-

1919 4431 2083 4508 tum,
2112 4431 2245 4493 sive
2272 4430 2526 4494 virtutis
2558 4432 2954 4496 exercitium.
2991 4433 3326 4499 Diversitas
3355 4456 3466 4500 au-

1917 4539 2047 4599 tem
2086 4540 2321 4616 statu8‚
2353 4537 2458 4601 vel
2492 4540 2777 4602 exercitii
2815 4558 2939 4605 non
2981 4541 3223 4606 inducit
3248 4543 3460 4608 diver-

1918 4642 2170 4706 sitatem
2200 4644 2265 4707 in
2294 4645 2519 4709 habitu
2539 4695 2556 4725 ‚
2589 4646 2699 4709 sed
2740 4646 3068 4712 diversitas
3103 4650 3464 4734 principalis

1918 4748 2145 4831 objecti
2190 4768 2206 4812 ε
2258 4750 2427 4814 unde
2469 4753 2708 4816 eaedem
2756 4752 3059 4832 virtuteS,
3111 4758 3462 4822 secundum

1919 4855 2205 4921 diversos
2229 4860 2432 4921 status
2458 4863 2521 4922 et
2555 4860 2882 4923 diversum
2918 4863 3297 4927 exercitium
3316 4913 3335 4944 ‚
3366 4866 3467 4930 di-

1919 4962 2146 5044 rigunt
2174 4963 2505 5028 hominem
2540 4967 2603 5029 in
2631 4972 2903 5049 utraque
2928 4969 3083 5047 vita,
3113 4970 3276 5033 sicut
3311 4971 3466 5036 ssdes

1920 5070 2146 5150 dirigit
2168 5070 2497 5136 hominem
2525 5073 2593 5136 in
2622 5073 3219 5155 contemplationem
3241 5081 3305 5141 et
3321 5096 3468 5161 ope-

1919 5176 2279 5241 rationem:
2313 5183 2571 5261 propter
2614 5179 2737 5243 hoc
2785 5197 2916 5243 non
2962 5183 3251 5264 sequitur
3296 5185 3465 5267 quod

1921 5283 2196 5349 charitas
2209 5333 2227 5364 ,
2244 5302 2320 5348 eo
2334 5286 2502 5368 quod
2524 5287 2603 5351 ad
2618 5286 2892 5351 activam
2903 5288 3102 5352 vitam
3113 5293 3177 5353 et
3190 5295 3443 5355 contem
3457 5325 3468 5335 ·

1921 5390 2225 5475 plativam
2240 5392 2475 5473 dirigat
2484 5397 2547 5457 et
2559 5393 2868 5469 habilitet‚
2885 5394 2966 5457 sit
2980 5395 3186 5460 virtus
3205 5396 3460 5480 duplex.
