4185 6288
106 1973 161 2013 Ad
176 1986 267 2029 opp.

1319 438 1514 505 DIS'I'.
1559 438 1721 504 XIII.
1769 433 1953 503 Am.
2002 435 2050 500 1.
2092 433 2396 513 QUAEST.
2444 438 2491 503 I.

317 593 459 657 ergo
483 575 792 639 meritum
816 592 950 639 non
966 574 1195 639 estnisi
1209 593 1325 658 per
1343 575 1588 640 donum
1611 572 1839 656 gratim

312 687 545 747 creatae.
592 684 715 747 Sed
762 684 1067 748 meritum
1105 682 1228 747 fuit
1263 681 1646 748 inChristo:
1678 700 1841 764 ergo

306 789 523 854 hahuit
569 789 851 872 gratiam
881 795 1158 855 creatam
1185 808 1301 874 per
1326 808 1524 873 quam
1550 790 1792 857 meruit
1820 813 1837 855 z

303 904 361 961 et
383 896 493 961 illa
531 900 628 961 est
667 898 880 979 gratia
905 896 1256 979 singularis
1285 915 1572 981 personae
1607 917 1625 961 ε
1657 915 1839 979 ergo,

303 1008 419 1069 ete.

377 1111 538 1176 Item
581 1133 598 1174 :
640 1110 931 1175 Christus
975 1109 1203 1175 habuit
1245 1110 1405 1175 duas
1458 1110 1840 1190 voluntates,

301 1218 460 1283 sieut
502 1218 771 1283 inferius
797 1225 819 1260 ¹
856 1217 1136 1304 patebit,
1171 1217 1409 1281 scilieet
1457 1222 1736 1283 creatam
1781 1223 1847 1283 et

304 1326 688 1403 increatam3
716 1328 780 1389 et
807 1330 1049 1388 comtat
1075 1324 1247 1407 quod
1264 1329 1541 1408 utraque
1558 1324 1680 1389 fuit
1704 1343 1845 1408 per·

303 1435 458 1499 reeta
498 1456 516 1498 :
560 1434 673 1498 sed
721 1435 1024 1517 perfectio
1069 1421 1419 1499 voluntatis
1472 1437 1700 1498 creatae
1752 1438 1847 1497 est

305 1560 414 1625 per
437 1543 718 1623 gratiam
748 1545 1051 1621 creatam,
1081 1558 1252 1624 quae,
1284 1541 1575 1625 inquam,
1612 1539 1847 1604 dicitur

306 1650 507 1729 gratia
551 1648 898 1730 singularis
937 1666 1226 1731 personae
1259 1669 1275 1712 ε
1322 1665 1481 1730 ergo
1508 1648 1575 1711 in
1603 1645 1846 1712 Christo

306 1774 428 1821 non
467 1760 724 1819 tantum
762 1756 1040 1836 gratiam
1083 1755 1433 1820 increatam
1455 1805 1474 1835 ‚
1506 1755 1615 1820 sed
1650 1755 1843 1819 etiam

309 1862 580 1922 creatam
605 1875 863 1922 neeesse
886 1862 983 1922 est
1005 1874 1263 1939 ponere.

381 1965 753 2030 Sedoontra
785 1986 802 2028 ι
834 1971 895 2029 1.
937 1961 1151 2029 Gratia
1197 1968 1407 2029 creata
1446 1980 1579 2027 non
1606 1967 1701 2026 est
1725 1964 1849 2027 nisi
1911 1977 1918 1986 ·

306 2074 370 2137 in
405 2073 762 2139 substantia
800 2075 1012 2136 creata
1043 2092 1059 2136 ε
1093 2089 1253 2153 ergo
1293 2089 1444 2135 cum
1479 2071 1687 2152 gratia
1710 2072 1846 2135 sin-

307 2182 547 2264 gularis
585 2199 876 2264 persouae
924 2180 1007 2244 sit
1031 2185 1265 2255 creata,
1295 2197 1430 2244 non
1451 2183 1569 2258 est,
1600 2179 1705 2245 vel
1732 2198 1845 2261 po·

306 2292 423 2354 test
464 2307 637 2367 esse,
682 2289 806 2352 nisi
851 2289 920 2352 in
966 2306 1235 2370 persona
1270 2288 1850 2371 creata2sedper-

306 2418 462 2464 sona
508 2399 740 2465 Christi
792 2417 924 2464 non
962 2403 1059 2463 est
1104 2404 1343 2477 creata,
1383 2400 1843 2464 oedinereata:

307 2524 462 2589 ergo
515 2508 585 2571 in
649 2506 896 2572 Christo
946 2525 1081 2572 non
1119 2514 1214 2572 est
1249 2508 1529 2589 reperire
1575 2507 1849 2588 gratiam

305 2619 611 2692 creatam,
640 2633 811 2698 quae,
838 2616 1133 2698 inquam,
1153 2614 1238 2678 sit
1261 2614 1472 2696 gratia
1497 2612 1851 2695 singularis

307 2740 621 2805 persone.

384 2834 447 2894 2.
487 2829 673 2908 Item,
699 2829 858 2912 quia
886 2827 1172 2894 Christus
1200 2833 1295 2892 est
1320 2827 1493 2892 filius
1516 2827 1846 2907 naturam,

309 2952 437 3001 non
478 2941 690 3019 potest
730 2955 869 3001 esse
908 2935 1082 2999 filius
1119 2954 1234 3018 per
1260 2935 1538 3015 gratiam
1565 2935 1847 3018 adoptio-

312 3043 410 3107 nis
454 3061 540 3108 ex
594 3047 773 3126 parte
828 3047 1077 3107 naturae
1127 3048 1470 3125 assumptae
1503 3060 1663 3124 ergo
1701 3061 1852 3106 cum

314 3152 596 3218 Christus
619 3151 701 3215 sit
727 3170 767 3215 a
792 3153 977 3218 Patre
1005 3151 1271 3216 dilectus
1299 3155 1374 3215 ut
1399 3168 1670 3233 persona
1693 3169 1854 3216 00ae-

313 3264 512 3339 terna,
554 3258 812 3323 videtur
847 3258 1023 3341 quod
1047 3257 1227 3322 nulla
1246 3258 1328 3322 sit
1354 3259 1649 3340 ponenda
1677 3258 1748 3321 in
1774 3277 1851 3323 eo

309 3367 519 3448 gratia
542 3370 775 3443 creata,
804 3383 920 3448 per
941 3382 1139 3448 quam
1167 3365 1282 3429 flat
1306 3369 1597 3447 aceeptus
1621 3369 1696 3430 ut
1721 3365 1851 3430 sin-

311 3474 552 3554 gularis
578 3490 871 3555 persona.

383 3585 442 3645 3.
477 3580 637 3645 Item
667 3580 750 3644 ad
786 3580 911 3645 hoo
954 3580 1142 3644 datur
1171 3578 1359 3643 nohis
1384 3580 1594 3661 gratia
1616 3580 1848 3662 singu-

305 3691 455 3756 laris
482 3707 814 3774 personae,
858 3694 934 3754 ut
978 3708 1094 3771 per
1132 3688 1310 3752 illam
1344 3688 1696 3754 efficiamur
1723 3689 1849 3754 Deo

307 3798 545 3861 similae
572 3818 588 3859 :
621 3796 732 3860 sed
759 3796 865 3859 ille
893 3813 1022 3860 non
1049 3799 1304 3860 tantum
1326 3798 1421 3860 est
1447 3794 1573 3860 Deo
1600 3795 1844 3876 similis,

308 3904 433 3969 imo
490 3903 688 3967 etiam
739 3900 908 3967 Deus
953 3924 968 3966 :
1000 3919 1162 3983 ergo
1205 3901 1459 3967 videtur
1497 3903 1670 3986 quod
1717 3922 1849 3968 non

309 4017 489 4095 egeat
500 4013 672 4077 dono
699 4014 927 4075 creatae
955 4014 1206 4093 gratiae.

382 4124 443 4182 4.
474 4118 635 4181 Item
657 4116 941 4183 Verbum
960 4118 1318 4182 increatum
1335 4117 1594 4183 unitum
1611 4119 1848 4185 animae

313 4225 530 4291 Christi
559 4275 578 4306 ,
613 4230 679 4291 et
704 4226 848 4309 eJ'us
882 4225 1177 4308 potentiis
1198 4271 1216 4302 ‚
1244 4229 1450 4307 potest
1494 4243 1602 4289 eas
1635 4226 1847 4290 effica-

314 4333 553 4399 cissime
592 4351 852 4416 regere,
900 4336 965 4396 et
990 4332 1072 4396 ad
1095 4331 1265 4396 bona
1291 4331 1677 4414 perficienda
1720 4331 1850 4395 ele-

316 4456 499 4506 vare:
531 4440 644 4505 sed
689 4458 823 4504 non
848 4442 1099 4526 oportet
1124 4438 1265 4503 fieri
1293 4456 1405 4521 per
1434 4437 1641 4521 plura,
1676 4438 1849 4520 quod

315 4547 693 4611 sufficienter
719 4551 783 4610 et
809 4546 1083 4629 perfecte
1127 4549 1331 4629 potest
1374 4545 1515 4611 fieri
1541 4564 1656 4629 per
1679 4563 1849 4629 pau-

317 4655 478 4719 ciora
510 4678 524 4717 z
559 4654 818 4720 videtur
845 4670 1004 4734 ergo
1034 4652 1205 4734 quod
1234 4653 1304 4717 in
1340 4651 1584 4718 Christo
1610 4671 1744 4718 non
1770 4653 1851 4717 sit

319 4762 597 4842 ponenda
621 4759 835 4845 gratia
862 4763 1096 4825 creata.

319 4920 528 5045 αἰΙῖιει.
553 4932 748 4971 xvn.—
767 4917 1113 4970 ¹coneordat.
1132 4919 1187 4972 S.
1215 4918 1458 4984 Thomas,
1484 4933 1538 4984 p.
1571 4921 1656 4985 ΙΙΙ,
1676 4934 1729 4986 q.
1752 4932 1849 4983 vn,

460 5022 481 5047 ι

2512 722 2940 786 CONCLUSIO.

1952 897 2150 955 Gratia
2187 913 2304 969 quoe
2348 901 2464 967 ruit
2510 901 2574 954 in
2616 898 2843 967 Christo,
2895 899 3010 966 fuit
3049 897 3237 968 aratia
3275 902 3494 966 orento,

2024 991 2272 1044 animam
2298 990 2473 1060 ipsius
2500 988 2605 1044 Deo
2633 988 2965 1058 assimilans,
2997 991 3050 1044 et
3073 990 3252 1062 ipsam
3276 986 3499 1045 reddens

2023 1078 2099 1133 ad
2139 1080 2390 1135 unionem
2437 1078 2719 1145 idoneam,
2765 1081 2927 1149 atqua
2964 1077 3038 1133 ad
3083 1079 3335 1132 meritum
3366 1092 3495 1149 per·
3630 1105 3645 1123 ·

2019 1170 2236 1236 tectam.

2035 1326 2221 1410 Resp.
2249 1327 2330 1392 ad
2353 1346 2496 1409 arg.
2533 1327 2881 1393 Dicendum
2910 1326 3083 1410 quod
3109 1327 3351 1409 absque
3374 1327 3496 1392 du-

1953 1434 2063 1500 bio
2102 1434 2170 1498 in
2215 1435 2461 1499 Christo
2505 1440 2603 1499 est
2654 1453 2892 1518 ponere
2946 1435 3192 1499 donum
3242 1434 3495 1515 gratiae‚

1955 1559 2104 1624 quae
2131 1541 2392 1625 quidem
2419 1543 2628 1623 gratia
2652 1543 2883 1606 dieitur
2912 1542 3120 1623 gratia
3153 1542 3502 1622 singularis

1957 1667 2249 1732 personae
2293 1671 2307 1711 ι
2354 1653 2420 1713 et
2464 1649 2603 1714 haeo
2634 1648 2896 1732 quidem
2922 1649 3167 1712 donum
3199 1651 3294 1712 oet
3318 1666 3501 1712 erea-

1956 1761 2099 1821 tum
2126 1758 2170 1819 ¹.
2203 1757 2284 1821 Et
2311 1757 2471 1820 ratio
2508 1757 2711 1840 hujus
2750 1760 2845 1820 est
2865 1805 2883 1835 ,
2912 1756 3066 1838 quia
3098 1756 3225 1820 tale
3259 1757 3500 1821 donum
3618 1749 3625 1756 ’

1956 1863 2190 1944 gratiae
2234 1864 2519 1927 animam
2562 1863 2689 1929 Deo
2715 1864 3057 1942 assimilat,
3086 1867 3152 1928 et
3180 1864 3261 1928 ad
3305 1865 3504 1929 bonas

1956 1971 2379 2053 operationes,
2413 1975 2477 2034 et
2505 1971 2880 2049 meritorias,
2910 1971 3295 2035 exeroendas
3318 1972 3502 2036 habi-

1956 2078 2119 2145 litat.
2150 2077 2463 2155 Quoniam
2513 2097 2671 2160 ergo
2713 2079 2929 2143 anima
2965 2078 3193 2142 Christi
3225 2079 3346 2142 ruit
3369 2079 3505 2143 dei-

1957 2185 2201 2261 formis,
2230 2189 2296 2249 et
2320 2185 2398 2248 ad
2425 2187 2589 2250 bene
2618 2187 3015 2269 operandum
3052 2186 3306 2266 habilis,
3343 2186 3499 2251 alio-

1957 2293 2115 2375 quin
2143 2311 2274 2358 non
2302 2293 2523 2356 fuisset
2549 2294 2775 2357 idonea
2802 2294 2880 2358 ad
2908 2294 3212 2359 unionem
3230 2342 3248 2372 ‚
3282 2312 3400 2358 nec
3422 2295 3502 2359 ad

1959 2399 2172 2462 meriti
2212 2399 2713 2481 perfectionem;
2760 2400 2900 2465 ideo
2956 2419 3208 2465 neeesse
3262 2401 3385 2465 fuit
3433 2401 3503 2464 in

1959 2504 2188 2570 Christi
2232 2507 2454 2570 anima
2490 2506 2755 2588 reperiri
2800 2506 3044 2571 donum
3080 2507 3223 2570 talis
3249 2508 3500 2590 gratiae.

1965 2612 2044 2678 Et
2090 2632 2173 2676 ex
2208 2613 2430 2677 eadem
2471 2630 2663 2676 eausa
2699 2630 2949 2676 neeesse
2985 2613 3106 2675 fuit
3131 2614 3341 2695 ipsum
3369 2633 3503 2680 oese

1967 2725 2275 2800 creatum,
2302 2725 2378 2785 ut
2399 2721 2684 2786 animam
2718 2726 2928 2804 powt
2957 2722 3326 2801 informare,
3356 2727 3502 2787 tan-

1968 2846 2165 2909 quam
2222 2827 2747 2910 perfectissimum
2815 2847 3009 2892 suum
3078 2828 3460 2911 perfectibile
3480 2878 3499 2910 ,

1960 2935 2133 3016 quod
2157 2935 2501 2999 informare
2528 2936 2740 3014 habet,
2769 2941 2832 2999 et
2859 2939 2935 3000 ut
2961 2937 3272 3018 potentias
3297 2944 3505 3019 posset

1959 3041 2285 3107 habilitate
2302 3089 2319 3118 ‚
2366 3042 2533 3105 sieut
2575 3042 2849 3125 qualitas
2901 3060 3095 3107 suum
3145 3043 3504 3127 subjeetum

1959 3152 2152 3215 habet
2179 3151 2566 3234 qualificare.
2598 3150 2677 3215 Et
2700 3151 2843 3214 ideo
2880 3156 3033 3215 sunt
3077 3152 3498 3219 concedendae

1959 3261 2239 3325 rationes
2254 3260 2376 3325 hoe
2398 3261 2820 3325 ostendentes».

2041 3372 2102 3429 1.
2134 3366 2232 3432 Ad
2274 3367 2431 3432 illud
2474 3370 2694 3431 autem
2714 3450 2719 3455 ,
2736 3366 2908 3449 quod
2948 3365 3157 3448 primo
3182 3368 3499 3451 objicitur,

1958 3473 2132 3556 quod
2170 3474 2383 3554 gratia
2423 3473 2772 3555 singularis
2816 3491 3104 3555 personae
3150 3480 3360 3539 creata
3409 3479 3503 3541 est

1959 3578 2025 3641 in
2082 3597 2354 3661 persona
2395 3585 2605 3643 creata
2625 3628 2643 3657 ‚
2688 3579 3030 3644 dicendum
3074 3580 3245 3662 quod
3294 3583 3503 3662 gratia

1958 3684 2309 3767 singularis
2352 3704 2642 3769 personae
2687 3704 2819 3750 non
2867 3686 3101 3751 dicitur
3131 3688 3302 3769 quod
3330 3689 3501 3753 sitin

1959 3810 2090 3857 una
2114 3810 2382 3874 persona
2406 3794 2760 3875 secundum
2802 3795 3114 3858 rationem
3143 3796 3499 3872 personali-

1957 3899 2127 3979 tatis,
2160 3901 2229 3964 in
2253 3904 2573 3982 quantum
2612 3919 2904 3983 persona,
2936 3902 3044 3966 sed
3071 3904 3227 3986 quia
3252 3904 3416 3967 inest
3441 3904 3501 3968 ei

1956 4005 2201 4071 ratione
2227 4007 2498 4089 alicujus
2526 4008 2743 4090 partis,
2774 4010 2863 4073 ita
2887 4015 3106 4073 tamen
3139 4010 3310 4092 quod
3347 4029 3501 4092 gra-

1958 4114 2045 4179 tia
2087 4112 2178 4178 sic
2215 4114 2382 4178 dicta
2426 4115 2681 4196 respicit
2724 4115 2897 4179 illius
2940 4134 3229 4197 personae
3277 4119 3502 4182 merita
3587 4137 3589 4140 ⁴

1957 4221 2238 4304 propria.
2269 4220 2574 4297 Quamvis
2600 4227 2818 4286 autem
2844 4224 2913 4286 in
2943 4222 3188 4287 Christo
3227 4225 3309 4288 sit
3354 4244 3499 4307 per-

1957 4328 2254 4393 sonalitas
2293 4329 2592 4408 increata,
2622 4333 2837 4393 tamen
2862 4329 2970 4392 illa
3003 4347 3275 4411 persona
3307 4330 3501 4395 habet

1956 4439 2255 4499 naturam
2289 4441 2588 4515 creatam,
2620 4436 2902 4499 animam
2931 4434 3244 4509 videlieet,
3269 4440 3331 4498 et
3359 4453 3497 4499 car-

1957 4560 2108 4606 nem
2140 4544 2252 4606 :et
2298 4542 2460 4605 nihil
2508 4542 2776 4623 impedit
2822 4543 2983 4624 quin
3032 4540 3241 4622 gratia
3290 4547 3501 4605 creata

1956 4649 2151 4733 possit
2196 4667 2332 4712 esse
2376 4648 2444 4713 in
2490 4647 2737 4712 Christo
2782 4648 3137 4712 secundum
3178 4649 3319 4728 ejus
3358 4646 3498 4711 ani-

1957 4774 2155 4833 mam,
2198 4772 2346 4836 quae
2376 4758 2586 4818 ereata
2623 4757 2753 4833 est,
2787 4757 2852 4817 et
2880 4771 3027 4835 quae
3067 4756 3161 4817 est
3184 4755 3326 4834 ejus
3353 4771 3500 4835 pars

1956 4864 2202 4929 ratione
2241 4863 2548 4927 humanae
2590 4866 2861 4925 naturae.
2896 4860 3033 4943 Ipse
3081 4856 3299 4924 autem
3331 4858 3499 4942 obji-

1957 4970 2044 5036 cit
2062 5018 2081 5049 ,
2123 4988 2199 5034 ac
2243 4969 2296 5033 si
2343 4969 2486 5034 talis
2512 4967 2723 5050 gratia
2748 4971 2911 5032 esset
2947 4966 3017 5030 in·
3056 4983 3328 5049 persona
3366 4984 3502 5032 non

1955 5078 2202 5143 ratione
2240 5076 2429 5157 alicuj
2437 5092 2515 5140 us
2539 5073 2736 5158 partis
2755 5121 2774 5153 ,
2806 5074 2913 5138 sed
2933 5073 3181 5139 rationo
3208 5091 3501 5157 persona-

1956 5183 2172 5250 litatis.

1962 5274 1966 5277 “
2034 5292 2098 5356 2.
2150 5287 2245 5352 Ad
2289 5286 2447 5351 illud
2485 5286 2659 5370 quod
2691 5285 3030 5368 objicitur,
3059 5287 3234 5371 quod
3272 5288 3495 5354 filiatio

1957 5392 2312 5483 adoptionis
2349 5410 2483 5460 non
2528 5398 2736 5478 potest
2779 5398 2948 5460 stare
2987 5413 3139 5463 cum
3188 5396 3496 5464 filiatione
