4185 6288
701 478 820 540 ἰοῦ
1793 471 2417 543 ΒΕΝΤΕΝΤΙΑΒΠΜ
2456 471 2608 538 LIB.
2652 472 2762 541 111.

2357 612 2467 673 tur
2495 607 2665 693 quod
2694 607 2878 673 beata
2906 607 3107 692 Virgo
3136 626 3221 675 ex
3260 608 3371 674 illa
3410 608 3623 692 gratia
3663 611 3899 678 meruit

2361 716 2843 800 conceptionem
2889 717 3029 782 Filii
3069 717 3221 799 Dei,
3251 735 3402 783 cum
3461 736 3540 783 ea
3584 718 3741 784 bene
3780 738 3896 785 usa

1237 822 1596 906 QUAESTIO
1640 822 1720 888 11.
2361 825 2572 890 fuerit.
2607 822 2675 889 Si
2702 843 2857 903 non,
2882 830 2998 889 aut
3014 844 3173 908 ergo
3188 825 3397 890 caruit
3419 824 3535 890 illa
3547 825 3752 907 gratia
3779 826 3900 891 sui·

463 1234 675 1307 Fundam.

704 1007 797 1065 An
836 1006 1022 1064 Maria
1047 1002 1302 1060 meruerit
1347 999 1620 1057 Christum
1655 1001 1961 1074 concipere,
1995 1000 2083 1056 vel
2120 1015 2247 1056 con-

908 1096 1081 1167 ceptio
1118 1092 1225 1147 illa
1255 1092 1428 1160 ruerit
1462 1105 1530 1146 ex
1555 1104 1771 1147 munere
1796 1092 1996 1160 qratioe
2021 1091 2060 1144 ¹.

785 1263 1013 1328 Utrum
1045 1260 1355 1326 meruerit
1379 1261 1565 1324 beata
1589 1260 1782 1341 virgo
1810 1257 2009 1323 Maria
2039 1256 2258 1322 Chris·-

706 1377 846 1440 tum
865 1370 1220 1453 concipere,
1242 1386 1328 1432 an
1349 1366 1542 1432 suerit
1563 1365 1889 1448 conceptio
1911 1364 2022 1429 illa
2042 1364 2258 1429 solum

706 1498 789 1547 ex
835 1496 1101 1544 munere
1145 1476 1373 1559 gratiae
1419 1474 1692 1554 divinae3
1740 1477 1805 1538 et
1850 1472 2025 1556 quod
2073 1473 2259 1537 beata

706 1586 907 1670 Virgo
940 1586 1252 1650 meruerit
1276 1582 1600 1649 Christum
1636 1581 2001 1665 concipere,
2040 1584 2258 1645 osten-

707 1695 882 1761 ditur
921 1712 1036 1777 per
1071 1691 1227 1757 illud
1272 1690 1447 1773 quod
1484 1688 1719 1753 dicitur
1735 1696 1759 1730 ²
1788 1706 1806 1752 ε
1839 1690 2070 1767 Beata,
2115 1704 2260 1771 quoe

709 1797 1080 1874 credidisti,
1112 1796 1417 1879 quoniam
1440 1793 1862 1875 perficientur
1897 1794 1973 1858 in
1999 1798 2079 1873 te,
2117 1808 2263 1875 quoe

712 1905 892 1973 dicta
928 1908 1081 1970 sunt
1130 1901 1255 1971 tibi
1296 1918 1339 1968 a
1377 1901 1669 1968 Domino.
1713 1899 1836 1965 Sed
1881 1901 2265 1964 annuntiata

711 2017 848 2081 erat
872 2010 1197 2094 conceptio
1233 2029 1274 2073 a
1298 2008 1571 2074 Domino
1602 2027 1619 2070 ε
1652 2025 1812 2089 ergo
1851 2006 1995 2072 ideo
2035 2025 2267 2072 conce·

711 2120 834 2204 pit,
877 2119 1032 2203 quia
1077 2116 1339 2182 credidit
1368 2134 1385 2179 ε
1431 2115 1542 2180 sed
1585 2117 1830 2178 constat
1867 2113 2040 2196 quod
2082 2115 2261 2194 fides,

712 2230 848 2294 sive
876 2227 1232 2306 credulitaS‚
1263 2242 1395 2289 non
1428 2224 1548 2288 fuit
1575 2241 1767 2287 causa
1801 2222 2083 2288 efficiens
2111 2240 2265 2287 con-

713 2336 1018 2421 ceptionis
1055 2358 1070 2400 :
1099 2353 1258 2417 ergo
1285 2334 1408 2398 fuit
1431 2350 1624 2396 causa
1649 2331 1994 2396 meritoria.

795 2444 953 2509 Item
993 2444 1061 2507 in
1087 2442 1368 2518 collecta,
1398 2456 1545 2522 quae
1573 2438 1803 2503 dicitur
1840 2439 2270 2504 communiter

712 2553 795 2617 ab
817 2550 1092 2616 Ecclesia
1109 2551 1132 2585 ³
1161 2572 1177 2615 ε
1215 2549 1632 2631 omnipotens
1658 2549 2044 2628 sempiterne
2071 2550 2266 2627 Deus,

712 2663 830 2745 qui
854 2660 1146 2743 qloriosoe
1184 2657 1474 2741 Virqinis
1512 2658 1743 2722 Marice
1777 2671 2009 2738 corpus
2032 2662 2092 2721 et
2125 2656 2271 2721 cmi-

713 2785 906 2847 mam,
930 2773 1005 2833 ut
1029 2766 1304 2849 dianam
1328 2765 1490 2831 Filii
1512 2765 1613 2829 tui
1637 2762 2076 2829 habitaculum
2094 2764 2271 2844 effici

716 2881 1093 2950 mereretur,
1141 2873 1392 2954 Spiritu
1433 2876 1655 2937 sancto
1693 2875 2099 2952 cooperante,
2148 2877 2268 2934 etc.

717 2980 816 3044 Ex
844 2980 965 3044 hoc
997 2978 1325 3060 colligitur
1350 2977 1524 3060 quod
1553 2978 1737 3042 beata
1774 2976 1974 3041 Maria
2005 2977 2270 3056 meruit,

720 3091 784 3153 et
804 3085 975 3170 quod
996 3085 1195 3167 digna
1216 3084 1245 3149 f
1247 3085 1337 3149 uit
1359 3106 1374 3149 ε
1399 3101 1559 3166 ergo
1582 3082 1820 3149 meruit
1838 3083 2069 3148 merito
2089 3082 2273 3166 digni

721 3196 1078 3278 concipere.

800 3301 958 3366 Item
982 3301 1363 3383 Bernartius,
1393 3300 1473 3369 de
1502 3301 2025 3369 consideratione
2041 3301 2129 3368 ad
2151 3301 2278 3366 Eu-

722 3425 1007 3507 qenium,
1046 3422 1321 3508 tangens
1350 3410 1550 3476 illud⁸
1586 3438 1600 3480 :
1638 3411 1860 3478 Simile
1887 3417 1981 3478 est
2006 3426 2279 3495 reqnum

721 3532 1041 3604 caelorum,
1073 3532 1219 3606 etc.,
1243 3526 1393 3592 dicit
1419 3524 1592 3609 quod
1624 3521 1860 3587 mulier
1888 3520 2012 3584 fuit
2031 3519 2276 3602 sapien-

721 3641 813 3705 tia
835 3689 853 3718 ‚
887 3656 1034 3722 quae
1077 3638 1402 3700 frumento
1443 3633 1593 3698 fidei
1634 3632 1836 3696 beatae
1865 3626 2155 3709 Virginis
2184 3626 2278 3689 in-

724 3748 1091 3814 carnatione
1118 3744 1242 3810 tria
1281 3747 1420 3808 sata
1446 3741 1736 3819 miscuit,
1780 3756 2025 3804 novum
2050 3787 2069 3817 ,
2104 3736 2277 3800 anti-

725 3874 972 3941 quum,
1005 3856 1323 3919 aeternum
1357 3873 1372 3914 z
1407 3868 1656 3915 novum
1706 3849 1774 3911 in
1819 3848 2054 3912 animae
2097 3864 2274 3910 crea·

726 3967 901 4030 tione
938 3964 1015 4027 de
1055 3960 1296 4038 nihilo;
1352 3959 1699 4041 antiquum
1739 3957 1808 4019 in
1838 3954 2276 4037 assumptione

727 4072 1012 4156 corporis
1039 4071 1116 4134 de
1137 4075 1368 4132 natura
1396 4067 1582 4145 Adae;
1617 4064 2017 4129 aeternumin
2035 4062 2276 4127 unione

728 4179 1078 4247 divinitatis
1109 4201 1123 4242 ε
1156 4194 1315 4258 ergo
1342 4175 1500 4239 fides
1527 4175 1729 4239 beatae
1747 4170 2030 4254 vitginis
2056 4171 2277 4253 aliquo

729 4288 921 4354 modo
966 4288 1304 4368 cooperata
1347 4286 1445 4347 est
1483 4281 1551 4344 in
1598 4281 1720 4344 ista
1766 4278 2222 4343 commixtione
2260 4299 2273 4342 :

729 4397 839 4461 sed
885 4413 1017 4459 non
1055 4394 1371 4475 quantum
1398 4389 1482 4454 ad
1519 4387 1912 4472 principium
1940 4386 2148 4450 solum
2180 4387 2278 4450 es-

730 4505 1034 4570 iectivum
1069 4522 1084 4565 ε
1118 4517 1279 4582 ergo
1306 4516 1421 4582 per
1450 4497 1718 4562 modum
1746 4494 1978 4560 meriti.

809 4611 970 4676 Item
996 4610 1182 4674 beata
1206 4607 1408 4689 Virgo
1438 4608 1551 4670 aut
1578 4604 1806 4670 habuit
1831 4602 2110 4684 gratiam
2138 4602 2277 4667 sui-

727 4720 1050 4785 ficientem
1079 4719 1549 4802 praeparantem
1578 4713 1784 4796 ipsam
1813 4712 1893 4777 ad
1921 4710 2278 4794 conceptio-

727 4850 881 4896 nem
907 4828 1052 4894 Filii
1079 4827 1229 4907 Dei,
1281 4828 1395 4890 aut
1436 4841 1570 4889 non
1602 4846 1618 4887 ε
1668 4822 1722 4885 si
1761 4821 1851 4885 sic
1867 4870 1886 4901 ,
1918 4821 2028 4885 sed
2069 4820 2279 4901 gratia

726 4937 1116 5003 sufficienter
1145 4950 1517 5018 praeparans
1543 4931 1693 4995 facit
1722 4929 1955 4994 mereri
1985 4927 2168 5005 illud,
2195 4926 2278 4991 ad

724 5048 896 5132 quod
925 5049 1244 5130 praeparat
1272 5043 1500 5108 merito
1528 5040 1881 5122 condigni:
1916 5055 2077 5120 ergo
2108 5036 2283 5102 vide·

787 5178 806 5212 ¹
833 5177 916 5240 Cf.
963 5174 1250 5240 Stephanus
1286 5170 1497 5235 BruleL,
1527 5172 1593 5222 lll
1623 5171 1784 5234 sent,
1831 5167 1950 5220 dist.
1974 5179 2054 5230 iv,
2094 5181 2146 5231 q.
2176 5178 2275 5235 1113

722 5248 1239 5312 Mamiliuslnguen„
1268 5246 1335 5296 111
1385 5245 1544 5303 Seni„
1574 5256 1628 5307 q.
1668 5252 1726 5305 V,
1747 5245 1842 5292 art.
1874 5243 1940 5303 23
1980 5237 2110 5291 (ἰαὶ).
2146 5240 2279 5313 niel,

724 5324 791 5374 lli
820 5320 982 5381 Sene„
1009 5318 1127 5370 dist.
1160 5329 1243 5380 w,
1283 5332 1338 5382 q.
1364 5329 1402 5380 1,
1435 5315 1558 5366 dub.
1591 5326 1673 5366 111.
1701 5341 1764 5353 —
1791 5316 1813 5349 ¹
1838 5314 1975 5375 Luc„
2018 5323 2068 5370 1,
2113 5313 2189 5362 45.
2216 5338 2279 5350 —

719 5393 1060 5446 ⁸1n.oratione
1079 5394 1198 5458 post
1219 5389 1565 5458 Antiphonem
1578 5386 1728 5440 Solve
1739 5382 2050 5450 Reginae*
2065 5381 2230 5438 Matth
2241 5421 2253 5432 .
2262 5419 2279 5450 ,

2362 932 2649 996 ficienter
2676 940 3074 1015 praeparante
3093 981 3115 1012 ‚
3148 933 3302 1017 quia
3337 952 3483 998 eam
3527 951 3659 998 non
3701 933 3902 1016 potuit

2363 1038 2666 1122 recipere,
2697 1043 2812 1104 aut
2833 1039 2986 1123 quia
3012 1058 3155 1105 eam
3184 1040 3391 1106 noluit
3419 1040 3615 1121 Deus,
3647 1040 3749 1105 vel
3774 1058 3900 1104 non

2364 1146 2573 1229 potuit
2598 1145 2750 1210 dare
2781 1164 2799 1210 ι
2829 1147 2941 1213 sed
2970 1165 3103 1212 non
3132 1147 3288 1231 quia
3315 1165 3449 1211 non
3481 1148 3692 1232 potuit
3719 1147 3897 1229 Deus,

2365 1251 2471 1319 vel
2498 1253 2706 1319 noluit
2728 1255 2902 1334 dare,
2935 1273 3082 1320 cum
3109 1257 3192 1320 sit
3218 1255 3655 1340 omnipotens,
3684 1260 3745 1320 et
3771 1256 3900 1321 vel-

2367 1362 2455 1427 let
2480 1361 2620 1427 sine
2678 1362 2876 1428 dubio
2930 1363 3052 1427 sibi
3104 1363 3414 1429 idoneum
3470 1362 3904 1428 habitaculum

2366 1490 2752 1556 praeparare.
2784 1474 2847 1536 Si
2881 1478 3098 1538 autem
3127 1474 3281 1556 quia
3309 1471 3509 1555 Virgo
3547 1492 3678 1538 non
3707 1473 3907 1556 potuit

2367 1585 2649 1667 recipere
2670 1635 2689 1665 ,
2721 1602 2879 1668 ergo
2926 1585 3131 1651 multo
3180 1586 3400 1651 minus
3440 1584 3649 1669 potuit
3676 1582 3903 1649 Filium

2369 1692 2480 1756 Dei
2509 1692 2837 1776 concipere
2854 1744 2875 1772 ,
2908 1692 2990 1757 ad
3017 1696 3206 1776 cujus
3234 1692 3718 1775 conceptionem
3757 1709 3907 1773 gra-

2368 1800 2460 1865 tia
2486 1799 2596 1865 illa
2623 1800 3043 1885 praeparabat.
3075 1800 3257 1878 Quod
3289 1800 3344 1864 si
3373 1799 3595 1865 omnia
3617 1798 3741 1862 ista
3768 1802 3910 1863 sunt

2370 1908 2905 1995 inconvenientia,
2936 1907 3327 1991 relinquitur
3346 1906 3656 1990 primum,
3687 1904 3910 1971 videli-

2372 2025 2471 2086 cet
2507 2020 2680 2104 quod
2721 2020 2908 2084 beata
2933 2017 3134 2101 Virgo
3163 2018 3403 2083 meruit
3434 2016 3912 2099 conceptionem

2371 2142 2486 2209 per
2508 2123 2784 2206 gratiam
2812 2121 2935 2186 sibi
2963 2122 3199 2187 datam.

2455 2226 2577 2293 Sed
2598 2232 2819 2291 contra
2844 2245 2860 2289 ε
2885 2232 2914 2290 1
2930 2273 2945 2290 .
2963 2225 3368 2308 Augustinus
3384 2225 3453 2289 in
3475 2225 3909 2303 Euclio-idion
3941 2265 4001 2311 ,d
4029 2277 4111 2321 ,μμ

2375 2342 2439 2402 et
2485 2338 2763 2402 habetur
2795 2337 2866 2401 in
2903 2336 3154 2402 littera:
3207 2359 3238 2395 α
3270 2334 3498 2400 Modus
3519 2384 3538 2415 ,
3569 2354 3706 2418 quo
3735 2339 3915 2399 natus

2375 2449 2470 2510 est
2497 2445 2783 2510 Christus
2810 2445 2890 2510 de
2925 2443 3125 2509 Maria
3154 2443 3319 2507 sicut
3355 2443 3548 2523 nlius,
3576 2448 3646 2508 et
3675 2444 3751 2508 de
3780 2441 3913 2526 Spi-

2377 2552 2508 2615 ritu
2550 2557 2766 2616 sancto
2808 2569 2939 2616 non
2983 2551 3150 2615 sicut
3188 2549 3362 2614 {llius
3392 2598 3410 2629 ,
3469 2549 3758 2613 insinuat
3804 2566 3915 2611 no-

2378 2660 2477 2724 bis
2504 2662 2779 2742 gratiam
2824 2660 2975 2740 Dei,
3007 2679 3137 2743 qua
3174 2659 3407 2737 homo,
3448 2656 3654 2722 nullis
3696 2674 3918 2742 praece-

2378 2769 2678 2834 dentihus
2726 2768 3001 2845 meritis,
3051 2769 3121 2831 in
3176 2767 3314 2850 ipso
3368 2764 3640 2829 exordio
3676 2766 3912 2827 naturae

2380 2895 2539 2958 suae,
2561 2895 2691 2961 quo
2704 2877 2897 2959 coepit
2911 2893 3069 2954 esse,
3090 2872 3298 2939 Verbo
3321 2872 3424 2936 Dei
3440 2872 3865 2955 copularetur.
3879 2890 3907 2927 n

2380 2985 2554 3067 Ergo
2581 2984 2839 3050 videtur
2884 2982 3057 3066 quod
3096 2980 3277 3045 nulla
3318 2979 3549 3043 merita
3583 2992 3912 3062 praecesse-

2382 3097 2537 3158 runt
2572 3091 3049 3176 conceptionem
3097 3087 3326 3154 Christi
3347 3135 3366 3166 ,
3404 3085 3506 3151 vel
3541 3083 3916 3151 incarnatio·

2382 3219 2555 3267 nem.

2462 3318 2522 3378 2.
2556 3313 2715 3378 Item
2744 3314 2955 3394 majus
2993 3313 3089 3375 est
3127 3308 3433 3374 meritum
3469 3307 3672 3372 totius
3714 3306 3914 3372 Eccle-

2384 3423 2521 3499 siae,
2551 3440 2747 3504 quam
2775 3419 3124 3502 singularis
3142 3433 3434 3501 personae
3463 3437 3477 3479 z
3513 3434 3677 3499 ergo
3720 3414 3775 3478 si
3822 3414 3922 3476 in-

2384 3531 2668 3596 carnatio
2694 3548 2826 3594 non
2850 3528 3019 3593 cadit
3043 3528 3167 3591 suh
3202 3526 3436 3591 merito
3476 3526 3677 3590 totius
3721 3523 3922 3588 Eccle-

2385 3642 2520 3720 siae,
2553 3659 2710 3722 ergo
2735 3659 2853 3704 nec
2871 3640 2991 3704 sub
3021 3639 3247 3703 merito
3275 3637 3554 3719 virginis
3585 3635 3821 3702 Mariae.

2466 3754 2526 3813 3.
2559 3749 2740 3823 Item,
2770 3747 2941 3831 quod
2970 3747 3134 3811 cadit
3160 3747 3284 3810 sub
3313 3745 3566 3824 merito,
3599 3762 3731 3808 non
3762 3745 3925 3806 tenet

2383 3857 2566 3941 plene
2592 3858 2906 3922 rationem
2934 3854 3232 3937 gratuiti3
3263 3872 3417 3918 nam
3443 3859 3466 3894 ⁶
3496 3855 3563 3919 si
3587 3854 3802 3936 qratia
3834 3855 3924 3916 est

2384 3982 2466 4030 e-z·
2492 3967 2781 4043 meritiS,
2803 3962 2950 4043 jam
2992 3977 3122 4027 non
3164 3967 3260 4028 esc
3297 3961 3515 4044 qratia
3538 4008 3557 4038 ,
3586 3960 3748 4024 sicut
3785 3957 3925 4023 dicit

2385 4073 2724 4157 Apostolus
2754 4071 2844 4138 ad
2869 4069 3183 4137 Romanos
3204 4090 3227 4131 .-
3255 4068 3365 4133 sed
3397 4067 3546 4133 Filii
3582 4068 3690 4133 Dei
3725 4070 3916 4132 incar-

2384 4183 2559 4245 natio
2584 4180 2665 4244 ad
2694 4178 3044 4243 maximam
3071 4176 3380 4260 pertinuit
3392 4177 3695 4256 gratiam,
3718 4191 3925 4238 secun·

2386 4289 2542 4352 dum
2574 4286 2749 4370 quod
2775 4285 2925 4351 dicit
2951 4282 3360 4366 Augustinus
3385 4287 3407 4324 ⁷
3440 4304 3455 4346 ι
3491 4301 3653 4364 ergo
3680 4281 3925 4347 videtur

2346 4410 2350 4413 ⁴
2386 4395 2558 4479 quod
2587 4396 2726 4476 ejus
2744 4390 3221 4474 conceptionem
3249 4408 3382 4454 non
3414 4389 3726 4454 meruerit
3751 4388 3923 4452 beata

2386 4507 2578 4589 virgo
2606 4504 2826 4569 Maria.

2466 4620 2528 4679 4.
2563 4614 2720 4678 Item
2746 4612 2870 4676 hoc
2897 4614 2992 4675 est
3018 4609 3484 4674 inaestimabilis
3509 4607 3921 4692 dignationis,

2386 4724 2558 4808 quod
2587 4721 2784 4787 Filius
2811 4719 2921 4784 Dei
2948 4719 3175 4784 aeterni
3202 4717 3517 4783 efficiatur
3542 4718 3716 4782 filius
3741 4716 3926 4781 unius

2386 4829 2689 4915 pauperis
2718 4826 3006 4892 mulieris
3041 4850 3055 4892 :
3101 4843 3260 4907 ergo
3290 4842 3425 4889 non
3459 4825 3583 4889 fuit
3609 4843 3693 4889 ex
3727 4821 3925 4906 aequi-

2385 4941 2536 5016 tate,
2569 4936 2670 5000 vel
2691 4934 2945 5019 justitia
2964 4932 3405 4998 retributionis
3436 4949 3453 4995 z
3497 4949 3661 5013 ergo
3702 4947 3821 4995 nec
3852 4942 3927 4992 ex

2388 5045 2618 5109 merito
2640 5042 2953 5126 Virginis,

2387 5255 2515 5303 1111,
2538 5243 2616 5292 33.
2635 5267 2697 5278 -
2714 5242 2737 5277 ⁸
2761 5243 2911 5304 Aug„
2940 5235 3225 5296 lachin-id..
3253 5250 3300 5286 ο·
3337 5247 3428 5296 11„
3449 5248 3504 5287 n.
3547 5238 3625 5288 12.
3644 5260 3705 5275 —
3734 5232 3757 5270 ⁸
3776 5233 3925 5293 Rom„

2388 5327 2461 5379 11,
2493 5318 2538 5367 c.
2566 5312 2665 5353 -τ
2693 5319 2820 5378 Aug.
2848 5310 2909 5361 cte
2939 5310 3140 5372 Triuia,
3166 5307 3255 5358 lib.
3290 5308 3424 5367 xuu,
3452 5322 3497 5358 ο.
3532 5319 3642 5372 ω,
3673 5320 3727 5359 n.
3757 5307 3813 5356 αι
3828 5320 3844 5370 ;
3873 5303 3921 5356 in

2384 5389 2549 5449 loen„
2577 5389 2722 5438 tract.
2754 5395 2865 5450 xix,
2894 5397 2947 5432 n.
2974 5384 3053 5448 ¹3,
3079 5380 3249 5447 quoad
3274 5392 3498 5432 sensum.
