4185 6288
694 467 815 529 406

697 598 1124 664 mediantibus
1156 597 1260 662 his
1292 596 1545 662 duabus
1591 595 1939 662 virtutibus
1976 596 2246 661 unimur

699 707 821 790 ipsi
864 705 1139 790 passioni
1185 710 1496 788 tanquam
1539 703 1698 768 fonti
1740 703 1980 767 salutiS.
2038 702 2117 767 Et
2156 702 2246 767 sic

700 817 871 898 patet
897 814 1225 897 responsio
1252 813 1332 878 ad
1360 813 1468 878 illa
1494 812 1615 876 tria
1642 811 1889 894 objecta
1920 810 2246 893 :primum

701 923 873 987 enim
901 921 1225 1005 objectum
1252 919 1532 1004 procedit
1556 919 1637 983 ab
1664 917 2113 995 insufficienti3
2144 935 2249 981 se-

702 1029 985 1094 cundum
1012 1046 1166 1095 vero
1194 1027 1558 1092 dissolvitur
1584 1041 1699 1108 per
1724 1024 2040 1089 defectum
2067 1022 2248 1086 simi-

699 1136 1020 1216 litudinis,
1069 1154 1202 1202 non
1256 1135 1431 1200 enim
1469 1136 1564 1196 est
1612 1130 1817 1195 simile
1860 1130 1938 1193 de
1985 1130 2134 1208 fide,
2185 1131 2250 1193 et

702 1245 1037 1323 charitate,
1091 1247 1156 1308 et
1207 1242 1348 1307 aliis
1410 1238 1758 1306 virtutibus
1804 1256 1820 1300 z
1870 1237 2029 1302 illud
2094 1255 2249 1302 vero

700 1351 872 1436 quod
900 1350 1085 1416 tertio
1115 1348 1549 1433 quaerebatur,
1577 1343 1984 1409 manifestum
2009 1346 2124 1408 est.

1353 1568 1491 1616 DUB·
1540 1567 1628 1612 111.

707 1707 1056 1759 incideramus
1108 1704 1246 1756 enim
1287 1704 1340 1753 in
1374 1699 1658 1767 principem
1705 1699 1856 1764 hujus
1910 1698 2081 1749 saeculi
2099 1736 2116 1763 ,
2163 1700 2250 1764 qui

766 1779 967 1829 seduxit
992 1777 1153 1828 Adam
1175 1779 1228 1825 et
1254 1787 1461 1824 servum
1488 1771 1608 1822 fecit
1625 1808 1642 1836 ,
1673 1770 1930 1835 coepitque
1962 1783 2060 1820 nos
2108 1770 2251 1834 quasi

768 1850 1073 1901 vernaculos
1098 1847 1382 1915 possidere.

786 2003 917 2066 Hoc
956 2001 1211 2067 videtur
1246 1998 1479 2062 falsum
1501 2046 1518 2076 ,
1559 1995 1711 2078 quia
1749 1995 1925 2057 traus
1968 1996 2032 2056 et
2068 1991 2254 2056 dolus

704 2108 949 2176 nemini
985 2091 1170 2173 debet
1204 2104 1586 2190 patrocinari
1621 2127 1636 2168 ε
1668 2120 1827 2184 ergo
1869 2104 1925 2165 si
1965 2100 2254 2164 diabolus

706 2219 1036 2286 hominem
1081 2215 1359 2297 decepit,
1389 2211 1644 2278 videtur
1669 2210 1839 2293 quod
1875 2208 1932 2273 ei
1982 2225 2116 2271 non
2143 2206 2250 2271 de·

704 2325 919 2390 buerit
957 2321 1294 2388 dominari.
1329 2317 1519 2395 ltem,
1549 2316 1838 2407 diabolus
1863 2315 2117 2379 nullum
2142 2315 2254 2397 J'us

707 2432 978 2497 habebat
1024 2431 1090 2493 in
1130 2427 1316 2493 nobis
1353 2445 1371 2491 ε
1405 2443 1562 2507 ergo
1607 2441 1739 2487 non
1777 2422 2032 2488 videtur
2078 2423 2253 2506 quod

707 2541 923 2625 aliquo
962 2542 1110 2622 jure
1154 2554 1275 2601 nos
1314 2532 1681 2618 possederit.
1726 2531 1906 2610 Item,
1947 2549 2064 2595 nos
2111 2549 2254 2596 era-

708 2665 856 2713 mus
895 2646 1065 2712 servi
1107 2644 1217 2709 Dei
1248 2665 1264 2708 :
1295 2659 1456 2724 ergo
1499 2659 1630 2705 non
1670 2645 1807 2704 erat
1849 2640 1915 2703 in
1949 2642 2254 2721 potestate

705 2759 925 2820 nostra
976 2755 1181 2817 facere
1236 2767 1353 2814 nos
1403 2765 1622 2813 servos
1674 2745 1928 2812 diaboli.
1980 2744 2046 2809 Si
2095 2762 2253 2826 ergo

706 2880 824 2926 nec
868 2863 1034 2926 Deus
1077 2860 1225 2924 facit
1263 2876 1384 2923 nos
1433 2874 1651 2921 servos
1694 2854 1949 2933 diaboli,
1979 2872 2095 2917 nec
2136 2871 2255 2916 nos

706 2970 1032 3053 potuimus
1084 2984 1203 3031 nos
1254 2968 1490 3043 facere,
1547 2981 1667 3027 nec
1722 2961 2010 3026 diabolus
2049 2960 2256 3044 potuit

706 3095 824 3142 nos
852 3076 1235 3159 subjugare,
1264 3091 1397 3137 non
1423 3071 1679 3136 videtur
1718 3069 1988 3136 verbum
2026 3071 2252 3132 aucto-

707 3184 910 3248 ritatis
941 3180 1260 3267 praedictae
1286 3198 1517 3247 verum
1542 3196 1697 3244 esse.

787 3294 971 3375 Resp.
1002 3290 1349 3355 Dicendum
1377 3288 1549 3372 quod
1576 3287 1813 3368 absque
1841 3283 2035 3349 dubio
2056 3282 2251 3347 homo

697 3404 873 3485 juste
911 3398 1350 3475 detinebatur3
1398 3395 1508 3459 sed
1552 3392 1839 3457 diabolus
1878 3391 2057 3454 nullo
2099 3410 2248 3456 eum

698 3511 876 3589 justo
918 3506 1104 3571 titulo
1144 3504 1487 3578 detinebat,
1530 3519 1647 3564 nec
1677 3500 2054 3584 possidebat,
2082 3517 2248 3582 quo-

702 3618 876 3680 niam
923 3615 1127 3678 malae·
1154 3612 1302 3677 fidei
1347 3626 1664 3694 possessor
1702 3607 1821 3671 fuit
1853 3626 1870 3670 ε
1905 3608 2013 3673 sed
2046 3607 2244 3687 Deus,

700 3722 811 3805 qui
857 3726 953 3786 est
982 3723 1197 3802 justus
1230 3718 1457 3800 judex,
1485 3718 1661 3799 justo
1698 3714 1939 3797 judicio
1980 3733 2099 3780 suo
2128 3715 2248 3779 hoc

697 3828 1093 3913 permiserat.
1123 3824 1379 3891 Iustum
1408 3824 1581 3888 enim
1609 3828 1742 3887 erat
1768 3825 1844 3886 ut
1874 3822 2007 3901 ille,
2040 3822 2153 3904 qui
2181 3841 2249 3889 se

697 3933 1058 4001 voluntarie
1108 3933 1463 4015 subjecerat
1504 3928 1904 4012 suggestioni
1949 3946 2066 4011 per
2111 3928 2249 3993 cul-

695 4062 868 4129 pam,
900 4041 1198 4107 eidemin
1224 4038 1552 4104 voluntate
1579 4036 1956 4101 subderetur
1978 4050 2091 4118 per
2111 4055 2250 4118 poe-

690 4164 867 4215 nam.
900 4150 1080 4228 Quod
1108 4165 1265 4229 ergo
1292 4145 1592 4229 objicitur
1624 4145 1729 4227 (a),
1760 4144 1931 4226 quod
1957 4143 2248 4207 diabolus

696 4276 826 4321 non
855 4257 1065 4341 potuit
1094 4255 1434 4339 possidere,
1465 4256 1617 4337 quia
1645 4253 1899 4317 nullum
1921 4254 2031 4334 jus
2059 4252 2247 4317 habe-

698 4366 829 4441 bat,
860 4365 1198 4429 dicendum
1240 4364 1410 4446 quod
1456 4380 1589 4426 non
1634 4360 1825 4440 valet,
1865 4360 2016 4443 quia
2059 4361 2248 4425 multi

696 4472 1015 4557 possident
1067 4474 1305 4555 injusto
1360 4470 1582 4549 titulo,
1633 4487 1911 4552 quorum
1957 4468 2247 4534 diabolus

695 4582 989 4664 princeps
1014 4585 1077 4643 et
1098 4580 1233 4644 dux
1272 4585 1396 4659 est,
1427 4578 1542 4661 qui
1570 4581 1663 4641 est
1691 4580 1881 4659 caput
1916 4577 2158 4642 trandis
2184 4580 2248 4641 et

702 4688 985 4752 malitiae.
1023 4685 1151 4751 Nec
1191 4686 1365 4750 fraus
1392 4690 1454 4749 et
1486 4685 1669 4749 dolus
1696 4685 1752 4747 ei
1798 4685 2245 4767 patrocinaba-

696 4800 823 4872 tur,
856 4795 1014 4878 quia
1053 4795 1132 4859 ad
1162 4796 1407 4859 malum
1450 4811 1643 4857 suum
1689 4810 1839 4856 eum
1882 4792 2241 4873 detinebat,

694 4904 859 4966 sicut
900 4902 1074 4965 fures
1113 4907 1178 4965 et
1217 4902 1494 4965 latrones
1527 4900 1607 4965 ad
1635 4903 1887 4983 tempus
1932 4920 2008 4965 ea
2049 4903 2244 4984 possi-

695 5011 867 5089 dent,
895 5027 1044 5092 quae
1073 5011 1389 5074 furantur.
1419 5010 1515 5075 Ad
1528 5008 1692 5073 *illud
1720 5008 1892 5090 quod
1920 5009 2239 5092 obJ'icitur,

694 5118 865 5200 quod
907 5117 1104 5183 homo
1148 5136 1280 5182 non
1329 5117 1537 5200 potuit
1575 5135 1642 5180 se
1692 5118 1896 5181 facere
1935 5135 2196 5182 servum
2221 5168 2238 5198 ,

695 5243 843 5288 cum
876 5229 1036 5288 esset
1074 5224 1144 5287 in
1171 5224 1432 5287 alterius
1450 5222 1888 5306 jurisdictione
1934 5225 2241 5290 constitu-

695 5335 822 5411 tus,
851 5331 1188 5395 dicendum
1233 5331 1403 5413 quod
1452 5332 1616 5395 Deus
1650 5330 2017 5415 reliquerat·
2039 5331 2256 5399 homi-'

762 5457 777 5493 ¹
803 5461 955 5521 Aug„
980 5456 1041 5505 are
1073 5457 1228 5520 mn„
1252 5455 1337 5506 lib.
1365 5457 1476 5507 xm
1508 5459 1559 5506 et
1587 5456 1716 5507 xiv.
1737 5483 1799 5494 -
1824 5458 1888 5519 (a)
1906 5457 1990 5510 Αι.
2012 5430 2201 5520 objicit.

1838 456 2460 527 SENTENTIARUM
2497 458 2647 527 LIB.
2689 460 2799 528 111.

2353 612 2504 661 nem
2534 596 2603 660 in
2631 613 2833 661 manu
2858 597 3105 663 consilii
3144 599 3277 677 sui,
3309 602 3374 664 et
3399 599 3494 665 sie
3529 601 3589 666 ei
3634 604 3908 686 permit·-

2353 704 2525 768 tebat
2571 706 2644 768 ut
2692 708 2901 788 posset
2939 724 3008 771 se
3057 706 3362 773 inducere
3409 708 3478 772 in
3531 711 3906 779 servitutem

2354 810 2608 876 diaboli.

2995 973 3133 1021 nun.
3182 975 3273 1023 xv.

2529 1097 2675 1150 Unde
2703 1096 2813 1162 ipse
2841 1111 2962 1150 vere
2991 1098 3172 1152 dicitnr
3195 1101 3495 1169 redemptor
3521 1106 3720 1159 mundi.

2436 1239 2698 1306 Videtur
2747 1240 2871 1307 hoc
2927 1262 3064 1308 esse
3117 1245 3348 1312 falsum
3409 1267 3429 1312 ε
3485 1268 3678 1316 nemo
3728 1253 3906 1319 enim

2357 1349 2511 1413 emit
2549 1348 2720 1432 quod
2764 1368 2958 1414 suum
3003 1356 3115 1417 est.
3162 1354 3230 1418 Si
3275 1373 3435 1438 ergo
3484 1358 3649 1424 Deus
3692 1359 3908 1426 domi-

2359 1455 2542 1519 nium
2573 1473 2768 1539 snper
2793 1456 3088 1524 homines
3132 1479 3265 1527 non
3289 1463 3617 1546 amiserat,
3649 1467 3910 1534 videtur

2357 1563 2527 1645 quod
2555 1563 2635 1628 ad
2675 1582 2826 1629 eum
2857 1565 3208 1650 redemptio
3234 1569 3514 1636 hominis
3550 1591 3683 1638 non
3718 1593 3906 1658 spec-

2357 1670 2550 1734 tabat.
2587 1670 2773 1751 Item,
2808 1690 3031 1755 quaero
3068 1692 3107 1739 a
3133 1693 3298 1758 quo,
3347 1680 3410 1741 et
3439 1696 3553 1760 per
3577 1698 3775 1763 quem
3800 1673 3906 1747 re-

2358 1776 2574 1840 demit.
2606 1774 2672 1842 Si
2709 1781 2781 1843 tu
2818 1779 2988 1867 dicas
3021 1781 3196 1863 quod
3236 1784 3503 1849 redemit
3529 1806 3570 1851 a
3606 1788 3900 1870 diabolo;

2359 1882 2467 1947 sed
2511 1886 2729 1948 contra
2761 1907 2776 1949 ε
2810 1885 2883 1950 Εἰ
2913 1886 3102 1952 solvit
3126 1890 3443 1972 pretium,
3474 1912 3514 1956 a
3552 1913 3683 1979 quo
3719 1897 3900 1962 rede-

2359 1989 2498 2054 mit:
2531 1991 2640 2055 sed
2671 1993 2945 2058 redemit
2983 2012 3106 2059 nos
3140 1998 3365 2079 pretio
3384 2002 3725 2083 sanguinis
3748 2004 3848 2068 sui
3883 2026 3902 2069 ;

2359 2113 2518 2178 ergo
2563 2098 2819 2164 videtur
2867 2101 3039 2184 quod
3084 2105 3361 2185 pretium
3419 2109 3519 2172 sui
3570 2111 3907 2192 sauguinis

2359 2204 2619 2271 solverit
2645 2205 2914 2272 diabolo.
2947 2208 3014 2273 Si
3046 2216 3121 2274 tu
3150 2211 3351 2293 dicas,
3382 2216 3549 2297 quod
3578 2216 3907 2284 redemite

2361 2310 2521 2391 Deo;
2564 2319 2786 2379 contra
2817 2314 3093 2382 :Nullus
3133 2320 3405 2385 redemit
3452 2324 3551 2387 vel
3596 2325 3754 2390 emit
3779 2326 3904 2390 ali·

2359 2419 2514 2502 quid
2537 2439 2576 2485 a
2602 2423 2829 2504 seipso.

2441 2526 2623 2610 Resp.
2671 2529 3020 2596 Dicendum
3059 2534 3232 2615 quod
3266 2535 3460 2601 homo
3495 2539 3907 2605 venundatus

2360 2638 2517 2714 erat,
2540 2638 2613 2699 ut
2634 2636 2865 2701 faceret
2890 2639 3138 2704 malum
3165 2641 3235 2704 in
3256 2649 3596 2727 conspectu
3619 2646 3900 2727 Domini;

2359 2746 2423 2807 et
2459 2745 2688 2809 fecerat
2731 2746 3014 2830 seipsum
3055 2767 3317 2814 servum
3366 2754 3603 2835 peccati
3650 2759 3714 2819 et
3751 2775 3906 2840 sup-

2361 2851 2549 2933 plicii.
2602 2854 2673 2917 In
2723 2855 2825 2919 his
2884 2862 3100 2922 autem
3156 2860 3456 2926 omnibus
3509 2863 3910 2930 detinebatur

2359 2960 2729 3026 auctoritate
2763 2963 2999 3028 divinae
3046 2968 3377 3032 sententiae
3415 2972 3480 3032 et
3506 2971 3797 3052 justitiae.
3830 2970 3911 3037 Et

2359 3066 2500 3130 ideo
2528 3069 2804 3151 pretium
2845 3072 3296 3157 redemptionis
3333 3077 3395 3140 ei
3438 3077 3768 3162 oportebat
3810 3080 3909 3144 ot-

2359 3175 2530 3255 ferri,
2562 3178 2674 3259 qui
2703 3179 3014 3244 damnum
3045 3185 3107 3245 et
3132 3182 3443 3265 injuriam
3471 3204 3694 3269 passus
3726 3193 3906 3253 erat:

2358 3286 2421 3346 et
2444 3284 2751 3371 quoniam
2794 3285 2914 3349 hoc
2958 3292 3052 3351 est
3082 3287 3285 3368 Deus,
3316 3291 3457 3356 ideo
3492 3292 3810 3374 Christus,
3839 3295 3909 3363 in

2358 3390 2680 3455 offerendo
2729 3393 3115 3475 sanguinem
3172 3414 3368 3460 suum
3425 3397 3551 3463 Deo
3577 3448 3595 3478 ,
3646 3400 3912 3469 redemit

2358 3517 2475 3563 nos
2502 3518 2540 3563 a
2566 3501 2871 3568 servitute
2901 3503 3138 3584 peccati
3158 3551 3178 3582 ‚
3212 3504 3444 3571 diaboli
3480 3512 3545 3572 et
3576 3511 3908 3594 supplicii,

2355 3607 2444 3671 ita
2489 3607 2660 3690 quod
2704 3627 2935 3674 manus
2981 3610 3433 3678 misericordiae
3479 3616 3750 3681 redemit
3790 3618 3912 3683 bo-

2357 3713 2600 3779 minem
2650 3716 2729 3781 de
2782 3734 2983 3781 manu
3038 3720 3391 3784 severitatis
3441 3725 3505 3785 et
3551 3724 3822 3806 justitiae
3888 3747 3908 3792 ε

2358 3822 2691 3887 transierat
2724 3823 2898 3888 enim
2939 3824 3133 3892 homo
3175 3845 3288 3911 per
3325 3829 3582 3913 culpam
3619 3848 3801 3896 suam
3827 3831 3909 3896 de

2359 3947 2489 3993 una
2523 3947 2724 3995 manu
2763 3931 2842 3996 ad
2885 3932 3099 3997 aliam.
3133 3933 3212 3998 Et
3249 3952 3364 4017 per
3396 3936 3523 4001 hoc
3565 3941 3733 4020 patet
3772 3956 3906 4002 res-

2357 4036 2581 4118 ponsio
2607 4037 2687 4102 ad
2716 4038 2981 4120 objecta.
3063 4071 3070 4077 ·

2992 4237 3241 4287 mmmv

2358 4365 2664 4430 Redemptor
2689 4376 2815 4415 vero
2852 4364 3123 4430 aliquando
3153 4366 3308 4417 etiam
3336 4367 3502 4430 Pater,
3549 4369 3628 4420 vel
3676 4370 3900 4435 Spiritu·

2418 4441 2623 4487 sanctus
2643 4435 2859 4500 dieitur5
2884 4437 2972 4487 sed
3006 4437 3105 4488 boc
3135 4441 3349 4503 propter
3372 4452 3524 4489 usum
3549 4442 3837 4505 potestatis.

2436 4579 2784 4662 Objicitur.
2814 4580 2866 4643 si
2894 4581 3068 4644 enim
3099 4577 3265 4644 Deus
3290 4579 3371 4644 ab
3396 4584 3639 4646 aeterno
3669 4583 3900 4651 habuit

2355 4692 2765 4769 potestatem,
2823 4686 3073 4752 videtur
3127 4686 3298 4769 quod
3352 4686 3434 4751 ab
3484 4690 3725 4756 aeterno
3785 4692 3906 4757 fuit

2298 4884 2304 4890 ι
2353 4798 2570 4859 noster
2615 4794 2995 4878 redemptor.
3028 4795 3185 4859 Item
3232 4795 3636 4878 Augustinus
3680 4799 3838 4864 dicit
3859 4801 3902 4878 ¹,

2352 4900 2525 4984 quod
2552 4901 2621 4964 in
2667 4904 2881 4965 nostra
2911 4901 3344 4985 redemptione
3385 4921 3518 4968 non
3545 4911 3685 4971 erat
3712 4911 3903 4972 uteu-

2354 5009 2511 5072 dum
2538 5012 2864 5092 potestate,
2889 5009 2996 5073 sed
3029 5010 3241 5093 potius
3260 5006 3511 5092 justitia
3546 5030 3749 5095 :ergo
3774 5032 3903 5078 non

2352 5117 2605 5181 videtur
2632 5119 2792 5182 ratio
2818 5119 2928 5182 illa
2954 5123 3120 5183 recte
3150 5119 3497 5199 assignata.

2430 5224 2613 5309 Resp.
2652 5224 2989 5290 Dicendum
3017 5225 3191 5309 quod
3219 5226 3290 5289 in
3320 5225 3757 5311 redemptione
3780 5228 3895 5291 ruit

2348 5338 2506 5396 usus
2556 5332 2876 5414 potestatis
2898 5380 2917 5411 ,
2967 5337 3032 5396 et
3086 5342 3264 5397 usus·
3296 5332 3676 5398 humilitatis
3720 5354 3737 5397 :
3783 5330 3890 5395 sed

2348 5458 2506 5503 usus
2531 5437 2911 5502 humilitatis
2935 5440 3230 5522 apparuit
3252 5438 3712 5522 inprimet-dio,
3736 5454 3893 5503 usus
