4185 6288
28 1097 76 1138 Ad
98 1108 196 1151 opp.

1117 510 1495 581 DISTINCT.
1538 506 1703 574 xm.
1748 503 1930 571 ΛΒΤ.
1975 507 2056 573 11.
2102 506 2400 587 QUAEST.
2447 508 2554 574 111.

238 655 649 739 differentius
715 669 944 720 nomen
1010 650 1438 718 hoereditavit.
1497 646 1564 711 Si
1624 659 1784 724 ergo

238 762 521 826 Christus
559 760 863 824 omnibus
904 758 1116 823 electis
1166 755 1538 841 praeeminet
1580 748 1787 815 excel-

235 870 431 933 lentia
458 869 765 950 perfecta,
799 867 1051 931 videtur
1085 864 1254 948 quod
1279 864 1348 926 in
1378 878 1600 926 omnes
1629 876 1785 941 gra-

239 977 332 1040 tia
357 980 497 1058 ejus
521 977 755 1040 habeat
780 974 1122 1038 efficaciam
1161 976 1224 1032 et
1250 968 1677 1033 influentiam.

322 1085 445 1148 Sed
493 1091 761 1147 contra:
799 1088 856 1144 1.
902 1081 1105 1163 Caput
1151 1097 1281 1142 non
1314 1076 1525 1140 influit
1556 1076 1621 1138 in
1650 1091 1782 1150 cor,

236 1193 349 1256 sed
396 1192 608 1273 magis
647 1209 685 1255 6
730 1208 1058 1254 converso.
1104 1187 1173 1251 Si
1219 1203 1376 1267 ergo
1431 1181 1785 1247 secundum

237 1305 480 1364 rectam
527 1298 1103 1385 transumptionem
1135 1294 1345 1376 gratia
1373 1292 1512 1369 illa,
1544 1307 1690 1372 quae
1715 1287 1786 1350 in

236 1407 397 1470 alios
438 1405 793 1479 redundat,
822 1403 1058 1468 dicitur
1098 1400 1307 1483 gratia
1346 1397 1602 1481 capitia,
1654 1413 1785 1459 non

236 1512 498 1577 videtur
534 1510 708 1593 quod
750 1510 978 1573 influat
1022 1508 1092 1572 in
1131 1511 1340 1572 totum
1388 1523 1620 1587 corpus
1662 1503 1786 1568 Ee-

239 1616 495 1694 clesiae3
526 1620 640 1678 aut
686 1614 739 1676 si
776 1614 844 1677 in
885 1617 1092 1676 totum
1131 1611 1385 1689 influit,
1418 1609 1633 1692 potius
1682 1607 1788 1672 de·

238 1723 421 1787 beret
454 1721 663 1803 gratia
700 1721 943 1798 cordis,
973 1738 1169 1802 quam
1213 1719 1431 1801 capitis
1459 1715 1783 1800 appellari.

323 1834 384 1892 2.
419 1829 578 1892 ltem
612 1828 821 1909 gratia
834 1828 1196 1909 capitisnon
1210 1825 1419 1889 influit
1431 1825 1554 1888 nisi
1569 1824 1638 1887 in
1655 1841 1786 1902 eos,

242 1939 356 2021 qui
391 1941 532 2021 jam
573 1941 724 2001 sunt
751 1937 1041 1999 membra
1070 1954 1088 1998 1
1119 1940 1180 1999 et
1208 1933 1367 1996 nulli
1396 1937 1545 1996 sunt
1575 1950 1789 1996 mem-

242 2047 385 2124 bra,
416 2044 541 2107 nisi
572 2046 1055 2126 conjungantur
1081 2042 1141 2105 ei
1167 2059 1282 2123 per
1308 2039 1499 2104 fldem
1538 2044 1603 2103 et
1636 2039 1788 2102 cha·

243 2155 502 2218 ritatem
535 2170 552 2214 1
583 2169 740 2231 ergo
786 2151 852 2214 in
894 2148 1102 2214 nullos
1137 2148 1375 2224 influit,
1416 2147 1540 2210 nisi
1575 2147 1645 2210 in
1670 2146 1791 2210 ha-

245 2266 464 2329 hentes
509 2264 701 2327 fidem
740 2267 803 2327 et
857 2261 1224 2326 charitatem
1264 2282 1279 2323 :
1325 2259 1432 2323 sed
1485 2259 1792 2323 habentes

245 2369 442 2432 fldem
487 2371 552 2430 et
579 2366 973 2445 charitatem,
1015 2364 1253 2427 habent
1277 2366 1525 2426 motum
1553 2365 1616 2425 et
1638 2380 1790 2425 sen-

245 2490 396 2535 sum
427 2490 446 2534 2
475 2489 634 2552 ergo
685 2469 939 2534 videtur
984 2467 1156 2550 quod
1204 2467 1413 2548 gratia
1466 2466 1684 2549 capitis
1720 2466 1792 2529 in

245 2579 462 2644 nullos
499 2578 764 2657 influat,
811 2596 929 2641 nec
970 2581 1218 2640 motum
1239 2625 1256 2652 ‚
1309 2593 1428 2638 nec
1481 2592 1785 2639 sensum:

243 2677 364 2750 nee
411 2691 509 2750 est
536 2685 713 2749 aliud
750 2684 900 2748 dare
934 2683 1105 2765 quod
1143 2682 1373 2747 influat
1405 2704 1421 2745 ι
1452 2701 1634 2764 ergo,
1667 2686 1785 2748 etc.

325 2799 389 2856 3.
428 2793 608 2872 Item,
639 2792 848 2873 gratia
874 2790 1097 2872 capitis
1124 2790 1193 2853 in
1226 2807 1335 2854 eos
1363 2788 1529 2853 solos
1555 2789 1787 2870 influit,

246 2905 545 2983 respectu
568 2919 850 2984 quorum
873 2899 1115 2963 habens
1142 2898 1416 2979 gratiam
1444 2902 1538 2961 est
1568 2902 1786 2981 caput:

247 3011 356 3101 sed
402 3011 687 3075 Christus
724 3009 1073 3073 secundum
1111 3006 1466 3071 humanam
1492 3011 1791 3071 naturam

251 3137 384 3183 non
407 3121 502 3183 est.
530 3120 724 3201 caput
748 3114 1151 3198 angelorum,
1186 3113 1340 3196 quia
1365 3112 1564 3177 unius
1595 3115 1791 3177 natu-

246 3245 338 3291 rae
373 3229 525 3290 sunt
550 3229 826 3309 caputet
851 3223 1181 3289 membra:
1216 3240 1374 3303 ergo
1401 3221 1646 3286 nullam
1683 3221 1792 3285 ha·

245 3334 355 3397 het
379 3335 450 3396 in
478 3333 742 3414 angelos
767 3331 1190 3394 influentiam.

324 3446 388 3504 4.
435 3440 594 3505 ltem
617 3489 635 3519 ,
675 3444 810 3504 esto
850 3439 1021 3522 quod
1067 3438 1267 3502 Filius
1317 3436 1427 3502 Dei
1468 3454 1600 3500 11011
1630 3440 1794 3500 esset

245 3549 634 3627 incarnatus,
666 3546 884 3629 angeli
910 3550 1119 3611 essent
1152 3546 1345 3623 beati,
1375 3563 1495 3608 nec
1534 3548 1793 3627 propter

247 3657 475 3721 Christi
519 3655 1021 3721 incarnationem
1049 3658 1201 3718 sunt
1227 3653 1424 3736 aliqui
1463 3671 1545 3716 cx
1571 3651 1662 3715 eis
1687 3669 1792 3714 re-

247 3763 484 3846 dempti
514 3767 577 3827 et
620 3762 871 3826 liberati
902 3783 919 3827 :
952 3779 1110 3841 ergo
1134 3761 1389 3826 videtur
1418 3759 1591 3842 quod
1626 3758 1791 3822 nihil

245 3869 334 3933 eis
357 3870 643 3934 conferat
669 3869 880 3950 gratia
904 3869 1155 3934 Christi.

323 3984 385 4043 5.
431 3978 590 4042 Item
614 4026 632 4057 ‚
667 3977 835 4040 nihil
883 3977 1025 4058 agit
1050 4025 1069 4056 ,
1119 3975 1242 4038 nisi
1283 3975 1440 4038 dum
1483 3977 1577 4039 est
1619 3996 1634 4036 t
1680 3973 1791 4037 sed

249 4091 473 4156 Christi
493 4090 704 4173 gratia
722 4108 857 4154 non
869 4089 991 4152 fuit
1007 4093 1155 4152 ante
1169 4088 1518 4153 adventum
1536 4086 1785 4150 Christi:

247 4220 405 4283 ergo
440 4200 701 4265 videtur
736 4190 914 4280 quod
955 4196 1023 4260 in
1060 4196 1201 4259 illos
1227 4244 1244 4273 ‚
1292 4195 1405 4279 qui
1437 4195 1789 4258 adventum

249 4303 476 4367 Christi
500 4304 985 4385 praecoeserunt,
1012 4298 1220 4381 gratia
1263 4298 1369 4363 illa
1395 4297 1649 4361 nullum
1671 4296 1789 4361 ha-

247 4411 389 4475 huit
412 4410 733 4475 effectum.

325 4525 386 4583 6.
434 4519 615 4597 item,
662 4518 717 4581 si
771 4517 859 4580 ita
904 4515 1212 4580 influebat
1253 4519 1400 4578 ante
1442 4513 1789 4578 adventum

250 4627 476 4692 Christi
513 4625 583 4689 in
620 4628 869 4688 sanctos
908 4624 1022 4706 qui
1066 4626 1528 4706 praecesserunt
1552 4670 1572 4699 ,
1626 4621 1792 4684 sicut

247 4734 516 4798 nuncin
542 4750 685 4810 nos,
715 4732 806 4795 sic
830 4731 1057 4795 habuit
1089 4730 1389 4795 effectum
1427 4729 1498 4792 in
1525 4729 1668 4808 illis,
1697 4728 1791 4791 si-

248 4846 356 4906 cut
398 4860 572 4906 nunc
598 4841 672 4905 in
702 4839 888 4903 nobis
923 4839 1114 4903 habet
1140 4839 1438 4903 effectum
1470 4858 1486 4902 t
1518 4854 1677 4918 ergo
1704 4837 1791 4898 si-

250 4954 359 5013 cut
401 4950 569 5014 istud
609 4948 843 5013 dicitur
880 4952 1137 5030 tempus
1162 4946 1390 5028 gratiae
1415 4948 1671 5028 propter
1694 4961 1792 5007 re-

246 5058 663 5123 dundantiam
690 5076 732 5121 a
757 5055 1152 5140 plenitudine
1195 5052 1457 5131 Christi,
1495 5054 1584 5116 ita
1619 5052 1794 5116 vide-

247 5170 356 5230 tur
379 5166 547 5249 quod
589 5170 847 5248 tempus
881 5162 1039 5227 illud
1068 5163 1327 5227 deberet
1358 5166 1612 5243 tempus
1639 5178 1794 5241 gra-

245 5275 358 5339 tiae
380 5275 503 5340 dici
536 5296 552 5340 :
583 5274 758 5358 quod
786 5272 842 5336 si
872 5289 1007 5336 11011
1032 5271 1290 5350 dicitur,
1336 5269 1593 5335 videtur
1619 5268 1793 5351 quod

248 5382 577 5447 influentia
599 5380 830 5464 gratiae
858 5377 1089 5444 Christi
1118 5395 1250 5441 non
1280 5394 1348 5442 se
1379 5375 1679 5441 extendat
1711 5375 1793 5439 ad

254 5489 394 5555 illos
418 5491 527 5573 qui
555 5490 1049 5575 praecesserunt.

3316 519 3429 582 291

2427 769 2876 840 CONCLUSIO.

1895 947 2092 1006 Gratia
2124 947 2335 1007 Christi
2367 953 2552 1021 influit
2586 953 2647 1007 in
2687 968 2889 1019 omnes,
2936 959 3049 1010 tam
3087 957 3149 1011 in
3190 958 3433 1027 angelos,

1964 1054 2129 1110 quam
2156 1041 2218 1096 in
2246 1041 2515 1111 homnem
2544 1046 2597 1096 et
2624 1045 2721 1113 qui
2737 1048 3120 1113 proecessenmt
3144 1047 3319 1116 ipsum
3338 1090 3357 1117 ,
3385 1054 3440 1106 et

1968 1132 2063 1202 qui
2088 1134 2257 1188 sec-ati
2283 1137 2440 1198 sunu
2471 1132 2596 1189 licet
2620 1132 2903 1188 secundum
2937 1136 3113 1204 maqis
3154 1138 3206 1191 et
3236 1140 3433 1196 minus.

1979 1291 2163 1376 Resp.
2208 1292 2287 1357 ad
2347 1313 2490 1376 arg.
2548 1294 2643 1358 Ad
2691 1295 3147 1377 praedictorum
3205 1297 3440 1362 intelli-

1897 1400 2184 1481 gentiam
2211 1402 2307 1463 est
2346 1400 2724 1478 notandum,
2756 1403 2929 1484 quod
2960 1421 3183 1468 sensus
3211 1405 3278 1468 in
3303 1406 3437 1489 spi-

1895 1507 2237 1572 ritualibus
2283 1508 2628 1572 attenditur
2663 1516 2979 1591 quantum
3010 1511 3089 1575 ad
3120 1512 3438 1593 cognitio-

1897 1633 2045 1680 nem
2072 1665 2090 1694 ,
2124 1619 2336 1680 motus
2377 1634 2529 1681 vero
2573 1620 2891 1699 quantum
2925 1618 3003 1681 ad
3043 1618 3440 1685 affectionem

1898 1725 1962 1787 et
2016 1722 2417 1788 dilectionem
2441 1772 2460 1804 ,
2500 1742 2649 1807 quae
2690 1728 2787 1788 est
2829 1725 3081 1807 pondus
3126 1726 3441 1790 inclinans

1899 1848 2434 1914 unumquemque
2450 1831 2770 1913 spiritum,
2785 1835 2847 1894 et
2859 1833 3119 1897 trahens
3134 1835 3213 1898 ad
3229 1834 3442 1899 locum

1897 1939 2016 2003 sibi
2061 1940 2371 2004 debitum.
2416 1938 2692 2004 influere
2730 1959 2887 2021 ergo
2922 1946 3175 2005 motum
3206 1946 3270 2007 et
3305 1961 3445 2006 sen·

1897 2064 2045 2111 sum
2090 2049 2183 2110 est
2227 2064 2487 2111 causare
2534 2046 2602 2109 in
2643 2047 2828 2110 nobis
2856 2047 3049 2112 fldem
3073 2045 3134 2113 et
3160 2048 3444 2114 dilectio-

1898 2171 2072 2234 nem,
2104 2155 2238 2218 sive
2266 2154 2458 2219 fldem
2481 2159 2853 2237 operantem
2882 2174 2995 2239 per
3012 2156 3438 2237 dilectionem,

1899 2263 2034 2328 sive
2061 2265 2497 2346 cognitionem
2531 2269 2595 2329 et
2621 2284 2929 2330 amorem.
2972 2267 3441 2332 Attendendum

1897 2374 2117 2436 autem
2145 2373 2317 2454 quod
2348 2372 2629 2453 cognitio
2652 2376 2714 2436 et
2741 2372 2989 2437 dilectio
3008 2379 3102 2436 est
3125 2373 3194 2436 in
3211 2374 3444 2457 triplici

1898 2478 2257 2543 differentia
2289 2501 2305 2543 z
2343 2479 2641 2562 quaedam
2663 2527 2680 2557 ‚
2730 2498 2877 2562 quae
2914 2481 3168 2562 respicit
3206 2485 3445 2545 statum

1900 2586 2145 2664 meriti,
2190 2590 2255 2651 et
2301 2585 2441 2650 haec
2496 2586 2728 2650 dicitur
2783 2587 3100 2667 gratuita3
3146 2588 3441 2669 quaedam

1900 2707 2077 2766 vero,
2110 2689 2182 2752 in
2209 2707 2339 2771 qua
2374 2689 2655 2754 consistit
2691 2689 3042 2752 substantia
3081 2690 3353 2771 praemii,
3383 2696 3447 2755 et

1900 2793 2039 2859 haec
2068 2795 2304 2859 dicitur
2333 2795 2638 2876 gloriosa;
2672 2796 2991 2878 quaedam,
3008 2815 3156 2878 quae
3176 2801 3269 2860 est
3290 2797 3446 2862 utri-

1900 2921 2025 2984 que
2078 2920 2332 2966 annexa
2355 2950 2372 2978 ,
2406 2921 2553 2986 quae
2599 2922 2718 2967 nec
2763 2906 2857 2968 est
2892 2904 3160 2968 essentia
3205 2904 3441 2984 meriti,

1899 3027 2017 3073 nec
2052 3011 2343 3092 praemii,
2374 3010 2483 3074 sed
2521 3011 2598 3075 de
2643 3011 2807 3076 hene
2859 3031 3016 3077 esse.
3077 3013 3443 3079 Secundum

1900 3116 2067 3182 hanc
2113 3117 2427 3202 triplicem
2480 3118 2904 3184 differentiam
2955 3121 3341 3202 cognitionis
3379 3124 3444 3187 et

1900 3223 2252 3290 dilectionis
2270 3275 2288 3306 ,
2337 3230 2432 3290 est
2476 3226 2680 3291 dicere
2699 3276 2716 3307 ‚
2760 3226 2931 3310 quod
2972 3229 3179 3310 gratia
3224 3230 3444 3314 capitis

1900 3327 2131 3392 influat
2169 3328 2237 3391 in
2274 3330 2566 3394 membra
2592 3331 2802 3411 gratia
2829 3332 3109 3395 increata
3126 3332 3440 3413 effective,

1902 3435 2013 3499 sed
2062 3436 2271 3516 gratia
2320 3442 2532 3501 creata
2578 3438 2904 3501 meritorie
2949 3443 3013 3502 et
3054 3438 3439 3521 dispositive.

1906 3541 2066 3608 Nam
2097 3548 2356 3627 propter
2380 3543 2683 3608 meritum
2713 3543 3025 3626 passionis
3052 3544 3280 3608 Christi
3306 3563 3447 3627 pro-

1901 3652 2197 3728 missum,
2228 3652 2517 3734 patribus
2543 3650 3050 3733 praecedentibus
3086 3650 3256 3715 dedit
3280 3651 3445 3716 Deus

1902 3756 2179 3836 gratiam
2224 3755 2787 3833 reconciliationis;
2819 3758 2883 3819 et
2911 3760 3171 3839 propter
3196 3757 3445 3822 exhibi-

1901 3868 2064 3944 tum,
2092 3865 2202 3929 dat
2220 3864 2403 3929 nobis
2423 3864 2698 3945 gratiam
2713 3864 3238 3931 reconciliationis
3249 3868 3447 3932 abun-

1904 3971 2157 4036 dantius
2187 3996 2201 4035 :
2235 3974 2306 4036 in
2344 3990 2476 4054 qua
2516 3971 2779 4054 quidem
2832 3972 3044 4054 gratia
3088 3978 3183 4038 est
3221 3994 3445 4040 sensus

1902 4079 2288 4160 cognitionis
2337 4083 2403 4142 et
2453 4083 2668 4143 motus
2701 4079 3073 4144 affectionis..
3106 4080 3184 4144 Et
3222 4100 3448 4149 rursus

1902 4188 2160 4267 propter
2198 4184 2373 4248 illam
2421 4184 2781 4268 passionem
2822 4189 3040 4268 aperta
3092 4190 3186 4250 est
3218 4188 3441 4271 janua,

1898 4293 1973 4354 ut
2010 4292 2311 4355 omnibus
2352 4292 2658 4356 membris
2697 4292 2928 4356 Christi
2976 4292 3164 4357 detur
3192 4293 3445 4359 dilectio

1811 4420 1821 4433 ·
1900 4402 1964 4463 et
2025 4400 2308 4480 cognitio
2364 4400 2681 4481 gloriosa,
2741 4400 2814 4463 in
2876 4400 3113 4482 quibus
3164 4400 3446 4465 consistit

1900 4506 2200 4589 perfectio
2247 4511 2462 4571 motus
2501 4511 2564 4570 et
2609 4525 2853 4572 sensus.
2908 4506 3005 4570 Ex
3046 4507 3168 4571 hoc
3206 4508 3443 4572 'eodem

1900 4614 2148 4696 angelis
2187 4615 2488 4695 mysteria
2530 4614 2735 4677 multa
2758 4612 3149 4693 revelantur,
3181 4616 3245 4677 et
3270 4631 3441 4695 gau-

1898 4719 2004 4782 dia
2043 4717 2251 4782 multa
2294 4718 2661 4782 referuntur
2700 4720 2778 4783 de
2809 4720 3265 4784 restauratione
3291 4738 3431 4800 sua,

1900 4842 2048 4907 quae
2091 4825 2423 4889 invenitur
2459 4826 2622 4889 facta
2666 4845 2780 4908 per
2815 4826 3155 4891 Christum.
3192 4826 3272 4891 Et
3296 4828 3438 4893 ideo

1899 4931 2095 4996 etiam
2121 4931 2243 5014 ipsi
2266 4931 2588 5013 accipiunt
2604 4937 2855 4997 motum
2873 4937 2936 4997 et
2960 4951 3249 5012 sensum;
3280 4953 3434 5016 non,

1900 5039 2189 5121 inquam,
2220 5038 2427 5117 illum,
2459 5039 2573 5120 qui
2599 5042 2695 5103 est
2716 5039 2794 5104 de
2830 5040 3097 5105 essentia
3121 5042 3349 5124 gratiae
3376 5047 3441 5108 et

1901 5146 2162 5228 gloriae,
2210 5146 2319 5209 sed
2363 5145 2477 5227 qui
2521 5149 2615 5210 est
2653 5147 2731 5211 de
2773 5148 2936 5212 bene
2964 5166 3099 5213 esse
3136 5151 3199 5213 et
3225 5150 3437 5232 perfe-

1899 5256 2128 5345 ctione.
2175 5252 2657 5318 Concedendum
2696 5260 2792 5321 est
2816 5274 2999 5337 erge,
3029 5257 3199 5339 quod
3228 5259 3440 5340 gratia

1900 5362 2120 5445 capitis
2146 5361 2460 5426 redundat
2486 5362 2552 5426 in
2568 5380 2793 5429 omnes
2816 5364 2987 5429 cives
3012 5382 3306 5450 supernae
3331 5364 3435 5431 Je-

1901 5471 2180 5539 rusalem
2205 5517 2224 5548 ‚
2273 5470 2417 5535 licet
2464 5473 2818 5539 secundum
2870 5472 3016 5557 plus
3065 5477 3128 5538 et
3175 5473 3434 5540 minus:
