4185 6288
1495 456 1824 527 ms‘rlNc.
1866 456 2078 525 XXIV.
3312 464 3431 529 513

243 608 340 670 est
364 599 530 668 fides
555 597 637 667 de
662 595 968 688 subjectis
996 594 1301 665 exteriori
1328 594 1605 681 visioni,
1652 602 1748 664 est
1788 601 2007 664 tamen
2043 594 2126 663 de
2167 594 2295 682 hia,
2340 615 2493 687 quae
2533 595 2683 665 visu
2728 594 3028 666 interiori
3070 602 3433 693 utcumque

240 716 617 808 capiuntur.
649 715 733 783 Et
760 713 1062 806 quaedam
1092 713 1183 781 sic
1211 712 1587 803 capiuntur,
1621 719 1694 779 ut
1720 711 2203 801 intelligantur,
2254 711 2375 781 etsi
2409 734 2545 783 non
2586 719 2662 781 ut
2702 712 2775 780 in
2819 713 3046 783 futuro
3065 739 3084 802 ;
3126 712 3429 807 quaedam

241 840 464 902 autem
493 855 669 919 non;
702 831 863 923 quia
887 853 1040 899 cum
1068 827 1230 898 fides
1261 828 1343 896 sit
1371 850 1452 897 ex
1478 829 1712 897 auditu
1742 852 1876 897 non
1904 828 2099 897 modo
2128 828 2468 916 exteriori,
2512 829 2623 900 sed
2661 828 2859 899 etiam
2906 829 3207 900 interiori
3232 884 3250 918 ,
3298 853 3436 901 non

241 958 618 1041 potestesse
645 949 726 1018 de
762 972 864 1036 e0,
897 949 1078 1041 quod
1122 947 1394 1018 omnino
1438 946 1780 1036 ignoratur
1821 969 1837 1014 ε
1880 967 2032 1037 quae
2079 953 2300 1016 tamen
2344 946 2488 1038 ipsa
2525 946 2608 1017 ad
2653 970 2917 1017 sensum
2965 947 3254 1041 corporis
3300 971 3436 1018 non

242 1067 551 1159 pertinet,
584 1074 660 1134 ut
686 1066 834 1134 vult
859 1065 1309 1154 Augustinus,
1340 1063 1562 1133 dicens
1589 1066 1607 1100 ¹
1651 1086 1666 1129 :
1709 1061 2082 1143 «Quamvis
2128 1085 2208 1131 ex
2250 1062 2490 1133 auditu
2529 1063 2698 1156 fides
2728 1064 2750 1098 ²
2791 1063 2863 1133 in
2903 1065 3095 1134 nobis
3139 1065 3255 1151 sit,
3303 1087 3439 1134 non

247 1191 469 1252 tamen
503 1182 584 1251 ad
613 1205 768 1251 eum
797 1205 1062 1251 sensum
1089 1180 1377 1273 corporis
1403 1179 1708 1272 pertinet,
1749 1178 1865 1271 qui
1902 1178 2145 1247 dicitur
2182 1179 2480 1267 auditne,
2524 1168 2683 1272 quia
2726 1204 2861 1250 non
2907 1188 3005 1251 est
3043 1204 3280 1270 sonus3
3320 1203 3439 1250 nee

240 1301 325 1368 ad
354 1299 575 1368 ullum
601 1322 867 1368 sensum
896 1300 1209 1390 corporis,
1241 1298 1558 1390 quoniam
1599 1295 1812 1365 cordis
1855 1303 1951 1364 est
1984 1318 2089 1364 res
2127 1295 2273 1383 ista,
2323 1318 2458 1365 non
2486 1297 2797 1390 corporis,
2841 1324 2876 1364 >›
2919 1298 3236 1380 Quaedam
3284 1320 3440 1387 ergo

242 1416 376 1486 fide
427 1417 812 1503 creduntur,
862 1440 1013 1510 quae
1059 1415 1527 1505 intelliguntur
1582 1412 1872 1482 naturali
1920 1413 2210 1500 ratione;
2261 1414 2558 1506 quasdam
2588 1436 2770 1503 vero,
2815 1436 2965 1506 quae
3010 1437 3145 1484 non
3198 1414 3445 1484 intelli·

241 1540 516 1621 guntur.
547 1532 739 1604 Unde
777 1532 1103 1625 Propheta
1131 1532 1151 1566 ⁸
1188 1557 1204 1600 ε
1245 1532 1399 1605 Nisi
1425 1529 1866 1617 credideritis,
1895 1552 2030 1599 non
2071 1528 2475 1623 intelliqetis.
2527 1530 2719 1612 Quod
2764 1530 3182 1620 Augustinus
3216 1540 3441 1624 aperte

242 1649 612 1739 distinguit.
649 1674 688 1715 α
712 1648 866 1717 Alia
891 1657 1069 1734 sunt,
1101 1649 1322 1741 inquit
1353 1658 1399 1736 ¹⁶,
1434 1671 1585 1741 quae
1616 1649 1749 1717 nisi
1792 1648 2276 1737 intelligamuS,
2318 1671 2456 1717 non
2493 1647 2850 1735 credimus;
2900 1648 3029 1719 alia
3053 1702 3071 1736 ,
3120 1673 3266 1742 quae
3314 1649 3446 1721 nisi

241 1765 584 1834 credamus
610 1818 629 1851 ,
685 1788 819 1834 non
874 1765 1352 1854 intelligemus.
1410 1764 1619 1833 Nemo
1675 1772 1896 1832 tamen
1953 1771 2165 1856 potest
2210 1764 2470 1834 credere
2539 1765 2612 1833 in
2665 1765 2877 1834 Deum
2902 1818 2921 1851 ,
2987 1765 3115 1834 nisi
3188 1766 3442 1858 aliquid

240 1881 596 1972 intelligat,
627 1904 782 1950 cum
807 1881 969 1951 fides
1009 1882 1093 1951 sit
1120 1905 1199 1951 ex
1242 1881 1476 1951 auditu
1504 1881 2008 1974 praedicationiS.
2047 1905 2080 1947 »
2123 1881 2304 1949 Idem
2331 1881 2402 1950 in
2429 1880 2601 1950 libro
2628 1879 2710 1949 de
2740 1880 3141 1951 Trinitate⁵t
3186 1909 3220 1948 «
3256 1884 3449 1953 Certa

242 1999 405 2067 fides
428 2007 788 2090 utcumque
814 1998 1076 2070 inchoat
1101 1998 1548 2089 cognitionem
1584 2023 1599 2066 ε
1629 1998 1914 2088 cognitio
1941 2020 2099 2068 vero
2141 2003 2315 2067 certa
2360 2019 2495 2067 non
2538 1997 2896 2089 perficitur,
2950 1999 3079 2068 nisi
3104 2008 3250 2092 post
3276 2001 3448 2073 hanc

244 2115 475 2184 vitam.
503 2139 541 2181 >³
575 2114 964 2183 Ambrosius
1007 2137 1276 2207 quoque
1323 2115 1415 2183 ait
1454 2120 1478 2155 ⁶
1512 2140 1527 2183 ε
1569 2142 1604 2182 α
1632 2114 1764 2184 Ubi
1794 2114 1980 2202 fides,
2033 2137 2169 2184 non
2208 2114 2426 2183 statim
2461 2113 2784 2204 cognitio;
2826 2115 2944 2183 ubi
2988 2115 3275 2206 cognitio
3324 2124 3443 2210 est,

245 2231 411 2301 fides
437 2232 739 2324 praecedit
758 2233 877 2324 (a).
901 2257 937 2296 ιι
970 2233 1071 2301 Ex
1098 2233 1201 2301 his
1225 2222 1494 2325 apparet
1521 2232 1746 2324 aliqua
1778 2232 1982 2318 credi,
2015 2254 2163 2324 quae
2180 2254 2315 2300 non
2333 2231 2801 2321 intelliguntur
2827 2231 2932 2301 vel
2962 2231 3286 2321 sciuntur,
3319 2234 3447 2303 nisi

247 2349 432 2441 prius
485 2351 873 2436 credantur3
921 2350 1218 2442 quaedam
1270 2372 1426 2419 vero
1485 2348 1776 2438 intelligi
1835 2347 2194 2441 aliquando
2239 2348 2435 2417 etiam
2482 2355 2833 2440 antequam
2876 2348 3248 2419 credantur.
3315 2350 3450 2421 Nec

248 2472 471 2535 tamen
499 2466 588 2534 sic
612 2467 1080 2556 intelliguntur
1105 2467 1325 2554 mod0,
1358 2475 1434 2535 ut
1460 2466 1532 2534 in
1558 2467 1787 2535 futuro
1815 2440 2110 2535 scientur
2144 2464 2280 2555 (b);
2329 2473 2395 2532 et
2437 2484 2613 2533 nunc
2651 2463 2845 2532 etiam
2880 2487 2998 2556 per
3036 2464 3262 2555 fidem,
3314 2490 3449 2560 qua

248 2582 660 2651 mundantur
711 2582 950 2669 corda,
1007 2583 1292 2675 amplius
1344 2583 1856 2673 intelliguntur,
1900 2582 2062 2675 quia
2118 2581 2248 2650 nisi
2301 2604 2417 2673 per
2454 2580 2653 2652 fidem
2697 2580 3014 2671 diligatur
3051 2584 3263 2673 Deus,
3313 2607 3449 2655 non

250 2686 613 2772 mundatur
636 2725 749 2773 eor
773 2701 854 2771 ad
882 2702 1222 2772 sciendum
1246 2725 1424 2772 eum.
1453 2700 1645 2770 Unde
1672 2701 2095 2791 Augustinus
2120 2705 2142 2739 ⁷
2172 2723 2190 2767 ε
2230 2723 2266 2765 ε(
2290 2698 2464 2781 Quid
2492 2709 2591 2770 est
2632 2700 2845 2771 Deum
2890 2702 3076 2790 scire,
3121 2701 3250 2771 nisi
3293 2726 3448 2773 eum

250 2827 469 2888 mente
519 2820 929 2919 conspicere,
973 2818 1298 2912 firmeque
1346 2819 1727 2911 percipere?
1771 2817 1896 2887 Sed
1938 2824 2002 2886 et
2043 2816 2228 2908 prius
2264 2838 2465 2907 quam
2505 2816 2845 2887 valeamus
2907 2818 3269 2911 perspicere
3290 2872 3311 2908 ,
3386 2827 3451 2889 et

250 2936 583 3027 percipere
625 2936 863 3023 Deum,
920 2937 1090 3005 sicut
1129 2935 1490 3029 percipitur
1530 2957 1569 3003 a
1622 2933 1890 3003 mundis
1941 2932 2275 3020 cordibae,
2332 2933 2458 3003 nisi
2502 2956 2620 3027 per
2662 2934 2862 3005 fidem
2905 2935 3264 3027 diligatur,
3312 2959 3451 3006 non

251 3052 490 3144 poterit
515 3074 625 3121 cor
653 3051 989 3140 mundari,
1018 3053 1196 3146 quod
1231 3054 1306 3144 (c)
1358 3052 1440 3121 ad
1497 3074 1650 3121 eum
1682 3050 2047 3121 videndum
2092 3050 2179 3118 sit
2219 3056 2471 3142 aptum.
2523 3074 2558 3116 n
2609 3051 2771 3122 Ecce
2815 3051 2923 3121 hic
2967 3061 3188 3144 aperte
3221 3052 3445 3142 habea,

250 3169 412 3262 quia
456 3191 590 3238 non
646 3177 856 3261 potest
907 3170 1058 3239 sciri
1088 3169 1299 3256 Deua,
1346 3170 1474 3238 nisi
1511 3169 1696 3262 prius
1737 3167 2059 3238 credendo
2108 3166 2447 3258 diligatur.
2496 3168 2716 3262 Supra
2761 3180 2983 3241 autem
3024 3172 3272 3242 dictum
3327 3179 3447 3260 est,

250 3284 432 3379 quod
457 3307 651 3356 nemo
681 3294 887 3378 potest
912 3286 1171 3357 credere
1199 3287 1271 3356 in
1299 3287 1537 3374 Deum,
1569 3286 1698 3356 nisi
1720 3284 1974 3377 aliquid
2004 3284 2435 3374 intelligatur.
2477 3285 2669 3356 Unde
2707 3287 3043 3378 colligitur
3083 3312 3219 3359 non
3259 3311 3445 3383 posse

250 3401 405 3470 sciri
432 3409 496 3470 et
522 3402 804 3492 intelligi
829 3403 1150 3473 credenda
1192 3402 1523 3497 quaedam,
1576 3403 1704 3473 nisi
1745 3401 1929 3494 prius
1971 3400 2348 3491 credantur,
2406 3408 2472 3470 et
2510 3402 2816 3494 quaedam
2869 3427 3004 3474 non
3057 3405 3259 3494 credi,
3316 3406 3445 3477 nisi
3508 3473 3522 3490 ,

250 3516 438 3609 prius
469 3517 958 3608 intelligantur,
990 3527 1054 3588 et
1081 3520 1221 3612 ipsa
1265 3542 1382 3612 per
1421 3518 1621 3588 fidem
1667 3517 1955 3611 amplius
1999 3517 2283 3606 intelligi
2335 3545 2353 3586 t
2395 3540 2513 3588 nee
2561 3540 2638 3588 ea
2669 3542 2816 3612 quae
2859 3521 3045 3613 prius
3087 3522 3450 3593 creduntur

249 3654 461 3726 quam
479 3631 962 3724 intelligantur,
992 3637 1256 3729 penitus
1282 3637 1696 3727 ignorantur,
1726 3658 1878 3704 cum
1925 3634 2087 3703 fides
2114 3634 2199 3702 sit
2226 3656 2308 3704 ex
2339 3634 2613 3724 auditu;
2666 3636 3060 3727 ignorantur
3101 3647 3323 3711 tamen
3367 3663 3451 3713 ex

252 3756 464 3841 parte,
492 3747 652 3842 quia
676 3773 810 3820 non
839 3751 1160 3822 sciuntur.
1192 3745 1498 3822 Creditur
1525 3775 1680 3843 ergo
1707 3751 1886 3843 quod
1930 3751 2300 3841 ignoratur,
2346 3750 2459 3821 sed
2504 3774 2639 3823 non
2685 3754 2949 3846 penitus
2973 3807 2993 3845 ,
3041 3755 3209 3827 sicut
3248 3758 3446 3828 etiam

252 3873 515 3933 amatur
540 3867 718 3957 quod
746 3867 1111 3957 ignoratur.
1147 3868 1339 3938 Unde
1367 3867 1785 3958 Augustinus
1809 3866 1833 3902 ⁸
1869 3891 1886 3936 ε
1929 3893 1964 3934 α
1990 3866 2160 3937 Sciri
2188 3866 2472 3961 aliquid,
2502 3876 2566 3937 et
2591 3890 2725 3939 non
2754 3869 2944 3961 diligi
2971 3879 3210 3964 potest;
3251 3872 3448 3965 diligi

251 4003 413 4051 vero
441 3983 616 4075 quod
644 3984 956 4072 nescitur,
989 4009 1214 4080 quoero
1240 3994 1470 4056 utrum
1496 3984 1720 4078 possit.
1753 3984 1826 4055 Si
1863 4007 1999 4054 non
2041 3993 2283 4076 potest,
2338 4007 2534 4054 nemo
2577 3983 2795 4075 diligit
2840 3986 3052 4058 Deum
3091 3997 3447 4082 antequam

254 4098 439 4167 sciat.
483 4098 615 4168 Ubi
654 4108 875 4171 autem
916 4112 1073 4171 sunt
1113 4103 1231 4172 illa
1270 4102 1446 4192 tria,
1468 4100 1672 4189 fides,
1720 4125 1905 4192 spes,
1964 4101 2286 4188 charitas,
2338 4100 2468 4171 nisi
2516 4102 2588 4171 in
2636 4103 2863 4172 animo
2914 4106 3215 4177 credente
3267 4106 3449 4198 quod

253 4214 555 4284 nondum
583 4217 725 4304 seit,
758 4226 823 4288 et
852 4228 1175 4310 sperante,
1206 4228 1268 4292 et
1293 4227 1554 4291 amante
1586 4219 1762 4314 quod
1791 4217 2033 4289 credit?
2059 4219 2346 4289 Amatur
2372 4241 2528 4310 ergo
2569 4227 2635 4292 et
2685 4220 2865 4313 quod
2908 4221 3278 4313 ignoratur,
3325 4221 3441 4293 sed

254 4339 477 4401 tamen
501 4332 812 4405 creditur.
852 4360 892 4402 w

322 4509 340 4539 ¹
371 4504 520 4569 Aug„
549 4503 609 4554 de
636 4505 839 4568 Trinit„
863 4504 956 4558 lib.
984 4507 1118 4570 thl,
1146 4522 1194 4558 c.
1219 4520 1275 4571 11,
1308 4523 1362 4560 n.
1392 4511 1440 4559 5.
1462 4534 1525 4546 —
1543 4509 1565 4543 ¹
1585 4508 1741 4572 Rom„
1764 4519 1819 4569 x,
1852 4511 1926 4558 17.
1951 4533 2013 4544 —-
2033 4508 2055 4543 ⁸
2079 4507 2200 4566 Ira„
2230 4518 2322 4571 vu,
2351 4509 2397 4558 9.
2426 4507 2528 4544 -δ
2551 4511 2704 4574 Aug„
2736 4509 2923 4559 Enarr.
2953 4510 3004 4559 in
3024 4511 3106 4561 Ps.
3143 4523 3323 4576 cxvm,
3362 4516 3445 4577 73,

249 4587 411 4626 serm.
434 4586 587 4638 xvm,
613 4590 666 4626 n.
694 4579 745 4642 3,
773 4577 941 4643 quoad
970 4592 1196 4630 sensum.
1217 4581 1315 4617 —⁸
1340 4579 1431 4639 td..
1453 4579 1514 4629 de
1543 4579 1745 4640 Dinia,
1767 4577 1858 4627 lib.
1887 4579 1974 4640 lx,
1997 4592 2045 4638 c„
2075 4589 2115 4639 1,
2139 4592 2194 4627 n.
2228 4582 2273 4627 1.
2301 4604 2366 4616 -
2389 4577 2412 4614 ⁸
2437 4577 2637 4643 Ambr„
2665 4579 2720 4628 in
2739 4579 2822 4630 Pe.
2851 4591 3033 4642 cxvm,
3065 4584 3173 4647 152,
3204 4597 3361 4634 serm.
3388 4597 3444 4650 x,

251 4660 310 4697 n.
345 4648 428 4698 31.
445 4672 508 4686 —-
529 4647 550 4682 ‘¹
569 4649 721 4714 Aug..
748 4648 810 4699 de
839 4649 1043 4713 Trinit„
1074 4649 1163 4700 lib.
1195 4651 1329 4710 vlu,
1358 4666 1405 4701 c.
1436 4662 1507 4710 w,
1538 4663 1595 4700 n.
1621 4654 1670 4700 6.
1691 4675 1754 4687 -
1771 4649 1796 4684 ⁸
1819 4648 1970 4713 thid„
1997 4648 2184 4712 partim
2210 4647 2364 4711 paulo
2390 4648 2643 4712 superius,
2669 4650 2854 4713 partim
2882 4650 3111 4702 inferius.

317 4738 385 4802 (a)
415 4735 537 4787 Coet.
570 4737 692 4788 edit.
721 4739 979 4804 praecepit.
1010 4766 1073 4777 —
1102 4740 1165 4805 (b)
1191 4740 1434 4792 sciantur.
1463 4765 1525 4781 -
1553 4723 1614 4804 (c)
1647 4737 1791 4791 Edit.
1820 4737 2000 4790 Bened.
2029 4751 2152 4802 quo.

491 5534 644 5584 τοι.
685 5527 781 5584 tv.
3114 5534 3192 5596 33
