4185 6288
1093 464 1472 532 DISTlNCT.
1516 464 1760 533 nvn.
1800 464 2113 533 ART.¹11.
2156 465 2432 546 QUAEST
2473 467 2551 533 11.

219 601 395 690 qnod
421 601 545 667 hoc
569 605 686 683 est,
711 603 865 686 quia
891 602 964 666 in
989 602 1115 668 fide
1142 606 1237 667 est
1261 603 1467 685 prima
1492 602 1761 668 elevatio

218 707 500 771 hominis
523 726 722 791 supra
748 727 816 773 se
853 731 869 772 ε
907 709 1046 774 ideo
1076 709 1330 774 videtur
1356 710 1698 792 impetrare
1724 728 1764 773 a

220 814 441 879 divina
494 815 732 881 virtute
757 862 777 892 ‚
826 819 900 879 ut
938 819 1236 898 operetur
1280 816 1519 899 aliquid
1567 834 1764 899 supra

220 922 357 986 vim
386 925 634 986 natnrae
662 941 681 985 ε
710 923 818 987 sed
851 923 1148 987 meritum
1179 921 1430 1006 praemii
1459 940 1764 986 consum-

219 1030 375 1096 mati
415 1047 545 1093 non
588 1030 842 1112 respicit
866 1029 1292 1113 principaliter
1318 1030 1593 1112 primam
1640 1029 1763 1094 ele-

219 1138 540 1202 vationem
569 1185 587 1215 ‚
658 1138 769 1202 sed
821 1137 1242 1202 elevationem
1305 1155 1631 1222 summam
1698 1142 1762 1203 et

218 1243 595 1327 completam
628 1266 646 1309 :
677 1250 741 1309 et
781 1244 922 1309 haec
966 1245 1226 1328 quidem
1268 1262 1400 1308 non
1444 1244 1760 1327 reperitur

218 1351 288 1415 in
318 1355 463 1416 actu
485 1350 630 1417 fidei
656 1352 1009 1416 secundum
1034 1369 1124 1429 se,
1154 1351 1263 1415 sed
1288 1352 1498 1434 magis
1517 1352 1587 1416 in
1613 1355 1754 1416 actu

201 1457 563 1523 charitatis.

299 1569 359 1628 5.
407 1564 506 1629 Ad
556 1564 713 1628 illud
767 1565 938 1648 quod
990 1565 1308 1648 objicitur,
1365 1565 1535 1648 quod
1580 1571 1762 1631 actus

216 1672 365 1737 fidei
418 1677 514 1736 est
585 1673 848 1756 majoris
909 1671 1294 1737 difficultatis
1317 1721 1340 1751 ,
1417 1676 1479 1736 et
1550 1674 1761 1756 magis

217 1783 438 1844 contra
487 1783 785 1843 naturam
809 1825 828 1855 ,
889 1798 1084 1862 quam
1160 1783 1341 1843 actus
1405 1779 1753 1860 charitatiS,

218 1886 557 1967 dicendum
609 1886 782 1969 quod
837 1886 954 1950 etsi
1000 1888 1177 1951 actus
1234 1887 1381 1951 fidei
1421 1887 1505 1951 sit
1548 1888 1758 1969 magis

219 1997 440 2059 contra
507 1998 804 2058 naturam
868 1994 1296 2076 judicantem,
1353 2012 1486 2059 non
1543 1998 1758 2059 tamen

217 2102 428 2183 magis
473 2106 567 2166 est
614 2106 833 2165 contra
870 2101 976 2165 vel
993 2113 996 2118 ’
1015 2120 1210 2185 supra
1258 2106 1557 2167 naturam
1600 2121 1757 2168 exe-

216 2215 518 2294 quentem
541 2260 560 2290 ,
620 2211 750 2274 imo
789 2211 993 2275 multo
1042 2211 1275 2275 minus,
1336 2211 1535 2277 Multo
1579 2213 1756 2276 enim

215 2317 460 2383 facilius
483 2322 577 2382 est
601 2317 856 2382 credere
896 2321 1169 2383 summae
1211 2318 1462 2383 veritati
1500 2322 1757 2401 propter

214 2443 283 2492 se
304 2430 368 2490 et
394 2443 587 2508 super
612 2427 859 2504 omnia,
891 2444 1089 2510 quam
1133 2428 1338 2510 ipsam
1386 2432 1645 2511 propter
1688 2447 1755 2492 se

215 2538 279 2599 et
321 2552 517 2613 super
559 2536 774 2599 omnia
823 2536 1122 2616 diligere,
1171 2541 1232 2599 et
1274 2536 1333 2599 ei
1376 2536 1492 2600 soli
1535 2536 1750 2601 adhae-

213 2661 377 2724 rere,
409 2647 473 2708 et
494 2644 713 2707 omnia
743 2647 1000 2727 propter
1043 2660 1187 2708 eam
1215 2648 1646 2709 contemnere.
1679 2645 1758 2709 Et

213 2750 365 2833 quia
394 2750 514 2814 hoc
541 2755 634 2815 est
677 2751 1037 2814 maximum
1056 2798 1073 2828 ,
1121 2751 1288 2834 quod
1332 2750 1527 2816 homo
1561 2752 1756 2835 possit

212 2857 340 2924 Deo
361 2857 728 2941 impendere
750 2905 768 2935 ‚
813 2862 881 2921 et
917 2859 1039 2922 hoc
1086 2859 1235 2922 facit
1276 2858 1413 2941 ipsa
1456 2859 1750 2939 charitas,

212 2967 354 3031 ideo
400 2965 611 3048 primo
655 2970 719 3029 et
775 2965 1206 3050 principaliter
1275 2967 1571 3032 vendicat
1633 2967 1754 3031 sihi

214 3074 501 3138 merendi
528 3074 893 3138 efficaciam.

292 3186 355 3246 6.
387 3182 486 3248 Ad
518 3182 673 3246 illud
716 3182 888 3265 quod
930 3182 1157 3247 ultimo
1205 3181 1535 3263 objicitur,
1581 3183 1753 3264 quod

214 3290 376 3355 sicut
401 3308 468 3365 se
505 3289 699 3355 habet
736 3290 1071 3373 prudentia
1111 3293 1406 3372 respectu
1431 3289 1754 3353 virtutum

211 3398 630 3465 cardinalium
644 3446 662 3477 ,
709 3398 799 3461 sic
833 3398 988 3463 fides
1029 3403 1320 3481 respectu
1361 3397 1751 3479 theologica-

209 3525 359 3572 rum
376 3529 394 3586 ;
416 3506 755 3572 dicendum
773 3506 946 3588 quod
967 3524 1099 3570 non
1117 3509 1210 3569 est
1230 3504 1491 3569 omnino
1518 3504 1748 3581 simile,

208 3632 328 3699 pro
353 3632 431 3678 eo
465 3614 637 3696 quod
689 3613 960 3679 virtutes
997 3612 1388 3694 theologicae,
1432 3630 1582 3675 cum
1627 3612 1753 3675 ha-

209 3723 404 3790 beant
450 3722 772 3805 ohjectum
822 3720 1182 3784 increatum
1205 3770 1225 3797 ,
1288 3724 1487 3799 tanto,
1520 3721 1754 3802 perfec-

210 3829 404 3893 tiores
429 3833 609 3907 sunt‚
629 3830 869 3911 quanto
892 3827 1100 3907 magis
1126 3826 1353 3890 intime
1393 3825 1486 3888 illi
1515 3825 1754 3889 uniunt

209 3940 277 4000 et
302 3937 730 4017 conjungunt.
752 3933 831 4000 Et
849 3937 1178 4017 propterea
1201 3932 1528 4016 spirituale
1554 3931 1755 3998 aedifl-

209 4046 385 4111 cium
412 4045 642 4112 dicitur
667 4044 918 4109 fundari
946 4043 1015 4107 in
1042 4043 1190 4120 fide,
1220 4046 1284 4107 et
1309 4042 1473 4123 erigi
1508 4043 1578 4105 in
1612 4060 1748 4125 spe,

210 4157 276 4219 et
314 4151 746 4217 consummari
783 4151 855 4215 in
895 4150 1221 4228 charitate,
1270 4150 1425 4231 quia
1476 4148 1752 4214 charitas

209 4261 381 4328 inter
405 4260 677 4326 virtutes
703 4259 1089 4339 theologicas
1127 4261 1222 4321 est
1267 4256 1550 4321 maxime
1594 4257 1751 4321 uni-

208 4369 368 4446 tiva,
400 4371 462 4432 et
486 4367 628 4433 ideo
650 4370 831 4432 actus
859 4368 1001 4449 eJus
1044 4365 1325 4430 maxime
1365 4365 1515 4428 facit
1547 4364 1753 4429 homi-

209 4494 329 4541 nes
373 4473 730 4541 deiformes.
779 4473 860 4539 Et
891 4473 1043 4537 hinc
1096 4477 1191 4537 est
1243 4472 1415 4555 quod
1459 4476 1749 4554 respectu

210 4583 443 4663 objecti
493 4581 758 4646 increati
802 4580 1075 4646 nobilior
1121 4584 1215 4644 est
1251 4579 1481 4644 modus
1522 4597 1748 4663 appre-

211 4690 535 4757 hendendi
561 4707 674 4773 per
722 4688 985 4754 modum
1035 4690 1240 4753 tactus
1280 4692 1345 4751 et
1393 4688 1749 4771 amplexus,

213 4817 413 4883 quam
438 4815 553 4880 per
578 4796 843 4862 modum
868 4796 1050 4861 visus
1089 4800 1152 4859 et
1192 4795 1505 4860 intuitus:
1534 4814 1570 4859 e
1598 4814 1752 4861 con-

212 4911 318 4972 tra
341 4909 437 4970 aet
462 4905 629 4970 circa
649 4903 1002 4987 corporalia
1043 4908 1107 4967 et
1146 4903 1311 4968 circa
1341 4903 1692 4969 materialia
1730 4925 1745 4967 t

216 5018 282 5080 et
305 5013 447 5078 ideo
473 5029 603 5077 non
630 5012 809 5092 cogit
835 5011 945 5075 illa
970 5010 1153 5075 rati0.

283 5175 409 5238 ¹Cs.
431 5173 575 5226 Alex.
601 5172 826 5237 Mensis,
871 5173 1033 5235 Cone„
1062 5186 1116 5236 p.
1160 5171 1246 5233 111,
1284 5170 1397 5221 coll.
1427 5183 1530 5235 nx,
1568 5175 1663 5229 art.
1694 5176 1750 5239 2;

218 5245 466 5310 saphan.
494 5243 1303 5307 Bruler„1118ent.,dizt.xxvu,
1328 5243 1756 5311 q.1v.-¹.1.uc,

218 5330 308 5378 ιν,
339 5316 753 5379 17.—⁸2·Amb.‚
782 5313 1112 5375 inLac„lib.
1140 5312 1751 5378 vll.--.⁸Pea1v11‚1o.

216 5383 1680 5450 -1PsaLcxvm,112.—⁸Hebr.,x1‚26.—⁷Plziitp„
1713 5398 1752 5449 1,

220 5457 1097 5526 23.—⁸lCor.„1111—-‚⁹.Bern
1106 5454 1572 5519 dedili,9endoDeo
1596 5469 1642 5507 c.
1668 5469 1748 5508 ιιι.

3293 472 3412 533 615

2373 711 2776 790 QUAESTIO
2830 712 2918 778 ΙΙ.

1951 872 2046 928 An
2075 877 2247 929 motus
2274 874 2562 930 charitatis
2585 875 2757 945 possit
2783 888 2886 930 esse
2912 877 3268 931 mercenarius
3299 876 3338 930 ¹.

1950 1031 2178 1096 Utrum
2205 1032 2499 1114 possibile
2528 1032 2609 1095 sit
2634 1037 2886 1097 motum
2910 1034 3232 1099 charitatis
3273 1053 3410 1100 esse
3440 1051 3650 1099 ruam.

1871 1140 2370 1216 mercenarium;
2420 1144 2484 1203 et
2517 1139 2689 1221 quod
2736 1140 2853 1219 sic,
2890 1141 3159 1206 videtur.
3201 1141 3412 1223 Super

1867 1244 2025 1309 illud
2053 1251 2075 1286 ⁸
2109 1268 2123 1310 ε
2172 1246 2410 1319 Quanti
2445 1248 2823 1312 mercenarii
2852 1249 2928 1312 in
2972 1246 3159 1313 domo
3196 1251 3409 1329 patris

1870 1355 1997 1418 mei
2044 1352 2382 1420 abundant
2422 1351 2724 1448 panibus,
2778 1353 2933 1417 dicit
2955 1353 3342 1419 »Ambrosius
3384 1358 3408 1393 ⁸

1867 1460 2036 1542 quod
2081 1460 2268 1524 multi
2307 1465 2458 1524 sunt
2491 1461 2642 1524 boni
2692 1461 3094 1541 mercenarii,
3145 1463 3258 1544 qui
3297 1481 3409 1545 spe

1868 1571 2259 1632 aeternorum
2310 1567 2436 1632 Deo
2480 1568 2770 1634 serviunt
2811 1588 2828 1631 ε
2888 1568 2996 1633 sed
3046 1587 3237 1635 nemo
3281 1569 3408 1635 Deo

1867 1675 2029 1739 bene
2057 1675 2276 1754 servit,
2309 1675 2434 1738 nisi
2456 1675 2570 1757 qui
2596 1675 2791 1739 servit
2831 1676 2894 1739 ei
2924 1694 3006 1740 ex
3049 1676 3353 1741 charitate
3386 1701 3401 1742 :

1867 1799 2029 1862 ergo
2057 1781 2351 1863 possibile
2373 1786 2469 1846 est
2497 1787 2745 1847 motum
2774 1784 3149 1848 mercenarii
3166 1802 3303 1849 esse
3325 1802 3408 1848 ex

1868 1888 2173 1952 charitate
2195 1893 2432 1953 ortum.

1949 1995 2108 2059 Item
2152 1995 2560 2077 Augustinus
2581 2043 2598 2067 .
2648 2016 2842 2081 super
2884 1998 3039 2062 illud
3070 1996 3302 2062 Psalmi
3327 1998 3350 2034 ⁸
3387 2022 3401 2063 z

1871 2102 2178 2168 scrutans
2212 2099 2410 2169 corda
2440 2111 2499 2171 et
2526 2121 2707 2171 renes
2735 2106 2902 2171 Deus
2931 2124 2954 2170 .·
2991 2105 3205 2170 «Finis
3232 2124 3406 2175 curae

1867 2212 1930 2273 et
1955 2210 2361 2291 cogitationis
2391 2216 2484 2275 est
2518 2212 2867 2290 delectatiO,
2895 2213 2976 2276 ad
3004 2231 3197 2296 quam
3225 2213 3403 2295 quis-

1867 2342 1993 2407 que
2025 2324 2250 2388 nititur
2276 2325 2630 2408 pervenire.
2674 2349 2705 2387 »
2760 2326 2934 2406 Ergo
2975 2325 3218 2389 habens
3253 2325 3405 2390 cha-

1868 2430 2116 2495 ritatem
2158 2431 2431 2494 finaliter
2474 2432 2708 2514 quaerit
2742 2432 3037 2495 delectari
3079 2450 3098 2495 t
3131 2433 3241 2496 sed
3290 2434 3405 2516 qui

1866 2541 2103 2622 quaerit
2114 2540 2592 2605 delectationem
2603 2556 2811 2620 suam,
2827 2543 3060 2624 quaerit
3070 2541 3405 2624 proprium

1866 2648 2300 2728 commodum,
2321 2652 2385 2712 et
2409 2649 2617 2712 omnis
2639 2648 2783 2712 talis
2810 2652 2903 2712 est
2926 2649 3360 2713 mercenarius
3384 2671 3399 2714 τ

1866 2769 2027 2831 ergo
2073 2751 2325 2816 videtur
2364 2752 2534 2834 quod
2568 2750 2831 2816 affectus
2870 2751 3189 2816 charitatis
3231 2770 3401 2816 mer-

1865 2859 2156 2925 cenarius
2174 2861 2368 2943 possit
2390 2878 2549 2925 esse.

1945 2967 2104 3031 Item
2132 2968 2244 3049 qui
2273 2967 2414 3032 vult
2438 2966 2702 3050 implere
2731 2967 3027 3031 mandata
3053 2967 3164 3031 Dei
3206 2984 3405 3051 prop-

1865 3078 1961 3139 ter
1988 3074 2494 3154 retributionem,
2524 3073 2957 3138 mercenarius
2996 3078 3090 3138 est
3129 3097 3143 3138 :
3191 3075 3299 3138 sed
3326 3074 3403 3139 de

1864 3183 2006 3249 viro
2037 3186 2253 3247 sancto
2302 3183 2536 3246 dicitnr
2580 3183 2651 3246 in
2692 3181 2942 3247 Psalmo
2973 3183 2995 3219 ⁸
3027 3206 3041 3248 z
3078 3182 3408 3249 Inclinavi

1865 3307 1972 3359 cor
2001 3308 2209 3357 meum
2239 3290 2329 3357 ad
2368 3290 2706 3370 faciendas
2721 3289 3231 3371 ,iustificationes
3257 3296 3404 3358 tuas

1863 3405 2123 3481 propter
2142 3399 2640 3466 retributionem.
2671 3397 2750 3462 Et
2776 3397 2863 3462 ad
2890 3397 3181 3465 Hebraeos
3197 3446 3213 3477 ‚
3244 3398 3404 3462 dici-

1864 3509 1970 3569 tnr
1994 3506 2071 3569 de
2101 3506 2338 3588 Moyse,
2372 3506 2545 3588 quod
2570 3512 2592 3547 ⁸
2623 3504 2973 3587 aspiciebat
3001 3505 3077 3569 in
3124 3521 3407 3571 remune-

1864 3615 2178 3679 rationem
2205 3633 2228 3675 .·
2273 3614 2325 3677 si
2354 3631 2509 3694 ergo
2547 3616 2680 3676 tam
2722 3613 2837 3675 iste
2856 3659 2876 3690 ,
2928 3630 3122 3693 quam
3153 3611 3257 3675 ille
3306 3611 3408 3677 vir

1856 3722 2072 3802 justus
2099 3725 2255 3800 erat,
2309 3724 2372 3784 et
2403 3738 2487 3783 ex
2524 3719 2829 3783 charitate
2870 3717 3271 3798 movebatur,
3298 3719 3400 3783 vi-

1863 3828 2050 3894 detur
2098 3828 2271 3910 quod
2342 3830 2555 3892 motus
2629 3825 2952 3890 charitatis
3011 3827 3207 3908 possit
3269 3844 3404 3891 esse

1864 3936 2315 4001 mercenarius.

1945 4045 2102 4109 Item
2124 4044 2321 4108 homo
2349 4047 2606 4107 sanctus
2634 4041 2945 4107 desiderat
2966 4049 2988 4084 '¹
3018 4042 3311 4122 dissolvi,
3341 4049 3403 4111 et

1863 4169 1993 4221 esse
2019 4170 2164 4219 cum
2197 4153 2469 4232 Christo,
2503 4155 2578 4216 ut
2604 4154 2856 4216 fruatur
2902 4169 3002 4228 ee,
3051 4151 3404 4216 secundum

1864 4262 2038 4347 quod
2081 4261 2419 4344 Apostolus
2472 4260 2864 4325 desiderabat
2921 4280 2936 4323 :
2997 4258 3105 4323 sed
3157 4259 3405 4324 deside-

1863 4369 2037 4433 rium
2077 4368 2239 4433 illud
2284 4386 2417 4432 non
2460 4369 2662 4449 potest
2713 4384 2847 4430 esse
2889 4365 3015 4428 nisi
3052 4364 3400 4446 charitatis,

1864 4494 2015 4541 cum
2041 4475 2261 4541 nullus
2283 4473 2558 4538 naturali
2586 4473 2816 4537 affectu
2841 4471 3155 4536 desideret
3187 4473 3349 4535 mori
3384 4490 3402 4535 :

1865 4601 2024 4665 ergo
2066 4583 2119 4646 si
2160 4583 2285 4647 tale
2322 4580 2707 4647 desiderium
2747 4580 3036 4642 intuetur
3072 4579 3406 4662 proprium

1863 4692 2275 4757 commodum
2312 4695 2374 4753 et
2412 4687 2910 4765 delectationem,
2943 4686 3197 4751 videtur
3233 4687 3405 4769 quod

1864 4799 2164 4883 possibile
2190 4798 2276 4862 sit
2299 4796 2600 4863 affectum
2627 4794 2951 4860 charitatis
2977 4811 3115 4858 esse
3160 4811 3401 4860 merce-

1865 4906 2144 4971 narium.

1947 5012 2070 5077 Sed
2096 5016 2338 5090 contra,
2368 5017 2391 5051 ⁸
2421 5028 2439 5074 ε
2471 5016 2501 5075 1
2539 5009 2831 5075 Charitas
2857 5024 2988 5075 non
3004 5008 3237 5090 quoerit
3262 5024 3405 5091 quae

1864 5136 1986 5188 sua
2025 5123 2180 5187 sunt
2222 5141 2247 5184 .·
2288 5118 2398 5182 sed
2452 5117 2659 5182 omnis
2693 5116 3124 5181 mercenarius
3168 5116 3403 5200 quaerit

1866 5228 2039 5313 quod
2063 5246 2259 5292 suum
2283 5231 2380 5290 est
2407 5248 2424 5290 ε
2455 5243 2617 5307 ergo
2659 5227 2870 5289 motus
2905 5223 3228 5291 charitatis
3267 5242 3401 5290 non

1867 5338 2071 5419 potest
2090 5352 2227 5399 esse
2248 5332 2697 5398 mercenarius.

1945 5447 2009 5507 2.
2038 5443 2198 5509 Item
2237 5441 2623 5523 Bernardus,
2671 5438 2750 5508 dc
2777 5437 3105 5522 diliqendo
3132 5439 3255 5507 Deo
3304 5447 3328 5482 1
3379 5461 3398 5506 :
