4185 6288
1205 378 1399 445 DIST.
1444 378 1656 446 XXIX.
1699 378 1883 446 ART.
1935 378 1982 443 1.
2029 376 2328 455 QUAEST.
2378 378 2448 444 V.

266 517 407 600 ligit
434 533 503 583 se
530 516 676 600 plus
701 532 898 599 quam
924 515 1149 591 Deum,
1172 514 1292 598 ipsi
1323 515 1550 597 gratiae
1574 533 1806 599 repug-

267 627 393 690 nat.
429 621 500 687 In
540 623 663 688 hoc
704 626 920 687 autem
964 621 1134 704 quod
1166 619 1378 702 diligit
1409 621 1618 688 fllium
1660 621 1805 705 plus

268 748 458 813 quam
484 734 754 813 patrem,
785 730 940 813 quia
964 727 1238 793 intendit
1276 728 1513 795 salvari
1552 729 1624 793 in
1648 727 1760 793 illo
1782 775 1801 807 ,

268 832 546 916 procedit
582 832 764 916 quasi
808 831 918 895 via
959 830 1233 895 diversa.
1286 829 1368 894 Et
1406 829 1548 895 ideo
1595 829 1807 912 gratia

269 938 721 1023 superveniens
743 937 1035 1003 ordinem
1059 937 1128 1001 in
1166 936 1374 1021 primo
1411 935 1646 1001 affectu
1688 936 1808 1001 sal-

268 1049 372 1110 vat
410 1049 474 1109 et
502 1044 788 1128 perficit3
825 1043 898 1108 in
943 1043 1222 1107 secundo
1262 1042 1632 1126 simpliciter
1675 1041 1806 1106 im-

151 1146 157 1152 ’
270 1156 500 1231 mutat;
528 1153 601 1216 in
636 1153 821 1216 tertio
858 1168 1015 1214 vero
1043 1166 1289 1216 novum
1326 1150 1619 1216 ordinem
1659 1149 1804 1229 dat,

45 2569 248 2614 Fundam.

271 1260 356 1344 ita
395 1263 615 1323 tamen
656 1257 832 1341 quod
872 1256 1174 1321 affectum
1206 1254 1391 1320 illum
1428 1273 1560 1320 non
1607 1259 1812 1320 exter-

271 1366 491 1430 minat.
517 1363 694 1431 Unde
715 1364 962 1428 aestimo
980 1363 1150 1446 quod
1178 1362 1375 1428 homo
1392 1362 1639 1427 habens
1663 1362 1813 1427 cha·

270 1473 552 1549 ritatem,
585 1474 649 1535 et
687 1470 933 1536 habens
970 1465 1266 1553 parentes
1309 1472 1376 1534 et
1419 1469 1584 1533 filios
1600 1516 1617 1544 ,
1654 1468 1813 1532 dum

274 1581 566 1643 movetur
593 1577 826 1643 affectu
851 1576 1151 1659 gratuitae
1185 1576 1536 1641 dilectionis
1553 1622 1570 1654 ‚
1601 1574 1815 1656 magis

273 1685 582 1750 desiderat
605 1687 947 1768 parentum
977 1683 1286 1760 salutem;
1317 1683 1477 1747 dnm
1518 1685 1816 1747 movetur

274 1791 503 1858 affectu
529 1796 780 1857 naturae
797 1840 815 1869 ,
844 1790 1058 1873 magis
1085 1789 1396 1854 desiderat
1432 1790 1549 1853 filii
1575 1789 1812 1854 sanita·

275 1903 424 1964 tem.
453 1897 582 1963 Nec
607 1903 703 1962 est
728 1897 832 1962 hic
860 1896 1173 1979 oppositio
1192 1895 1544 1960 dilectionis
1563 1899 1818 1961 natura-

272 2004 350 2070 lis
393 2005 506 2070 ad.
528 2004 880 2087 gratuitam
928 2007 1186 2086 propter
1241 2002 1815 2068 considerationem

274 2111 611 2177 diversam.

806 2207 1168 2322 QuAEsno
1208 2243 1284 2310 v.

405 2382 501 2438 An
525 2380 836 2438 domesticus
859 2382 936 2436 ait
962 2383 1218 2436 extraneo
1242 2377 1625 2451 praeponendus
1648 2377 1688 2435 ¹.

352 2542 440 2608 De
490 2541 713 2607 ordine
747 2540 1067 2605 charitatis
1119 2557 1235 2623 per
1283 2538 1823 2621 comparationem

274 2648 598 2714 domestici
615 2646 697 2712 ad
722 2651 1132 2725 extraneum;
1154 2649 1219 2710 et
1236 2645 1572 2728 quaeritur,
1603 2649 1826 2709 utrum

274 2755 657 2821 domesticus
707 2753 789 2819 sit
838 2759 1146 2819 extraneo
1198 2752 1692 2836 praeponendus.
1751 2750 1835 2816 Et

274 2863 446 2945 quod
482 2861 593 2939 sic,
626 2860 882 2926 videtur
913 2878 1029 2942 per
1068 2859 1228 2924 illud
1266 2858 1438 2943 quod
1483 2858 1714 2923 dicitur
1746 2856 1830 2921 ad

279 2967 526 3033 Galatas
544 2972 569 3008 ¹
612 2988 628 3032 ε
673 2968 1013 3051 Operemur
1060 2966 1290 3034 bonum
1339 2965 1429 3032 ad
1478 2980 1713 3042 omnes,
1771 2970 1832 3030 et

275 3077 564 3142 maxime
589 3073 679 3140 ad
716 3073 1092 3141 domesticos
1130 3072 1291 3155 fidei
1308 3096 1333 3147 ,·
1380 3077 1444 3136 et
1485 3072 1567 3136 ad
1614 3071 1827 3136 Timo-

278 3185 504 3248 theum
533 3184 611 3266 (a)
634 3183 656 3218 ⁸
682 3204 698 3246 :
730 3182 812 3248 Si
830 3184 981 3265 quis
1005 3198 1290 3261 suorum,
1318 3188 1378 3247 et
1402 3183 1686 3247 maxime
1713 3179 1828 3247 do-

278 3293 677 3358 mesticorum
704 3305 927 3355 curam
939 3304 1071 3354 non
1091 3287 1299 3367 habet,
1326 3287 1519 3368 fidem
1544 3288 1831 3370 neqavit,

282 3405 343 3466 et
360 3404 453 3465 est
475 3396 730 3478 infideli
743 3396 1040 3485 deterior.
1060 3394 1179 3460 Per
1196 3399 1539 3478 utramque
1557 3396 1835 3460 auctori-

279 3509 489 3570 tatum
525 3505 795 3570 istarum
821 3502 1066 3567 ostendi
1105 3505 1344 3584 potest,
1385 3501 1561 3586 quod
1585 3502 1835 3566 domes-

281 3614 450 3679 ticus
501 3619 803 3680 extraneo
850 3612 1034 3678 debet
1085 3612 1372 3695 praeferri
1417 3631 1435 3675 ε
1481 3630 1595 3695 per
1636 3630 1838 3677 unam

282 3720 641 3787 ostenditur
680 3721 985 3805 positive3
1031 3737 1146 3803 per
1197 3718 1389 3783 aliam
1429 3718 1833 3784 destructive.

369 3828 529 3893 Item
579 3829 702 3894 hoc
768 3830 986 3911 ipsum
1053 3825 1405 3891 ostenditur
1466 3827 1841 3892 auctoritate

285 3935 631 4015 Ambrosii,
659 3954 807 4020 quae
841 3934 1103 4018 ponitur
1146 3934 1218 3997 in
1260 3934 1493 4012 littera,
1535 3935 1653 4017 qui
1692 3935 1843 4000 dicit

286 4043 668 4108 domesticos
707 4041 1105 4109 collocandos
1140 4058 1275 4104 esse
1319 4039 1544 4124 quinto
1588 4040 1728 4106 loco
1773 4042 1843 4105 in

288 4151 515 4232 ordine
535 4149 881 4225 charitatis,
911 4152 1248 4213 extraneos
1277 4164 1433 4211 vero
1462 4147 1532 4211 in
1555 4152 1758 4213 sexto.

375 4259 536 4323 Item
554 4322 558 4326 ,
574 4258 698 4323 hoc
739 4257 953 4339 ipsum
996 4254 1251 4320 videtur
1295 4272 1412 4337 per
1459 4256 1770 4322 rationem
1821 4275 1840 4321 τ

289 4364 561 4430 Diffusio
596 4363 824 4429 caloris
856 4362 1199 4446 corporalis
1234 4361 1414 4444 prius
1451 4366 1548 4426 est
1585 4363 1665 4427 ad
1707 4364 1848 4429 loca

289 4472 777 4557 propinquiora,
820 4488 1018 4554 quam
1058 4469 1140 4534 ad
1182 4469 1527 4534 remotiora
1557 4491 1573 4534 :
1620 4487 1782 4552 ergo
1808 4490 1849 4535 a

292 4578 492 4643 simili
519 4578 1014 4643 communicatio
1033 4576 1272 4641 amoris
1295 4576 1648 4658 spiritualis
1672 4579 1850 4660 prius

298 4684 564 4769 respicit
606 4683 980 4750 naturaliter
1019 4684 1195 4767 quod
1238 4687 1334 4748 est
1379 4683 1812 4767 propinquum
1827 4733 1846 4765 ,

302 4810 508 4875 quam
536 4790 708 4874 quod
729 4794 826 4856 est
846 4794 1168 4856 remotum
1204 4808 1222 4854 ε
1251 4789 1306 4853 si
1331 4806 1493 4872 ergo
1526 4791 1853 4857 domestici

372 4961 390 4995 ¹
413 4957 492 5022 Cf.
512 4957 651 5008 Alex.
682 4956 896 5019 Mensis,
922 4957 1153 5022 Cont.‚p.
1179 4958 1265 5017 ΙΙΙ,
1283 4957 1451 5008 collat.
1475 4969 1658 5023 vam,
1676 4964 1770 5012 art.
1793 4965 1820 5013 5
1834 4977 1851 5025 ;

377 5070 438 5133 (a)
464 5069 586 5119 Coet.
611 5067 734 5117 edit.
759 5081 866 5118 non
893 5067 993 5132 leg.
1012 5068 1082 5118 ad
1109 5068 1320 5119 Timoth.
1348 5068 1447 5119 nisi
1472 5070 1525 5119 in
1541 5072 1851 5137 margine.—

308 5141 385 5207 (Ιι)
426 5139 579 5209 vulg.
607 5139 866 5189 induentes
892 5154 1068 5189 novum
1084 5176 1102 5202 ‚
1127 5140 1219 5205 qui
1253 5144 1524 5191 renovatur·
1559 5143 1612 5191 in
1637 5145 1856 5207 aquilio-

3339 381 3458 446 659

1914 517 2063 578 sunt
2116 514 2602 596 propinquiores
2649 512 2867 591 nobis,
2920 531 3118 594 quam
3172 514 3460 579 extranei

1913 619 2018 684 vel
2054 609 2321 698 inimici,
2359 619 2615 684 videtur
2656 619 2831 701 quod
2875 620 2943 682 in
2981 620 3202 684 ordine
3252 621 3460 685 chari-

1913 727 2059 792 tatis
2085 728 2295 810 primo
2325 729 2450 792 sint
2473 727 2843 792 collocandi.

1997 834 2154 899 Item
2183 835 2262 899 ad
2285 835 2424 900 illos
2464 834 2643 917 prius
2686 839 2751 898 et
2790 834 3205 917 principalius
3251 836 3463 900 chari-

1916 940 2013 1002 tas
2055 938 2337 1016 ordinat,
2395 937 2630 1020 quibus
2679 936 2890 1018 magis
2935 937 3360 1018 astringimur
3400 944 3465 1002 et

1916 1043 2232 1126 ligamur3
2262 1044 2418 1108 ordo
2447 1043 2620 1108 enim
2650 1043 2974 1108 charitatis
2999 1049 3304 1110 consonat
3327 1045 3461 1127 legi

1910 1153 2177 1234 Justitiae
2209 1171 2224 1215 ε
2275 1153 2384 1217 sed
2411 1152 2763 1217 secundum
2789 1151 3006 1234 legem
3027 1152 3291 1234 justitiae
3320 1172 3464 1218 ma-

1919 1260 2022 1341 gis
2043 1260 2412 1341 obligamur
2447 1258 2824 1339 domesticis,
2869 1277 3068 1341 quam
3095 1261 3414 1326 extraneis
3444 1281 3461 1325 z

1920 1387 2082 1449 ergo
2115 1368 2440 1433 domestici
2462 1367 2747 1450 praeferri
2775 1367 3006 1432 debent
3033 1369 3367 1435 ’extraneIs
3395 1369 3465 1433 in

1923 1474 2149 1540 ordine
2174 1474 2519 1539 charitatis.

2003 1582 2126 1647 Sed
2172 1585 2413 1661 contra,
2445 1587 2507 1658 1,
2539 1580 2560 1614 ⁸
2591 1602 2606 1643 z
2649 1581 3077 1646 Renovamz‘ni
3120 1580 3466 1647 secundum
3500 1627 3569 1672 M
3596 1640 3702 1683 „pp-

1922 1705 2159 1756 novum
2177 1689 2493 1755 hominem
2512 1687 2585 1770 (b)
2597 1737 2614 1766 ,
2629 1688 2739 1753 ubi
2751 1704 2883 1754 non
2900 1694 2998 1756 est
3007 1690 3349 1769 masculus,
3364 1707 3471 1757 ne-

1923 1797 2044 1879 que
2077 1796 2344 1877 semina,
2372 1795 2663 1877 Gentiles,
2698 1803 2758 1863 et
2779 1796 3088 1879 Judoeus;
3112 1796 3227 1862 sed
3252 1801 3470 1865 omnia

1926 1905 2001 1969 in
2043 1902 2335 1970 omm'bus
2378 1903 2690 1971 Christus.
2742 1903 2919 1985 Ergo
2958 1905 3310 1970 secundum
3348 1906 3472 1971 hoc

1926 2009 2175 2074 homini
2202 2009 2463 2074 habenti
2488 2010 2862 2075 charitatem
2900 2028 3092 2076 nemo
3133 2015 3228 2076 est
3258 2014 3468 2077 extra·

1928 2135 2090 2181 neus
2151 2138 2166 2180 ε
2232 2134 2389 2198 ergo
2441 2117 2794 2182 secundum
2862 2118 3083 2199 legem
3146 2118 3473 2185 charitatis

1927 2224 2109 2288 nulla
2134 2228 2229 2288 est
2244 2223 2586 2302 distinctio,
2612 2223 2829 2289 nullus
2855 2225 3013 2290 ordo
3039 2227 3206 2290 inter
3231 2225 3475 2292 domes-

1927 2331 2130 2396 ticum
2157 2335 2221 2395 et
2244 2335 2648 2396 extraneum.

2012 2444 2072 2503 2.
2106 2438 2266 2502 Item
2291 2438 2696 2519 Augustinus
2721 2439 2790 2503 in
2817 2438 2981 2504 libro
3005 2438 3087 2506 de
3123 2438 3291 2506 Vera
3311 2438 3479 2507 Reli-

1929 2547 2118 2628 aione
2139 2545 2161 2579 ⁸
2176 2568 2199 2611 .·
2223 2569 2254 2606 α
2268 2544 2408 2609 Non
2420 2545 2508 2609 sic
2526 2545 2722 2610 homo
2737 2546 2819 2609 ab
2833 2545 3095 2610 homine
3110 2543 3475 2627 diligendus

1934 2655 2049 2731 est,
2081 2654 2154 2716 ut
2195 2652 2552 2733 diliguntur
2591 2652 2876 2717 carnales
2913 2653 3158 2731 fratres,
3204 2651 3309 2717 vel
3335 2650 3473 2728 filii,

1934 2758 2037 2822 vel
2078 2762 2412 2841 conjuges,
2465 2759 2568 2823 vel
2611 2760 2893 2840 cognati,
2932 2758 3036 2825 vel
3079 2758 3322 2836 affineS,
3366 2761 3480 2822 aut

1937 2865 2108 2930 cives
2140 2886 2154 2929 ε
2187 2882 2341 2929 nam
2366 2865 2487 2928 ista
2522 2864 2774 2930 dilectio
2815 2868 2909 2929 est
2935 2864 3303 2948 corporalis
3334 2861 3478 2928 Non

1937 2971 2113 3036 enim
2148 2971 2218 3054 (c)
2263 2971 2419 3035 tales
2453 2971 2853 3037 necessitates
2886 2971 3302 3050 haberemus,
3332 2988 3480 3053 quae

1935 3078 2255 3144 nascendo
2308 3082 2372 3143 et
2414 3079 2745 3144 moriendo
2785 3080 3207 3161 contingunt,
3254 3078 3310 3141 si
3338 3097 3482 3143 nos·

1939 3191 2040 3251 tra
2078 3190 2308 3252 natura
2337 3187 2407 3251 in
2449 3172 2785 3271 praeceptis
2809 3190 2875 3251 et
2902 3187 3184 3269 imagine
3211 3187 3319 3253 Dei
3349 3205 3484 3252 ma·

1940 3312 2138 3374 nens,
2170 3294 2238 3357 in
2280 3295 2467 3359 istam
2508 3295 2983 3378 corruptionem
3045 3313 3181 3360 non
3229 3296 3481 3376 relega-

1944 3407 2143 3467 retur.
2172 3424 2204 3461 »
2255 3401 2428 3484 Ergo
2471 3403 2724 3467 videtur
2763 3404 2935 3486 quod
2978 3403 3135 3468 ordo
3164 3402 3488 3468 charitatis

1945 3526 2140 3590 penes
2164 3511 2568 3588 extraneum,
2590 3513 2654 3572 et
2677 3504 3118 3587 domesticum,
3144 3513 3209 3574 et
3235 3509 3488 3593 propin·-

1943 3632 2153 3699 quum
2177 3614 2545 3679 nullatenus
2569 3615 2939 3679 attenditur.

2027 3727 2089 3786 3.
2123 3720 2280 3786 Item
2307 3720 2472 3785 ratio
2493 3719 2801 3802 diligendi
2837 3720 3205 3804 proximum
3232 3739 3315 3785 ex
3342 3721 3492 3786 cha·

1948 3829 2132 3893 ritate
2170 3831 2266 3892 est
2299 3827 2437 3911 ipsa
2472 3827 2695 3908 imago
2725 3826 2837 3892 Dei
2881 3849 2897 3889 ε
2938 3826 2994 3890 si
3030 3844 3192 3909 ergo
3236 3827 3486 3894 domes-

1946 3936 2112 4000 ticus
2138 3939 2201 4001 et
2224 3938 2570 4001 extraneus
2582 3933 2911 4019 aequaliter
2933 3937 3087 3999 sunt
3111 3932 3223 3999 Dei
3245 3935 3485 4017 imag0,

1947 4045 2205 4110 videtur
2232 4043 2401 4126 quod
2428 4061 2513 4107 ex
2541 4040 2849 4106 charitate
2869 4041 3202 4123 aequaliter
3225 4046 3377 4107 sunt
3401 4042 3493 4108 di·

1949 4151 2217 4234 ligendi.
2830 4198 2831 4203 κ
3002 4132 3012 4217 J

2030 4264 2092 4325 4.
2125 4260 2286 4325 ltem
2309 4258 2582 4324 charitas
2617 4254 2827 4337 diligit
2867 4255 3151 4336 bonum,
3180 4256 3334 4339 quia
3370 4258 3491 4323 bo—

1952 4385 2115 4432 num
2142 4389 2158 4432 :
2189 4384 2350 4448 ergo
2374 4365 2500 4444 ille,
2531 4363 2644 4448 qui
2673 4364 2768 4427 est
2787 4361 2998 4445 magis
3018 4361 3249 4442 bonus»,
3284 4362 3495 4445 magis

1954 4479 2049 4539 est
2081 4492 2165 4538 ex
2196 4472 2500 4538 charitate
2534 4469 2897 4552 diligendus
2906 4516 2930 4550 ,
2961 4468 3095 4536 sive
3135 4469 3218 4533 sit
3243 4468 3492 4540 domes·

1955 4583 2143 4662 ticus,
2172 4582 2308 4646 sive
2334 4582 2675 4645 extraneus
2703 4599 2720 4642 ε
2751 4594 2910 4658 ergo
2936 4575 3404 4660 propinquitas„
3436 4580 3503 4640 et

1957 4688 2375 4765 familiaritas,
2421 4687 2525 4751 vel
2571 4684 2958 4748 extraneitas
2997 4681 3161 4748 nihil
3208 4682 3505 4748 videntur

1962 4798 2170 4861 facere
2202 4794 2279 4859 ad
2306 4792 2595 4857 ordinem
2623 4790 2970 4855 charitatis.

1963 4925 2017 4975 S.
2039 4922 2242 4981 Thom.,
2262 4919 2398 4979 Il-ll,
2424 4932 2473 4982 q.
2506 4930 2649 4980 κιαι,
2669 4920 2765 4967 art.
2787 4920 2841 4980 83
2870 4922 2922 4967 et
2941 4917 3005 4966 111
3033 4918 3194 4980 sent„
3215 4918 3331 4971 dist.
3357 4931 3507 4982 xxxx,

1964 5011 2016 5060 q.
2049 5007 2083 5056 1,
2106 4996 2199 5043 art.
2224 4994 2280 5056 63
2309 4993 2362 5041 et
2379 4990 2441 5039 de
2466 4989 2671 5051 Vir-tut„
2691 5002 2743 5052 q.
2766 5000 2823 5049 ιι,
2852 4992 2947 5038 art.
2967 4991 3015 5050 9,
3044 4989 3109 5037 ad
3132 4992 3220 5052 ¹33
3248 4990 3509 5055 Richard.‚

1965 5069 2028 5117 ΙΙΙ
2063 5066 2224 5123 Sena,
2251 5062 2367 5117 dist.
2405 5072 2562 5122 xxix,
2591 5074 2643 5123 q.
2673 5071 2755 5123 νη
2799 5059 2973 5121 Steph.
3006 5059 3213 5124 Brulef„
3249 5062 3315 5111 ΙΙΙ
3352 5062 3512 5122 Sem„

1967 5138 2082 5188 dist.
2101 5146 2249 5194 xxix,
2269 5147 2320 5196 q.
2350 5145 2379 5180 v
2401 5147 2418 5194 ς
2442 5131 2736 5181 Guillelmus
2760 5130 2940 5187 Voril„
2962 5130 3028 5180 111
3048 5131 3206 5193 Sent„
3225 5131 3341 5183 dist.
3361 5143 3510 5199 xxix,

309 5228 444 5274 nem,
479 5210 745 5260 secundum
785 5210 1056 5274 imayinem
1095 5211 1206 5276 ejus
1249 5212 1340 5276 qui
1375 5214 1562 5262 creavit
1615 5214 1775 5267 illum,
1796 5242 1860 5253 -
1967 5223 2019 5273 q.
2049 5221 2088 5257 1.
2117 5231 2172 5242 —
2199 5206 2219 5238 ²
2242 5203 2381 5265 Gal„
2407 5215 2477 5265 vJ,
2511 5208 2584 5253 10.
2605 5202 2707 5238 -⁸
2734 5202 2881 5266 Tim„
2909 5212 2961 5266 V,
2990 5204 3037 5252 8.
3062 5227 3123 5239 -
3148 5202 3170 5237 ὗ
3196 5203 3511 5267 Οοίοσε.,Ἰιι,

307 5284 376 5351 (c)
405 5281 549 5334 Edit.
573 5280 880 5332 Bere-dicun.
910 5282 1122 5345 opens.
1155 5281 1421 5346 Augustini
1447 5281 1563 5332 add.
1590 5280 1715 5338 illas.

1972 5282 2050 5340 10,
2077 5282 2229 5327 11.-
2252 5275 2273 5308 ⁸
2301 5276 2451 5337 Aug„
2474 5272 2534 5321 de
2562 5273 2672 5323 Ver.
2698 5271 2826 5337 Bel„
2855 5286 2899 5323 c.
2926 5283 3075 5336 xnvi,
3105 5287 3159 5324 n.
3185 5275 3262 5326 88.
