4185 6288
28 5533 35 5598 ,i

1272 474 1464 542 ms'r.
1509 475 1561 542 1.
1602 475 1803 543 ΛΒΤ..
1830 478 1911 544 11.
1956 479 2255 559 QUAEST.
2301 484 2379 551 11.
3347 497 3419 559 2¹

157 620 405 701 mencio
443 623 1029 699 incarnationis
1062 639 1164 701 est
1197 635 1473 701 maxime
1499 636 1629 701 Deo
1653 635 1773 701 ob-

159 730 365 809 noxius,
392 732 703 799 videtur
737 740 967 820 qnod
1006 742 1067 805 si
1107 741 1241 825 ipse
1271 760 1401 807 non
1439 751 1603 809 esset
1633 744 1773 826 lap-

162 856 266 914 sus,
288 838 421 922 ipse
463 860 623 907 non
670 852 887 911 esset
929 848 1353 929 incarnatus,
1386 869 1507 916 nec
1543 851 1775 933 huius-

170 946 300 1013 modi
321 948 772 1017 beneficium
804 960 1004 1020 esset
1029 957 1153 1021 sibi
1190 958 1567 1040 praestitum.
1600 957 1773 1024 Prae-

177 1053 325 1137 cipua
360 1074 537 1140 ergo
572 1060 778 1125 ratio
828 1063 1311 1130 incarnationis
1342 1066 1599 1131 videtur
1639 1084 1776 1131 esse

186 1163 503 1248 redemptio
535 1169 842 1249 generis
871 1170 1183 1243 humani.

65 1286 174 1343 aa*
255 1268 364 1336 Sed
405 1279 652 1338 contra
689 1297 709 1339 ε
749 1281 820 1339 ἱ.
848 1258 1353 1359 Augustinus&
1394 1277 1474 1346 de
1515 1278 1778 1361 Spiritu

212 1384 255 1446 tt
275 1381 507 1447 Anima
532 1404 556 1443 .-
590 1405 626 1442 ι
652 1381 921 1448 Totum
943 1385 1280 1450 hominem
1303 1386 1675 1470 assumpsit,
1703 1390 1781 1451 ut

220 1491 393 1554 totum
416 1490 865 1557 beatificaret.
892 1513 926 1551 ι
950 1493 1074 1557 Sed
1102 1494 1297 1557 homo
1319 1492 1585 1557 debebat
1610 1496 1779 1558 totus

224 1594 548 1660 beatificari
576 1646 597 1677 ,
650 1603 725 1661 et
776 1599 875 1662 ita
922 1599 1111 1681 plene
1157 1599 1503 1664 beatificari
1545 1598 1600 1663 si
1647 1617 1780 1664 non

232 1708 367 1766 esset
403 1703 670 1787 lapsus,
713 1705 888 1768 sicut
928 1705 985 1769 si
1027 1711 1189 1770 esset
1228 1705 1446 1789 lapsus
1480 1723 1682 1786 :ergo
1724 1705 1779 1769 si

234 1810 403 1875 homo
427 1830 568 1876 non
594 1817 775 1877 esset
810 1813 1058 1895 lapsus,
1092 1813 1258 1878 Deus
1281 1818 1445 1879 esset
1480 1814 1779 1879 incarna-

239 1920 326 1982 tus
353 1944 369 1982 ι
398 1938 562 2000 ergo
594 1939 741 1986 non
770 1922 1028 1985 videtur
1051 1922 1220 2004 quod
1255 1922 1583 2004 praecipua
1617 1921 1780 1987 ratio

239 2025 682 2091 incarnationis
709 2027 795 2092 sit
820 2028 1114 2093 liberatio
1137 2029 1395 2110 generis
1420 2029 1713 2094 humani.

307 2137 365 2196 2.
415 2132 575 2197 Item
622 2153 825 2217 super
867 2135 1026 2200 illud
1046 2137 1115 2198 ¹:
1148 2136 1482 2219 Nusquam
1521 2135 1781 2219 anqelos

238 2241 679 2322 apprehendit,
699 2241 918 2307 Glossa
939 2262 958 2305 ε
981 2267 1013 2305 α
1035 2241 1091 2307 N
1092 2260 1178 2307 on
1201 2244 1508 2325 angelicas
1532 2248 1780 2307 naturae

237 2346 377 2411 data
406 2354 504 2412 est
535 2348 681 2413 haec
717 2349 1029 2431 dignitas,
1060 2354 1134 2412 ut
1166 2350 1226 2415 ei
1262 2368 1534 2433 persona
1563 2350 1783 2415 divina

245 2453 552 2519 uniretur.
586 2478 619 2515 n
651 2455 719 2520 Si
761 2475 922 2540 ergo
960 2457 1105 2522 baec
1147 2457 1426 2540 dignitas
1471 2458 1620 2523 data
1663 2457 1783 2522 suit

239 2560 536 2626 humanae
573 2567 855 2643 naturae,
889 2567 955 2627 et
989 2564 1295 2628 humanae
1324 2568 1576 2628 naturae
1620 2564 1783 2629 nihil

244 2665 453 2732 datum
496 2673 591 2733 est
631 2670 903 2748 trustra,
953 2688 1113 2751 ergo
1154 2672 1208 2734 si
1252 2688 1384 2735 non
1428 2677 1775 2754 peccasset,

244 2776 378 2839 talis
419 2776 700 2857 dignitas
743 2796 878 2843 non
926 2783 1285 2842 remaneret
1328 2798 1533 2851 vacua
1569 2803 1585 2844 z
1619 2799 1779 2862 ergo

247 2882 445 2947 adbuc
488 2883 785 2949 uniretur
830 2902 982 2948 cum
1027 2884 1242 2948 divina
1289 2890 1521 2950 natura
1561 2909 1575 2950 ε
1623 2905 1781 2969 ergo

247 2987 521 3053 liberatio
549 2990 806 3072 generis
833 2990 1107 3056 humani
1133 3009 1262 3057 non
1296 2997 1388 3057 est
1418 2994 1579 3059 ratio
1610 3013 1774 3078 prae-

252 3095 447 3179 eipua.

322 3209 376 3270 3.
397 3205 547 3272 Item
564 3208 656 3272 ita
671 3208 932 3273 decebat
947 3209 1150 3273 Deum
1170 3209 1575 3275 manifestare
1593 3229 1780 3276 suam

253 3311 649 3396 infinitatem,
692 3322 757 3381 et
799 3317 1251 3400 perfectionem
1273 3366 1291 3396 ,
1333 3323 1399 3383 et
1438 3318 1780 3385 liberalita-

253 3424 401 3499 tem,
428 3423 481 3486 si
504 3422 700 3487 homo
727 3424 1033 3502 stetisset,
1062 3424 1227 3489 sicut
1250 3425 1305 3488 si
1332 3424 1548 3509 lapsus
1574 3433 1775 3493 esset:

258 3544 401 3609 ergo
422 3528 476 3592 si
499 3529 720 3594 omnia
743 3530 862 3595 ista
891 3530 1044 3594 facit
1077 3508 1155 3595 in·
1172 3549 1364 3615 opere
1389 3533 1775 3600 incarnatio-

255 3633 371 3712 nis,
395 3635 639 3701 videtur
664 3638 836 3719 quod
862 3637 1218 3702 incarnatio
1241 3638 1492 3716 fuisset,
1521 3640 1777 3705 etiamsi

259 3738 440 3806 bomo
479 3742 692 3825 lapsus
725 3761 857 3807 non
891 3743 1148 3821 suisset,
1178 3750 1242 3808 et
1276 3745 1366 3809 ita
1404 3744 1576 3810 idem
1608 3747 1781 3830 quod

262 3863 442 3927 prius.
1684 3903 1693 3914 .

339 3957 391 4015 4.
418 3953 569 4019 item
589 3960 786 4021 tantae
812 3957 1200 4022 difficultatis
1224 3961 1290 4024 et
1312 3958 1659 4025 nobilitatis
1688 3966 1783 4027 est

269 4061 602 4142 vendicare,
631 4062 768 4127 sive
794 4064 1128 4147 acquirere
1154 4065 1278 4128 sibi
1307 4067 1639 4133 infinitum
1665 4068 1781 4133 bo-

270 4180 409 4230 num
430 4216 447 4246 ‚
475 4169 635 4234 sicut
659 4172 1017 4237 satisfacere
1048 4190 1170 4254 pro
1199 4173 1438 4239 offensa
1455 4223 1472 4254 ‚
1504 4194 1655 4259 quae
1688 4183 1784 4243 est

272 4278 461 4338 contra
484 4277 726 4342 bonum
754 4278 1084 4343 infinitum
1117 4301 1133 4343 ε
1164 4281 1217 4344 si
1244 4299 1404 4362 ergo
1428 4282 1624 4347 homo
1652 4301 1781 4348 non

273 4384 484 4459 poterat
507 4385 862 4450 satisfacere
889 4404 1003 4469 per
1025 4405 1095 4451 se
1116 4387 1195 4453 de
1226 4388 1466 4453 offensa
1481 4437 1498 4465 ,
1529 4408 1660 4472 qua
1684 4391 1782 4455 of-

274 4484 441 4554 fendit
472 4490 671 4555 Deum
690 4539 709 4566 ,
737 4493 828 4556 sic
866 4511 987 4557 nec
1019 4511 1134 4576 per
1165 4512 1233 4558 se
1268 4499 1514 4577 poterat
1548 4496 1782 4561 mereri

267 4590 473 4662 habere
508 4598 711 4665 Deum
743 4622 758 4665 :
791 4617 948 4682 ergo
984 4603 1149 4665 sicut
1185 4607 1624 4685 opportunum
1661 4605 1782 4670 fuit

268 4697 477 4769 Filium
496 4705 605 4771 Dei
627 4708 945 4772 incarnari
968 4708 1233 4773 bomine
1256 4711 1539 4792 cadente,
1566 4716 1642 4776 ut
1664 4730 1781 4794 pro

263 4806 500 4879 homine
522 4815 925 4895 satisfaceret,
948 4816 1205 4881 videtur
1229 4818 1405 4900 quod
1429 4819 1521 4884 sic
1546 4836 1781 4902 oppor-

261 4918 474 4983 tunum
523 4922 643 4986 fuit
692 4920 930 4986 Filium
979 4921 1092 4986 Dei
1145 4922 1467 4989 incarnari
1517 4924 1781 4991 homine

259 5026 471 5105 stante,
499 5033 573 5092 ut
594 5029 793 5094 bomo
819 5047 936 5112 per
962 5047 1117 5094 eum
1141 5031 1373 5095 mereri
1400 5035 1630 5115 posset.

316 5181 335 5217 ²
360 5190 459 5240 imo
477 5193 651 5242 auctor
671 5189 789 5241 libri
812 5189 873 5241 do
895 5190 1101 5253 Spiritu
1125 5195 1173 5240 et
1198 5180 1411 5254 Anima,
1441 5205 1489 5242 c.
1517 5203 1571 5241 1x
1592 5231 1605 5254 ,
1646 5190 1781 5242 inter

266 5271 406 5324 opera
431 5263 484 5312 S.
509 5264 638 5327 Aug.
664 5263 778 5326 lpse
801 5261 1139 5326 Augustinus,
1166 5261 1227 5310 de
1253 5262 1404 5312 civit.
1434 5263 1554 5325 Dei,
1582 5262 1671 5312 lib.
1701 5263 1745 5313 X
1761 5297 1778 5325 ,

269 5342 314 5380 e.
335 5344 497 5397 nvn,
525 5333 635 5385 baec
668 5333 856 5385 habet:
889 5349 919 5380 α
944 5332 1218 5383 bominum
1245 5331 1514 5383 multitudo
1524 5369 1541 5397 ‚
1567 5336 1780 5398 propter

273 5417 385 5469 quos
400 5422 431 5459 a
445 5409 729 5461 damonum
754 5409 1028 5460 dominatu
1048 5406 1342 5459 liberandos
1367 5406 1594 5459 cbristus
1619 5407 1777 5458 adve-

273 5477 411 5531 ιιι...
436 5481 698 5545 Propterea
722 5481 911 5546 qnippe
948 5481 1123 5530 totum
1148 5477 1412 5532 bominem
1433 5478 1543 5531 ime
1569 5484 1780 5544 mecam

1965 620 2025 681 δ.
2076 616 2233 684 Item
2255 669 2273 700 ,
2312 640 2461 706 quae
2501 624 2905 691 solummodo
2948 630 3206 711 propter
3248 646 3429 695 ocea-

1883 723 2130 789 sionem
2172 730 2405 809 peccati
2441 730 2799 815 introducta
2846 737 2999 798 sunt
3015 782 3035 810 ‚
3065 735 3363 801 exierunt
3389 756 3431 802 a

1886 829 2012 895 Deo
2061 850 2194 897 non
2242 836 2702 920 principaliter,
2753 840 2863 903 sed
2910 840 3425 907 occasionaliter:

1887 954 2043 1019 ergo
2097 937 2149 1003 si
2207 939 2558 1008 incarnatio
2614 944 2780 1008 sacta
2833 950 2927 1008 est
2996 946 3430 1030 principaliter

1885 1050 2145 1128 propter
2180 1048 2415 1130 peccati
2451 1050 2914 1132 expiationem,
2951 1052 3169 1117 anima
3196 1052 3429 1119 Christi

1886 1148 2050 1214 sacta
2077 1156 2324 1217 estnon
2356 1155 2684 1240 principali
2710 1157 3063 1224 intentione
3082 1208 3099 1234 ,
3125 1160 3237 1225 sed
3262 1179 3427 1244 qua-

1887 1256 2035 1321 dam
2083 1263 2410 1329 occasione
2460 1286 2475 1329 z
2526 1266 2582 1329 si
2628 1284 2787 1348 ergo
2835 1267 3292 1334 inconveniens
3336 1275 3433 1335 est

1889 1365 2351 1435 nobilissimam
2388 1376 2745 1438 oeeaturam
2787 1374 3261 1441 occasionaliter
3295 1395 3430 1443 esse

1888 1470 2348 1553 introductam,
2376 1498 2525 1544 cum
2550 1500 2750 1563 agens
2776 1483 3207 1567 principaliter
3228 1486 3432 1550 inten-

1888 1579 1995 1643 dat
2030 1598 2226 1664 opera
2264 1585 2690 1666 nobilissima,
2719 1590 2976 1655 videtur
3012 1591 3181 1674 quod
3217 1590 3432 1657 incon·

1891 1688 2150 1753 veniens
2172 1690 2252 1754 sit
2277 1690 2486 1757 dicere
2512 1695 3018 1763 incarnationem
3041 1699 3274 1764 factam
3296 1717 3431 1765 mse

1889 1795 2148 1877 propter
2171 1796 2453 1864 bominis
2477 1802 2965 1885 reparationem.

1969 1907 2030 1966 6.
2074 1900 2230 1967 Item
2262 1905 2332 1969 in
2356 1906 2793 1974 incarnatione
2828 1909 2972 1975 Filii
3009 1910 3117 1977 Dei
3147 1911 3436 1978 humana

1888 2013 2124 2076 natura
2149 2012 2503 2094 plurimum
2529 2021 2627 2081 est
2649 2018 2924 2083 exaltata
2957 2041 2972 2083 :
3002 2019 3056 2082 si
3084 2037 3243 2100 ergo
3272 2018 3438 2084 Deus

1889 2118 2264 2183 incarnatur
2284 2140 2369 2185 ex
2387 2122 2509 2187 boc
2530 2123 2702 2206 quod
2727 2125 3016 2190 humana
3039 2130 3274 2191 natura
3294 2144 3435 2210 pec-

1890 2226 2094 2306 cavit,
2125 2227 2376 2292 videtur
2408 2230 2578 2312 quod
2617 2230 2814 2296 homo
2844 2236 3125 2316 reportet
3152 2249 3437 2299 commo-

1890 2333 2047 2400 dum
2082 2334 2163 2399 de
2191 2336 2471 2402 malitia:
2498 2356 2689 2420 ergo,
2730 2339 2784 2401 si
2819 2339 2945 2403 hoc
2973 2359 3106 2404 non
3131 2339 3311 2408 decet
3344 2341 3438 2405 di-

1890 2440 2121 2504 vinum
2149 2444 2631 2521 retributorem,
2669 2449 2874 2528 patet,
2907 2450 3028 2510 etc.

1971 2552 2032 2610 7.
2081 2546 2238 2612 Item
2281 2549 2564 2615 Christus
2603 2557 2700 2615 est
2739 2555 2932 2633 caput
2972 2550 3262 2616 Ecclesiae
3303 2571 3433 2618 non

1890 2652 2098 2718 solum
2163 2658 2516 2723 secundum
2577 2658 2864 2723 divinam
2926 2664 3222 2723 naturam
3249 2708 3266 2739 ,
3325 2660 3432 2725 sed

1890 2762 2084 2826 etiam
2112 2762 2464 2829 humanam
2483 2814 2502 2845 ,
2537 2766 2704 2830 sicut
2729 2766 3005 2831 ostendit
3031 2767 3436 2848 Augustinus

1889 2885 2083 2951 super
2101 2871 2410 2938 Ioannem
2429 2878 2451 2913 ⁸
2473 2873 2622 2937 :sed
2646 2874 2701 2937 si
2724 2873 2919 2938 homo
2941 2891 3074 2937 non
3096 2879 3430 2957 peccasset,

1889 2976 2102 3041 adhuc
2141 2983 2305 3043 osset
2344 2997 2575 3063 corpus
2616 2979 2909 3044 Eccloeiae
2938 2999 2956 3044 ε
2986 2998 3145 3062 ergo
3178 2980 3282 3043 vel
3323 2979 3432 3046 Dei

1891 3082 2091 3149 Filius
2117 3086 2579 3168 incarnaretur,
2609 3091 2725 3153 aut
2745 3106 2980 3173 corpus
3008 3087 3302 3154 Ecclesiae
3328 3107 3429 3154 re-

1892 3197 2178 3257 maneret
2219 3193 2594 3278 acephalum
2629 3218 2643 3259 ε
2679 3213 2838 3278 ergo
2882 3196 2937 3258 si
2974 3195 3129 3260 illud
3173 3201 3268 3260 est
3308 3196 3430 3260 im-

1888 3300 2211 3383 possibile,
2240 3306 2435 3366 roetat
2466 3303 2636 3385 quod
2675 3302 2840 3368 Deus
2874 3305 3350 3384 incarnaretur,
3378 3305 3433 3369 si

1888 3406 2087 3472 homo
2115 3426 2245 3473 uon
2271 3415 2623 3492 peccasset:
2647 3429 2807 3493 ergo
2833 3411 3001 3476 idem
3027 3409 3199 3495 quod
3229 3412 3429 3494 prius.

1968 3519 2031 3579 8.
2077 3516 2267 3594 Item,
2303 3518 2356 3580 si
2397 3518 2588 3583 homo
2621 3519 2836 3602 lapsus
2868 3538 2999 3583 non
3039 3519 3288 3598 fuisset,
3336 3525 3432 3585 ta-

1889 3641 2040 3688 men
2095 3624 2315 3689 suisset
2360 3630 2831 3691 sacramentum
2882 3626 3277 3690 matrimonii
3322 3649 3338 3690 :
3378 3627 3432 3690 si

1888 3750 2048 3813 ergo
2089 3738 2559 3798 sacramentum
2596 3733 2988 3798 matrimonii
3022 3733 3091 3798 in
3126 3736 3430 3816 conjunc-

1888 3840 2058 3904 tione
2099 3859 2375 3905 sexuum
2417 3842 2568 3906 dicit
2607 3842 2741 3907 sive
2779 3842 2993 3922 signat
3031 3843 3171 3925 conj
3181 3843 3433 3907 unctio-

1887 3966 2038 4013 nem
2075 3948 2301 4013 Christi
2341 3954 2407 4014 et
2448 3948 2738 4014 Ecclesiae
2768 3953 3082 4031 quantum
3127 3948 3206 4014 ad
3241 3953 3429 4015 natu-

1890 4074 2109 4119 rarum
2149 4056 2452 4121 unionem
2491 4061 2748 4140 propter
2788 4056 3428 4139 inseparabilitatem,

1889 4166 1964 4229 ut
1989 4163 2222 4229 dicitur
2238 4163 2259 4198 ⁸
2287 4186 2302 4225 ε
2331 4165 2461 4231 Hoc
2488 4171 2953 4231 sacramentum
2982 4181 3287 4247 maqnum
3311 4171 3428 4244 est,

1888 4287 1997 4353 eqo
2040 4279 2253 4338 autem
2288 4271 2472 4351 dico,
2511 4274 2587 4339 in
2620 4273 2870 4339 Christo
2905 4280 2963 4339 et
3004 4274 3079 4339 in
3109 4272 3432 4355 Ecclesia;

1888 4395 2044 4459 ergo
2067 4378 2122 4441 si
2144 4379 2340 4443 homo
2361 4379 2651 4459 stetisset,
2672 4385 2785 4444 aut
2806 4384 3276 4444 sacramentum
3301 4398 3432 4445 ma-

1888 4485 2173 4550 trimonii
2199 4485 2431 4549 falsum
2457 4490 2619 4550 esset
2643 4489 2904 4569 signum
2919 4535 2937 4566 ,
2965 4490 3074 4551 aut
3098 4484 3209 4550 Dei
3231 4484 3431 4550 Filius

1887 4592 2333 4658 incarnaretur
2364 4613 2380 4658 z
2412 4594 2520 4659 sed
2555 4594 2835 4678 primum
2864 4598 2960 4660 est
2985 4592 3374 4677 impossibile
3409 4609 3426 4656 ε

1887 4718 2045 4782 ergo
2069 4705 2298 4781 restat,
2328 4705 2448 4766 etc.

1965 4813 2029 4873 9.
2080 4806 2237 4873 Item
2277 4808 2681 4892 quadruplex
2717 4810 2813 4872 est
2855 4806 3084 4871 modus
3118 4803 3429 4871 educendi

1884 4915 2215 4980 hominem
2249 4916 2317 4980 in
2354 4934 2488 4979 esse
2516 4934 2532 4979 ε
2563 4915 2863 4980 convenit
2888 4913 3062 4977 enim
3093 4912 3426 4978 hominem

1885 5023 2069 5088 educi
2092 5024 2172 5088 de
2192 5022 2332 5088 viro
2353 5028 2418 5088 et
2439 5023 2735 5103 muliere;
2764 5021 3061 5087 convenit
3080 5020 3264 5085 educi
3289 5020 3428 5085 sine

1885 5184 1968 5237 ille
1987 5182 2237 5249 suscepit,
2271 5186 2331 5234 ut
2357 5187 2522 5235 totum
2549 5197 2653 5248 quo
2678 5185 2880 5234 constat
2903 5181 3083 5246 hom0,
3112 5195 3145 5231 a
3180 5182 3425 5245 peccato-

1887 5272 2003 5309 rum
2026 5261 2172 5324 peste
2200 5260 2419 5306 maret.
2445 5273 2473 5304 n
2503 5281 2564 5292 —-
2583 5256 2605 5289 ¹
2627 5254 2801 5317 Hebr„
2829 5267 2888 5316 11,
2913 5256 2989 5305 16.
3011 5254 3113 5291 -⁸
3133 5256 3344 5318 August.
3371 5253 3424 5301 in

1822 5323 1849 5346 ⁴
1884 5333 2047 5388 Joan„
2072 5331 2219 5379 tract.
2242 5339 2463 5392 uvtrn.
2493 5330 2523 5377 2
2539 5342 2556 5390 ;
2575 5326 2635 5376 de
2657 5325 2844 5376 catech.
2865 5325 3053 5387 nadib„
3075 5339 3124 5377 c.
3151 5336 3215 5376 111
3243 5329 3295 5375 et
3312 5335 3425 5388 xix,

1886 5414 1939 5452 n.
1963 5403 2067 5522 63et
2092 5402 2152 5450 33
2169 5413 2186 5461 3
2205 5398 2267 5449 de
2299 5399 2500 5463 frma„
2523 5398 2611 5449 lib.
2638 5400 2675 5459 t,
2702 5411 2746 5448 c.
2767 5408 2883 5462 xm,
2902 5412 2957 5447 n.
2999 5400 3077 5449 30.
3095 5423 3147 5433 -
3178 5397 3200 5432 ⁴
3218 5394 3424 5459 Bphea,

1889 5485 1921 5521 v
1941 5509 1958 5537 ‚
2022 5474 2071 5526 2.
