<?xml version="1.0" encoding="UTF-8"?>
<!DOCTYPE html PUBLIC "-//W3C//DTD XHTML 1.0 Transitional//EN"
    "http://www.w3.org/TR/xhtml1/DTD/xhtml1-transitional.dtd">
<html xmlns="http://www.w3.org/1999/xhtml" xml:lang="en" lang="en">
 <head>
  <title>
</title>
<meta http-equiv="Content-Type" content="text/html;charset=utf-8" />
  <meta name='ocr-system' content='tesseract 3.04.00' />
  <meta name='ocr-capabilities' content='ocr_page ocr_carea ocr_par ocr_line ocrx_word'/>
</head>
<body>
  <div class='ocr_page' id='page_1' title='image "./srecardinalissb01cargoog_0186.png"; bbox 0 0 4185 6288; ppageno 0'>
   <div class='ocr_carea' id='block_1_1' title="bbox 766 402 2834 535">
    <p class='ocr_par' dir='ltr' id='par_1_1' title="bbox 766 402 2834 535">
     <span class='ocr_line' id='line_1_1' title="bbox 766 402 2834 535; baseline -0.008 0"><span class='ocrx_word' id='word_1_1' title='bbox 766 474 885 535; x_wconf 74' lang='lat'><strong>¹64</strong></span> <span class='ocrx_word' id='word_1_2' title='bbox 1708 402 1721 407; x_wconf 77' lang='lat'><em>-</em></span> <span class='ocrx_word' id='word_1_3' title='bbox 1868 454 2492 525; x_wconf 74' lang='lat' dir='ltr'><strong>SENTENTIARUM</strong></span> <span class='ocrx_word' id='word_1_4' title='bbox 2532 454 2680 522; x_wconf 72' lang='grc' dir='ltr'><strong>ΜΒ.</strong></span> <span class='ocrx_word' id='word_1_5' title='bbox 2727 455 2834 519; x_wconf 87' lang='lat'><strong>111.</strong></span> 
     </span>
    </p>
   </div>
   <div class='ocr_carea' id='block_1_2' title="bbox 544 587 3934 690">
    <p class='ocr_par' dir='ltr' id='par_1_2' title="bbox 544 587 3934 690">
     <span class='ocr_line' id='line_1_2' title="bbox 544 587 3934 690; baseline -0.004 -19"><span class='ocrx_word' id='word_1_6' title='bbox 544 605 725 651; x_wconf 60' lang='lat'><strong>⁸⁰0‘0‘5·</strong></span> <span class='ocrx_word' id='word_1_7' title='bbox 768 603 887 672; x_wconf 89' lang='lat' dir='ltr'><strong>Dei</strong></span> <span class='ocrx_word' id='word_1_8' title='bbox 940 602 1218 673; x_wconf 87' lang='lat' dir='ltr'><strong>formam</strong></span> <span class='ocrx_word' id='word_1_9' title='bbox 1270 599 1441 668; x_wconf 88' lang='lat' dir='ltr'><strong>servi</strong></span> <span class='ocrx_word' id='word_1_10' title='bbox 1489 597 1755 690; x_wconf 89' lang='lat' dir='ltr'><strong>accepit,</strong></span> <span class='ocrx_word' id='word_1_11' title='bbox 1803 607 2164 684; x_wconf 88' lang='lat' dir='ltr'><strong>utrumque</strong></span> <span class='ocrx_word' id='word_1_12' title='bbox 2207 593 2408 678; x_wconf 92' lang='lat' dir='ltr'><strong>Deus,</strong></span> <span class='ocrx_word' id='word_1_13' title='bbox 2466 600 2824 681; x_wconf 86' lang='lat' dir='ltr'><strong>utrumque</strong></span> <span class='ocrx_word' id='word_1_14' title='bbox 2860 589 3084 658; x_wconf 90' lang='lat' dir='ltr'><strong>homo.</strong></span> <span class='ocrx_word' id='word_1_15' title='bbox 3142 587 3274 657; x_wconf 88' lang='lat' dir='ltr'><strong>Sed</strong></span> <span class='ocrx_word' id='word_1_16' title='bbox 3327 595 3690 680; x_wconf 86' lang='lat' dir='ltr'><strong>utrumqne</strong></span> <span class='ocrx_word' id='word_1_17' title='bbox 3743 589 3934 679; x_wconf 91' lang='lat' dir='ltr'><strong>Deus,</strong></span> 
     </span>
    </p>
   </div>
   <div class='ocr_carea' id='block_1_3' title="bbox 524 676 744 715">
    <p class='ocr_par' dir='ltr' id='par_1_3' title="bbox 524 676 744 715">
     <span class='ocr_line' id='line_1_3' title="bbox 524 676 744 715; baseline -0.014 0"><span class='ocrx_word' id='word_1_18' title='bbox 524 676 657 715; x_wconf 73' lang='lat' dir='ltr'><strong>tatum</strong></span> <span class='ocrx_word' id='word_1_19' title='bbox 672 683 744 713; x_wconf 74' lang='lat' dir='ltr'><strong>aa·</strong></span> 
     </span>
    </p>
   </div>
   <div class='ocr_carea' id='block_1_4' title="bbox 526 705 3949 2197">
    <p class='ocr_par' dir='ltr' id='par_1_4' title="bbox 526 705 3948 1969">
     <span class='ocr_line' id='line_1_4' title="bbox 542 705 3940 812; baseline -0.003 -25"><span class='ocrx_word' id='word_1_20' title='bbox 542 739 659 777; x_wconf 75' lang='lat' dir='ltr'><strong>not-¹</strong></span> <span class='ocrx_word' id='word_1_21' title='bbox 680 739 725 805; x_wconf 63' lang='lat' dir='ltr'><strong>u}</strong></span> <span class='ocrx_word' id='word_1_22' title='bbox 770 728 1035 812; x_wconf 89' lang='lat' dir='ltr'><strong>propter</strong></span> <span class='ocrx_word' id='word_1_23' title='bbox 1059 716 1478 808; x_wconf 81' lang='lat' dir='ltr'><strong>accipientem</strong></span> <span class='ocrx_word' id='word_1_24' title='bbox 1508 713 1741 795; x_wconf 90' lang='lat' dir='ltr'><strong>Deum,</strong></span> <span class='ocrx_word' id='word_1_25' title='bbox 1776 720 1841 780; x_wconf 90' lang='grc'><strong>61</strong></span> <span class='ocrx_word' id='word_1_26' title='bbox 1866 718 2226 799; x_wconf 82' lang='lat' dir='ltr'><strong>utrumque</strong></span> <span class='ocrx_word' id='word_1_27' title='bbox 2260 708 2485 793; x_wconf 90' lang='lat' dir='ltr'><strong>homo,</strong></span> <span class='ocrx_word' id='word_1_28' title='bbox 2530 716 2794 799; x_wconf 89' lang='lat' dir='ltr'><strong>propter</strong></span> <span class='ocrx_word' id='word_1_29' title='bbox 2833 715 3170 798; x_wconf 87' lang='lat' dir='ltr'><strong>acceptum</strong></span> <span class='ocrx_word' id='word_1_30' title='bbox 3198 705 3560 777; x_wconf 90' lang='lat' dir='ltr'><strong>hominem.</strong></span> <span class='ocrx_word' id='word_1_31' title='bbox 3602 732 3637 770; x_wconf 68' lang='lat'><strong>&gt;³</strong></span> <span class='ocrx_word' id='word_1_32' title='bbox 3668 707 3751 774; x_wconf 90' lang='lat' dir='ltr'><strong>Et</strong></span> <span class='ocrx_word' id='word_1_33' title='bbox 3775 707 3940 776; x_wconf 87' lang='lat' dir='ltr'><strong>illud</strong></span> 
     </span>
     <span class='ocr_line' id='line_1_5' title="bbox 526 796 3938 929; baseline -0.003 -28"><span class='ocrx_word' id='word_1_34' title='bbox 526 796 746 901; x_wconf 42' lang='lat' dir='ltr'><strong>xiim*</strong></span> <span class='ocrx_word' id='word_1_35' title='bbox 770 834 948 929; x_wconf 91' lang='lat' dir='ltr'><strong>quod</strong></span> <span class='ocrx_word' id='word_1_36' title='bbox 975 834 1149 902; x_wconf 92' lang='lat' dir='ltr'><strong>idem</strong></span> <span class='ocrx_word' id='word_1_37' title='bbox 1179 832 1271 900; x_wconf 91' lang='lat' dir='ltr'><strong>ait</strong></span> <span class='ocrx_word' id='word_1_38' title='bbox 1298 832 1371 900; x_wconf 92' lang='lat' dir='ltr'><strong>in</strong></span> <span class='ocrx_word' id='word_1_39' title='bbox 1396 831 1567 899; x_wconf 89' lang='lat' dir='ltr'><strong>libro</strong></span> <span class='ocrx_word' id='word_1_40' title='bbox 1592 829 1673 898; x_wconf 86' lang='lat' dir='ltr'><strong>de</strong></span> <span class='ocrx_word' id='word_1_41' title='bbox 1700 832 1884 896; x_wconf 84' lang='lat' dir='ltr'><strong>Bono</strong></span> <span class='ocrx_word' id='word_1_42' title='bbox 1896 824 2414 895; x_wconf 70' lang='lat' dir='ltr'><strong>Per-severantia·</strong></span> <span class='ocrx_word' id='word_1_43' title='bbox 2442 825 2461 859; x_wconf 85' lang='lat'>¹</span> <span class='ocrx_word' id='word_1_44' title='bbox 2499 850 2521 891; x_wconf 94' lang='lat'><strong>.·</strong></span> <span class='ocrx_word' id='word_1_45' title='bbox 2557 852 2592 890; x_wconf 82' lang='lat'>«</span> <span class='ocrx_word' id='word_1_46' title='bbox 2620 824 2752 905; x_wconf 87' lang='lat' dir='ltr'><strong>Qui</strong></span> <span class='ocrx_word' id='word_1_47' title='bbox 2779 822 2994 891; x_wconf 88' lang='lat' dir='ltr'><strong>fidelis</strong></span> <span class='ocrx_word' id='word_1_48' title='bbox 3030 830 3151 908; x_wconf 91' lang='lat' dir='ltr'><strong>est,</strong></span> <span class='ocrx_word' id='word_1_49' title='bbox 3181 822 3253 890; x_wconf 89' lang='lat' dir='ltr'><strong>in</strong></span> <span class='ocrx_word' id='word_1_50' title='bbox 3282 845 3359 891; x_wconf 91' lang='lat' dir='ltr'><strong>eo</strong></span> <span class='ocrx_word' id='word_1_51' title='bbox 3388 846 3610 892; x_wconf 87' lang='lat' dir='ltr'><strong>veram</strong></span> <span class='ocrx_word' id='word_1_52' title='bbox 3640 832 3938 892; x_wconf 90' lang='lat' dir='ltr'><strong>naturam</strong></span> 
     </span>
     <span class='ocr_line' id='line_1_6' title="bbox 768 940 3940 1038; baseline -0.003 -19"><span class='ocrx_word' id='word_1_53' title='bbox 768 951 1133 1019; x_wconf 80' lang='lat' dir='ltr'><strong>humanam</strong></span> <span class='ocrx_word' id='word_1_54' title='bbox 1183 946 1389 1016; x_wconf 88' lang='lat' dir='ltr'><strong>credit</strong></span> <span class='ocrx_word' id='word_1_55' title='bbox 1441 947 1828 1038; x_wconf 81' lang='lat' dir='ltr'><strong>suscipiente</strong></span> <span class='ocrx_word' id='word_1_56' title='bbox 1875 944 2010 1012; x_wconf 93' lang='lat' dir='ltr'><strong>Deo</strong></span> <span class='ocrx_word' id='word_1_57' title='bbox 2065 942 2286 1012; x_wconf 88' lang='lat' dir='ltr'><strong>Verbo</strong></span> <span class='ocrx_word' id='word_1_58' title='bbox 2339 942 2431 1009; x_wconf 91' lang='lat' dir='ltr'><strong>ita</strong></span> <span class='ocrx_word' id='word_1_59' title='bbox 2482 940 2931 1024; x_wconf 76' lang='lat' dir='ltr'><strong>sublimatam,</strong></span> <span class='ocrx_word' id='word_1_60' title='bbox 2987 945 3065 1008; x_wconf 89' lang='lat' dir='ltr'><strong>ut</strong></span> <span class='ocrx_word' id='word_1_61' title='bbox 3108 940 3228 1029; x_wconf 89' lang='lat' dir='ltr'><strong>qui</strong></span> <span class='ocrx_word' id='word_1_62' title='bbox 3283 940 3598 1030; x_wconf 81' lang='lat' dir='ltr'><strong>suscepit,</strong></span> <span class='ocrx_word' id='word_1_63' title='bbox 3654 948 3723 1009; x_wconf 88' lang='lat' dir='ltr'><strong>et</strong></span> <span class='ocrx_word' id='word_1_64' title='bbox 3770 940 3940 1031; x_wconf 89' lang='lat' dir='ltr'><strong>quod</strong></span> 
     </span>
     <span class='ocr_line' id='line_1_7' title="bbox 766 1054 3940 1157; baseline -0.003 -22"><span class='ocrx_word' id='word_1_65' title='bbox 766 1066 1072 1157; x_wconf 87' lang='lat' dir='ltr'><strong>suscepit,</strong></span> <span class='ocrx_word' id='word_1_66' title='bbox 1102 1088 1237 1133; x_wconf 91' lang='lat' dir='ltr'><strong>nna</strong></span> <span class='ocrx_word' id='word_1_67' title='bbox 1263 1072 1429 1132; x_wconf 86' lang='lat' dir='ltr'><strong>esset</strong></span> <span class='ocrx_word' id='word_1_68' title='bbox 1455 1063 1523 1131; x_wconf 92' lang='lat' dir='ltr'><strong>in</strong></span> <span class='ocrx_word' id='word_1_69' title='bbox 1551 1061 1870 1130; x_wconf 88' lang='lat' dir='ltr'><strong>Trinitate</strong></span> <span class='ocrx_word' id='word_1_70' title='bbox 1898 1081 2199 1151; x_wconf 89' lang='lat' dir='ltr'><strong>persona,</strong></span> <span class='ocrx_word' id='word_1_71' title='bbox 2244 1058 2689 1148; x_wconf 77' lang='lat' dir='ltr'><strong>assumptione</strong></span> <span class='ocrx_word' id='word_1_72' title='bbox 2736 1056 2854 1124; x_wconf 89' lang='lat' dir='ltr'><strong>illa</strong></span> <span class='ocrx_word' id='word_1_73' title='bbox 2900 1054 3322 1123; x_wconf 85' lang='lat' dir='ltr'><strong>ineffabiliter</strong></span> <span class='ocrx_word' id='word_1_74' title='bbox 3352 1056 3630 1125; x_wconf 84' lang='lat' dir='ltr'><strong>faciente</strong></span> <span class='ocrx_word' id='word_1_75' title='bbox 3656 1079 3940 1146; x_wconf 82' lang='lat' dir='ltr'><strong>personae</strong></span> 
     </span>
     <span class='ocr_line' id='line_1_8' title="bbox 763 1172 3944 1266; baseline -0.003 -14"><span class='ocrx_word' id='word_1_76' title='bbox 763 1182 966 1252; x_wconf 81' lang='lat' dir='ltr'><strong>unius</strong></span> <span class='ocrx_word' id='word_1_77' title='bbox 991 1182 1064 1248; x_wconf 90' lang='lat' dir='ltr'><strong>in</strong></span> <span class='ocrx_word' id='word_1_78' title='bbox 1091 1180 1223 1249; x_wconf 90' lang='lat' dir='ltr'><strong>Deo</strong></span> <span class='ocrx_word' id='word_1_79' title='bbox 1249 1180 1410 1249; x_wconf 90' lang='lat' dir='ltr'><strong>etin</strong></span> <span class='ocrx_word' id='word_1_80' title='bbox 1440 1179 1706 1248; x_wconf 91' lang='lat' dir='ltr'><strong>homine</strong></span> <span class='ocrx_word' id='word_1_81' title='bbox 1735 1178 2100 1247; x_wconf 88' lang='lat' dir='ltr'><strong>veritatem.</strong></span> <span class='ocrx_word' id='word_1_82' title='bbox 2134 1202 2168 1240; x_wconf 79' lang='lat'>»</span> <span class='ocrx_word' id='word_1_83' title='bbox 2205 1173 2279 1243; x_wconf 90' lang='lat' dir='ltr'><strong>Si</strong></span> <span class='ocrx_word' id='word_1_84' title='bbox 2318 1183 2538 1243; x_wconf 91' lang='lat' dir='ltr'><strong>autem</strong></span> <span class='ocrx_word' id='word_1_85' title='bbox 2568 1175 2687 1266; x_wconf 91' lang='lat' dir='ltr'><strong>qui</strong></span> <span class='ocrx_word' id='word_1_86' title='bbox 2713 1173 3019 1264; x_wconf 87' lang='lat' dir='ltr'><strong>suscepit,</strong></span> <span class='ocrx_word' id='word_1_87' title='bbox 3060 1181 3126 1242; x_wconf 90' lang='lat' dir='ltr'><strong>et</strong></span> <span class='ocrx_word' id='word_1_88' title='bbox 3152 1172 3331 1264; x_wconf 87' lang='lat' dir='ltr'><strong>qnod</strong></span> <span class='ocrx_word' id='word_1_89' title='bbox 3357 1174 3662 1264; x_wconf 83' lang='lat' dir='ltr'><strong>suscepit,</strong></span> <span class='ocrx_word' id='word_1_90' title='bbox 3696 1196 3829 1241; x_wconf 91' lang='lat' dir='ltr'><strong>una</strong></span> <span class='ocrx_word' id='word_1_91' title='bbox 3854 1180 3944 1241; x_wconf 85' lang='lat' dir='ltr'><strong>est</strong></span> 
     </span>
     <span class='ocr_line' id='line_1_9' title="bbox 763 1273 3941 1390; baseline -0.003 -23"><span class='ocrx_word' id='word_1_92' title='bbox 763 1273 1041 1390; x_wconf 78' lang='lat' dir='ltr'><strong>persona</strong></span> <span class='ocrx_word' id='word_1_93' title='bbox 1072 1323 1088 1382; x_wconf 93' lang='lat'><strong>;</strong></span> <span class='ocrx_word' id='word_1_94' title='bbox 1120 1318 1276 1387; x_wconf 85' lang='lat' dir='ltr'><strong>ergo</strong></span> <span class='ocrx_word' id='word_1_95' title='bbox 1305 1304 1544 1364; x_wconf 90' lang='lat' dir='ltr'><strong>natura</strong></span> <span class='ocrx_word' id='word_1_96' title='bbox 1569 1295 1864 1363; x_wconf 89' lang='lat' dir='ltr'><strong>humana</strong></span> <span class='ocrx_word' id='word_1_97' title='bbox 1891 1316 2045 1361; x_wconf 89' lang='lat' dir='ltr'><strong>cum</strong></span> <span class='ocrx_word' id='word_1_98' title='bbox 2072 1291 2294 1361; x_wconf 91' lang='lat' dir='ltr'><strong>Verbo</strong></span> <span class='ocrx_word' id='word_1_99' title='bbox 2321 1297 2417 1360; x_wconf 91' lang='lat' dir='ltr'><strong>est</strong></span> <span class='ocrx_word' id='word_1_100' title='bbox 2433 1314 2568 1359; x_wconf 93' lang='lat' dir='ltr'><strong>una</strong></span> <span class='ocrx_word' id='word_1_101' title='bbox 2595 1312 2895 1382; x_wconf 90' lang='lat' dir='ltr'><strong>persona.</strong></span> <span class='ocrx_word' id='word_1_102' title='bbox 2927 1287 3057 1357; x_wconf 86' lang='lat' dir='ltr'><strong>Sed</strong></span> <span class='ocrx_word' id='word_1_103' title='bbox 3087 1288 3228 1357; x_wconf 80' lang='lat' dir='ltr'><strong>haec</strong></span> <span class='ocrx_word' id='word_1_104' title='bbox 3253 1291 3476 1358; x_wconf 89' lang='lat' dir='ltr'><strong>omnia</strong></span> <span class='ocrx_word' id='word_1_105' title='bbox 3503 1312 3583 1358; x_wconf 86' lang='lat' dir='ltr'><strong>ex</strong></span> <span class='ocrx_word' id='word_1_106' title='bbox 3612 1289 3730 1357; x_wconf 90' lang='lat' dir='ltr'><strong>tali</strong></span> <span class='ocrx_word' id='word_1_107' title='bbox 3756 1311 3941 1357; x_wconf 91' lang='lat' dir='ltr'><strong>sensu</strong></span> 
     </span>
     <span class='ocr_line' id='line_1_10' title="bbox 761 1405 3944 1501; baseline -0.003 -19"><span class='ocrx_word' id='word_1_108' title='bbox 761 1414 934 1482; x_wconf 91' lang='lat' dir='ltr'><strong>dicta</strong></span> <span class='ocrx_word' id='word_1_109' title='bbox 961 1413 1101 1481; x_wconf 86' lang='lat' dir='ltr'><strong>fore</strong></span> <span class='ocrx_word' id='word_1_110' title='bbox 1126 1411 1421 1498; x_wconf 86' lang='lat' dir='ltr'><strong>tradunt,</strong></span> <span class='ocrx_word' id='word_1_111' title='bbox 1456 1420 1529 1479; x_wconf 90' lang='lat' dir='ltr'><strong>ut</strong></span> <span class='ocrx_word' id='word_1_112' title='bbox 1556 1418 1918 1501; x_wconf 87' lang='lat' dir='ltr'><strong>utrumque</strong></span> <span class='ocrx_word' id='word_1_113' title='bbox 1943 1408 2201 1477; x_wconf 89' lang='lat' dir='ltr'><strong>dicatur</strong></span> <span class='ocrx_word' id='word_1_114' title='bbox 2243 1431 2379 1476; x_wconf 89' lang='lat' dir='ltr'><strong>esse</strong></span> <span class='ocrx_word' id='word_1_115' title='bbox 2406 1407 2730 1491; x_wconf 91' lang='lat' dir='ltr'><strong>Christus,</strong></span> <span class='ocrx_word' id='word_1_116' title='bbox 2783 1414 2847 1473; x_wconf 88' lang='lat' dir='ltr'><strong>et</strong></span> <span class='ocrx_word' id='word_1_117' title='bbox 2875 1429 3008 1473; x_wconf 91' lang='lat' dir='ltr'><strong>una</strong></span> <span class='ocrx_word' id='word_1_118' title='bbox 3040 1427 3341 1497; x_wconf 89' lang='lat' dir='ltr'><strong>persona,</strong></span> <span class='ocrx_word' id='word_1_119' title='bbox 3373 1405 3533 1497; x_wconf 92' lang='lat' dir='ltr'><strong>quia</strong></span> <span class='ocrx_word' id='word_1_120' title='bbox 3559 1406 3630 1473; x_wconf 92' lang='lat' dir='ltr'><strong>iu</strong></span> <span class='ocrx_word' id='word_1_121' title='bbox 3668 1412 3944 1496; x_wconf 89' lang='lat' dir='ltr'><strong>utroque</strong></span> 
     </span>
     <span class='ocr_line' id='line_1_11' title="bbox 763 1520 3945 1619; baseline -0.004 -19"><span class='ocrx_word' id='word_1_122' title='bbox 763 1553 941 1600; x_wconf 88' lang='lat' dir='ltr'><strong>unus</strong></span> <span class='ocrx_word' id='word_1_123' title='bbox 963 1529 1260 1599; x_wconf 89' lang='lat' dir='ltr'><strong>Christus</strong></span> <span class='ocrx_word' id='word_1_124' title='bbox 1302 1536 1367 1596; x_wconf 91' lang='lat' dir='ltr'><strong>et</strong></span> <span class='ocrx_word' id='word_1_125' title='bbox 1409 1550 1543 1596; x_wconf 88' lang='lat' dir='ltr'><strong>una</strong></span> <span class='ocrx_word' id='word_1_126' title='bbox 1586 1548 1864 1619; x_wconf 91' lang='lat' dir='ltr'><strong>persona</strong></span> <span class='ocrx_word' id='word_1_127' title='bbox 1906 1524 2227 1594; x_wconf 75' lang='lat' dir='ltr'><strong>subsistit.</strong></span> <span class='ocrx_word' id='word_1_128' title='bbox 2277 1524 2378 1592; x_wconf 91' lang='lat' dir='ltr'><strong>Ita</strong></span> <span class='ocrx_word' id='word_1_129' title='bbox 2414 1523 2609 1591; x_wconf 90' lang='lat' dir='ltr'><strong>etiam</strong></span> <span class='ocrx_word' id='word_1_130' title='bbox 2655 1530 3028 1613; x_wconf 89' lang='lat' dir='ltr'><strong>susceptum</strong></span> <span class='ocrx_word' id='word_1_131' title='bbox 3073 1543 3226 1589; x_wconf 89' lang='lat' dir='ltr'><strong>cum</strong></span> <span class='ocrx_word' id='word_1_132' title='bbox 3274 1521 3664 1613; x_wconf 88' lang='lat' dir='ltr'><strong>suscipiente</strong></span> <span class='ocrx_word' id='word_1_133' title='bbox 3712 1520 3945 1589; x_wconf 89' lang='lat' dir='ltr'><strong>dicitur</strong></span> 
     </span>
     <span class='ocr_line' id='line_1_12' title="bbox 766 1636 3946 1738; baseline -0.003 -23"><span class='ocrx_word' id='word_1_134' title='bbox 766 1670 901 1715; x_wconf 92' lang='lat' dir='ltr'><strong>una</strong></span> <span class='ocrx_word' id='word_1_135' title='bbox 928 1667 1225 1738; x_wconf 86' lang='lat' dir='ltr'><strong>persona,</strong></span> <span class='ocrx_word' id='word_1_136' title='bbox 1259 1643 1417 1735; x_wconf 89' lang='lat' dir='ltr'><strong>quia</strong></span> <span class='ocrx_word' id='word_1_137' title='bbox 1445 1651 1816 1733; x_wconf 88' lang='lat' dir='ltr'><strong>susceptum</strong></span> <span class='ocrx_word' id='word_1_138' title='bbox 1840 1640 2221 1732; x_wconf 88' lang='lat' dir='ltr'><strong>suscipienti</strong></span> <span class='ocrx_word' id='word_1_139' title='bbox 2251 1647 2346 1707; x_wconf 86' lang='lat' dir='ltr'><strong>est</strong></span> <span class='ocrx_word' id='word_1_140' title='bbox 2378 1640 2697 1708; x_wconf 92' lang='lat' dir='ltr'><strong>sociatum</strong></span> <span class='ocrx_word' id='word_1_141' title='bbox 2725 1638 2796 1706; x_wconf 91' lang='lat' dir='ltr'><strong>in</strong></span> <span class='ocrx_word' id='word_1_142' title='bbox 2818 1636 3071 1706; x_wconf 87' lang='lat' dir='ltr'><strong>unitate</strong></span> <span class='ocrx_word' id='word_1_143' title='bbox 3090 1658 3406 1729; x_wconf 87' lang='lat' dir='ltr'><strong>personae,</strong></span> <span class='ocrx_word' id='word_1_144' title='bbox 3443 1637 3509 1706; x_wconf 91' lang='lat' dir='ltr'><strong>id</strong></span> <span class='ocrx_word' id='word_1_145' title='bbox 3536 1646 3633 1705; x_wconf 88' lang='lat' dir='ltr'><strong>est</strong></span> <span class='ocrx_word' id='word_1_146' title='bbox 3658 1637 3754 1706; x_wconf 85' lang='lat' dir='ltr'><strong>ita</strong></span> <span class='ocrx_word' id='word_1_147' title='bbox 3776 1636 3946 1729; x_wconf 90' lang='lat' dir='ltr'><strong>quod</strong></span> 
     </span>
     <span class='ocr_line' id='line_1_13' title="bbox 763 1753 3948 1853; baseline -0.003 -22"><span class='ocrx_word' id='word_1_148' title='bbox 763 1762 985 1831; x_wconf 86' lang='lat' dir='ltr'><strong>unitas</strong></span> <span class='ocrx_word' id='word_1_149' title='bbox 1009 1782 1299 1853; x_wconf 80' lang='lat' dir='ltr'><strong>personae</strong></span> <span class='ocrx_word' id='word_1_150' title='bbox 1349 1759 1731 1848; x_wconf 83' lang='lat' dir='ltr'><strong>permansit,</strong></span> <span class='ocrx_word' id='word_1_151' title='bbox 1789 1780 1924 1827; x_wconf 92' lang='lat' dir='ltr'><strong>non</strong></span> <span class='ocrx_word' id='word_1_152' title='bbox 1977 1757 2069 1825; x_wconf 89' lang='lat' dir='ltr'><strong>ita</strong></span> <span class='ocrx_word' id='word_1_153' title='bbox 2124 1764 2200 1824; x_wconf 87' lang='lat' dir='ltr'><strong>ut</strong></span> <span class='ocrx_word' id='word_1_154' title='bbox 2250 1778 2403 1824; x_wconf 91' lang='lat' dir='ltr'><strong>caro</strong></span> <span class='ocrx_word' id='word_1_155' title='bbox 2459 1765 2524 1823; x_wconf 92' lang='lat' dir='ltr'><strong>et</strong></span> <span class='ocrx_word' id='word_1_156' title='bbox 2576 1755 2798 1823; x_wconf 91' lang='lat' dir='ltr'><strong>anima</strong></span> <span class='ocrx_word' id='word_1_157' title='bbox 2851 1755 2983 1822; x_wconf 89' lang='lat' dir='ltr'><strong>sint</strong></span> <span class='ocrx_word' id='word_1_158' title='bbox 3032 1777 3210 1823; x_wconf 91' lang='lat' dir='ltr'><strong>unus</strong></span> <span class='ocrx_word' id='word_1_159' title='bbox 3256 1753 3478 1823; x_wconf 89' lang='lat' dir='ltr'><strong>Deus:</strong></span> <span class='ocrx_word' id='word_1_160' title='bbox 3531 1754 3717 1845; x_wconf 88' lang='lat' dir='ltr'><strong>quia,</strong></span> <span class='ocrx_word' id='word_1_161' title='bbox 3764 1762 3839 1822; x_wconf 86' lang='lat' dir='ltr'><strong>ut</strong></span> <span class='ocrx_word' id='word_1_162' title='bbox 3863 1753 3948 1821; x_wconf 92' lang='lat' dir='ltr'><strong>ait</strong></span> 
     </span>
     <span class='ocr_line' id='line_1_14' title="bbox 762 1870 3947 1969; baseline -0.003 -23"><span class='ocrx_word' id='word_1_163' title='bbox 762 1878 1206 1969; x_wconf 86' lang='lat' dir='ltr'><strong>Hieronymus</strong></span> <span class='ocrx_word' id='word_1_164' title='bbox 1231 1884 1281 1960; x_wconf 80' lang='lat'><strong>¹,</strong></span> <span class='ocrx_word' id='word_1_165' title='bbox 1323 1875 1623 1944; x_wconf 87' lang='lat' dir='ltr'><strong>Verbum</strong></span> <span class='ocrx_word' id='word_1_166' title='bbox 1664 1882 1759 1942; x_wconf 89' lang='lat' dir='ltr'><strong>est</strong></span> <span class='ocrx_word' id='word_1_167' title='bbox 1785 1873 1984 1958; x_wconf 87' lang='grc'><strong>06115,</strong></span> <span class='ocrx_word' id='word_1_168' title='bbox 2036 1894 2171 1941; x_wconf 92' lang='lat' dir='ltr'><strong>non</strong></span> <span class='ocrx_word' id='word_1_169' title='bbox 2215 1894 2365 1940; x_wconf 88' lang='lat' dir='ltr'><strong>caro</strong></span> <span class='ocrx_word' id='word_1_170' title='bbox 2400 1879 2757 1963; x_wconf 88' lang='lat' dir='ltr'><strong>assumpta.</strong></span> <span class='ocrx_word' id='word_1_171' title='bbox 2792 1897 2826 1937; x_wconf 84' lang='lat'>»</span> <span class='ocrx_word' id='word_1_172' title='bbox 2889 1870 2973 1938; x_wconf 86' lang='lat' dir='ltr'><strong>Et</strong></span> <span class='ocrx_word' id='word_1_173' title='bbox 3013 1870 3433 1956; x_wconf 80' lang='lat' dir='ltr'><strong>AmbrosiuS‚</strong></span> <span class='ocrx_word' id='word_1_174' title='bbox 3464 1870 3533 1937; x_wconf 90' lang='lat' dir='ltr'><strong>in</strong></span> <span class='ocrx_word' id='word_1_175' title='bbox 3561 1870 3736 1939; x_wconf 90' lang='lat' dir='ltr'><strong>libro</strong></span> <span class='ocrx_word' id='word_1_176' title='bbox 3765 1871 3947 1938; x_wconf 92' lang='lat' dir='ltr'><strong>tertio</strong></span> 
     </span>
    </p>

    <p class='ocr_par' dir='ltr' id='par_1_5' title="bbox 592 1985 3949 2197">
     <span class='ocr_line' id='line_1_15' title="bbox 765 1985 3859 2087; baseline -0.004 -24"><span class='ocrx_word' id='word_1_177' title='bbox 765 1993 846 2063; x_wconf 83' lang='lat' dir='ltr'><strong>de</strong></span> <span class='ocrx_word' id='word_1_178' title='bbox 874 1994 1132 2087; x_wconf 82' lang='lat' dir='ltr'><strong>Spiritu</strong></span> <span class='ocrx_word' id='word_1_179' title='bbox 1157 2004 1389 2061; x_wconf 83' lang='lat' dir='ltr'><strong>sancto</strong></span> <span class='ocrx_word' id='word_1_180' title='bbox 1416 1992 1509 2059; x_wconf 89' lang='lat' dir='ltr'><strong>ait</strong></span> <span class='ocrx_word' id='word_1_181' title='bbox 1533 1990 1555 2024; x_wconf 84' lang='lat'>⁸</span> <span class='ocrx_word' id='word_1_182' title='bbox 1589 2015 1605 2057; x_wconf 72' lang='grc' dir='ltr'><strong>ε</strong></span> <span class='ocrx_word' id='word_1_183' title='bbox 1645 2018 1678 2056; x_wconf 78' lang='grc' dir='ltr'><strong>α</strong></span> <span class='ocrx_word' id='word_1_184' title='bbox 1706 1990 1911 2057; x_wconf 83' lang='lat' dir='ltr'><strong>Aliud</strong></span> <span class='ocrx_word' id='word_1_185' title='bbox 1940 1997 2035 2057; x_wconf 89' lang='lat' dir='ltr'><strong>est</strong></span> <span class='ocrx_word' id='word_1_186' title='bbox 2079 1987 2257 2080; x_wconf 90' lang='lat' dir='ltr'><strong>quod</strong></span> <span class='ocrx_word' id='word_1_187' title='bbox 2300 1989 2673 2079; x_wconf 83' lang='lat' dir='ltr'><strong>assumpsit,</strong></span> <span class='ocrx_word' id='word_1_188' title='bbox 2723 1996 2788 2054; x_wconf 89' lang='lat' dir='ltr'><strong>et</strong></span> <span class='ocrx_word' id='word_1_189' title='bbox 2814 1985 2998 2054; x_wconf 91' lang='lat' dir='ltr'><strong>aliud</strong></span> <span class='ocrx_word' id='word_1_190' title='bbox 3026 1987 3205 2077; x_wconf 90' lang='lat' dir='ltr'><strong>quod</strong></span> <span class='ocrx_word' id='word_1_191' title='bbox 3235 1994 3646 2078; x_wconf 89' lang='lat' dir='ltr'><strong>assumptum</strong></span> <span class='ocrx_word' id='word_1_192' title='bbox 3674 1995 3795 2055; x_wconf 86' lang='lat' dir='ltr'><strong>est.</strong></span> <span class='ocrx_word' id='word_1_193' title='bbox 3826 2012 3859 2052; x_wconf 83' lang='lat'>»</span> 
     </span>
     <span class='ocr_line' id='line_1_16' title="bbox 592 2101 3949 2197; baseline -0.003 -18"><span class='ocrx_word' id='word_1_194' title='bbox 592 2112 675 2155; x_wconf 70' lang='lat'><strong>¹³³⁰</strong></span> <span class='ocrx_word' id='word_1_195' title='bbox 857 2111 970 2177; x_wconf 89' lang='lat' dir='ltr'><strong>Est</strong></span> <span class='ocrx_word' id='word_1_196' title='bbox 1020 2121 1240 2178; x_wconf 92' lang='lat' dir='ltr'><strong>autem</strong></span> <span class='ocrx_word' id='word_1_197' title='bbox 1291 2117 1354 2177; x_wconf 92' lang='lat' dir='ltr'><strong>et</strong></span> <span class='ocrx_word' id='word_1_198' title='bbox 1404 2107 1582 2175; x_wconf 91' lang='lat' dir='ltr'><strong>aliud</strong></span> <span class='ocrx_word' id='word_1_199' title='bbox 1636 2106 1815 2197; x_wconf 92' lang='lat' dir='ltr'><strong>quod</strong></span> <span class='ocrx_word' id='word_1_200' title='bbox 1870 2104 2027 2172; x_wconf 90' lang='lat' dir='ltr'><strong>huic</strong></span> <span class='ocrx_word' id='word_1_201' title='bbox 2079 2104 2413 2172; x_wconf 82' lang='lat' dir='ltr'><strong>sententiae</strong></span> <span class='ocrx_word' id='word_1_202' title='bbox 2485 2102 2852 2194; x_wconf 90' lang='lat' dir='ltr'><strong>plurimum</strong></span> <span class='ocrx_word' id='word_1_203' title='bbox 2920 2102 3184 2169; x_wconf 87' lang='lat' dir='ltr'><strong>videtur</strong></span> <span class='ocrx_word' id='word_1_204' title='bbox 3259 2101 3552 2171; x_wconf 88' lang='lat' dir='ltr'><strong>obviare.</strong></span> <span class='ocrx_word' id='word_1_205' title='bbox 3609 2102 3731 2170; x_wconf 87' lang='lat' dir='ltr'><strong>Ait</strong></span> <span class='ocrx_word' id='word_1_206' title='bbox 3780 2101 3949 2170; x_wconf 86' lang='lat' dir='ltr'><strong>enim</strong></span> 
     </span>
    </p>
   </div>
   <div class='ocr_carea' id='block_1_5' title="bbox 558 2190 704 2232">
    <p class='ocr_par' dir='ltr' id='par_1_6' title="bbox 558 2190 704 2232">
     <span class='ocr_line' id='line_1_17' title="bbox 558 2190 704 2232; baseline -0.007 -12"><span class='ocrx_word' id='word_1_207' title='bbox 558 2190 704 2232; x_wconf 74' lang='lat' dir='ltr'><strong>quam·</strong></span> 
     </span>
    </p>
   </div>
   <div class='ocr_carea' id='block_1_6' title="bbox 524 2219 3949 2345">
    <p class='ocr_par' dir='ltr' id='par_1_7' title="bbox 524 2219 3949 2345">
     <span class='ocr_line' id='line_1_18' title="bbox 524 2219 3949 2345; baseline -0.006 -45"><span class='ocrx_word' id='word_1_208' title='bbox 524 2241 749 2345; x_wconf 49' lang='grc' dir='ltr'><strong>ἶῖεπνζ</strong></span> <span class='ocrx_word' id='word_1_209' title='bbox 772 2226 1185 2317; x_wconf 84' lang='lat' dir='ltr'><strong>Augustinus</strong></span> <span class='ocrx_word' id='word_1_210' title='bbox 1207 2226 1280 2294; x_wconf 90' lang='lat' dir='ltr'><strong>in</strong></span> <span class='ocrx_word' id='word_1_211' title='bbox 1328 2225 1499 2292; x_wconf 92' lang='lat' dir='ltr'><strong>libro</strong></span> <span class='ocrx_word' id='word_1_212' title='bbox 1543 2223 1734 2291; x_wconf 89' lang='lat' dir='ltr'><strong>tertio</strong></span> <span class='ocrx_word' id='word_1_213' title='bbox 1787 2233 2019 2290; x_wconf 80' lang='lat' dir='ltr'><strong>contra</strong></span> <span class='ocrx_word' id='word_1_214' title='bbox 2062 2220 2516 2290; x_wconf 61' lang='lat' dir='ltr'><strong>Maximinum</strong></span> <span class='ocrx_word' id='word_1_215' title='bbox 2543 2225 2564 2259; x_wconf 79' lang='lat'>⁸</span> <span class='ocrx_word' id='word_1_216' title='bbox 2590 2244 2612 2285; x_wconf 91' lang='lat'><strong>.·</strong></span> <span class='ocrx_word' id='word_1_217' title='bbox 2644 2245 2678 2285; x_wconf 88' lang='lat'>«</span> <span class='ocrx_word' id='word_1_218' title='bbox 2710 2219 3011 2287; x_wconf 89' lang='lat' dir='ltr'><strong>Christus</strong></span> <span class='ocrx_word' id='word_1_219' title='bbox 3047 2242 3182 2286; x_wconf 92' lang='lat' dir='ltr'><strong>una</strong></span> <span class='ocrx_word' id='word_1_220' title='bbox 3223 2241 3500 2310; x_wconf 90' lang='lat' dir='ltr'><strong>persona</strong></span> <span class='ocrx_word' id='word_1_221' title='bbox 3526 2227 3646 2305; x_wconf 90' lang='lat' dir='ltr'><strong>est,</strong></span> <span class='ocrx_word' id='word_1_222' title='bbox 3677 2219 3949 2308; x_wconf 78' lang='lat' dir='ltr'><strong>geminae</strong></span> 
     </span>
    </p>
   </div>
   <div class='ocr_carea' id='block_1_7' title="bbox 525 2334 3948 2434">
    <p class='ocr_par' dir='ltr' id='par_1_8' title="bbox 525 2334 3948 2434">
     <span class='ocr_line' id='line_1_19' title="bbox 525 2334 3948 2434; baseline -0.003 -21"><span class='ocrx_word' id='word_1_223' title='bbox 525 2366 694 2408; x_wconf 69' lang='lat' dir='ltr'><strong>ritatem</strong></span> <span class='ocrx_word' id='word_1_224' title='bbox 726 2395 739 2418; x_wconf 89' lang='lat'><strong>.</strong></span> <span class='ocrx_word' id='word_1_225' title='bbox 770 2344 1177 2430; x_wconf 65' lang='lat' dir='ltr'><strong>substantiae,</strong></span> <span class='ocrx_word' id='word_1_226' title='bbox 1207 2341 1366 2434; x_wconf 91' lang='lat' dir='ltr'><strong>quia</strong></span> <span class='ocrx_word' id='word_1_227' title='bbox 1391 2350 1455 2409; x_wconf 88' lang='lat' dir='ltr'><strong>et</strong></span> <span class='ocrx_word' id='word_1_228' title='bbox 1479 2340 1656 2408; x_wconf 90' lang='lat' dir='ltr'><strong>Deus</strong></span> <span class='ocrx_word' id='word_1_229' title='bbox 1683 2346 1779 2407; x_wconf 90' lang='lat' dir='ltr'><strong>est</strong></span> <span class='ocrx_word' id='word_1_230' title='bbox 1803 2348 1866 2407; x_wconf 89' lang='lat' dir='ltr'><strong>et</strong></span> <span class='ocrx_word' id='word_1_231' title='bbox 1886 2337 2084 2407; x_wconf 92' lang='lat' dir='ltr'><strong>homo</strong></span> <span class='ocrx_word' id='word_1_232' title='bbox 2113 2346 2230 2406; x_wconf 90' lang='lat' dir='ltr'><strong>est.</strong></span> <span class='ocrx_word' id='word_1_233' title='bbox 2263 2337 2396 2405; x_wconf 88' lang='lat' dir='ltr'><strong>Nec</strong></span> <span class='ocrx_word' id='word_1_234' title='bbox 2426 2344 2642 2404; x_wconf 90' lang='lat' dir='ltr'><strong>tamen</strong></span> <span class='ocrx_word' id='word_1_235' title='bbox 2671 2335 2867 2423; x_wconf 89' lang='lat' dir='ltr'><strong>Deus,</strong></span> <span class='ocrx_word' id='word_1_236' title='bbox 2901 2335 3004 2405; x_wconf 83' lang='lat' dir='ltr'><strong>vel</strong></span> <span class='ocrx_word' id='word_1_237' title='bbox 3031 2335 3231 2403; x_wconf 91' lang='lat' dir='ltr'><strong>homo</strong></span> <span class='ocrx_word' id='word_1_238' title='bbox 3258 2357 3408 2426; x_wconf 86' lang='lat' dir='ltr'><strong>pars</strong></span> <span class='ocrx_word' id='word_1_239' title='bbox 3432 2334 3637 2424; x_wconf 90' lang='lat' dir='ltr'><strong>hujus</strong></span> <span class='ocrx_word' id='word_1_240' title='bbox 3665 2355 3948 2425; x_wconf 88' lang='lat' dir='ltr'><strong>personae</strong></span> 
     </span>
    </p>
   </div>
   <div class='ocr_carea' id='block_1_8' title="bbox 524 2427 743 2484">
    <p class='ocr_par' dir='ltr' id='par_1_9' title="bbox 524 2427 743 2484">
     <span class='ocr_line' id='line_1_20' title="bbox 524 2427 743 2484; baseline -0.009 -13"><span class='ocrx_word' id='word_1_241' title='bbox 524 2441 620 2484; x_wconf 77' lang='lat' dir='ltr'><strong>quae</strong></span> <span class='ocrx_word' id='word_1_242' title='bbox 635 2427 743 2470; x_wconf 82' lang='lat' dir='ltr'><strong>mul·</strong></span> 
     </span>
    </p>
   </div>
   <div class='ocr_carea' id='block_1_9' title="bbox 524 2451 3944 2594">
    <p class='ocr_par' dir='ltr' id='par_1_10' title="bbox 524 2451 3944 2594">
     <span class='ocr_line' id='line_1_21' title="bbox 524 2451 3944 2551; baseline -0.004 -19"><span class='ocrx_word' id='word_1_243' title='bbox 524 2491 743 2532; x_wconf 65' lang='lat' dir='ltr'><strong>tumide-</strong></span> <span class='ocrx_word' id='word_1_244' title='bbox 769 2460 898 2529; x_wconf 90' lang='lat' dir='ltr'><strong>dici</strong></span> <span class='ocrx_word' id='word_1_245' title='bbox 924 2467 1131 2551; x_wconf 90' lang='lat' dir='ltr'><strong>potest</strong></span> <span class='ocrx_word' id='word_1_246' title='bbox 1160 2483 1175 2525; x_wconf 75' lang='grc' dir='ltr'>ε</span> <span class='ocrx_word' id='word_1_247' title='bbox 1209 2457 1506 2549; x_wconf 89' lang='lat' dir='ltr'><strong>alioquin</strong></span> <span class='ocrx_word' id='word_1_248' title='bbox 1538 2456 1745 2523; x_wconf 87' lang='lat' dir='ltr'><strong>Filius</strong></span> <span class='ocrx_word' id='word_1_249' title='bbox 1772 2455 1882 2524; x_wconf 92' lang='lat' dir='ltr'><strong>Dei</strong></span> <span class='ocrx_word' id='word_1_250' title='bbox 1909 2454 2110 2539; x_wconf 88' lang='grc'><strong>06115,</strong></span> <span class='ocrx_word' id='word_1_251' title='bbox 2132 2462 2486 2544; x_wconf 88' lang='lat' dir='ltr'><strong>antequam</strong></span> <span class='ocrx_word' id='word_1_252' title='bbox 2506 2453 2859 2544; x_wconf 91' lang='lat' dir='ltr'><strong>susciperet</strong></span> <span class='ocrx_word' id='word_1_253' title='bbox 2887 2451 3165 2520; x_wconf 84' lang='lat' dir='ltr'><strong>formam</strong></span> <span class='ocrx_word' id='word_1_254' title='bbox 3195 2451 3394 2536; x_wconf 91' lang='lat' dir='ltr'><strong>servi,</strong></span> <span class='ocrx_word' id='word_1_255' title='bbox 3425 2473 3559 2519; x_wconf 92' lang='lat' dir='ltr'><strong>non</strong></span> <span class='ocrx_word' id='word_1_256' title='bbox 3586 2461 3730 2519; x_wconf 87' lang='lat' dir='ltr'><strong>erat</strong></span> <span class='ocrx_word' id='word_1_257' title='bbox 3755 2458 3944 2535; x_wconf 89' lang='lat' dir='ltr'><strong>totus,</strong></span> 
     </span>
     <span class='ocr_line' id='line_1_22' title="bbox 525 2553 711 2594; baseline 0 0"><span class='ocrx_word' id='word_1_258' title='bbox 525 2557 542 2594; x_wconf 76' lang='lat' dir='ltr'><strong>t</strong></span> <span class='ocrx_word' id='word_1_259' title='bbox 641 2554 668 2594; x_wconf 83' lang='lat' dir='ltr'><strong>h</strong></span> <span class='ocrx_word' id='word_1_260' title='bbox 702 2553 711 2563; x_wconf 88' lang='lat'>&#39;</span> 
     </span>
    </p>
   </div>
   <div class='ocr_carea' id='block_1_10' title="bbox 524 2565 3953 3943">
    <p class='ocr_par' dir='ltr' id='par_1_11' title="bbox 524 2565 3953 3713">
     <span class='ocr_line' id='line_1_23' title="bbox 543 2565 3948 2662; baseline -0.004 -16"><span class='ocrx_word' id='word_1_261' title='bbox 543 2565 739 2657; x_wconf 50' lang='lat' dir='ltr'><strong>zmess&#39;s‘</strong></span> <span class='ocrx_word' id='word_1_262' title='bbox 768 2584 833 2644; x_wconf 91' lang='lat' dir='ltr'><strong>et</strong></span> <span class='ocrx_word' id='word_1_263' title='bbox 856 2576 1086 2661; x_wconf 86' lang='lat' dir='ltr'><strong>crevit,</strong></span> <span class='ocrx_word' id='word_1_264' title='bbox 1115 2597 1268 2643; x_wconf 90' lang='lat' dir='ltr'><strong>cum</strong></span> <span class='ocrx_word' id='word_1_265' title='bbox 1296 2574 1495 2642; x_wconf 90' lang='lat' dir='ltr'><strong>homo</strong></span> <span class='ocrx_word' id='word_1_266' title='bbox 1524 2571 1851 2641; x_wconf 88' lang='lat' dir='ltr'><strong>divinitati</strong></span> <span class='ocrx_word' id='word_1_267' title='bbox 1893 2571 2036 2662; x_wconf 90' lang='lat' dir='ltr'><strong>ejus</strong></span> <span class='ocrx_word' id='word_1_268' title='bbox 2074 2571 2358 2639; x_wconf 89' lang='lat' dir='ltr'><strong>accessit.</strong></span> <span class='ocrx_word' id='word_1_269' title='bbox 2395 2599 2426 2635; x_wconf 72' lang='lat' dir='ltr'><strong>n</strong></span> <span class='ocrx_word' id='word_1_270' title='bbox 2482 2570 2642 2637; x_wconf 87' lang='lat' dir='ltr'><strong>Ecce</strong></span> <span class='ocrx_word' id='word_1_271' title='bbox 2681 2568 2893 2637; x_wconf 89' lang='lat' dir='ltr'><strong>Deum</strong></span> <span class='ocrx_word' id='word_1_272' title='bbox 2929 2568 3085 2637; x_wconf 90' lang='lat' dir='ltr'><strong>dicit</strong></span> <span class='ocrx_word' id='word_1_273' title='bbox 3124 2591 3259 2637; x_wconf 89' lang='lat' dir='ltr'><strong>non</strong></span> <span class='ocrx_word' id='word_1_274' title='bbox 3303 2590 3441 2637; x_wconf 88' lang='lat' dir='ltr'><strong>esse</strong></span> <span class='ocrx_word' id='word_1_275' title='bbox 3487 2575 3742 2658; x_wconf 90' lang='lat' dir='ltr'><strong>partem</strong></span> <span class='ocrx_word' id='word_1_276' title='bbox 3777 2567 3948 2635; x_wconf 91' lang='lat' dir='ltr'><strong>illius</strong></span> 
     </span>
     <span class='ocr_line' id='line_1_24' title="bbox 524 2680 3947 2784; baseline -0.003 -25"><span class='ocrx_word' id='word_1_277' title='bbox 524 2680 740 2784; x_wconf 49' lang='lat' dir='ltr'><strong>{ffifl’ppffi</strong></span> <span class='ocrx_word' id='word_1_278' title='bbox 767 2713 1079 2783; x_wconf 84' lang='lat' dir='ltr'><strong>personae.</strong></span> <span class='ocrx_word' id='word_1_279' title='bbox 1129 2690 1320 2759; x_wconf 89' lang='lat' dir='ltr'><strong>Unde</strong></span> <span class='ocrx_word' id='word_1_280' title='bbox 1360 2688 1620 2758; x_wconf 86' lang='lat' dir='ltr'><strong>videtur</strong></span> <span class='ocrx_word' id='word_1_281' title='bbox 1660 2688 1779 2757; x_wconf 94' lang='lat' dir='ltr'><strong>illa</strong></span> <span class='ocrx_word' id='word_1_282' title='bbox 1817 2710 2094 2780; x_wconf 88' lang='lat' dir='ltr'><strong>persona</strong></span> <span class='ocrx_word' id='word_1_283' title='bbox 2138 2709 2272 2754; x_wconf 93' lang='lat' dir='ltr'><strong>non</strong></span> <span class='ocrx_word' id='word_1_284' title='bbox 2325 2694 2619 2754; x_wconf 87' lang='lat' dir='ltr'><strong>constare</strong></span> <span class='ocrx_word' id='word_1_285' title='bbox 2665 2685 2801 2755; x_wconf 91' lang='lat' dir='ltr'><strong>Deo</strong></span> <span class='ocrx_word' id='word_1_286' title='bbox 2844 2694 2909 2753; x_wconf 89' lang='lat' dir='ltr'><strong>et</strong></span> <span class='ocrx_word' id='word_1_287' title='bbox 2946 2684 3235 2753; x_wconf 90' lang='lat' dir='ltr'><strong>homine.</strong></span> <span class='ocrx_word' id='word_1_288' title='bbox 3278 2683 3381 2752; x_wconf 90' lang='lat' dir='ltr'><strong>Ad</strong></span> <span class='ocrx_word' id='word_1_289' title='bbox 3415 2684 3596 2775; x_wconf 90' lang='lat' dir='ltr'><strong>quod</strong></span> <span class='ocrx_word' id='word_1_290' title='bbox 3624 2683 3821 2751; x_wconf 90' lang='lat' dir='ltr'><strong>etiam</strong></span> <span class='ocrx_word' id='word_1_291' title='bbox 3851 2681 3947 2750; x_wconf 92' lang='lat' dir='ltr'><strong>illi</strong></span> 
     </span>
     <span class='ocr_line' id='line_1_25' title="bbox 546 2794 3949 2902; baseline -0.003 -26"><span class='ocrx_word' id='word_1_292' title='bbox 546 2794 743 2902; x_wconf 41' lang='lat'><strong>23⁸⁹&amp;</strong></span> <span class='ocrx_word' id='word_1_293' title='bbox 768 2807 1021 2893; x_wconf 88' lang='lat' dir='ltr'><strong>dicunt,</strong></span> <span class='ocrx_word' id='word_1_294' title='bbox 1053 2807 1237 2875; x_wconf 90' lang='lat' dir='ltr'><strong>illam</strong></span> <span class='ocrx_word' id='word_1_295' title='bbox 1264 2827 1610 2897; x_wconf 87' lang='lat' dir='ltr'><strong>personam</strong></span> <span class='ocrx_word' id='word_1_296' title='bbox 1637 2827 1771 2873; x_wconf 92' lang='lat' dir='ltr'><strong>non</strong></span> <span class='ocrx_word' id='word_1_297' title='bbox 1796 2803 1891 2872; x_wconf 92' lang='lat' dir='ltr'><strong>ita</strong></span> <span class='ocrx_word' id='word_1_298' title='bbox 1911 2810 2206 2872; x_wconf 86' lang='lat' dir='ltr'><strong>constare</strong></span> <span class='ocrx_word' id='word_1_299' title='bbox 2233 2825 2315 2872; x_wconf 84' lang='lat' dir='ltr'><strong>ex</strong></span> <span class='ocrx_word' id='word_1_300' title='bbox 2343 2802 2477 2870; x_wconf 92' lang='lat' dir='ltr'><strong>Deo</strong></span> <span class='ocrx_word' id='word_1_301' title='bbox 2505 2808 2571 2869; x_wconf 88' lang='lat' dir='ltr'><strong>et</strong></span> <span class='ocrx_word' id='word_1_302' title='bbox 2611 2802 2904 2888; x_wconf 90' lang='lat' dir='ltr'><strong>homine,</strong></span> <span class='ocrx_word' id='word_1_303' title='bbox 2937 2801 3127 2893; x_wconf 90' lang='lat' dir='ltr'><strong>quasi</strong></span> <span class='ocrx_word' id='word_1_304' title='bbox 3160 2808 3369 2869; x_wconf 88' lang='lat' dir='ltr'><strong>totum</strong></span> <span class='ocrx_word' id='word_1_305' title='bbox 3399 2822 3483 2867; x_wconf 83' lang='lat' dir='ltr'><strong>ex</strong></span> <span class='ocrx_word' id='word_1_306' title='bbox 3507 2799 3830 2890; x_wconf 88' lang='lat' dir='ltr'><strong>partibus.</strong></span> <span class='ocrx_word' id='word_1_307' title='bbox 3858 2797 3949 2866; x_wconf 87' lang='lat' dir='ltr'><strong>Ita</strong></span> 
     </span>
     <span class='ocr_line' id='line_1_26' title="bbox 529 2913 3950 3027; baseline -0.003 -35"><span class='ocrx_word' id='word_1_308' title='bbox 529 2934 743 3027; x_wconf 45' lang='lat'><strong>&#39;5¹:232</strong></span> <span class='ocrx_word' id='word_1_309' title='bbox 770 2925 944 2991; x_wconf 87' lang='lat' dir='ltr'><strong>enim</strong></span> <span class='ocrx_word' id='word_1_310' title='bbox 974 2932 1188 3015; x_wconf 88' lang='lat' dir='ltr'><strong>partes</strong></span> <span class='ocrx_word' id='word_1_311' title='bbox 1209 2921 1490 3013; x_wconf 86' lang='lat' dir='ltr'><strong>alicujus</strong></span> <span class='ocrx_word' id='word_1_312' title='bbox 1516 2921 1718 2989; x_wconf 90' lang='lat' dir='ltr'><strong>totius</strong></span> <span class='ocrx_word' id='word_1_313' title='bbox 1761 2920 2190 3005; x_wconf 84' lang='lat' dir='ltr'><strong>conveniunt,</strong></span> <span class='ocrx_word' id='word_1_314' title='bbox 2237 2927 2312 2986; x_wconf 93' lang='lat' dir='ltr'><strong>ut</strong></span> <span class='ocrx_word' id='word_1_315' title='bbox 2362 2942 2444 2986; x_wconf 84' lang='lat' dir='ltr'><strong>ex</strong></span> <span class='ocrx_word' id='word_1_316' title='bbox 2488 2917 2623 2986; x_wconf 89' lang='lat' dir='ltr'><strong>illis</strong></span> <span class='ocrx_word' id='word_1_317' title='bbox 2659 2917 2848 3008; x_wconf 74' lang='lat' dir='ltr'><strong>,quod</strong></span> <span class='ocrx_word' id='word_1_318' title='bbox 2905 2939 3039 2985; x_wconf 92' lang='lat' dir='ltr'><strong>non</strong></span> <span class='ocrx_word' id='word_1_319' title='bbox 3099 2924 3262 3002; x_wconf 89' lang='lat' dir='ltr'><strong>erat,</strong></span> <span class='ocrx_word' id='word_1_320' title='bbox 3323 2914 3784 2984; x_wconf 87' lang='lat' dir='ltr'><strong>constituatur.</strong></span> <span class='ocrx_word' id='word_1_321' title='bbox 3812 2913 3950 2982; x_wconf 90' lang='lat' dir='ltr'><strong>Non</strong></span> 
     </span>
     <span class='ocr_line' id='line_1_27' title="bbox 537 3031 3949 3124; baseline -0.003 -16"><span class='ocrx_word' id='word_1_322' title='bbox 537 3048 624 3088; x_wconf 72' lang='lat'><strong>⁰⁸¹¹</strong></span> <span class='ocrx_word' id='word_1_323' title='bbox 627 3059 723 3090; x_wconf 73' lang='lat'><strong>00000</strong></span> <span class='ocrx_word' id='word_1_324' title='bbox 770 3047 989 3107; x_wconf 88' lang='lat' dir='ltr'><strong>autem</strong></span> <span class='ocrx_word' id='word_1_325' title='bbox 1020 3040 1111 3106; x_wconf 87' lang='lat' dir='ltr'><strong>sic</strong></span> <span class='ocrx_word' id='word_1_326' title='bbox 1135 3038 1429 3107; x_wconf 87' lang='lat' dir='ltr'><strong>humana</strong></span> <span class='ocrx_word' id='word_1_327' title='bbox 1456 3046 1519 3106; x_wconf 89' lang='lat' dir='ltr'><strong>et</strong></span> <span class='ocrx_word' id='word_1_328' title='bbox 1547 3036 1776 3105; x_wconf 86' lang='lat' dir='ltr'><strong>divina</strong></span> <span class='ocrx_word' id='word_1_329' title='bbox 1802 3048 2039 3105; x_wconf 89' lang='lat' dir='ltr'><strong>natura</strong></span> <span class='ocrx_word' id='word_1_330' title='bbox 2072 3036 2142 3103; x_wconf 93' lang='lat' dir='ltr'><strong>in</strong></span> <span class='ocrx_word' id='word_1_331' title='bbox 2188 3034 2445 3103; x_wconf 89' lang='lat' dir='ltr'><strong>Christo</strong></span> <span class='ocrx_word' id='word_1_332' title='bbox 2494 3034 2824 3102; x_wconf 91' lang='lat' dir='ltr'><strong>uniuntur</strong></span> <span class='ocrx_word' id='word_1_333' title='bbox 2856 3058 2871 3098; x_wconf 89' lang='lat'>:</span> <span class='ocrx_word' id='word_1_334' title='bbox 2917 3031 3397 3124; x_wconf 83' lang='lat' dir='ltr'><strong>inexplicabilis</strong></span> <span class='ocrx_word' id='word_1_335' title='bbox 3439 3031 3618 3100; x_wconf 90' lang='lat' dir='ltr'><strong>enim</strong></span> <span class='ocrx_word' id='word_1_336' title='bbox 3649 3040 3747 3100; x_wconf 89' lang='lat' dir='ltr'><strong>est</strong></span> <span class='ocrx_word' id='word_1_337' title='bbox 3773 3031 3949 3098; x_wconf 90' lang='lat' dir='ltr'><strong>istius</strong></span> 
     </span>
     <span class='ocr_line' id='line_1_28' title="bbox 771 3146 3949 3247; baseline -0.003 -23"><span class='ocrx_word' id='word_1_338' title='bbox 771 3155 1062 3242; x_wconf 90' lang='lat' dir='ltr'><strong>unionis,</strong></span> <span class='ocrx_word' id='word_1_339' title='bbox 1092 3177 1243 3247; x_wconf 83' lang='lat' dir='ltr'><strong>quae</strong></span> <span class='ocrx_word' id='word_1_340' title='bbox 1275 3176 1410 3223; x_wconf 89' lang='lat' dir='ltr'><strong>non</strong></span> <span class='ocrx_word' id='word_1_341' title='bbox 1442 3162 1539 3222; x_wconf 91' lang='lat' dir='ltr'><strong>est</strong></span> <span class='ocrx_word' id='word_1_342' title='bbox 1561 3154 1877 3245; x_wconf 90' lang='lat' dir='ltr'><strong>partium,</strong></span> <span class='ocrx_word' id='word_1_343' title='bbox 1911 3151 2395 3234; x_wconf 88' lang='lat' dir='ltr'><strong>ratio.Quidam</strong></span> <span class='ocrx_word' id='word_1_344' title='bbox 2417 3161 2634 3220; x_wconf 85' lang='lat' dir='ltr'><strong>tamen</strong></span> <span class='ocrx_word' id='word_1_345' title='bbox 2663 3150 2930 3219; x_wconf 90' lang='lat' dir='ltr'><strong>nomine</strong></span> <span class='ocrx_word' id='word_1_346' title='bbox 2956 3150 3070 3218; x_wconf 90' lang='lat' dir='ltr'><strong>Dei</strong></span> <span class='ocrx_word' id='word_1_347' title='bbox 3105 3149 3197 3217; x_wconf 91' lang='lat' dir='ltr'><strong>ibi</strong></span> <span class='ocrx_word' id='word_1_348' title='bbox 3225 3171 3566 3241; x_wconf 87' lang='lat' dir='ltr'><strong>personam</strong></span> <span class='ocrx_word' id='word_1_349' title='bbox 3599 3146 3949 3238; x_wconf 86' lang='lat' dir='ltr'><strong>significari</strong></span> 
     </span>
     <span class='ocr_line' id='line_1_29' title="bbox 771 3263 3945 3364; baseline -0.003 -25"><span class='ocrx_word' id='word_1_350' title='bbox 771 3279 1030 3364; x_wconf 88' lang='lat' dir='ltr'><strong>putant,</strong></span> <span class='ocrx_word' id='word_1_351' title='bbox 1062 3271 1221 3362; x_wconf 90' lang='lat' dir='ltr'><strong>quia</strong></span> <span class='ocrx_word' id='word_1_352' title='bbox 1245 3270 1327 3338; x_wconf 90' lang='lat' dir='ltr'><strong>de</strong></span> <span class='ocrx_word' id='word_1_353' title='bbox 1356 3270 1568 3338; x_wconf 88' lang='lat' dir='ltr'><strong>tribus</strong></span> <span class='ocrx_word' id='word_1_354' title='bbox 1587 3270 1821 3358; x_wconf 82' lang='lat' dir='ltr'><strong>agebat</strong></span> <span class='ocrx_word' id='word_1_355' title='bbox 1857 3268 2177 3359; x_wconf 74' lang='lat' dir='ltr'><strong>personiS,</strong></span> <span class='ocrx_word' id='word_1_356' title='bbox 2225 3290 2509 3359; x_wconf 88' lang='lat' dir='ltr'><strong>quarum</strong></span> <span class='ocrx_word' id='word_1_357' title='bbox 2562 3266 2818 3335; x_wconf 89' lang='lat' dir='ltr'><strong>nullam</strong></span> <span class='ocrx_word' id='word_1_358' title='bbox 2857 3265 3200 3333; x_wconf 88' lang='lat' dir='ltr'><strong>Trinitatis</strong></span> <span class='ocrx_word' id='word_1_359' title='bbox 3230 3274 3481 3356; x_wconf 89' lang='lat' dir='ltr'><strong>partem</strong></span> <span class='ocrx_word' id='word_1_360' title='bbox 3511 3287 3650 3334; x_wconf 89' lang='lat' dir='ltr'><strong>esse</strong></span> <span class='ocrx_word' id='word_1_361' title='bbox 3677 3263 3945 3348; x_wconf 86' lang='lat' dir='ltr'><strong>dicebat,</strong></span> 
     </span>
     <span class='ocr_line' id='line_1_30' title="bbox 772 3382 3947 3479; baseline -0.003 -24"><span class='ocrx_word' id='word_1_362' title='bbox 772 3387 941 3456; x_wconf 90' lang='lat' dir='ltr'><strong>sicut</strong></span> <span class='ocrx_word' id='word_1_363' title='bbox 969 3410 1122 3479; x_wconf 90' lang='lat' dir='ltr'><strong>pars</strong></span> <span class='ocrx_word' id='word_1_364' title='bbox 1148 3387 1337 3456; x_wconf 87' lang='lat' dir='ltr'><strong>istius</strong></span> <span class='ocrx_word' id='word_1_365' title='bbox 1363 3408 1655 3477; x_wconf 71' lang='lat' dir='ltr'><strong>personae</strong></span> <span class='ocrx_word' id='word_1_366' title='bbox 1687 3408 1821 3454; x_wconf 93' lang='lat' dir='ltr'><strong>non</strong></span> <span class='ocrx_word' id='word_1_367' title='bbox 1850 3394 1947 3453; x_wconf 91' lang='lat' dir='ltr'><strong>est</strong></span> <span class='ocrx_word' id='word_1_368' title='bbox 1970 3385 2167 3453; x_wconf 78' lang='lat' dir='ltr'><strong>Deus,</strong></span> <span class='ocrx_word' id='word_1_369' title='bbox 2202 3383 2393 3466; x_wconf 90' lang='lat' dir='ltr'><strong>Quod</strong></span> <span class='ocrx_word' id='word_1_370' title='bbox 2421 3383 2476 3452; x_wconf 92' lang='lat' dir='ltr'><strong>si</strong></span> <span class='ocrx_word' id='word_1_371' title='bbox 2505 3384 2586 3452; x_wconf 90' lang='lat' dir='ltr'><strong>de</strong></span> <span class='ocrx_word' id='word_1_372' title='bbox 2607 3405 2885 3474; x_wconf 89' lang='lat' dir='ltr'><strong>persona</strong></span> <span class='ocrx_word' id='word_1_373' title='bbox 2909 3382 3344 3471; x_wconf 84' lang='lat' dir='ltr'><strong>intelligatur,</strong></span> <span class='ocrx_word' id='word_1_374' title='bbox 3377 3382 3801 3452; x_wconf 86' lang='lat' dir='ltr'><strong>manifestum</strong></span> <span class='ocrx_word' id='word_1_375' title='bbox 3828 3388 3947 3467; x_wconf 90' lang='lat' dir='ltr'><strong>est,</strong></span> 
     </span>
     <span class='ocr_line' id='line_1_31' title="bbox 771 3497 3953 3597; baseline -0.002 -25"><span class='ocrx_word' id='word_1_376' title='bbox 771 3504 930 3596; x_wconf 88' lang='lat' dir='ltr'><strong>quia</strong></span> <span class='ocrx_word' id='word_1_377' title='bbox 956 3526 1232 3597; x_wconf 88' lang='lat' dir='ltr'><strong>persona</strong></span> <span class='ocrx_word' id='word_1_378' title='bbox 1271 3526 1405 3572; x_wconf 91' lang='lat' dir='ltr'><strong>non</strong></span> <span class='ocrx_word' id='word_1_379' title='bbox 1449 3510 1545 3571; x_wconf 90' lang='lat' dir='ltr'><strong>est</strong></span> <span class='ocrx_word' id='word_1_380' title='bbox 1596 3525 1748 3593; x_wconf 91' lang='lat' dir='ltr'><strong>pars</strong></span> <span class='ocrx_word' id='word_1_381' title='bbox 1795 3524 2112 3594; x_wconf 86' lang='lat' dir='ltr'><strong>personae.</strong></span> <span class='ocrx_word' id='word_1_382' title='bbox 2168 3501 2391 3570; x_wconf 89' lang='lat' dir='ltr'><strong>Posita</strong></span> <span class='ocrx_word' id='word_1_383' title='bbox 2444 3509 2541 3569; x_wconf 87' lang='lat' dir='ltr'><strong>est</strong></span> <span class='ocrx_word' id='word_1_384' title='bbox 2592 3499 2946 3589; x_wconf 84' lang='lat' dir='ltr'><strong>diligenter</strong></span> <span class='ocrx_word' id='word_1_385' title='bbox 2988 3499 3313 3567; x_wconf 91' lang='lat' dir='ltr'><strong>sententia</strong></span> <span class='ocrx_word' id='word_1_386' title='bbox 3353 3499 3666 3585; x_wconf 90' lang='lat' dir='ltr'><strong>secunda,</strong></span> <span class='ocrx_word' id='word_1_387' title='bbox 3724 3507 3788 3567; x_wconf 91' lang='lat' dir='ltr'><strong>et</strong></span> <span class='ocrx_word' id='word_1_388' title='bbox 3817 3497 3953 3589; x_wconf 86' lang='lat' dir='ltr'><strong>ejus</strong></span> 
     </span>
     <span class='ocr_line' id='line_1_32' title="bbox 771 3614 3945 3713; baseline -0.003 -23"><span class='ocrx_word' id='word_1_389' title='bbox 771 3620 1144 3713; x_wconf 85' lang='lat' dir='ltr'><strong>explanatio</strong></span> <span class='ocrx_word' id='word_1_390' title='bbox 1183 3647 1198 3687; x_wconf 78' lang='lat' dir='ltr'><strong><em>z</em></strong></span> <span class='ocrx_word' id='word_1_391' title='bbox 1237 3620 1347 3690; x_wconf 91' lang='lat' dir='ltr'><strong>cui</strong></span> <span class='ocrx_word' id='word_1_392' title='bbox 1373 3620 1442 3687; x_wconf 91' lang='lat' dir='ltr'><strong>in</strong></span> <span class='ocrx_word' id='word_1_393' title='bbox 1473 3620 1687 3707; x_wconf 90' lang='lat' dir='ltr'><strong>nullo,</strong></span> <span class='ocrx_word' id='word_1_394' title='bbox 1713 3620 1817 3687; x_wconf 87' lang='lat' dir='ltr'><strong>vel</strong></span> <span class='ocrx_word' id='word_1_395' title='bbox 1846 3621 1916 3687; x_wconf 93' lang='lat' dir='ltr'><strong>in</strong></span> <span class='ocrx_word' id='word_1_396' title='bbox 1946 3619 2202 3688; x_wconf 90' lang='lat' dir='ltr'><strong>modico</strong></span> <span class='ocrx_word' id='word_1_397' title='bbox 2229 3618 2503 3687; x_wconf 88' lang='lat' dir='ltr'><strong>obviant</strong></span> <span class='ocrx_word' id='word_1_398' title='bbox 2527 3617 2943 3686; x_wconf 87' lang='lat' dir='ltr'><strong>auctoritates</strong></span> <span class='ocrx_word' id='word_1_399' title='bbox 2985 3615 3056 3683; x_wconf 91' lang='lat' dir='ltr'><strong>in</strong></span> <span class='ocrx_word' id='word_1_400' title='bbox 3083 3615 3277 3684; x_wconf 88' lang='lat' dir='ltr'><strong>tertia</strong></span> <span class='ocrx_word' id='word_1_401' title='bbox 3300 3614 3624 3684; x_wconf 88' lang='lat' dir='ltr'><strong>sententia</strong></span> <span class='ocrx_word' id='word_1_402' title='bbox 3650 3615 3945 3700; x_wconf 78' lang='lat' dir='ltr'><strong>inductae,</strong></span> 
     </span>
    </p>

    <p class='ocr_par' dir='ltr' id='par_1_12' title="bbox 599 3733 3948 3943">
     <span class='ocr_line' id='line_1_33' title="bbox 774 3733 1927 3829; baseline -0.002 -23"><span class='ocrx_word' id='word_1_403' title='bbox 774 3759 921 3829; x_wconf 63' lang='lat' dir='ltr'><strong>quae</strong></span> <span class='ocrx_word' id='word_1_404' title='bbox 941 3736 1083 3828; x_wconf 86' lang='lat' dir='ltr'><strong>jam</strong></span> <span class='ocrx_word' id='word_1_405' title='bbox 1111 3736 1581 3805; x_wconf 86' lang='lat' dir='ltr'><strong>consideranda</strong></span> <span class='ocrx_word' id='word_1_406' title='bbox 1607 3745 1726 3805; x_wconf 88' lang='lat' dir='ltr'><strong>est.</strong></span> <span class='ocrx_word' id='word_1_407' title='bbox 1922 3733 1927 3738; x_wconf 81' lang='grc'><strong>’</strong></span> 
     </span>
     <span class='ocr_line' id='line_1_34' title="bbox 599 3845 3948 3943; baseline -0.002 -21"><span class='ocrx_word' id='word_1_408' title='bbox 599 3846 745 3888; x_wconf 64' lang='lat'><strong>&#39;¹⁶¹⁰’</strong></span> <span class='ocrx_word' id='word_1_409' title='bbox 865 3853 942 3921; x_wconf 94' lang='lat' dir='ltr'><strong>In</strong></span> <span class='ocrx_word' id='word_1_410' title='bbox 970 3853 1091 3922; x_wconf 90' lang='lat' dir='ltr'><strong>hac</strong></span> <span class='ocrx_word' id='word_1_411' title='bbox 1115 3875 1270 3943; x_wconf 81' lang='lat' dir='ltr'><strong>ergo</strong></span> <span class='ocrx_word' id='word_1_412' title='bbox 1301 3853 1622 3921; x_wconf 86' lang='lat' dir='ltr'><strong>sententia</strong></span> <span class='ocrx_word' id='word_1_413' title='bbox 1661 3852 1752 3920; x_wconf 90' lang='lat' dir='ltr'><strong>sic</strong></span> <span class='ocrx_word' id='word_1_414' title='bbox 1797 3851 2081 3921; x_wconf 87' lang='lat' dir='ltr'><strong>dicitur:</strong></span> <span class='ocrx_word' id='word_1_415' title='bbox 2134 3850 2312 3919; x_wconf 89' lang='lat' dir='ltr'><strong>Deus</strong></span> <span class='ocrx_word' id='word_1_416' title='bbox 2354 3850 2565 3919; x_wconf 88' lang='lat' dir='ltr'><strong>factus</strong></span> <span class='ocrx_word' id='word_1_417' title='bbox 2600 3857 2695 3919; x_wconf 89' lang='lat' dir='ltr'><strong>est</strong></span> <span class='ocrx_word' id='word_1_418' title='bbox 2733 3850 2955 3932; x_wconf 88' lang='lat' dir='ltr'><strong>hom0,</strong></span> <span class='ocrx_word' id='word_1_419' title='bbox 2996 3848 3155 3940; x_wconf 90' lang='lat' dir='ltr'><strong>quia</strong></span> <span class='ocrx_word' id='word_1_420' title='bbox 3179 3846 3514 3916; x_wconf 89' lang='lat' dir='ltr'><strong>hominem</strong></span> <span class='ocrx_word' id='word_1_421' title='bbox 3551 3848 3797 3939; x_wconf 89' lang='lat' dir='ltr'><strong>accepit</strong></span> <span class='ocrx_word' id='word_1_422' title='bbox 3826 3873 3843 3930; x_wconf 80' lang='lat'><em>3</em></span> <span class='ocrx_word' id='word_1_423' title='bbox 3871 3845 3948 3914; x_wconf 84' lang='lat' dir='ltr'><strong>sii</strong></span> 
     </span>
    </p>
   </div>
   <div class='ocr_carea' id='block_1_11' title="bbox 542 3909 750 3952">
    <p class='ocr_par' dir='ltr' id='par_1_13' title="bbox 542 3909 750 3952">
     <span class='ocr_line' id='line_1_35' title="bbox 542 3909 750 3952; baseline -0.005 0"><span class='ocrx_word' id='word_1_424' title='bbox 542 3909 750 3952; x_wconf 72' lang='lat' dir='ltr'><strong>sententia</strong></span> 
     </span>
    </p>
   </div>
   <div class='ocr_carea' id='block_1_12' title="bbox 550 3963 3952 4089">
    <p class='ocr_par' dir='ltr' id='par_1_14' title="bbox 550 3963 3952 4089">
     <span class='ocr_line' id='line_1_36' title="bbox 550 3963 3952 4089; baseline -0.002 -53"><span class='ocrx_word' id='word_1_425' title='bbox 550 3974 752 4089; x_wconf 40' lang='lat' dir='ltr'><strong>2223}ss-</strong></span> <span class='ocrx_word' id='word_1_426' title='bbox 776 3969 1018 4038; x_wconf 88' lang='lat' dir='ltr'><strong>dicitur</strong></span> <span class='ocrx_word' id='word_1_427' title='bbox 1046 3991 1180 4037; x_wconf 84' lang='lat' dir='ltr'><strong>esse</strong></span> <span class='ocrx_word' id='word_1_428' title='bbox 1206 3968 1430 4058; x_wconf 91' lang='lat' dir='ltr'><strong>homo,</strong></span> <span class='ocrx_word' id='word_1_429' title='bbox 1463 3969 1622 4061; x_wconf 90' lang='lat' dir='ltr'><strong>quia</strong></span> <span class='ocrx_word' id='word_1_430' title='bbox 1646 3968 1980 4037; x_wconf 91' lang='lat' dir='ltr'><strong>hominem</strong></span> <span class='ocrx_word' id='word_1_431' title='bbox 2008 3967 2231 4053; x_wconf 88' lang='lat' dir='ltr'><strong>habet,</strong></span> <span class='ocrx_word' id='word_1_432' title='bbox 2265 3967 2371 4036; x_wconf 88' lang='lat' dir='ltr'><strong>vel</strong></span> <span class='ocrx_word' id='word_1_433' title='bbox 2399 3967 2558 4059; x_wconf 90' lang='lat' dir='ltr'><strong>quia</strong></span> <span class='ocrx_word' id='word_1_434' title='bbox 2582 3974 2678 4035; x_wconf 86' lang='lat' dir='ltr'><strong>est</strong></span> <span class='ocrx_word' id='word_1_435' title='bbox 2715 3966 2961 4035; x_wconf 90' lang='lat' dir='ltr'><strong>habens</strong></span> <span class='ocrx_word' id='word_1_436' title='bbox 2996 3964 3334 4033; x_wconf 90' lang='lat' dir='ltr'><strong>hominem</strong></span> <span class='ocrx_word' id='word_1_437' title='bbox 3367 3990 3385 4050; x_wconf 82' lang='lat'>3</span> <span class='ocrx_word' id='word_1_438' title='bbox 3435 3972 3500 4032; x_wconf 90' lang='lat' dir='ltr'><strong>et</strong></span> <span class='ocrx_word' id='word_1_439' title='bbox 3525 3964 3728 4033; x_wconf 91' lang='lat' dir='ltr'><strong>homo</strong></span> <span class='ocrx_word' id='word_1_440' title='bbox 3754 3963 3952 4032; x_wconf 73' lang='lat' dir='ltr'><strong>factus</strong></span> 
     </span>
    </p>
   </div>
   <div class='ocr_carea' id='block_1_13' title="bbox 558 4079 3953 4290">
    <p class='ocr_par' dir='ltr' id='par_1_15' title="bbox 558 4079 3953 4290">
     <span class='ocr_line' id='line_1_37' title="bbox 568 4079 3944 4177; baseline -0.003 -24"><span class='ocrx_word' id='word_1_441' title='bbox 568 4109 727 4170; x_wconf 53' lang='lat' dir='ltr'><strong>mum,</strong></span> <span class='ocrx_word' id='word_1_442' title='bbox 776 4084 976 4173; x_wconf 89' lang='grc'><strong>06115,</strong></span> <span class='ocrx_word' id='word_1_443' title='bbox 1017 4085 1179 4177; x_wconf 88' lang='lat' dir='ltr'><strong>quia</strong></span> <span class='ocrx_word' id='word_1_444' title='bbox 1206 4092 1582 4177; x_wconf 87' lang='lat' dir='ltr'><strong>assumptus</strong></span> <span class='ocrx_word' id='word_1_445' title='bbox 1599 4095 1694 4152; x_wconf 90' lang='lat' dir='ltr'><strong>est</strong></span> <span class='ocrx_word' id='word_1_446' title='bbox 1722 4108 1761 4153; x_wconf 91' lang='lat' dir='ltr'><strong>a</strong></span> <span class='ocrx_word' id='word_1_447' title='bbox 1792 4083 1963 4169; x_wconf 90' lang='lat' dir='ltr'><strong>Deo;</strong></span> <span class='ocrx_word' id='word_1_448' title='bbox 2019 4090 2083 4150; x_wconf 91' lang='lat' dir='ltr'><strong>et</strong></span> <span class='ocrx_word' id='word_1_449' title='bbox 2113 4083 2310 4151; x_wconf 91' lang='lat' dir='ltr'><strong>homo</strong></span> <span class='ocrx_word' id='word_1_450' title='bbox 2350 4105 2485 4151; x_wconf 89' lang='lat' dir='ltr'><strong>esse</strong></span> <span class='ocrx_word' id='word_1_451' title='bbox 2532 4082 2731 4168; x_wconf 89' lang='lat' dir='ltr'><strong>Deus,</strong></span> <span class='ocrx_word' id='word_1_452' title='bbox 2788 4082 2947 4174; x_wconf 90' lang='lat' dir='ltr'><strong>quia</strong></span> <span class='ocrx_word' id='word_1_453' title='bbox 2991 4080 3240 4149; x_wconf 89' lang='lat' dir='ltr'><strong>habens</strong></span> <span class='ocrx_word' id='word_1_454' title='bbox 3268 4079 3604 4148; x_wconf 90' lang='lat' dir='ltr'><strong>hominem</strong></span> <span class='ocrx_word' id='word_1_455' title='bbox 3636 4088 3734 4149; x_wconf 88' lang='lat' dir='ltr'><strong>est</strong></span> <span class='ocrx_word' id='word_1_456' title='bbox 3760 4079 3944 4146; x_wconf 91' lang='grc'><strong>06115.</strong></span> 
     </span>
     <span class='ocr_line' id='line_1_38' title="bbox 558 4172 3953 4290; baseline -0.001 -27"><span class='ocrx_word' id='word_1_457' title='bbox 558 4172 750 4266; x_wconf 48' lang='lat' dir='ltr'><strong>mm.-</strong></span> <span class='ocrx_word' id='word_1_458' title='bbox 774 4200 940 4271; x_wconf 87' lang='lat' dir='ltr'><strong>Cum</strong></span> <span class='ocrx_word' id='word_1_459' title='bbox 971 4222 1127 4290; x_wconf 90' lang='lat' dir='ltr'><strong>ergo</strong></span> <span class='ocrx_word' id='word_1_460' title='bbox 1153 4193 1426 4269; x_wconf 64' lang='lat' dir='ltr'><strong>dicitur:</strong></span> <span class='ocrx_word' id='word_1_461' title='bbox 1462 4227 1498 4265; x_wconf 84' lang='lat'>«</span> <span class='ocrx_word' id='word_1_462' title='bbox 1530 4200 1706 4268; x_wconf 88' lang='lat' dir='ltr'><strong>Deus</strong></span> <span class='ocrx_word' id='word_1_463' title='bbox 1730 4206 1826 4267; x_wconf 90' lang='lat' dir='ltr'><strong>est</strong></span> <span class='ocrx_word' id='word_1_464' title='bbox 1851 4193 2088 4285; x_wconf 79' lang='lat' dir='ltr'><strong>homo,</strong></span> <span class='ocrx_word' id='word_1_465' title='bbox 2110 4225 2144 4263; x_wconf 73' lang='grc'><strong>1)</strong></span> <span class='ocrx_word' id='word_1_466' title='bbox 2207 4198 2313 4266; x_wconf 87' lang='lat' dir='ltr'><strong>vel</strong></span> <span class='ocrx_word' id='word_1_467' title='bbox 2363 4197 2629 4267; x_wconf 88' lang='lat' dir='ltr'><strong>habitus</strong></span> <span class='ocrx_word' id='word_1_468' title='bbox 2663 4197 3079 4290; x_wconf 83' lang='lat' dir='ltr'><strong>praedicatur,</strong></span> <span class='ocrx_word' id='word_1_469' title='bbox 3124 4196 3229 4266; x_wconf 88' lang='lat' dir='ltr'><strong>vel</strong></span> <span class='ocrx_word' id='word_1_470' title='bbox 3257 4219 3558 4288; x_wconf 89' lang='lat' dir='ltr'><strong>persona,</strong></span> <span class='ocrx_word' id='word_1_471' title='bbox 3588 4196 3702 4265; x_wconf 89' lang='lat' dir='ltr'><strong>sed</strong></span> <span class='ocrx_word' id='word_1_472' title='bbox 3728 4196 3953 4264; x_wconf 84' lang='lat' dir='ltr'><strong>huma-</strong></span> 
     </span>
    </p>
   </div>
   <div class='ocr_carea' id='block_1_14' title="bbox 558 4283 713 4327">
    <p class='ocr_par' dir='ltr' id='par_1_16' title="bbox 558 4283 713 4327">
     <span class='ocr_line' id='line_1_39' title="bbox 558 4283 713 4327; baseline 0.019 -3"><span class='ocrx_word' id='word_1_473' title='bbox 558 4283 713 4327; x_wconf 76' lang='lat' dir='ltr'><strong>inteni-</strong></span> 
     </span>
    </p>
   </div>
   <div class='ocr_carea' id='block_1_15' title="bbox 425 4312 3944 4409">
    <p class='ocr_par' dir='ltr' id='par_1_17' title="bbox 425 4312 3944 4409">
     <span class='ocr_line' id='line_1_40' title="bbox 425 4312 3944 4409; baseline -0.003 -22"><span class='ocrx_word' id='word_1_474' title='bbox 425 4332 427 4335; x_wconf 68' lang='lat'>‘</span> <span class='ocrx_word' id='word_1_475' title='bbox 536 4347 676 4400; x_wconf 65' lang='lat' dir='ltr'><strong>genna</strong></span> <span class='ocrx_word' id='word_1_476' title='bbox 776 4327 952 4386; x_wconf 91' lang='lat' dir='ltr'><strong>nata.</strong></span> <span class='ocrx_word' id='word_1_477' title='bbox 984 4317 1068 4385; x_wconf 91' lang='lat' dir='ltr'><strong>Et</strong></span> <span class='ocrx_word' id='word_1_478' title='bbox 1093 4316 1267 4409; x_wconf 91' lang='lat' dir='ltr'><strong>quod</strong></span> <span class='ocrx_word' id='word_1_479' title='bbox 1309 4338 1588 4409; x_wconf 88' lang='lat' dir='ltr'><strong>persona</strong></span> <span class='ocrx_word' id='word_1_480' title='bbox 1638 4315 2004 4384; x_wconf 90' lang='lat' dir='ltr'><strong>humanata</strong></span> <span class='ocrx_word' id='word_1_481' title='bbox 2030 4313 2442 4406; x_wconf 87' lang='lat' dir='ltr'><strong>praedicetur,</strong></span> <span class='ocrx_word' id='word_1_482' title='bbox 2492 4314 2915 4384; x_wconf 89' lang='lat' dir='ltr'><strong>Cassiodorus</strong></span> <span class='ocrx_word' id='word_1_483' title='bbox 2954 4312 3307 4383; x_wconf 87' lang='lat' dir='ltr'><strong>ostendere</strong></span> <span class='ocrx_word' id='word_1_484' title='bbox 3347 4312 3637 4399; x_wconf 84' lang='lat' dir='ltr'><strong>videtur,</strong></span> <span class='ocrx_word' id='word_1_485' title='bbox 3687 4312 3944 4382; x_wconf 86' lang='lat' dir='ltr'><strong>dicens:</strong></span> 
     </span>
    </p>
   </div>
   <div class='ocr_carea' id='block_1_16' title="bbox 775 4428 3951 5220">
    <p class='ocr_par' dir='ltr' id='par_1_18' title="bbox 775 4428 3951 5220">
     <span class='ocr_line' id='line_1_41' title="bbox 778 4428 3951 4522; baseline -0.002 -22"><span class='ocrx_word' id='word_1_486' title='bbox 778 4459 814 4500; x_wconf 70' lang='grc' dir='ltr'><strong>ι(</strong></span> <span class='ocrx_word' id='word_1_487' title='bbox 834 4434 1069 4502; x_wconf 88' lang='lat' dir='ltr'><strong>Factus</strong></span> <span class='ocrx_word' id='word_1_488' title='bbox 1096 4441 1215 4519; x_wconf 88' lang='lat' dir='ltr'><strong>est,</strong></span> <span class='ocrx_word' id='word_1_489' title='bbox 1249 4440 1324 4501; x_wconf 90' lang='lat' dir='ltr'><strong>ut</strong></span> <span class='ocrx_word' id='word_1_490' title='bbox 1346 4432 1438 4500; x_wconf 91' lang='lat' dir='ltr'><strong>ita</strong></span> <span class='ocrx_word' id='word_1_491' title='bbox 1463 4431 1769 4518; x_wconf 83' lang='lat' dir='ltr'><strong>dixerim,</strong></span> <span class='ocrx_word' id='word_1_492' title='bbox 1799 4431 2198 4498; x_wconf 88' lang='lat' dir='ltr'><strong>humanatus</strong></span> <span class='ocrx_word' id='word_1_493' title='bbox 2217 4429 2416 4517; x_wconf 90' lang='lat' dir='ltr'><strong>Deus,</strong></span> <span class='ocrx_word' id='word_1_494' title='bbox 2448 4431 2566 4522; x_wconf 90' lang='lat' dir='ltr'><strong>qui</strong></span> <span class='ocrx_word' id='word_1_495' title='bbox 2587 4431 2781 4498; x_wconf 90' lang='lat' dir='ltr'><strong>etiam</strong></span> <span class='ocrx_word' id='word_1_496' title='bbox 2810 4429 2881 4497; x_wconf 91' lang='lat' dir='ltr'><strong>in</strong></span> <span class='ocrx_word' id='word_1_497' title='bbox 2914 4429 3358 4521; x_wconf 88' lang='lat' dir='ltr'><strong>assumptione</strong></span> <span class='ocrx_word' id='word_1_498' title='bbox 3382 4429 3598 4497; x_wconf 90' lang='lat' dir='ltr'><strong>carnis</strong></span> <span class='ocrx_word' id='word_1_499' title='bbox 3626 4428 3800 4498; x_wconf 87' lang='grc'><strong>06115</strong></span> <span class='ocrx_word' id='word_1_500' title='bbox 3825 4446 3951 4495; x_wconf 86' lang='lat' dir='ltr'><strong>esse</strong></span> 
     </span>
     <span class='ocr_line' id='line_1_42' title="bbox 776 4539 3950 4638; baseline -0.003 -21"><span class='ocrx_word' id='word_1_501' title='bbox 776 4571 909 4617; x_wconf 92' lang='lat' dir='ltr'><strong>non</strong></span> <span class='ocrx_word' id='word_1_502' title='bbox 937 4548 1261 4618; x_wconf 86' lang='lat' dir='ltr'><strong>destitit.»</strong></span> <span class='ocrx_word' id='word_1_503' title='bbox 1308 4546 1499 4629; x_wconf 90' lang='lat' dir='ltr'><strong>Quod</strong></span> <span class='ocrx_word' id='word_1_504' title='bbox 1529 4556 1747 4616; x_wconf 87' lang='lat' dir='ltr'><strong>tamen</strong></span> <span class='ocrx_word' id='word_1_505' title='bbox 1793 4545 1971 4615; x_wconf 86' lang='lat' dir='ltr'><strong>varie</strong></span> <span class='ocrx_word' id='word_1_506' title='bbox 2016 4546 2218 4638; x_wconf 91' lang='lat' dir='ltr'><strong>accipi</strong></span> <span class='ocrx_word' id='word_1_507' title='bbox 2259 4553 2491 4637; x_wconf 90' lang='lat' dir='ltr'><strong>potest,</strong></span> <span class='ocrx_word' id='word_1_508' title='bbox 2534 4554 2610 4614; x_wconf 89' lang='lat' dir='ltr'><strong>ut</strong></span> <span class='ocrx_word' id='word_1_509' title='bbox 2649 4545 2905 4614; x_wconf 88' lang='lat' dir='ltr'><strong>dicatur</strong></span> <span class='ocrx_word' id='word_1_510' title='bbox 2948 4544 3124 4614; x_wconf 90' lang='lat' dir='ltr'><strong>Deus</strong></span> <span class='ocrx_word' id='word_1_511' title='bbox 3162 4545 3371 4613; x_wconf 83' lang='lat' dir='ltr'><strong>factus</strong></span> <span class='ocrx_word' id='word_1_512' title='bbox 3399 4545 3826 4630; x_wconf 86' lang='lat' dir='ltr'><strong>humanatus,</strong></span> <span class='ocrx_word' id='word_1_513' title='bbox 3853 4539 3950 4610; x_wconf 87' lang='lat' dir='ltr'><strong>vel</strong></span> 
     </span>
     <span class='ocr_line' id='line_1_43' title="bbox 775 4661 3946 4754; baseline -0.003 -21"><span class='ocrx_word' id='word_1_514' title='bbox 775 4664 1074 4733; x_wconf 88' lang='lat' dir='ltr'><strong>Christus</strong></span> <span class='ocrx_word' id='word_1_515' title='bbox 1101 4663 1311 4732; x_wconf 88' lang='lat' dir='ltr'><strong>factus</strong></span> <span class='ocrx_word' id='word_1_516' title='bbox 1337 4663 1513 4733; x_wconf 89' lang='lat' dir='ltr'><strong>Deus</strong></span> <span class='ocrx_word' id='word_1_517' title='bbox 1538 4664 1940 4732; x_wconf 90' lang='lat' dir='ltr'><strong>humanatus</strong></span> <span class='ocrx_word' id='word_1_518' title='bbox 1979 4688 1994 4730; x_wconf 91' lang='lat'>:</span> <span class='ocrx_word' id='word_1_519' title='bbox 2042 4670 2402 4754; x_wconf 89' lang='lat' dir='ltr'><strong>utrumque</strong></span> <span class='ocrx_word' id='word_1_520' title='bbox 2439 4663 2617 4731; x_wconf 88' lang='lat' dir='ltr'><strong>enim</strong></span> <span class='ocrx_word' id='word_1_521' title='bbox 2663 4685 2818 4731; x_wconf 90' lang='lat' dir='ltr'><strong>sane</strong></span> <span class='ocrx_word' id='word_1_522' title='bbox 2862 4662 2991 4731; x_wconf 90' lang='lat' dir='ltr'><strong>dici</strong></span> <span class='ocrx_word' id='word_1_523' title='bbox 3028 4669 3258 4754; x_wconf 88' lang='lat' dir='ltr'><strong>potest.</strong></span> <span class='ocrx_word' id='word_1_524' title='bbox 3295 4661 3465 4732; x_wconf 89' lang='lat' dir='ltr'><strong>Cum</strong></span> <span class='ocrx_word' id='word_1_525' title='bbox 3491 4684 3650 4751; x_wconf 90' lang='lat' dir='ltr'><strong>ergo</strong></span> <span class='ocrx_word' id='word_1_526' title='bbox 3677 4661 3946 4730; x_wconf 82' lang='lat' dir='ltr'><strong>dicitur:</strong></span> 
     </span>
     <span class='ocr_line' id='line_1_44' title="bbox 779 4778 3947 4872; baseline -0.001 -25"><span class='ocrx_word' id='word_1_527' title='bbox 779 4807 814 4848; x_wconf 89' lang='lat'>«</span> <span class='ocrx_word' id='word_1_528' title='bbox 845 4782 1082 4849; x_wconf 90' lang='lat' dir='ltr'><strong>Factus</strong></span> <span class='ocrx_word' id='word_1_529' title='bbox 1108 4790 1205 4849; x_wconf 91' lang='lat' dir='ltr'><strong>est</strong></span> <span class='ocrx_word' id='word_1_530' title='bbox 1231 4779 1406 4848; x_wconf 91' lang='lat' dir='ltr'><strong>Deus</strong></span> <span class='ocrx_word' id='word_1_531' title='bbox 1434 4778 1659 4865; x_wconf 90' lang='lat' dir='ltr'><strong>hom0,</strong></span> <span class='ocrx_word' id='word_1_532' title='bbox 1692 4805 1726 4844; x_wconf 83' lang='lat'>»</span> <span class='ocrx_word' id='word_1_533' title='bbox 1756 4778 2106 4872; x_wconf 85' lang='lat' dir='ltr'><strong>multiplex</strong></span> <span class='ocrx_word' id='word_1_534' title='bbox 2139 4778 2500 4848; x_wconf 90' lang='lat' dir='ltr'><strong>secundum</strong></span> <span class='ocrx_word' id='word_1_535' title='bbox 2528 4780 2685 4849; x_wconf 90' lang='lat' dir='ltr'><strong>istos</strong></span> <span class='ocrx_word' id='word_1_536' title='bbox 2705 4780 2782 4847; x_wconf 87' lang='lat' dir='ltr'><strong>fit</strong></span> <span class='ocrx_word' id='word_1_537' title='bbox 2809 4779 3269 4869; x_wconf 87' lang='lat' dir='ltr'><strong>intelligentia,</strong></span> <span class='ocrx_word' id='word_1_538' title='bbox 3304 4787 3379 4848; x_wconf 90' lang='lat' dir='ltr'><strong>ut</strong></span> <span class='ocrx_word' id='word_1_539' title='bbox 3407 4785 3715 4847; x_wconf 89' lang='lat' dir='ltr'><strong>naturam</strong></span> <span class='ocrx_word' id='word_1_540' title='bbox 3726 4778 3947 4846; x_wconf 85' lang='lat' dir='ltr'><strong>huma-</strong></span> 
     </span>
     <span class='ocr_line' id='line_1_45' title="bbox 777 4888 3947 4988; baseline -0.002 -24"><span class='ocrx_word' id='word_1_541' title='bbox 777 4919 930 4964; x_wconf 90' lang='lat' dir='ltr'><strong>nam</strong></span> <span class='ocrx_word' id='word_1_542' title='bbox 985 4896 1355 4988; x_wconf 89' lang='lat' dir='ltr'><strong>accepisse,·</strong></span> <span class='ocrx_word' id='word_1_543' title='bbox 1383 4895 1491 4963; x_wconf 88' lang='lat' dir='ltr'><strong>vel</strong></span> <span class='ocrx_word' id='word_1_544' title='bbox 1539 4893 1975 4964; x_wconf 88' lang='lat' dir='ltr'><strong>humanatum</strong></span> <span class='ocrx_word' id='word_1_545' title='bbox 2031 4895 2328 4964; x_wconf 88' lang='lat' dir='ltr'><strong>Verbum</strong></span> <span class='ocrx_word' id='word_1_546' title='bbox 2384 4919 2520 4964; x_wconf 89' lang='lat' dir='ltr'><strong>esse</strong></span> <span class='ocrx_word' id='word_1_547' title='bbox 2570 4896 2885 4988; x_wconf 90' lang='lat' dir='ltr'><strong>incepisse</strong></span> <span class='ocrx_word' id='word_1_548' title='bbox 2945 4896 3379 4986; x_wconf 85' lang='lat' dir='ltr'><strong>intelligatur.</strong></span> <span class='ocrx_word' id='word_1_549' title='bbox 3441 4893 3572 4963; x_wconf 86' lang='lat' dir='ltr'><strong>Nec</strong></span> <span class='ocrx_word' id='word_1_550' title='bbox 3627 4904 3868 4978; x_wconf 88' lang='lat' dir='ltr'><strong>tamen,</strong></span> <span class='ocrx_word' id='word_1_551' title='bbox 3895 4888 3947 4958; x_wconf 91' lang='lat' dir='ltr'><strong>si</strong></span> 
     </span>
     <span class='ocr_line' id='line_1_46' title="bbox 777 5004 3947 5104; baseline -0.002 -24"><span class='ocrx_word' id='word_1_552' title='bbox 777 5013 1012 5104; x_wconf 89' lang='lat' dir='ltr'><strong>incepit</strong></span> <span class='ocrx_word' id='word_1_553' title='bbox 1058 5034 1193 5080; x_wconf 88' lang='grc'><strong>6556</strong></span> <span class='ocrx_word' id='word_1_554' title='bbox 1227 5011 1667 5079; x_wconf 88' lang='lat' dir='ltr'><strong>humanatum</strong></span> <span class='ocrx_word' id='word_1_555' title='bbox 1714 5010 2052 5097; x_wconf 91' lang='lat' dir='ltr'><strong>Verbum,</strong></span> <span class='ocrx_word' id='word_1_556' title='bbox 2101 5009 2249 5079; x_wconf 90' lang='lat' dir='ltr'><strong>ideo</strong></span> <span class='ocrx_word' id='word_1_557' title='bbox 2292 5012 2595 5103; x_wconf 88' lang='lat' dir='ltr'><strong>sequitur</strong></span> <span class='ocrx_word' id='word_1_558' title='bbox 2632 5011 2810 5104; x_wconf 86' lang='lat' dir='ltr'><strong>quod</strong></span> <span class='ocrx_word' id='word_1_559' title='bbox 2850 5012 3167 5104; x_wconf 89' lang='lat' dir='ltr'><strong>inceperit</strong></span> <span class='ocrx_word' id='word_1_560' title='bbox 3202 5034 3338 5081; x_wconf 89' lang='lat' dir='ltr'><strong>esse</strong></span> <span class='ocrx_word' id='word_1_561' title='bbox 3383 5010 3677 5079; x_wconf 88' lang='lat' dir='ltr'><strong>Verbum</strong></span> <span class='ocrx_word' id='word_1_562' title='bbox 3710 5039 3726 5094; x_wconf 77' lang='lat'>3</span> <span class='ocrx_word' id='word_1_563' title='bbox 3758 5030 3873 5078; x_wconf 89' lang='lat' dir='ltr'><strong>nec</strong></span> <span class='ocrx_word' id='word_1_564' title='bbox 3897 5004 3947 5072; x_wconf 90' lang='lat' dir='ltr'><strong>si</strong></span> 
     </span>
     <span class='ocr_line' id='line_1_47' title="bbox 777 5125 3947 5220; baseline -0.002 -25"><span class='ocrx_word' id='word_1_565' title='bbox 777 5128 953 5197; x_wconf 89' lang='lat' dir='ltr'><strong>Deus</strong></span> <span class='ocrx_word' id='word_1_566' title='bbox 977 5128 1185 5197; x_wconf 78' lang='lat' dir='ltr'><strong>factus</strong></span> <span class='ocrx_word' id='word_1_567' title='bbox 1211 5139 1305 5197; x_wconf 90' lang='lat' dir='ltr'><strong>est</strong></span> <span class='ocrx_word' id='word_1_568' title='bbox 1330 5126 1767 5198; x_wconf 87' lang='lat' dir='ltr'><strong>humanatum</strong></span> <span class='ocrx_word' id='word_1_569' title='bbox 1803 5127 2129 5213; x_wconf 88' lang='lat' dir='ltr'><strong>Verbum,</strong></span> <span class='ocrx_word' id='word_1_570' title='bbox 2160 5127 2461 5220; x_wconf 86' lang='lat' dir='ltr'><strong>sequitur</strong></span> <span class='ocrx_word' id='word_1_571' title='bbox 2494 5126 2674 5220; x_wconf 89' lang='lat' dir='ltr'><strong>quod</strong></span> <span class='ocrx_word' id='word_1_572' title='bbox 2701 5128 2913 5197; x_wconf 84' lang='lat' dir='ltr'><strong>factus</strong></span> <span class='ocrx_word' id='word_1_573' title='bbox 2936 5127 3020 5196; x_wconf 89' lang='lat' dir='ltr'><strong>sit</strong></span> <span class='ocrx_word' id='word_1_574' title='bbox 3050 5127 3347 5197; x_wconf 90' lang='lat' dir='ltr'><strong>Verbum</strong></span> <span class='ocrx_word' id='word_1_575' title='bbox 3380 5151 3396 5195; x_wconf 74' lang='grc' dir='ltr'><strong><em>ε</em></strong></span> <span class='ocrx_word' id='word_1_576' title='bbox 3427 5125 3601 5196; x_wconf 86' lang='grc'><strong>516111</strong></span> <span class='ocrx_word' id='word_1_577' title='bbox 3625 5126 3709 5196; x_wconf 90' lang='lat' dir='ltr'><strong>de</strong></span> <span class='ocrx_word' id='word_1_578' title='bbox 3735 5125 3947 5215; x_wconf 86' lang='lat' dir='ltr'><strong>aliquo</strong></span> 
     </span>
    </p>
   </div>
   <div class='ocr_carea' id='block_1_17' title="bbox 774 5373 3946 5515">
    <p class='ocr_par' dir='ltr' id='par_1_19' title="bbox 774 5352 3946 5515">
     <span class='ocr_line' id='line_1_48' title="bbox 839 5373 3946 5445; baseline -0.001 -18"><span class='ocrx_word' id='word_1_579' title='bbox 839 5378 856 5413; x_wconf 91' lang='lat'>¹</span> <span class='ocrx_word' id='word_1_580' title='bbox 884 5378 1035 5441; x_wconf 61' lang='lat' dir='ltr'><strong>Aug„</strong></span> <span class='ocrx_word' id='word_1_581' title='bbox 1058 5375 1119 5426; x_wconf 82' lang='lat' dir='ltr'><strong>de</strong></span> <span class='ocrx_word' id='word_1_582' title='bbox 1142 5376 1277 5428; x_wconf 81' lang='lat' dir='ltr'><strong>Dono</strong></span> <span class='ocrx_word' id='word_1_583' title='bbox 1300 5377 1516 5438; x_wconf 62' lang='lat' dir='ltr'><strong>Per-sev„</strong></span> <span class='ocrx_word' id='word_1_584' title='bbox 1541 5390 1588 5426; x_wconf 87' lang='lat' dir='ltr'><strong>c.</strong></span> <span class='ocrx_word' id='word_1_585' title='bbox 1610 5387 1755 5440; x_wconf 76' lang='lat' dir='ltr'><strong>xxlv,</strong></span> <span class='ocrx_word' id='word_1_586' title='bbox 1776 5390 1829 5426; x_wconf 93' lang='lat' dir='ltr'><strong>n.</strong></span> <span class='ocrx_word' id='word_1_587' title='bbox 1855 5379 1932 5429; x_wconf 79' lang='lat'><strong>67.</strong></span> <span class='ocrx_word' id='word_1_588' title='bbox 1963 5405 2015 5414; x_wconf 91' lang='lat'><strong>—-</strong></span> <span class='ocrx_word' id='word_1_589' title='bbox 2038 5379 2061 5413; x_wconf 78' lang='lat'>²</span> <span class='ocrx_word' id='word_1_590' title='bbox 2080 5378 2317 5445; x_wconf 66' lang='lat' dir='ltr'><strong>meren„</strong></span> <span class='ocrx_word' id='word_1_591' title='bbox 2346 5392 2500 5430; x_wconf 83' lang='lat' dir='ltr'><strong>serm.</strong></span> <span class='ocrx_word' id='word_1_592' title='bbox 2524 5378 2588 5429; x_wconf 81' lang='lat' dir='ltr'><strong>de</strong></span> <span class='ocrx_word' id='word_1_593' title='bbox 2604 5379 2838 5443; x_wconf 63' lang='lat' dir='ltr'><strong>Assump.</strong></span> <span class='ocrx_word' id='word_1_594' title='bbox 2859 5380 3057 5440; x_wconf 70' lang='grc' dir='ltr'><strong>Μανία,</strong></span> <span class='ocrx_word' id='word_1_595' title='bbox 3078 5384 3196 5443; x_wconf 87' lang='lat' dir='ltr'><strong>post</strong></span> <span class='ocrx_word' id='word_1_596' title='bbox 3221 5378 3361 5428; x_wconf 86' lang='lat' dir='ltr'><strong>med.</strong></span> <span class='ocrx_word' id='word_1_597' title='bbox 3379 5406 3443 5417; x_wconf 91' lang='lat'><em>-</em></span> <span class='ocrx_word' id='word_1_598' title='bbox 3462 5379 3485 5416; x_wconf 83' lang='lat'>⁸</span> <span class='ocrx_word' id='word_1_599' title='bbox 3505 5378 3708 5439; x_wconf 61' lang='lat' dir='ltr'><strong>Amba,</strong></span> <span class='ocrx_word' id='word_1_600' title='bbox 3731 5375 3792 5426; x_wconf 81' lang='lat' dir='ltr'><strong>de</strong></span> <span class='ocrx_word' id='word_1_601' title='bbox 3818 5373 3946 5440; x_wconf 72' lang='lat' dir='ltr'><strong>Spt&#39;r</strong></span> 
     </span>
     <span class='ocr_line' id='line_1_49' title="bbox 774 5446 2699 5515; baseline -0.001 -13"><span class='ocrx_word' id='word_1_602' title='bbox 774 5451 976 5512; x_wconf 83' lang='lat' dir='ltr'><strong>Sancto,</strong></span> <span class='ocrx_word' id='word_1_603' title='bbox 993 5446 1080 5500; x_wconf 87' lang='lat' dir='ltr'><strong>lib.</strong></span> <span class='ocrx_word' id='word_1_604' title='bbox 1112 5449 1199 5498; x_wconf 88' lang='grc' dir='ltr'><strong>ΙΙΙ.</strong></span> <span class='ocrx_word' id='word_1_605' title='bbox 1219 5448 1311 5486; x_wconf 67' lang='grc' dir='ltr'><strong>-δ</strong></span> <span class='ocrx_word' id='word_1_606' title='bbox 1339 5449 1490 5512; x_wconf 63' lang='lat' dir='ltr'><strong>Aug„</strong></span> <span class='ocrx_word' id='word_1_607' title='bbox 1516 5450 1690 5498; x_wconf 75' lang='lat' dir='ltr'><strong>eontra</strong></span> <span class='ocrx_word' id='word_1_608' title='bbox 1717 5449 1950 5511; x_wconf 69' lang='lat' dir='ltr'><strong>Maxim„</strong></span> <span class='ocrx_word' id='word_1_609' title='bbox 1980 5449 2070 5500; x_wconf 85' lang='lat' dir='ltr'><strong>lib.</strong></span> <span class='ocrx_word' id='word_1_610' title='bbox 2101 5452 2189 5515; x_wconf 86' lang='grc' dir='ltr'><strong>ΙΙΙ,</strong></span> <span class='ocrx_word' id='word_1_611' title='bbox 2213 5451 2281 5501; x_wconf 90' lang='lat' dir='ltr'><strong>al.</strong></span> <span class='ocrx_word' id='word_1_612' title='bbox 2309 5453 2369 5512; x_wconf 84' lang='grc' dir='ltr'><strong>ΙΙ,</strong></span> <span class='ocrx_word' id='word_1_613' title='bbox 2396 5465 2445 5500; x_wconf 84' lang='grc'><strong>6.</strong></span> <span class='ocrx_word' id='word_1_614' title='bbox 2477 5462 2529 5514; x_wconf 84' lang='lat' dir='ltr'><strong>x,</strong></span> <span class='ocrx_word' id='word_1_615' title='bbox 2559 5464 2614 5500; x_wconf 90' lang='lat' dir='ltr'><strong>n.</strong></span> <span class='ocrx_word' id='word_1_616' title='bbox 2648 5453 2699 5501; x_wconf 80' lang='lat'><strong>2.</strong></span> 
     </span>
    </p>
   </div>
  </div>
 </body>
</html>
