4185 6288
1102 470 1300 545 ms‘r.
1342 477 1583 545 XXVII.
1627 479 1809 549 ΛΒΤ.
1856 483 1905 553 Ῑ.
1950 475 2250 564 QUAEST.
2298 472 2401 551 lv.

44 625 156 670 210³.
182 610 243 675 in
266 613 640 694 praecedenti
679 612 1066 695 problemate
1091 614 1216 678 fuit
1253 618 1597 680 ostensum.
1626 615 1703 681 Et

3225 482 3336 553 611

1812 627 2017 703 potest
2042 621 2374 704 obliquare
2411 619 2655 701 aliquas
2681 621 3042 693 affectiones
3067 623 3305 688 animae
3323 675 3342 705 ‚

180 719 308 782 ideo
334 725 430 783 est
451 719 658 784 adhuc
683 720 909 783 tertius
936 721 1166 785 modus
1188 722 1492 786 reddendi
1519 723 1704 787 ratio-
1809 731 1968 812 quin
2006 729 2221 812 aliquo
2248 729 2469 808 mode,
2499 729 2603 793 vel
2630 730 3100 812 principaliter,
3131 733 3236 797 vel
3264 753 3347 798 ex

176 841 349 903 nem,
380 842 581 907 quare
607 827 882 890 charitas
923 847 1053 892 non
1092 832 1298 912 potest
1332 847 1466 893 esse
1506 829 1704 894 infor-

175 932 291 995 mis
307 980 321 1006 ,
352 932 519 997 sicut
545 932 687 996 aliae
710 933 977 998 virtutes
1007 953 1025 997 z
1056 934 1181 999 hoc
1205 936 1375 999 enim
1407 940 1523 1013 est,
1553 937 1707 1019 quia

176 1040 440 1104 charitas
478 1058 610 1104 non
651 1042 862 1132 solum
905 1042 973 1105 in
1019 1045 1334 1125 quantum
1384 1044 1665 1124 gratuita
1684 1091 1701 1119 ‚

90 1228 102 1237 ·
172 1148 278 1213 sed
310 1148 502 1213 etiam
538 1149 614 1212 *in
656 1153 972 1232 quantum
1016 1150 1268 1216 affectio
1308 1156 1520 1229 recta,
1570 1152 1707 1216 sive

172 1259 483 1337 quantum
510 1256 590 1319 ad
615 1256 911 1320 habitum
939 1257 1358 1336 substratum,
1386 1261 1710 1341 repugnat

172 1361 345 1425 omni
377 1367 631 1444 peccato
648 1411 666 1442 ,
696 1363 861 1427 sicut
893 1363 1052 1427 fides
1077 1364 1431 1446 specialiter
1463 1382 1709 1447 repug-

169 1468 281 1526 nat
322 1469 579 1545 peccato
627 1465 747 1529 sibi
791 1465 1103 1548 opposito.
1150 1464 1327 1530 Unde
1360 1466 1529 1530 sicut
1552 1466 1711 1529 fides

171 1577 540 1661 simpliciter
578 1578 823 1643 tollitur
860 1598 976 1662 per
1014 1597 1298 1644 errorem
1346 1583 1409 1644 et
1436 1580 1710 1644 infideli-

167 1688 365 1750 tatem
384 1732 402 1765 ,
435 1689 498 1750 et
523 1705 665 1770 spes
690 1705 804 1770 per
831 1687 1332 1770 desperationem
1356 1735 1376 1768 ,
1412 1688 1503 1752 ita
1539 1687 1706 1771 quod

168 1817 300 1862 non
332 1802 622 1862 remanet
658 1798 930 1881 qualitas
949 1846 965 1877 ,
1001 1817 1121 1863 nec
1145 1800 1352 1863 virtus
1378 1798 1707 1876 informis;

165 1903 256 1965 sic
302 1901 566 1966 habitus
609 1901 935 1966 charitatis
980 1921 1093 1985 per
1140 1920 1402 1968 omnem
1457 1902 1713 1984 culpam

165 2016 362 2080 habet
400 2015 578 2095 tolli,
627 2018 693 2080 et
727 2015 872 2080 ides
912 2032 1248 2097 nunquam
1283 1993 1572 2102 remanet
1610 2013 1714 2075 in-

163 2122 416 2187 formiS.
452 2103 632 2198 Quod
673 2126 888 2186 autem
933 2138 1126 2186 omne
1152 2126 1481 2204 peccatum
1515 2138 1716 2203 oppo-

161 2230 473 2295 sitionem
512 2231 743 2295 habeat
781 2249 929 2294 cum
957 2229 1264 2294 charitate
1281 2279 1298 2306 ,
1326 2230 1571 2295 ratione
1598 2229 1714 2293 ha-

160 2338 341 2402 bitus
371 2337 674 2402 substrati
704 2338 1113 2401 manifestum
1155 2340 1250 2401 est
1281 2360 1297 2399 ι
1341 2337 1504 2400 sicut
1541 2336 1717 2400 enim

158 2445 434 2509 habitus
460 2444 664 2528 ipsius
691 2445 838 2508 fidei
868 2444 1157 2508 habilitat
1180 2445 1464 2507 animam
1491 2442 1572 2507 ad
1591 2461 1719 2506 cre-

158 2555 458 2620 dendum
501 2556 718 2620 omnia
764 2556 1111 2634 credenda,
1142 2562 1205 2620 et
1247 2555 1326 2619 ad
1367 2555 1715 2619 assentien-

159 2662 324 2725 dum
355 2660 592 2745 primae
624 2661 876 2726 veritati
903 2666 1160 2745 propter
1188 2680 1256 2725 se
1282 2665 1344 2725 et
1370 2679 1562 2743 super
1589 2679 1721 2724 om-

158 2770 315 2849 nia;
350 2770 449 2833 sic
482 2770 676 2834 etiam
704 2768 990 2833 habilitat
1014 2768 1271 2832 habitus
1299 2768 1620 2832 charitatis
1642 2766 1722 2831 ad

153 2878 535 2942 amandum
578 2875 795 2940 omnia
834 2874 1140 2955 amanda,
1172 2878 1234 2938 et
1260 2875 1724 2939 adhaerendum

153 2986 398 3067 primae
429 2982 703 3048 bonitati
746 2986 1003 3066 propter
1044 3001 1112 3046 30
1138 2985 1202 3047 et
1224 3000 1417 3065 super
1457 2982 1674 3047 omnia
1704 3003 1719 3045 ε

150 3099 218 3161 et
246 3095 437 3172 ideo,
478 3092 642 3156 sicut
667 3108 846 3156 error
874 3091 1040 3155 circa
1066 3107 1544 3174 quemcumque
1571 3090 1726 3154 arti-

146 3204 388 3269 culum
409 3200 887 3285 oppositionem
908 3199 1099 3262 habet
1127 3217 1279 3263 cum
1304 3198 1452 3262 fidei
1476 3197 1724 3276 habitu,

144 3312 241 3375 sic
281 3327 495 3375 amor
521 3307 897 3371 libidinosus
931 3307 1097 3369 circa
1139 3323 1236 3383 ea,
1266 3322 1415 3389 quae
1455 3304 1729 3369 amanda

139 3422 310 3484 sunt
329 3466 350 3497 ,
387 3414 869 3500 oppositionem
913 3413 1104 3478 habet
1152 3431 1303 3477 cum
1340 3413 1477 3494 ipsa
1515 3411 1724 3475 chari-

141 3530 283 3590 tate
306 3524 582 3589 ratione
605 3521 862 3585 habitus
888 3520 1186 3584 substrati
1211 3520 1358 3583 boni
1371 3566 1386 3582 .
1414 3518 1728 3596 Quoniam

140 3651 315 3714 ergo
346 3647 560 3696 omne
587 3633 913 3711 peccatum
946 3627 1229 3691 consistit
1256 3626 1326 3689 in
1362 3625 1732 3690 deordinata

139 3737 519 3804 dilectione
550 3734 822 3816 alicujus
835 3734 989 3814 boni
1020 3735 1235 3810 creati,
1254 3736 1318 3796 et
1352 3733 1422 3795 in
1448 3733 1726 3814 quadam

131 3848 461 3925 libidine,
495 3861 650 3927 quae
673 3842 1136 3925 oppositionem
1162 3840 1356 3904 habet
1381 3857 1530 3902 cum
1558 3843 1731 3903 recto

130 3973 385 4021 amore
400 4002 426 4035 ,
481 3951 652 4015 sicut
691 3967 869 4012 error
915 3966 1063 4011 cum
1120 3965 1275 4012 vera
1326 3945 1725 4023 credulitate;

124 4070 306 4133 hinc
355 4067 466 4129 est
528 4059 702 4143 quod
742 4075 932 4122 omne
984 4060 1315 4139 peccatum
1367 4052 1733 4134 simpliciter

124 4171 457 4242 excludit
492 4166 893 4232 charitatem.
927 4162 1005 4226 Et
1041 4162 1215 4241 ide0,
1244 4161 1408 4224 sicut
1432 4159 1589 4224 fides
1624 4158 1732 4221 in-

122 4285 388 4353 formis
429 4295 582 4346 non
627 4280 832 4360 potest
873 4273 1140 4358 reperiri
1178 4273 1247 4335 111
1273 4269 1634 4334 infidelibus
1673 4273 1736 4332 et

117 4394 381 4461 haereti
390 4391 541 4465 cis;
590 4385 678 4447 sir
720 4383 993 4447 charitas
1033 4378 1323 4444 informis
1361 4395 1491 4441 non
1531 4377 1737 4459 potest

116 4497 437 4589 reperiri
492 4496 573 4558 in
616 4491 939 4574 aliquibus
991 4488 1146 4552 viris
1199 4483 1634 4568 peccatoribus
1673 4484 1735 4545 et

113 4608 405 4696 iniquis
443 4628 462 4669 ι
502 4604 576 4667 et
601 4600 670 4664 in
698 4596 847 4664 solis
872 4597 996 4661 illis
1021 4596 1215 4659 habet
1238 4592 1504 4676 reperiri
1527 4590 1736 4653 virtus

105 4714 463 4787 informis
492 4733 511 4774 :
548 4705 700 4771 hinc
723 4709 818 4770 est
843 4703 1011 4787 quod
1040 4702 1312 4766 charitas
1337 4698 1517 4764 nullo
1546 4697 1735 4762 modo

107 4834 355 4918 potest
404 4838 573 4889 esse
615 4816 941 4894 informiS,
973 4811 1125 4896 quia
1167 4810 1520 4875 secundum
1548 4826 1615 4872 se
1639 4813 1738 4872 to-

102 4950 266 5010 tam
299 4926 701 5020 opponitur
725 4923 930 5006 culpae
958 4918 1372 5003 generaliter:
1402 4915 1573 5000 quod
1603 4934 1735 4979 non

100 5057 215 5119 est
251 5033 586 5127 reperiri
624 5031 690 5094 in
732 5030 948 5112 aliqua
985 5028 1109 5092 alia
1145 5028 1403 5091 virtute.
1448 5023 1526 5087 Et
1567 5022 1622 5086 si
1661 5027 1736 5105 tu

93 5170 410 5245 quaeras
455 5140 796 5210 rationem
843 5137 1079 5218 hujus,
1110 5132 1516 5216 AugustInus
1554 5131 1737 5195 docet

90 5272 176 5337 in
207 5265 418 5332 libro
456 5245 622 5319 XIV
648 5248 739 5321 De
768 5246 1043 5312 civitate
1071 5242 1191 5308 Dei
1208 5287 1230 5319 ,
1258 5245 1321 5304 et
1346 5239 1531 5317 dicit,
1562 5237 1732 5320 quod

86 5373 354 5447 omnis
410 5353 700 5429 affectio
740 5351 946 5418 oritur
984 5367 1068 5413 ex
1106 5364 1371 5412 amore:
1402 5344 1545 5410 ideo
1570 5345 1734 5409 nihil

162 5503 247 5572 (a)
274 5493 455 5553 Edit.
503 5483 640 5536 Ven.
663 5479 811 5539 1753,
836 5474 1009 5525 habet.

1812 835 2271 917 consequenti,
2317 835 2680 917 oppositum
2721 837 2800 899 sit
2838 838 2961 919 ipsi
3008 840 3249 916 amori,
3289 844 3352 905 et

1810 943 2064 1007 habitui
2105 943 2407 1006 affectum
2448 942 2632 1006 illum
2673 945 3066 1009 rectificanti.
3115 946 3346 1011 Conce-

1812 1049 2037 1114 dendae
2074 1055 2228 1114 suut
2255 1068 2412 1131 ergo
2454 1052 2730 1115 rationes
2749 1100 2765 1128 ,
2791 1069 2937 1136 quae
2974 1053 3099 1117 hoc
3134 1058 3353 1119 osten-

1813 1155 1995 1235 dunt,
2013 1157 2184 1238 quod
2204 1157 2474 1221 charitas
2496 1175 2626 1221 non
2649 1163 2854 1240 potest
2877 1178 3014 1223 esse
3038 1162 3348 1225 informis,

1895 1272 1955 1328 1.
1999 1264 2098 1327 Ad
2138 1264 2295 1362 illud
2340 1282 2495 1329 vero
2540 1266 2711 1347 quod
2757 1267 2980 1349 primo
3014 1267 3351 1349 objicitur,

1815 1372 1986 1454 quod
2031 1373 2098 1434 in
2134 1376 2458 1455 peccatore
2488 1377 2774 1437 remanet
2809 1373 3146 1439 credulitas
3170 1378 3234 1438 et
3258 1375 3356 1438 di-

1814 1476 1996 1542 lectio
2024 1497 2183 1560 erga
2209 1479 2410 1543 Deum
2434 1527 2450 1556 ‚
2479 1480 2819 1544 dicendum
2847 1481 3018 1563 (111οᾶ
3058 1481 3356 1564 quamvis

1816 1590 2086 1667 utraque
2113 1591 2476 1666 remaneat,
2511 1606 2641 1651 non
2668 1593 2884 1651 tamen
2929 1588 3351 1668 uniformiter,

1819 1693 1969 1775 quia
1997 1694 2332 1758 credulitas
2368 1694 2562 1758 habet
2592 1696 2904 1759 rationem
2936 1696 3195 1760 virtutis
3208 1743 3224 1772 ‚
3255 1696 3357 1759 di-

1818 1801 2003 1866 lectio
2029 1820 2183 1866 vero
2223 1821 2376 1866 non.
2409 1802 2487 1866 Et
2521 1803 2683 1866 ratio
2711 1802 2906 1884 hujus
2934 1806 3059 1882 est,
3104 1804 3256 1885 (11113
3281 1802 3361 1866 3(1

1819 1911 1941 1975 hoc
1966 1912 2137 1994 quod
2166 1893 2398 1994 aliquis
2426 1910 2681 1974 habitus
2715 1911 3013 1974 sortiatur
3037 1929 3276 1975 nomen
3301 1913 3366 1974 et

1820 2018 2135 2081 rationem
2190 2018 2447 2082 virtutis
2465 2065 2483 2096 ,
2541 2035 2796 2081 necesse
2850 2022 2943 2081 est
3006 2017 3179 2099 quod
3240 2017 3366 2081 ha-

1821 2125 1967 2192 beat
1997 2124 2075 2208 (a)
2114 2125 2398 2208 aliquam
2446 2126 2915 2208 perfectionem,
2963 2128 3028 2189 et
3072 2126 3367 2206 vigorem

1822 2233 2169 2314 quemdam
2195 2237 2487 2315 respectu
2512 2236 2690 2295 actus
2718 2236 2782 2296 et
2808 2231 3076 2313 objecti:
3110 2230 3233 2295 hoc
3260 2250 3369 2295 au-

1822 2343 1955 2403 tem
1979 2340 2171 2404 habet
2198 2339 2533 2404 credulitas
2555 2339 2621 2401 in
2646 2356 2802 2402 vero
2830 2343 3176 2420 peccatore.
3206 2336 3367 2402 Nam

1825 2449 1957 2533 ipse
1984 2453 2272 2531 peccator
2296 2448 2554 2511 assentit
2580 2449 2807 2530 primae
2834 2447 3087 2511 veritati
3113 2449 3370 2529 propter

1826 2575 1893 2620 se
1921 2560 1982 2620 et
2008 2573 2199 2638 super
2218 2556 2463 2632 omnia;
2491 2560 2554 2618 et
2571 2555 2768 2619 credit
2790 2554 3009 2618 omnia
3033 2553 3365 2633 credenda,

1827 2663 2182 2729 secundum
2227 2662 2397 2745 quod
2436 2661 2746 2726 credenda
2784 2665 2953 2726 sunt.
2989 2658 3217 2724 Nullus
3252 2678 3366 2723 au-

1827 2777 1957 2837 tem
2005 2777 2289 2857 peccator
2316 2775 2444 2851 est,
2474 2771 2586 2855 qui
2623 2771 2831 2853 diligit
2868 2770 3071 2834 Deum
3115 2773 3371 2851 propter

1831 2899 1897 2944 se
1926 2885 1990 2944 et
2013 2898 2207 2963 super
2234 2879 2485 2956 omnia,
2517 2879 2717 2961 etqui
2745 2878 2955 2958 diligit
2981 2877 3198 2941 omnia
3221 2876 3370 2940 dili-

1832 2987 2043 3070 genda
2081 2987 2431 3051 secundum
2472 2986 2642 3069 quod
2683 2986 3008 3068 diligenda
3053 2988 3204 3049 sunt
3249 3005 3266 3047 t
3315 2989 3377 3047 et

1831 3095 1973 3160 ideo
1999 3094 2247 3159 dilectio
2274 3094 2414 3173 illa,
2446 3110 2591 3176 quae
2631 3093 2821 3157 estin
2851 3095 3197 3176 peccatore,
3244 3107 3375 3154 non
3451 3121 3456 3126 ·

1833 3204 1920 3265 ita
1946 3203 2137 3266 habet
2163 3202 2477 3265 rationem
2502 3201 2792 3278 virtutis,
2822 3218 2942 3264 nec
2968 3199 3231 3263 sortitur
3256 3214 3372 3260 no-

1835 3329 1985 3374 men
1999 3309 2340 3388 charitatiS,
2357 3308 2708 3372 secuudum
2727 3307 2896 3391 quod
2921 3305 3255 3370 credulitas
3272 3304 3381 3367 ha-

1834 3418 1943 3482 bet
1963 3418 2276 3481 rationem
2299 3416 2578 3492 virtuti5‚
2596 3418 2658 3479 et
2676 3433 2912 3478 nomen
2930 3413 3076 3478 fidei
3096 3411 3378 3477 sortitur.

1917 3531 1977 3589 ἓ.
2008 3525 2107 3589 Ad
2134 3524 2293 3589 illud
2321 3522 2491 3605 quod
2518 3522 2835 3603 objicitur,
2868 3520 3042 3602 quod
3070 3518 3387 3599 contingit

1838 3631 2105 3714 diligere
2141 3631 2521 3709 informiter,
2553 3628 2893 3693 dicendum
2940 3625 3110 3709 quod
3152 3643 3385 3689 verum

1838 3743 1933 3802 est
1976 3759 1993 3800 t
2036 3738 2147 3801 sed
2197 3738 2360 3800 sicut
2407 3735 2660 3801 credere
2711 3734 2993 3817 aliquem
3043 3731 3381 3796 articulum

1838 3845 2217 3923 informiter,
2261 3843 2515 3927 quaudo
2561 3841 2669 3905 alii
2719 3839 2968 3906 articuli
3014 3837 3386 3904 discredun-

1839 3957 1968 4029 tur,
2008 3952 2358 4017 secundum
2385 3950 2557 4032 (111οᾶ
2585 3949 2826 4014 faciunt
2852 3946 3052 4031 aliqui
3075 3945 3379 4022 haeretici,

1839 4079 1972 4124 11011
2014 4064 2110 4124 est
2155 4063 2336 4122 actus
2377 4056 2635 4122 virtutis
2671 4054 2985 4133 informis,
3033 4052 3186 4134 quia
3228 4050 3386 4114 fides

1840 4185 1974 4230 11011
2000 4171 2098 4230 est
2134 4166 2203 4230 in
2245 4165 2335 4228 eis
2364 4165 2612 4242 virtus;
2643 4163 2733 4227 sic
2779 4163 3047 4243 diligere
3084 4161 3285 4224 Deum
3315 4159 3385 4223 in

1842 4276 2167 4356 peccatore
2195 4290 2325 4335 non
2352 4276 2447 4336 est
2471 4275 2648 4335 actus
2673 4270 2930 4334 virtutis
2957 4291 2975 4347 ;
3008 4269 3182 4332 deest
3212 4266 3383 4330 enim

1842 4380 1932 4443 ibi
1975 4380 2273 4462 perfectio
2321 4377 2595 4457 virtutis,
2635 4377 2788 4460 quia
2831 4376 2972 4440 talis
3009 4393 3140 4440 non
3175 4374 3388 4455 diligit

1842 4486 2060 4552 omnia
2085 4487 2427 4569 diligenda.
2461 4483 2642 4550 Deest
2668 4485 2862 4548 etiam
2885 4487 2949 4548 et
2971 4483 3165 4564 vigor
3181 4530 3199 4561 ,
3233 4480 3389 4563 quia

1843 4612 1958 4676 per
1999 4592 2186 4656 illum
2223 4595 2438 4657 actum
2466 4610 2598 4656 non
2644 4592 2902 4674 superat
2946 4607 3064 4653 nec
3108 4586 3388 4652 excludit

1844 4717 2130 4764 amorem
2168 4698 2578 4763 libidinosum
2620 4698 2739 4762 sibi
2780 4697 3180 4781 oppositum;
3219 4695 3387 4757 sicut

1843 4812 1938 4872 est
1969 4807 2047 4897 de
2073 4806 2205 4883 illo,
2236 4806 2352 4888 qui
2377 4806 2575 4870 credit
2613 4824 2817 4869 unum
2863 4803 3205 4867 articulum
3249 4801 3385 4863 sine

1843 4911 1990 4993 alic,
2020 4917 2137 4995 qui
2163 4931 2277 4996 per
2301 4913 2477 4977 illam
2506 4911 2940 4977 credulitatem
2969 4929 3087 4973 nec
3113 4908 3384 4991 perfecte

1844 5020 2062 5097 credit,
2094 5021 2246 5103 quia
2267 5038 2397 5084 non
2429 5019 2645 5083 omnia
2680 5018 2912 5097 credit,
2940 5034 3059 5080 nec
3083 5016 3385 5095 vigorose

1844 5130 2064 5206 credit,
2091 5130 2245 5212 quia
2269 5146 2549 5194 errorem
2575 5145 2706 5191 non
2737 5126 3082 5190 convincit.

1924 5222 1982 5300 3.
2031 5236 2132 5301 Ad
2176 5235 2335 5300 illud
2373 5233 2545 5317 quod
2588 5233 2907 5316 objicitur,
2939 5231 3110 5314 quod
3139 5249 3222 5295 ex
3258 5230 3384 5295 flde

1842 5343 2102 5408 informi
2140 5343 2364 5407 debeat
2403 5340 2699 5421 generari
2733 5357 2915 5404 amor
2953 5338 3268 5414 informiS,
3294 5337 3382 5401 si-

1844 5455 1952 5515 cut
1976 5456 2036 5516 et
2061 5452 2278 5529 timor,
2311 5448 2649 5516 dicendum
2677 5447 2849 5531 quod
2877 5464 3007 5511 non
3033 5450 3128 5511 est
3152 5444 3386 5527 simile,
