4185 6288
526 867 649 913 Ratio

740 512 821 571 24
1851 499 2474 568 SENTENTIARUM
2513 499 2661 565 Lm.
2708 498 2814 563 m.

740 647 882 706 tum
927 640 1303 724 mysterium
1359 657 1489 703 non
1540 638 1759 703 fuisset
1806 638 2241 703 introductum
2260 686 2277 717 ,

740 748 864 814 nisi
894 747 1311 831 praeoessisset
1340 746 1558 829 lapsus
1589 745 1998 811 nobilissimae
2027 749 2284 810 creatu-

700 896 714 912 .
741 874 869 936 rae,
913 859 978 925 et
1025 853 1292 920 offensio
1336 852 1682 937 majestatis
1728 852 1989 918 divinae.
2043 852 2284 929 Quarto

742 962 934 1029 etiam
980 959 1234 1026 fidelem
1285 960 1585 1026 affectum
1639 960 1847 1041 magis
1901 959 2279 1024 inflammat.

744 1069 895 1135 Plus
920 1069 1098 1134 enim
1119 1067 1351 1133 excitat
1375 1067 1776 1132 devotionem
1800 1067 2033 1132 animae
2058 1067 2281 1144 fidelis,

742 1177 913 1261 quod
948 1175 1113 1242 Deus
1136 1174 1220 1239 sit
1243 1174 1613 1239 incarnatus
1638 1174 1717 1238 ad
1750 1173 2016 1238 delenda
2051 1173 2287 1240 scelera

742 1289 957 1349 nostra
976 1331 995 1363 ,
1050 1300 1252 1367 quam
1307 1285 1565 1366 propter
1615 1282 2120 1346 consummanda
2175 1283 2285 1346 in-

742 1390 968 1457 choata
997 1408 1191 1474 opera
1217 1407 1357 1453 sua.
1388 1386 1705 1466 Quoniam
1731 1405 1889 1470 ergo
1916 1388 2021 1452 hic
2055 1389 2287 1455 modus

741 1498 1022 1577 dicendi,
1064 1496 1182 1562 etsi
1219 1514 1352 1560 non
1396 1495 1687 1560 videatur
1728 1514 1865 1559 esse
1905 1495 1997 1560 ita
2037 1496 2287 1561 subtilis

742 1606 905 1670 sieut
925 1602 1311 1688 praecedens,
1336 1601 1480 1686 plus
1501 1606 1715 1666 tamen
1737 1608 2044 1667 consonat
2068 1602 2289 1686 pietati

743 1712 910 1792 fidei,
945 1711 1015 1774 in
1046 1709 1169 1775 hoc
1196 1709 1368 1793 quod
1400 1709 1883 1774 auctoritatibus
1919 1714 2287 1775 sanctorum

743 1819 953 1903 magis
989 1819 1347 1898 concordat,
1380 1823 1445 1882 et
1484 1818 1685 1884 Deum
1723 1817 1934 1900 magis
1970 1818 2285 1883 honorifi-

742 1932 876 2008 cat,
922 1926 1117 1992 etiam
1157 1926 1611 1991 incarnationis
1652 1926 2032 2009 mysterium
2080 1926 2289 2007 magis

742 2034 1165 2114 commendat,
1206 2038 1270 2098 et
1303 2032 1602 2098 affectum
1638 2037 1928 2097 nostrum
1959 2033 2289 2098 ardentius

742 2141 1101 2207 inflammat
1129 2140 1319 2206 :ideo
1347 2139 1821 2206 concedendum
1852 2144 1970 2221 est,
2008 2146 2083 2205 ut
2118 2159 2289 2224 prae-

741 2248 929 2313 dictae
995 2248 1402 2312 auctoritates
1452 2252 1519 2311 et
1571 2248 1847 2312 rationes
1907 2248 2284 2325 ostendunt,

741 2355 912 2440 quod
952 2354 1274 2438 praecipua
1311 2354 1477 2418 ratio
1525 2352 1978 2418 incarnationis
2016 2354 2137 2419 fuit
2184 2373 2289 2419 re-

741 2462 1018 2546 demptio
1063 2460 1320 2544 generis
1361 2460 1629 2524 humani
1648 2508 1667 2540 ,
1717 2459 2016 2544 quamvis
2068 2460 2290 2526 multae

740 2569 882 2635 aliae
909 2568 1189 2634 rationes
1221 2567 1665 2650 congruentiae
1699 2568 1853 2632 huic
1887 2566 2122 2633 rationi
2161 2569 2291 2634 sint

741 2696 1035 2744 annexae.

824 2791 854 2850 1
869 2835 884 2850 .
914 2786 1013 2851 Ad
1042 2784 1200 2851 illud
1223 2784 1395 2869 quod
1421 2784 1629 2868 primo
1659 2783 2008 2867 opponitur
2035 2783 2105 2849 in
2136 2804 2290 2851 con·

743 2892 1035 2972 trarium,
1084 2891 1257 2976 quod
1295 2890 1625 2956 hominem
1668 2893 1878 2955 totum
1920 2892 2286 2975 assumpsit,

742 3003 815 3064 ut
859 3001 1067 3063 totum
1110 2998 1526 3077 beatificaret,
1568 2997 1909 3062 dicendum
1952 2998 2128 3080 quod
2171 2998 2292 3063 ista

742 3122 874 3170 non
902 3108 998 3169 est
1032 3103 1195 3169 ratio
1227 3104 1583 3187 praecipua,
1623 3103 1730 3168 sed
1767 3122 2021 3170 annexa
2048 3105 2291 3189 princi-

742 3211 892 3295 pali,
922 3230 1041 3295 pro
1067 3230 1145 3278 eo
1168 3213 1341 3295 quod
1367 3213 1423 3275 si
1454 3212 1616 3277 Deus
1642 3231 1976 3295 nunquam
2005 3214 2292 3279 incarna-

745 3320 850 3383 tus
883 3323 1068 3399 esset,
1108 3318 1305 3383 homo
1343 3319 1803 3400 glorificatione
1839 3321 2120 3403 corporis
2158 3322 2283 3402 sui,

744 3431 807 3490 et
836 3425 1079 3491 visione
1102 3425 1233 3505 Dei,
1265 3427 1536 3509 perfecte
1565 3431 1629 3491 et
1650 3426 1925 3490 totaliter
1950 3433 2113 3492 esset
2137 3429 2288 3493 bea—

744 3537 897 3598 tus:
937 3533 1101 3598 visio
1146 3533 1321 3598 enim
1372 3532 1599 3598 Christi
1654 3534 1999 3616 corporalis
2052 3537 2290 3616 spectat

744 3659 874 3705 non
920 3642 999 3706 ad
1042 3640 1436 3706 essentialem
1484 3640 1972 3724 completionem
2014 3641 2289 3705 beatitu-

743 3748 933 3829 dinis,
957 3748 1065 3813 sed
1087 3749 1165 3813 ad
1189 3748 1508 3831 quoddam
1532 3747 1910 3812 accidentale
1933 3748 2284 3830 gaudium:

743 3859 807 3920 et
835 3856 959 3920 hoc
989 3858 1180 3938 patet,
1217 3854 1389 3938 quod
1425 3854 1532 3918 alii
1568 3872 1791 3917 sensus
1826 3855 2288 3920 beatificabun-

742 3967 849 4029 tur
881 3963 962 4046 (a)
1000 3966 1073 4026 ut
1114 3962 1313 4038 visus,
1350 3966 1415 4026 et
1449 3966 1663 4026 tamen
1702 3962 1948 4043 objecta
1987 3963 2108 4026 sibi
2148 3981 2288 4027 cor-

743 4070 1185 4154 respondentia
1239 4087 1368 4134 non
1421 4068 1780 4149 habebunt,
1838 4074 1913 4133 ut
1966 4073 2172 4135 tactus
2226 4076 2291 4135 et

743 4182 996 4261 gustus.
1044 4176 1359 4242 Praeterea
1400 4181 1690 4259 aspectus
1733 4175 1960 4240 Christi
2000 4195 2135 4242 non
2171 4178 2291 4242 erit

743 4287 961 4351 minus
989 4285 1213 4351 beatus
1246 4302 1592 4349 conversus
1618 4283 1696 4348 ad
1724 4284 1849 4348 alia
1883 4302 2150 4367 corpora
2188 4285 2286 4350 vi-

742 4393 968 4472 denda,
1006 4410 1203 4476 quam
1237 4395 1526 4474 aspectus
1564 4391 1840 4456 aliorum
1881 4392 2173 4460 conversi
2207 4392 2288 4457 ad

742 4498 1092 4565 videndum
1137 4516 1369 4582 corpus
1410 4499 1629 4582 ipsius.
1677 4496 1888 4563 Gloria
1927 4498 2102 4561 enim
2142 4517 2287 4563 sen-

742 4625 932 4671 suum
966 4607 1358 4672 exteriorum
1386 4607 1507 4672 erit
1531 4624 1645 4690 per
1670 4606 2161 4672 redundantiam
2184 4608 2287 4672 de-

742 4713 1092 4779 lectationis
1149 4713 1461 4780 venientis
1514 4733 1554 4779 a
1606 4719 1783 4797 parte
1838 4714 2151 4796 superiori
2205 4735 2287 4781 ex

742 4819 987 4886 visione
1026 4821 1171 4898 Dei,
1218 4824 1407 4905 cujus
1451 4822 1610 4886 visio
1655 4822 1812 4886 adeo
1854 4822 2085 4901 reficit,
2137 4841 2287 4887 cum

742 4927 1013 5011 perfecte
1043 4935 1326 5013 apparet,
1369 4933 1444 4994 ut
1481 4930 1643 4993 nihil
1676 4931 1845 4994 ultra
1885 4931 1964 4993 sit
1998 4950 2286 4995 necessa-

741 5034 915 5101 rium
938 5037 1172 5101 animae
1195 5036 1276 5101 ad
1297 5039 1438 5119 eJus
1460 5037 1918 5102 beatitudinem
1940 5056 1957 5101 z
1978 5040 2285 5121 quoniam

742 5160 935 5207 omne
974 5142 1147 5208 aliud
1192 5144 1436 5208 bonum
1478 5147 1543 5208 et
1589 5122 1964 5228 pulchrum,
2006 5146 2086 5211 ad
2126 5146 2285 5209 illud

743 5255 1202 5333 comparatum,
1247 5253 1426 5335 quasi
1462 5252 1625 5317 nihil
1658 5257 1773 5330 est,
1807 5271 1925 5317 nec
1958 5252 2285 5318 intendere

744 5359 945 5439 potest
998 5359 1328 5424 essentiale
1375 5360 1711 5442 gaudium.
1772 5359 1947 5426 Unde
2003 5361 2285 5425 multum

806 5485 874 5557 (a)
890 5486 1014 5542 Cat.
1035 5488 1156 5540 edit.
1179 5489 1592 5544 beatificantur—
1613 5492 1682 5557 (ὁ)
1705 5493 1830 5544 Cat.
1855 5492 1979 5543 edit.
1996 5491 2120 5558 add,
2140 5492 2278 5542 satis.

2388 638 2698 719 derogare
2748 635 2999 701 videtur
3053 652 3309 700 summo
3364 634 3569 715 bono,
3622 635 3737 718 qui
3785 634 3940 700 dicit

2388 744 2601 827 ipsum
2628 763 2760 810 non
2789 744 3080 808 sufficere
3106 744 3348 826 absque
3375 743 3546 808 bono
3573 748 3783 807 creato
3814 744 3935 807 sibi

2390 851 2689 935 adjuncto
2736 852 2815 915 ad
2857 850 3187 915 hominem
3238 850 3511 935 perfecte
3563 848 3938 914 beatifican-

2389 961 2570 1039 dum,
2611 960 2735 1024 nisi
2775 960 2899 1025 hoc
2932 958 3099 1023 dicat
3133 959 3356 1024 venire
3394 962 3652 1042 propter
3688 959 3938 1042 imper-

2391 1068 2726 1132 fectionem
2763 1086 3009 1147 sensus,
3040 1067 3152 1150 qui
3191 1067 3270 1131 ad
3306 1067 3520 1150 ipsum
3559 1085 3691 1131 non
3730 1070 3941 1149 potest

2390 1174 2753 1258 pertingere
2790 1196 2806 1238 ε
2846 1174 2952 1239 sed
2982 1177 3137 1238 tunc
3171 1173 3357 1257 plura
3385 1173 3760 1248 obviabunt,
3801 1173 3938 1237 sive

2391 1281 2636 1347 ratione
2673 1300 2981 1346 sensuum
3021 1281 3332 1359 aliorum,
3372 1281 3488 1365 qui
3528 1298 3659 1345 non
3697 1280 3942 1345 habent

2391 1389 2637 1471 objecta
2683 1406 2802 1453 sua
2838 1387 3000 1452 sicut
3045 1388 3254 1468 visus,
3300 1392 3364 1452 et
3406 1391 3622 1453 tamen
3662 1386 3942 1470 perfecte

2394 1495 2731 1561 beatificati
2751 1499 2902 1560 sunt
2917 1518 2934 1574 ;
2961 1495 3097 1560 sive
3114 1495 3359 1561 ratione
3376 1503 3668 1579 aspectus
3682 1494 3938 1574 Christi,

2392 1603 2506 1687 qui
2529 1603 2609 1668 ad
2632 1604 2791 1667 alios
2813 1607 3063 1668 sanctos
3084 1602 3335 1686 aspicit;
3366 1602 3504 1667 sive
3527 1601 3772 1667 ratione
3797 1619 3944 1685 per-

2392 1712 2679 1778 fectionis
2712 1711 3139 1791 beatitudinis,
3184 1729 3332 1794 quae
3367 1729 3501 1776 non
3542 1711 3686 1775 t’acit
3722 1711 3939 1776 homi-

2394 1838 2548 1885 nem
2598 1821 2855 1906 aliquod
2904 1820 3298 1885 extrinsecus
3346 1820 3745 1898 mendicare;
3803 1820 3946 1885 sive

2394 1927 2586 1991 etiam
2623 1929 2777 2012 quia
2818 1928 3184 2011 oppositum
3224 1944 3356 1991 non
3394 1930 3603 2010 posset
3640 1924 3943 2008 intelligi,

2394 2033 2566 2118 quod
2601 2033 2920 2115 gloriosus
2952 2031 3148 2098 homo
3188 2036 3395 2116 posset
3428 2052 3468 2097 a
3510 2032 3737 2097 Christi
3773 2051 3950 2117 prae-

2394 2142 2596 2205 sentia
2638 2140 2962 2206 absentari
3004 2140 3244 2223 absque
3290 2139 3516 2223 gloriae
3562 2159 3698 2206 suae
3747 2140 3948 2206 detri-

2394 2252 2634 2313 mento.

2475 2360 2536 2420 2.
2577 2354 2675 2420 Ad
2711 2354 2872 2422 illud
2897 2354 3069 2438 quod
3100 2354 3469 2438 opponitur,
3509 2356 3678 2438 quod
3710 2355 3780 2420 in
3815 2355 3946 2423 hu-

2395 2480 2590 2527 mana
2614 2464 2846 2527 natura
2872 2462 3018 2526 data
3042 2465 3138 2527 est
3163 2461 3536 2544 congruitas
3571 2462 3669 2528 vel
3696 2462 3947 2529 idonei-

2396 2574 2493 2635 tas
2530 2570 2611 2635 ad
2654 2569 3158 2635 incarnationem
3172 2618 3191 2649 ,
3230 2569 3568 2634 dicendum
3616 2571 3790 2654 quod
3834 2572 3948 2637 illa

2397 2670 2707 2743 idoneitas
2744 2677 3090 2742 attenditur
3125 2696 3209 2742 ex
3243 2680 3421 2760 parte
3459 2677 3951 2760 reparabilitatis

2397 2784 2678 2850 hominis
2722 2784 3171 2868 principaliter,
3214 2786 3511 2868 quamvis
3556 2786 3800 2851 ratione
3843 2787 3945 2852 di-

2397 2890 2660 2973 gnitatis
2680 2895 2744 2956 et
2759 2891 3034 2956 aliarum
3055 2892 3493 2957 conditionum
3513 2893 3729 2976 aliquo
3752 2895 3947 2960 modo

2397 2999 2744 3063 attenditur
2775 3020 2791 3063 z
2834 3002 2898 3062 et
2938 2997 3079 3062 ideo
3120 2999 3282 3063 sicut
3320 2997 3515 3064 homo
3555 3017 3688 3064 non
3721 2999 3950 3064 fuisset

2396 3109 2750 3189 reparatus,
2799 3104 2852 3169 si
2890 3124 3023 3172 non
3059 3105 3410 3185 cecidisset,
3443 3108 3742 3191 quamvis
3780 3111 3949 3174 esset

2397 3215 2808 3298 reparabilis;
2849 3216 2940 3279 sic
2972 3215 3289 3280 divinitati
3328 3235 3458 3282 non
3495 3223 3659 3282 esset
3695 3218 3943 3298 unitus,

2397 3321 2699 3406 quamvis
2734 3326 2897 3387 esset
2937 3323 3216 3389 unibilis.
3263 3323 3404 3389 Non
3445 3329 3662 3391 tamen
3706 3328 3950 3393 fmstra

2401 3429 2510 3495 illa
2538 3432 2818 3513 potentia
2844 3431 3085 3509 fuisset,
3114 3434 3267 3515 quia
3295 3433 3518 3498 multae
3543 3439 3695 3500 sunt
3726 3441 3947 3519 poten-

2400 3535 2509 3602 tiae
2537 3541 2600 3602 et
2624 3538 3017 3616 idoneitateS,
3042 3557 3190 3623 quae
3212 3541 3292 3604 ad
3316 3545 3534 3605 actum
3561 3561 3693 3607 non
3717 3544 3948 3626 perdu-

2401 3647 2657 3725 cuntur,
2696 3664 2816 3710 nec
2850 3649 3062 3711 tamen
3097 3648 3331 3712 frustra
3369 3654 3541 3729 sunt,
3571 3651 3725 3735 quia
3758 3652 3948 3717 nobi-

2397 3750 2561 3815 litati
2607 3758 2672 3816 et
2727 3753 3021 3833 dignitati
3070 3758 3321 3821 naturae
3365 3761 3761 3823 attestantur.
3816 3758 3948 3826 Nec

2397 3858 2628 3923 dicitur
2654 3861 2933 3943 potentia
2964 3860 3222 3942 frustra,
3255 3863 3308 3926 si
3335 3882 3467 3928 non
3503 3865 3830 3932 reducitur
3864 3869 3946 3934 ad

2398 3970 2648 4046 actum3
2682 3968 2790 4033 sed
2827 3972 2983 4033 tunc
3010 3970 3247 4035 frustra
3275 3975 3390 4049 est,
3429 3971 3583 4037 dum
3620 3975 3701 4038 ad
3728 3979 3945 4041 aetum

2398 4090 2530 4138 non
2576 4074 2924 4155 reducitur,
2978 4081 3041 4140 et
3083 4080 3300 4141 tamen
3350 4078 3429 4142 ad
3476 4084 3688 4144 actum
3740 4081 3948 4165 exigit

2399 4200 2543 4245 eam
2567 4182 2786 4248 reduci
2811 4187 3064 4267 tempus
3091 4189 3155 4249 et
3175 4185 3371 4249 locus.

2479 4293 2540 4354 3.
2587 4288 2684 4354 Ad
2726 4289 2884 4354 illud
2922 4290 3094 4374 quod
3136 4293 3502 4375 opponitur,
3549 4296 3723 4378 quod
3769 4297 3948 4364 decet

2397 4396 2511 4461 Dei
2545 4398 2925 4481 sapientiam
2938 4448 2956 4477 ,
3004 4400 3410 4483 prudentiam
3425 4450 3443 4483 ,
3492 4407 3557 4468 et
3593 4407 3947 4488 potentiam

2399 4505 2471 4569 in
2511 4511 2681 4571 statu
2721 4507 3105 4575 innocentiae
3144 4511 3554 4594 manifestari,
3601 4514 3949 4582 dicendum

2397 4613 2566 4696 quod
2585 4613 2659 4696 (b)
2678 4631 2747 4679 se
2773 4614 3212 4682 manifestabat
3239 4618 3622 4685 sufficienter
3645 4640 3759 4704 per
3780 4641 3949 4707 opus

2398 4718 2754 4799 creationis,
2786 4724 2850 4785 et
2879 4720 3319 4806 distinctionis,
3358 4730 3422 4791 et
3455 4732 3717 4792 ornatus
3751 4751 3766 4793 ε
3800 4730 3949 4798 ideo

2396 4825 2450 4889 si
2489 4825 2596 4889 illa
2626 4827 3062 4909 perstitissent,
3101 4849 3251 4895 cum
3285 4832 3469 4898 valde
3509 4834 3679 4899 bona
3708 4843 3944 4917 essent,

2395 4949 2529 4996 non
2562 4934 2942 5015 oportuisset
2976 4954 3221 5001 novum
3260 4939 3524 5005 modum
3557 4943 3792 5024 agendi
3831 4963 3948 5010 su-

2396 5040 2738 5122 peraddere
2766 5041 2844 5105 ad
2879 5045 3446 5112 manifestationem
3466 5096 3484 5128 ,
3522 5052 3943 5133 quemadmo-

2395 5145 2553 5210 dum
2591 5164 2785 5229 opera
2830 5149 3207 5217 miraculosa
3248 5155 3410 5219 facta
3449 5161 3602 5221 sunt
3642 5164 3784 5241 post
3822 5160 3947 5225 ho-

2396 5254 2590 5319 minis
2623 5257 2902 5340 lapsum,
2937 5278 3088 5344 quae
3122 5281 3254 5327 non
3280 5265 3562 5347 oportuit
3594 5269 3732 5332 fleri
3766 5275 3941 5352 ante,

2394 5363 2554 5447 quia
2589 5364 2699 5430 Dei
2732 5369 3034 5449 potentia,
3065 5368 3372 5452 sapientia
3409 5377 3474 5437 et
3505 5372 3756 5439 bonitas
3787 5377 3944 5442 satis

2396 5475 2546 5535 nota
2579 5477 2762 5555 esset,
2802 5478 2868 5537 et
2899 5475 3051 5539 satis
3084 5476 3152 5539 in
3180 5475 3315 5541 suis
3340 5477 3665 5546 effectibus
3694 5481 3939 5548 reluce-
