4185 6288
775 469 906 534 m

780 618 956 667 scere
981 600 1221 685 aliquid
1235 600 1359 666 nisi
1385 601 1452 665 in
1479 605 1795 685 quantum
1815 601 2028 666 innuit
2043 600 2323 684 aliquem

783 709 1050 775 modum
1079 708 1146 774 in
1174 709 1418 774 ratione
1444 708 1690 773 similis.
1708 708 1886 774 Unde
1913 709 2026 792 qui
2053 724 2323 789 cognos-

782 818 866 882 cit
900 817 1071 902 quod
1114 817 1336 882 album
1383 817 1738 899 disgregat,
1786 835 1900 900 per
1927 832 2321 898 consequens

781 925 1106 1006 cognooeit
1130 926 1301 1009 quod
1340 925 1610 1008 nigrum
1640 929 2014 1007 congregat,
2048 923 2201 1007 quia
2225 923 2320 985 si·-

778 1031 1013 1097 militer
1058 1051 1127 1097 se
1175 1031 1366 1097 habet
1407 1032 1767 1115 oppositum
1806 1031 1887 1097 ad
1926 1030 2314 1114 oppositum,

775 1139 941 1205 sicut
964 1139 1362 1225 propositum
1387 1140 1467 1205 ad
1493 1140 1912 1225 propositum.

1417 1384 1554 1432 DUB.
1598 1384 1665 1431 V.

1085 1524 1335 1578 Probatur
1361 1523 1531 1575 futura
1553 1521 1888 1586 resurrectio,
1918 1525 2016 1574 etc.

854 1678 1083 1744 Contra
1113 1701 1128 1745 :
1159 1678 1291 1744 Hoc
1303 1676 1558 1743 videtur
1575 1676 1788 1760 potius
1813 1674 1893 1739 ad
1914 1671 2309 1757 oppositum,

771 1803 967 1869 quam
994 1786 1076 1851 ad
1100 1786 1516 1870 propositum.
1569 1783 1638 1848 Si
1663 1783 1834 1847 enim
1882 1780 2190 1865 probatur
2218 1779 2311 1843 is-

770 1894 883 1957 tud
910 1893 1079 1976 quod
1109 1893 1387 1959 creditur
1419 1910 1532 1974 per
1557 1889 1996 1955 auctoritatem
2027 1890 2306 1971 patrum,

769 2004 922 2065 tunc
965 1998 1218 2066 videtur
1254 1998 1427 2082 quod
1479 1997 1636 2061 fides
1672 2014 1806 2061 non
1850 1995 1932 2059 sit
1955 2011 2306 2076 argumen-

766 2112 932 2185 tum,
964 2108 1097 2171 imo
1122 2107 1335 2190 potius
1363 2105 1684 2170 conclusio
1714 2122 1730 2166 ε
1766 2121 1923 2184 ergo
1950 2101 2003 2164 si
2031 2101 2187 2165 fides
2213 2104 2310 2164 est

765 2219 1250 2297 argumentum,
1294 2213 1544 2279 videtur
1572 2211 1741 2295 qnod
1770 2228 1903 2274 non
1948 2211 2119 2272 recte
2145 2207 2311 2272 dicat

765 2322 936 2405 quod
985 2320 1364 2387 resurrectio
1415 2320 1721 2403 probatur
1773 2335 1888 2400 per
1940 2316 2133 2380 ssdem
2186 2332 2309 2397 pa-

765 2432 961 2494 trum.
1014 2428 1195 2506 Item,
1226 2428 1282 2491 si
1317 2427 1497 2491 locus
1529 2426 1610 2489 ab
1650 2423 2022 2489 auctoritate
2066 2426 2163 2486 est
2200 2421 2308 2485 in-

765 2536 1173 2613 certissimus»,
1221 2538 1283 2599 et
1318 2533 1476 2598 fides
1515 2532 1713 2596 trahit
1752 2530 2240 2627 fundamentum
2268 2548 2308 2594 a

761 2642 902 2707 loco
928 2644 1010 2707 ab
1048 2642 1444 2718 auctoritate,
1474 2658 1632 2723 ergo
1659 2639 1912 2706 videtur
1945 2638 2119 2722 quod
2150 2638 2307 2703 fides

763 2756 858 2817 est
886 2750 1325 2815 incertissima.

842 2856 1028 2940 Resp.
1060 2856 1406 2922 Dicendum
1456 2853 1623 2938 quod
1676 2854 2027 2920 secundum
2057 2853 2307 2936 aliquos

762 2964 1036 3030 verbum
1075 2962 1357 3046 Magistri
1383 2960 1656 3043 intelligi
1684 2965 1887 3043 potest
1935 2960 2013 3025 de
2039 2960 2165 3024 flde
2194 2978 2306 3024 ac-

762 3072 997 3157 quisita
1012 3091 1095 3138 ex
1120 3071 1506 3156 inspectione
1518 3069 1651 3134 Scri
1656 3074 2014 3154 pturarum,
2037 3087 2169 3134 non
2184 3088 2304 3134 au-

761 3185 895 3244 tem
923 3179 1001 3245 de
1047 3179 1158 3244 illa
1201 3196 1348 3263 quae
1397 3181 1494 3242 est
1537 3177 1861 3259 inspirata,
1890 3180 1955 3241 et
1978 3194 2126 3259 quae
2181 3195 2300 3261 nu·

765 3291 1052 3353 meratur
1076 3287 1242 3351 inter
1267 3284 1625 3369 spiritualia
1642 3283 2042 3347 charismata.
2074 3281 2197 3348 Sed
2223 3283 2299 3346 il-

762 3392 876 3459 lud
901 3412 1034 3459 non
1060 3391 1379 3470 satisfacit,
1400 3391 1551 3474 qnia
1576 3389 1875 3472 Magister
1899 3390 2021 3454 hoc
2048 3388 2198 3453 dicit
2226 3387 2308 3452 ad

766 3500 1206 3586 exponendam
1273 3497 1447 3562 illam
1533 3495 1981 3562 diffinitionem
2011 3545 2030 3576 ,
2109 3514 2305 3578 quam

764 3606 1102 3691 Apostolus
1124 3605 1431 3686 assignat,
1463 3607 1529 3668 et
1566 3606 1811 3667 constat
1835 3602 2007 3685 quod
2035 3603 2307 3686 Aposto-

764 3715 868 3780 lus
889 3714 1173 3797 loquitur
1220 3711 1297 3777 de
1323 3711 1449 3775 fide
1485 3709 1808 3794 inspirata.
1867 3709 1946 3774 Et
1976 3713 2309 3792 propterea

765 3821 1104 3888 dicendum
1126 3823 1221 3884 est
1244 3819 1445 3899 aliter,
1475 3817 1827 3883 secundum
1856 3818 2030 3900 quod
2058 3816 2307 3899 Magis-

765 3938 865 3998 ter
889 3932 1082 3997 dicit:
1116 3953 1149 3990 ι
1186 3928 1349 3994 Illud
1397 3927 1568 4012 quod
1624 3927 1904 3991 creditur
1947 3944 2061 4009 per
2087 3926 2304 4006 fldem,

766 4058 882 4123 per
933 4039 1137 4122 ipsam
1188 4036 1383 4101 fidem
1413 4035 1742 4119 probatur.
1783 4057 1814 4093 n
1869 4033 2088 4117 Ipsum
2133 4035 2306 4097 enim

766 4147 940 4231 quod
984 4146 1282 4223 creditur,
1335 4145 1645 4229 probatur
1684 4160 1798 4226 per
1823 4142 2301 4220 auctoritatem3

765 4255 1106 4320 auctoritas
1121 4257 1338 4319 autem
1369 4251 1613 4315 nullius
1641 4250 2044 4315 estetsscaciae
2070 4250 2139 4313 in
2168 4267 2309 4332 pro-

764 4363 996 4440 bando,
1028 4360 1153 4426 nisi
1205 4377 1321 4443 per
1359 4358 1592 4436 fldem;
1623 4361 1688 4421 et
1727 4357 1815 4420 ita
1865 4361 1996 4421 tota
2035 4357 2309 4422 firmitas

763 4468 1132 4551 argumenti
1184 4466 1267 4531 ad
1308 4465 1500 4531 fldem
1528 4464 1708 4528 redit.
1745 4462 1924 4527 Unde
1972 4463 2027 4527 si
2074 4463 2308 4547 aliquis

764 4579 1032 4660 quaerat,
1077 4579 1299 4639 utrum
1349 4571 1730 4636 resurrectio
1757 4568 1840 4633 sit
1876 4570 2125 4648 futura,
2154 4588 2307 4651 pro·

763 4685 957 4750 hatur
980 4682 1153 4766 quod
1192 4681 1287 4745 sic
1312 4697 1426 4763 per
1446 4677 1851 4743 auctoritates
1877 4694 2074 4741 sacrae
2089 4676 2306 4760 Scrip-

763 4797 953 4869 turae,
1009 4794 1074 4855 et
1125 4807 1240 4872 per
1284 4786 1483 4852 verba
1538 4783 2019 4868 prophetarum,
2049 4783 2157 4865 qui
2216 4784 2305 4848 ita

761 4899 1082 4965 dixerunt.
1113 4893 1235 4961 Sed
1259 4894 1316 4959 si
1340 4894 1589 4976 quaerat
1605 4889 1893 4969 alteriue,
1936 4894 2011 4953 ut
2036 4889 2304 4971 probem

760 5007 819 5072 ei
846 5008 1014 5091 quod
1043 5005 1165 5089 ipsi
1205 5019 1433 5067 verum
1461 5000 1788 5074 dixerunt,
1824 4997 2311 5081 respondebitur-

759 5115 842 5194 ei,
863 5114 1035 5198 quod
1072 5112 1309 5176 scimus
1342 5110 1513 5192 ipsos
1538 5124 1769 5173 verum
1794 5105 2051 5185 dixisse,
2079 5105 2234 5187 quia
2263 5124 2303 5171 a

760 5219 1004 5305 Spiritu
1022 5223 1239 5284 sancto
1264 5215 1609 5282 illuminati
1635 5215 1926 5291 fuerunt,
1956 5217 2021 5279 et
2045 5214 2136 5278 ita
2157 5232 2302 5281 cer·-

820 5385 842 5422 ¹
875 5381 1072 5446 ambr„
1100 5381 1210 5434 sive
1257 5379 1428 5444 potius
1464 5375 1649 5429 Euseb.
1699 5373 1902 5438 Emiss„
1940 5375 1994 5424 in
2032 5375 2200 5439 Epist.
2234 5375 2304 5426 ad

756 5457 896 5507 Rom.
920 5477 982 5492 -
1006 5453 1030 5488 ⁸
1054 5450 1193 5502 Paeal.
1220 5460 1402 5514 xxxv1,
1429 5454 1477 5500 ι.
1495 5474 1560 5488 --
1577 5447 1598 5479 ⁸
1624 5445 1787 5508 Alex„
1813 5445 1930 5495 coll.
1959 5456 2162 5497 xxxvu.

1908 462 2527 532 SENTENTIARUM
2566 463 2715 530 LIB.
2762 463 2868 529 111.

2428 598 2646 663 tiflcati
2671 599 2936 664 fuerunt
2960 618 3077 683 per
3103 602 3317 685 fldem,
3358 624 3557 690 quam
3582 627 3624 673 a
3650 608 3782 675 Deo
3812 629 3983 675 acce-

2428 710 2684 789 perunt,
2713 711 2775 770 et
2801 724 2917 770 nos
2958 710 3381 777 certificamur
3422 714 3502 780 de
3533 734 3764 782 eorum
3791 719 3979 783 certi·

2427 814 2720 880 ficatione
2747 833 2861 898 per
2887 816 3078 880 fidem
3097 836 3294 900 quam
3316 822 3398 890 ab
3428 822 3568 905 ipso
3590 824 3717 889 Deo
3741 826 3979 909 accipi-

2429 940 2598 986 mus.
2644 920 2722 987 Et
2771 922 2861 984 sic
2914 926 3084 1005 patet
3113 926 3284 1007 quod
3335 930 3649 1011 expositio
3692 933 3978 1015 Magistri

2427 1027 2598 1091 bona
2622 1031 2738 1107 est,
2755 1028 2909 1111 quia
2935 1048 3048 1113 per
3076 1030 3200 1096 hoc
3227 1051 3358 1098 non
3384 1036 3763 1125 vultfdicere
3799 1040 3976 1122 quod

2425 1134 2583 1199 fides
2609 1135 2933 1218 probetur,
2964 1137 3075 1202 sed
3094 1140 3304 1221 magis
3320 1143 3493 1224 quod
3521 1144 3681 1209 fides
3704 1148 3928 1229 probet
3954 1169 3970 1212 ε

2423 1240 2513 1304 ita
2541 1241 2712 1324 quod
2742 1259 2894 1308 vere
2919 1248 2982 1308 et
3009 1246 3265 1330 proprie
3290 1247 3538 1314 dicatur
3559 1252 3644 1315 ab
3672 1253 3974 1336 Apostolo

2425 1354 2890 1430 arqumentum.

3058 1508 3198 1555 nun.
3242 1494 3333 1557 ἡ.

2812 1627 2961 1683 Fides
2986 1630 3284 1684 charitatem
3312 1635 3579 1698 praecedit.

2502 1777 2634 1844 Hoc
2661 1781 2910 1846 videtur
2941 1800 3077 1848 esse
3103 1784 3360 1864 falsum,
3384 1787 3563 1869 quia,
3615 1788 3784 1853 sicut
3820 1791 3965 1855 dicit

2421 1887 2796 1954 Ambrosius
2847 1938 2865 1967 ,
2903 1914 2934 1952 a
2978 1892 3259 1957 charitas
3299 1897 3396 1957 est
3421 1900 3625 1960 mater
3650 1896 3963 1962 virtutum

2419 1999 2481 2058 et
2509 2000 2700 2078 caput
2724 2017 2746 2057 .·
2773 2017 2805 2056 n
2834 2002 2899 2062 et
2916 2003 3118 2063 mater
3135 2001 3437 2082 praecedit
3454 2001 3636 2081 illud,
3657 2006 3846 2087 cujus
3872 2010 3966 2070 est

2418 2105 2642 2165 mater.
2679 2101 2838 2166 Item
2891 2103 3141 2185 Glossa,
3190 2125 3387 2190 super
3437 2107 3595 2173 illud
3627 2109 3859 2174 Psalmi
3888 2114 3912 2150 ⁸
3941 2134 3958 2176 ε

2416 2207 2566 2273 Noli
2584 2209 2903 2289 temulari,
2957 2212 3109 2276 dicit
3135 2213 3305 2295 quod
3357 2232 3504 2297 spes
3544 2222 3641 2280 est
3667 2218 3963 2282 introitus

2416 2314 2496 2379 ad
2522 2314 2713 2379 fldem
2749 2338 2766 2380 ε
2797 2335 2954 2399 ergo
3004 2320 3256 2384 videtur
3299 2321 3472 2403 quod
3524 2321 3682 2387 fides
3725 2342 3856 2388 non
3883 2325 3961 2387 sit

2416 2422 2625 2504 prima
2667 2423 2833 2487 inter
2861 2424 3133 2489 virtutes
3159 2425 3572 2509 theologicas,
3603 2430 3956 2494 secundum

2414 2528 2586 2609 quod
2607 2528 2838 2593 dicitur
2860 2530 2930 2594 in
2959 2530 3188 2598 littera.
3220 2531 3379 2597 item
3423 2551 3651 2599 omnes
3685 2536 3957 2601 virtutes

2414 2637 2606 2701 simul
2633 2638 3063 2704 infunduntur
3092 2661 3109 2703 z
3144 2658 3304 2722 ergo
3329 2659 3463 2705 non
3505 2644 3764 2708 videtur
3790 2645 3957 2728 quod

2416 2742 2770 2825 reperiatur
2801 2744 3022 2808 inillis
3048 2745 3283 2828 aliquis
3310 2747 3488 2811 ordo·

2494 2850 2680 2933 Resp.
2714 2850 3058 2917 Dicendum
3084 2854 3107 2889 ⁸
3137 2853 3310 2935 quod
3354 2859 3450 2919 est
3493 2855 3673 2938 loqui
3706 2856 3787 2921 de
3833 2859 3955 2923 fide

2411 2961 2473 3021 et
2503 2958 2643 3022 aliis
2690 2958 3040 3024 virtutibus
3091 2960 3450 3044 dupliciter,
3481 2963 3721 3029 scilicet
3746 2984 3955 3048 quan·

2416 3069 2556 3130 tum
2600 3066 2683 3131 ad
2710 3067 3022 3146 habitum,
3074 3073 3138 3132 et
3162 3072 3479 3151 quantum
3506 3070 3588 3134 ad
3614 3078 3875 3136 actum:
3903 3073 3953 3135 si

2414 3180 2731 3257 quantum
2758 3176 2840 3240 ad
2866 3177 3179 3256 habitum,
3235 3179 3327 3242 sic
3377 3184 3473 3243 est
3496 3179 3588 3242 ibi
3613 3180 3904 3246 simultas
3932 3204 3949 3259 ;

2413 3282 2467 3344 si
2499 3287 2813 3365 quantum
2858 3284 2939 3348 ad
2969 3288 3210 3361 actum,
3254 3285 3344 3349 sic
3379 3290 3477 3350 est
3515 3287 3605 3350 ihi
3650 3289 3954 3352 naturalis

2412 3390 2592 3470 ordo,
2619 3409 2737 3474 pro
2788 3410 2864 3456 eo
2909 3393 3079 3474 quod
3109 3396 3291 3457 actus
3329 3393 3480 3458 fidei
3524 3395 3953 3477 praeambulus

2412 3498 2610 3561 estad
2638 3502 2853 3563 actum
2891 3500 3026 3582 spei
3082 3502 3145 3564 et
3170 3499 3521 3565 charitatis.
3553 3501 3760 3568 Nemo
3786 3503 3950 3566 enim

2412 3602 2655 3686 aliquid
2678 3610 2911 3688 sperat,
2938 3607 3040 3671 vel
3060 3611 3254 3687 amat,
3272 3608 3398 3673 nisi
3415 3608 3575 3675 illud
3592 3615 3945 3691 cognoscat,

2412 3716 2479 3776 et
2503 3712 2718 3795 aliquo
2741 3713 2931 3778 modo
2958 3714 3189 3778 credat.
3224 3715 3321 3779 Ad
3348 3715 3510 3781 illud
3535 3718 3709 3800 quod
3732 3718 3949 3800 oinci-

2413 3823 2541 3897 tur,
2564 3821 2735 3903 quod
2758 3820 3031 3885 charitas
3046 3827 3141 3886 est
3156 3827 3379 3901 mater,
3410 3823 3757 3889 dicendum
3784 3824 3946 3907 quod

2412 3926 2571 3990 illud
2598 3927 2976 4009 intelligitur
3002 3931 3322 4010 quantum
3348 3930 3431 3995 ad
3456 3931 3772 3995 rationem
3818 3949 3948 3994 me·

2412 4035 2615 4100 rendi.
2649 4035 2983 4115 Praeterea,
3017 4036 3292 4102 charitas
3318 4038 3557 4103 dicitur
3581 4057 3720 4103 esse
3753 4043 3945 4104 mater

2412 4142 2752 4222 virtutum,
2793 4161 2923 4207 non
2951 4145 3107 4226 quia
3135 4144 3277 4208 illas
3315 4149 3610 4226 generet,
3656 4148 3766 4212 sed
3801 4146 3944 4229 quia

2411 4249 2551 4313 illas
2593 4249 2786 4330 fovet,
2816 4254 2881 4314 et
2922 4251 3148 4330 nutrit,
3209 4255 3282 4315 ut
3313 4253 3690 4334 perveniant
3715 4254 3793 4321 ad
3818 4259 3943 4318 sta-

2411 4362 2551 4420 tum
2578 4358 2993 4441 perfectionis,
3024 4358 3123 4423 Ad
3147 4358 3305 4424 illud
3328 4360 3502 4443 quod
3553 4362 3850 4444 objicitur
3869 4360 3941 4425 de

2412 4464 2647 4543 Glossa,
2677 4464 3017 4529 dicendum
3045 4467 3216 4548 quod
3267 4468 3425 4532 ssdes
3449 4467 3541 4532 ihi
3570 4488 3699 4533 non
3722 4469 3943 4551 accipi-

2409 4572 2519 4632 tur
2551 4588 2665 4653 pro
2694 4571 2816 4635 tide
2852 4571 3110 4652 virtute,
3152 4573 3256 4637 vei
3295 4576 3437 4656 ejus
3468 4578 3639 4654 actu,
3686 4576 3795 4640 sed
3833 4594 3940 4659 pro

2408 4677 2518 4741 illo
2545 4677 2717 4760 quod
2745 4679 2889 4743 fidei
2917 4680 3217 4758 succedit,
3248 4681 3482 4746 scilicet
3508 4700 3626 4766 pro
3640 4681 3774 4765 ipsa
3797 4683 3940 4747 hea-

2410 4783 2652 4849 tissima
2675 4783 2939 4851 visione.

2883 4957 3371 5032 ARTICULUS
3416 4964 3469 5032 Ι.

2488 5107 2587 5174 Ad
2616 5107 3099 5190 intelligentiam
3128 5110 3328 5195 hujus
3350 5115 3552 5196 partis
3595 5113 3815 5180 incidit
3834 5112 3930 5179 hie

2407 5215 2678 5297 quaestio
2702 5215 2870 5282 circa
2894 5217 3028 5282 duo
3058 5240 3075 5283 ε
3105 5219 3315 5303 primo
3327 5220 3506 5286 enim
3531 5222 3837 5305 quaeritur
3856 5221 3928 5285 dc

2406 5320 2548 5404 ipsa
2570 5320 2696 5389 fide
2722 5323 3091 5408 simpliciter
3111 5326 3299 5407 dicta,
3346 5327 3483 5393 sive
3507 5329 3807 5407 formata;
3833 5345 3925 5392 se-

2405 5429 2616 5494 cundo
2663 5448 2816 5496 vero
2839 5431 3151 5513 quaeritur
3174 5432 3253 5496 de
3279 5432 3409 5498 fide
3429 5435 3713 5517 quodm
3748 5433 3921 5502 modo
