4185 6288
753 453 873 516 296

753 591 1249 657 mundissimum
1280 608 1296 651 :
1324 606 1481 671 ergo
1503 607 1693 655 omne
1720 587 1899 666 illud,
1926 585 2099 669 quod
2123 584 2193 648 in
2210 583 2294 647 'ea

753 700 1051 780 resultat,
1082 700 1238 763 adeo
1264 698 1429 762 clare
1456 698 1649 776 videt,
1685 701 1759 761 ut
1787 696 1973 759 DeuS.
2016 693 2208 768 Item,
2238 689 2292 753 si

713 873 720 880 ,
753 810 996 874 nonita
1020 807 1280 889 limpide
1308 807 1508 886 videt,
1539 806 1661 869 hoc
1691 822 1822 869 non
1849 800 2144 886 provenit
2172 797 2295 861 nisi

752 923 1013 1004 propter
1059 916 1581 981 commixtionem
1648 913 2108 979 obscurationis
2130 961 2146 989 ‚
2184 912 2295 976 sed

752 1025 1211 1089 obscurationis
1234 1042 1426 1088 causa
1460 1028 1556 1087 est
1593 1027 1921 1106 peccatum
1955 1039 1973 1083 ι
2002 1039 2159 1101 ergo
2192 1020 2294 1081 vi·-

754 1133 940 1201 detur
985 1133 1154 1215 quod
1195 1133 1412 1198 anima
1448 1132 1674 1196 Christi
1728 1129 1954 1194 habuit
1995 1128 2296 1192 obseura-

757 1242 995 1307 tionem
1048 1243 1283 1325 peccati
1330 1265 1343 1302 :
1403 1240 1571 1323 quod
1611 1239 1663 1302 si
1705 1239 1826 1302 hoc
1878 1239 1972 1301 est
2027 1235 2291 1314 falsum,

753 1370 931 1432 erg0,
965 1355 1081 1415 etc.

834 1455 1020 1536 Resp.
1082 1454 1428 1518 Dicendum
1472 1452 1641 1535 quod
1685 1452 1974 1533 respectu
2021 1467 2296 1513 summae

753 1558 913 1622 lucis
949 1558 1159 1622 omnis
1186 1561 1476 1620 creatura
1509 1556 1770 1621 tenebra
1797 1559 1921 1630 est,
1951 1555 2118 1617 sicut
2146 1554 2297 1618 dicit

753 1667 1202 1748 Augustinus,
1245 1684 1322 1730 eo
1367 1667 1502 1748 ipso
1545 1664 1718 1747 quod
1776 1682 1858 1728 ex
1921 1662 2125 1726 nihilo
2173 1665 2287 1725 est.

757 1775 935 1839 Unde
979 1775 1143 1837 sicut
1180 1792 1312 1837 non
1351 1777 1553 1856 potest
1612 1771 1944 1855 pervenire
1991 1771 2071 1834 ad
2113 1788 2298 1832 sum-

756 1897 931 1943 mam
974 1873 1406 1953 stabilitatem,
1439 1878 1528 1940 ita
1556 1895 1686 1941 non
1720 1880 1924 1959 potest
1962 1875 2185 1939 venire
2217 1874 2295 1938 ad

755 2006 1076 2052 summam
1102 1985 1620 2050 luminositatem.
1647 1985 1745 2049 Ad
1766 1984 1921 2048 illud
1940 2002 2098 2064 ergo
2125 1984 2297 2066 quod

755 2095 1072 2177 objicitur,
1121 2095 1292 2178 quod
1334 2099 1428 2158 est
1473 2093 1803 2177 speculum
1849 2092 2293 2171 clarissimum,

754 2201 1094 2266 dicendum
1134 2203 1302 2290 quod
1344 2220 1475 2265 non
1521 2201 1749 2265 dicitur
1794 2199 2123 2281 speculum
2169 2199 2296 2263 cla·

757 2311 1083 2374 tissimum
1109 2308 1508 2391 simpliciter,
1540 2308 1649 2372 sed
1687 2311 1976 2390 respectu
2020 2307 2298 2370 aliarum

757 2422 1229 2492 creaturarum,
1278 2416 1441 2480 inter
1484 2433 1646 2497 quas
1691 2415 1917 2478 retinet
1974 2415 2297 2497 principa-

758 2530 919 2589 tum.
966 2525 1060 2588 Ad
1103 2525 1261 2588 illud
1304 2524 1475 2608 quod
1519 2524 1844 2606 objicitur,
1892 2524 2062 2605 quod
2109 2544 2301 2589 causa

760 2631 1027 2696 minoris
1062 2632 1361 2695 claritatis
1403 2635 1497 2695 est
1540 2632 1918 2710 obscuraliO,
1964 2651 2114 2713 quae
2152 2633 2297 2714 qui-

759 2740 907 2804 dem
931 2744 1023 2803 est
1064 2759 1179 2822 per
1206 2744 1566 2822 peccatum,
1596 2739 1937 2804 dicendum
1972 2740 2146 2821 quod
2178 2741 2301 2803 mi·-

760 2867 883 2912 nor
925 2847 1174 2912 claritas
1216 2847 1550 2929 dupliciter
1588 2847 1820 2911 dicitur
1863 2848 1932 2910 in
1959 2854 2295 2914 creatura:

760 2956 865 3019 vel
890 2959 1179 3037 respectu
1206 2955 1348 3034 Dei,
1391 2956 1498 3019 vel
1524 2961 1812 3038 respectu
1846 2956 2017 3019 illius
2043 2956 2300 3020 clarita-

759 3061 840 3124 tis
858 3109 876 3136 ‚
907 3080 1105 3143 quam
1132 3066 1421 3126 creatura
1446 3067 1597 3126 nata
1631 3067 1726 3127 est
1759 3063 1994 3127 habere
2037 3083 2055 3127 ι
2087 3066 2143 3127 si
2166 3082 2303 3128 res-

758 3176 947 3254 pectu
975 3171 1147 3236 illius
1174 3191 1370 3254 quam
1416 3176 1567 3235 nata
1601 3177 1696 3236 est
1736 3173 1972 3238 habere
1994 3222 2011 3250 ‚
2040 3173 2135 3236 sic
2160 3174 2304 3237 talis

759 3280 1119 3344 obscuratio
1158 3283 1252 3343 est
1290 3297 1372 3343 ex
1417 3285 1705 3362 peccato,
1752 3285 1815 3344 et
1861 3281 1999 3344 haec
2042 3282 2302 3363 quidem

758 3401 893 3447 non
919 3384 1039 3446 fuit
1066 3383 1136 3447 in
1164 3382 1410 3447 Christo
1424 3401 1444 3463 ;
1475 3384 1529 3446 si
1564 3386 1853 3465 respectu
1880 3384 2021 3463 Dei,
2051 3385 2141 3448 sic
2161 3385 2304 3448 talis

758 3492 1118 3556 obscuratio
1179 3493 1355 3556 venit
1408 3509 1490 3554 ex
1541 3492 1785 3556 defectu
1837 3497 2145 3557 creatura?
2162 3541 2182 3572 ,
2227 3511 2303 3556 eo

759 3601 929 3684 quod
958 3604 1248 3664 creatura
1263 3618 1597 3682 nunquam
1619 3604 1821 3683 potest
1844 3602 2118 3665 Creatori
2145 3620 2303 3666 coae-

758 3708 970 3790 quari.
1003 3707 1316 3772 Praeterea
1342 3709 1503 3772 ratio
1539 3708 1647 3772 illa
1671 3727 1798 3773 non
1838 3709 2006 3773 valet
2037 3729 2053 3773 ε
2089 3732 2121 3771 α
2161 3709 2303 3775 Non

759 3816 935 3879 videt
978 3815 1067 3878 ita
1100 3815 1358 3899 limpide
1391 3837 1405 3879 z
1440 3833 1598 3897 ergo
1625 3817 1817 3881 habet
1845 3817 2127 3901 aliquam
2162 3819 2302 3882 obs·

760 3922 1131 4000 curitatem3
1176 3946 1207 3982 »
1265 3923 1414 4006 quia
1454 3924 1772 3989 luminare
1817 3945 2023 3989 unum
2070 3926 2305 3992 dicitur

759 4048 895 4094 esse
930 4030 1151 4093 minus
1192 4029 1387 4095 altero
1423 4035 1687 4114 <propter
1733 4034 2046 4096 minorem
2092 4053 2302 4099 acces-

761 4155 907 4202 sum
935 4136 1016 4201 ad
1045 4155 1374 4201 summum
1403 4138 1501 4201 sui
1531 4140 1808 4220 generiS,
1853 4142 2009 4223 quia
2048 4142 2303 4224 opposi-

758 4249 901 4309 tum
927 4246 1070 4327 ejus
1096 4263 1228 4308 non
1269 4250 1363 4310 est
1401 4245 1614 4328 aliqua
1640 4251 1900 4327 natura,
1944 4249 2053 4313 sed
2094 4251 2304 4332 priva-

759 4355 852 4418 tio
885 4376 901 4417 :
932 4371 1080 4418 eum
1108 4357 1324 4417 autem
1352 4353 1584 4417 dicitur
1620 4357 1792 4437 quod
1831 4360 2042 4439 majus
2084 4363 2209 4434 est,
2240 4365 2304 4423 et

761 4461 978 4525 minus
1030 4464 1122 4525 est
1162 4479 1274 4543 per
1320 4461 1901 4544 impermixtionem
1957 4468 2298 4548 contrarii,

760 4570 883 4635 hoc
905 4569 1284 4651 intelligitur
1309 4571 1378 4633 in
1405 4571 1725 4653 oppositis,
1754 4592 2033 4657 quorum
2055 4580 2302 4640 utrum-

760 4697 886 4760 que
912 4696 1024 4760 per
1050 4696 1117 4742 se
1144 4681 1237 4743 est
1266 4677 1479 4760 aliqua
1505 4684 1754 4745 natura.

1395 4873 1530 4919 DUB.
1575 4875 1665 4921 lv.

884 4983 997 5034 Non
1027 4985 1105 5033 est
1130 4986 1300 5034 autem
1328 4983 1374 5034 ei
1402 4984 1577 5037 datum
1603 5001 1753 5052 posse
1784 4991 1957 5043 omnia
1983 4993 2170 5048 tacere.

839 5107 973 5173 Hoc
1011 5109 1264 5175 videtur
1308 5127 1441 5174 esse
1484 5110 1736 5194 falsum,
1779 5116 1932 5198 quia
1973 5118 2205 5186 dicitur
2230 5123 2293 5189 ¹:

826 5235 844 5270 ⁸
870 5234 1073 5298 Mami„
1104 5247 1288 5298 xxvm,
1317 5240 1393 5287 18.
1413 5263 1476 5276 -
1499 5238 1518 5269 ²
1549 5240 1726 5300 Mara,
1754 5253 1828 5304 ιι,
1862 5246 1941 5295 22.
1965 5252 2024 5282 -ὲ
2046 5247 2068 5280 ⁸
2110 5249 2127 5297 1
2162 5248 2296 5311 Cor„

758 5306 876 5361 ¹1¹1,
892 5300 1016 5347 2.-
1033 5299 1052 5333 ⁸
1068 5297 1149 5361 Cf.
1172 5300 1440 5357 S.Thom..
1464 5314 1514 5365 p.
1535 5302 1622 5365 111,
1639 5318 1690 5368 q.
1708 5308 1867 5367 x,art.
1894 5310 2295 5375 23et1118ent.,

758 5367 872 5418 dist.
888 5372 1102 5431 xmart.
1122 5372 1168 5432 2,
1186 5381 1271 5433 q.1
1293 5384 1307 5431 ;
1326 5369 1445 5420 etde
1465 5372 1642 5436 Vei-it„
1664 5388 1714 5439 q.
1737 5386 1825 5438 xx,
1842 5381 1940 5427 art.
1955 5381 2011 5442 43
2031 5383 2082 5430 et
2098 5382 2187 5444 Op.
2206 5383 2296 5446 ul,

758 5451 806 5491 ο.
832 5451 997 5504 xv1115
1025 5441 1211 5493 Scotus
1231 5475 1249 5503 ,
1281 5442 1348 5493 111
1383 5441 1543 5508 Sent„
1567 5444 1685 5497 dist.
1714 5457 1824 5507 xxv,
1851 5459 1907 5513 q.
1943 5461 2000 5514 ις
2034 5451 2297 5516 Richard„

1919 443 2375 517 SENTENTIA
2385 445 2558 515 RUM
2599 448 2751 518 ΠΒ.
2793 449 2904 518 111.

2405 589 2576 653 Data
2616 594 2705 654 est
2743 589 2910 656 mihi
2942 591 3151 658 omnis
3186 596 3459 674 potestas
3500 596 3575 661 in
3607 596 3755 662 coelo
3784 600 3947 664 etin

2404 697 2593 757 terra.
2628 691 2783 757 Item
2806 702 2829 735 ¹
2859 713 2875 759 ε
2904 697 2981 760 Si
2999 702 3176 776 potes
3206 698 3476 778 credere,
3506 703 3723 766 omnia
3747 703 3947 783 possi-

2407 800 2566 867 bilia
2592 810 2746 869 sunt
2777 803 3081 870 credendi
3113 827 3133 866 .·
3161 824 3317 887 ergo
3354 809 3410 870 si
3450 809 3773 890 possibilia
3798 814 3948 874 sunt

2405 909 2682 973 credenti
2703 959 2722 990 ,
2762 911 2963 975 multo
3002 914 3211 993 magis
3250 914 3571 996 possibilia
3613 920 3763 980 sunt
3802 917 3946 980 ani-

2408 1035 2532 1081 mae
2560 1018 2790 1083 Christi
2817 1020 3400 1102 comprehendenti.

2487 1125 2671 1209 Resp.
2701 1127 3047 1192 Dicendum
3077 1132 3246 1212 quod
3287 1136 3380 1196 est
3416 1134 3696 1215 potentia
3736 1134 3943 1217 impe-

2406 1236 2638 1315 trandi,
2673 1240 2738 1300 et
2758 1241 2852 1300 est
2880 1238 3156 1317 potentia
3183 1239 3596 1322 praesidendi,
3627 1246 3689 1306 et
3718 1247 3948 1325 poten-

2407 1342 2495 1405 tia
2531 1343 2819 1407 faciendi.
2852 1344 3011 1409 Cum
3053 1365 3210 1427 ergo
3236 1346 3384 1411 dicit
3410 1346 3744 1430 Magister,
3777 1351 3947 1433 quod

2408 1466 2538 1516 non
2564 1457 2655 1516 est
2678 1451 2904 1518 datum
2928 1457 3010 1532 ei,
3030 1458 3175 1531 etc.‚
3207 1454 3586 1536 intelligitur
3613 1457 3690 1520 de
3716 1463 3949 1539 poten-

2405 1559 2494 1622 tia
2533 1559 2826 1625 faciendi.
2874 1561 3032 1624 Cum
3072 1567 3285 1625 autem
3332 1563 3563 1627 dieitur
3597 1586 3611 1628 :
3648 1566 3813 1631 Data
3855 1574 3950 1634 est

2406 1665 2602 1745 mihi,
2645 1671 2789 1748 etc„
2834 1669 3214 1749 intelligitur
3263 1669 3341 1733 de
3396 1671 3676 1751 potentia
3723 1674 3945 1754 praesi·

2406 1774 2594 1838 dendi
2633 1796 2656 1836 .-
2691 1778 2992 1840 omnibus
3032 1777 3206 1841 enim
3247 1797 3393 1860 quae
3439 1779 3560 1843 sub
3602 1780 3728 1843 Deo
3772 1786 3945 1857 sunt,

2406 1887 2635 1965 praeest
2665 1884 2858 1948 etiam
2900 1884 3185 1949 Christus
3214 1887 3566 1950 secundum
3595 1887 3950 1952 humanam

2407 1994 2704 2054 naturam
2722 2040 2740 2071 ‚
2786 2010 2933 2075 quae
2978 1999 3072 2057 est
3116 2012 3307 2077 super
3345 1996 3609 2076 angelos
3647 1997 3946 2061 exaltata.

2408 2097 2564 2162 Cum
2592 2103 2808 2163 autem
2836 2101 3066 2164 dicitur
3098 2123 3111 2165 :
3145 2103 3376 2167 Omnia
3416 2102 3755 2184 possibilia
3795 2111 3951 2172 sunt

2407 2205 2719 2287 credenti,
2747 2207 3124 2289 intelligitur
3158 2209 3236 2273 de
3274 2210 3554 2291 potentia
3598 2210 3953 2292 impetran-

2408 2315 2471 2377 di
2498 2334 2515 2378 ι
2545 2315 2700 2379 fides
2726 2316 2901 2380 enim
2928 2334 3186 2380 summa
3211 2317 3551 2399 impetrare
3580 2323 3783 2400 potest
3809 2338 3951 2383 om-

2408 2423 2517 2488 nia
2578 2424 2922 2504 miracula,
2977 2427 3168 2507 juxta
3233 2425 3431 2490 illud⁸
3478 2449 3494 2488 ε
3541 2427 3614 2492 Si
3675 2427 3951 2494 habuero

2407 2525 2603 2605 fidem
2625 2576 2641 2603 ‚
2674 2531 2793 2591 etc.
2838 2527 2917 2590 Et
2944 2546 3056 2610 per
3082 2528 3204 2591 hoc
3244 2532 3449 2609 patet,
3481 2529 3652 2611 quod
3680 2530 3750 2593 in
3778 2548 3955 2612 prae-

2407 2633 2591 2698 dictis
2617 2635 2795 2699 nulla
2820 2640 2913 2698 est
2941 2636 3368 2715 contrarietas,
3400 2641 3518 2701 etc.

2891 2877 3373 2950 ARTICULUS
3419 2882 3471 2949 Ι.

2489 3059 2589 3124 Ad
2630 3059 3115 3141 intelligentiam
3150 3061 3346 3144 hujus
3379 3064 3575 3146 partis
3602 3063 3829 3129 incidit
3853 3066 3957 3129 hie

2410 3170 2682 3252 quaestio
2705 3171 2870 3234 circa
2898 3171 3017 3233 tria
3051 3194 3065 3234 ι
3099 3172 3306 3253 primo
3333 3172 3506 3236 enim
3532 3173 3853 3255 quaeritur
3879 3175 3957 3239 de

2410 3276 2669 3340 scientia
2689 3295 2884 3359 quam
2911 3278 3127 3341 anima
3165 3278 3389 3342 Christi
3435 3280 3660 3343 habuit
3697 3281 3774 3345 de
3812 3280 3957 3346 Ver-

2411 3384 2536 3460 bo;
2576 3384 2853 3448 secundo
2894 3403 3046 3449 vero
3088 3385 3167 3449 de
3208 3385 3465 3450 scientia
3502 3405 3698 3468 quam
3736 3389 3955 3452 anima

2412 3491 2639 3557 Christi
2672 3492 2899 3556 habuit
2937 3493 3005 3556 in
3050 3493 3293 3572 Verb03
3342 3495 3527 3559 tertio
3573 3495 3652 3558 de
3697 3497 3961 3559 scientia

2411 3617 2609 3682 quam
2650 3599 2866 3663 anima
2907 3598 3132 3664 Christi
3173 3601 3402 3666 habuit
3429 3622 3469 3665 a
3497 3601 3726 3666 Verbo.
3785 3603 3961 3668 Circa

2410 3707 2693 3788 primum
2761 3712 3145 3789 quaeruntur
3212 3708 3336 3771 tria
3394 3730 3410 3772 ε
3471 3708 3757 3790 primum
3828 3715 3957 3790 est,

2410 3818 2630 3879 utrum
2657 3816 2874 3879 anima
2901 3815 3126 3881 Christi
3149 3816 3341 3880 aliam
3370 3818 3806 3898 cognitionem
3840 3820 3955 3882 ha-

2410 3922 2555 3986 beat
2590 3920 2669 3985 de
2712 3921 2919 3987 Verbo
2940 3971 2957 4001 ‚
3005 3941 3201 4005 quam
3241 3924 3322 3986 sit
3345 3924 3575 4005 {ipsum
3625 3923 3952 4003 Verbum;

2410 4031 2760 4094 secundum
2788 4035 2883 4094 est
2902 4079 2919 4107 ‚
2952 4036 3176 4095 utrum
3203 4031 3419 4095 anima
3446 4031 3674 4096 Christi
3701 4033 3771 4096 in
3811 4051 3961 4114 cog-

2407 4140 2723 4203 noscendo
2760 4140 3251 4221 comprehendat
3294 4139 3573 4205 Verbum
3629 4142 3750 4205 sibi
3805 4143 3952 4206 uni·

2410 4249 2589 4325 tum;
2622 4248 2882 4311 tertium
2910 4251 3037 4327 est,
3072 4252 3291 4311 utrum
3325 4248 3541 4312 anima
3567 4249 3798 4312 Christi
3845 4250 3961 4314 de-

2411 4353 2569 4434 figat
2596 4357 2921 4435 aspectum
2948 4354 3019 4416 in
3044 4354 3257 4437 ipsum
3284 4355 3506 4419 lumen
3532 4359 3873 4420 aeternum.

2955 4576 3311 4656 QUAESTIO
3354 4578 3405 4644 1.

2411 4746 2505 4804 An
2532 4748 2719 4802 anima
2740 4745 2942 4801 Christi
2967 4750 3245 4816 coquoscat
3279 4746 3511 4802 Verbum
3538 4748 3657 4801 alia
3684 4748 3957 4816 cognitio-

2578 4855 2674 4907 ne,
2705 4854 2865 4910 quam
2890 4839 2994 4895 illa
3022 4853 3141 4909 quae
3168 4843 3244 4894 ωε
3270 4842 3446 4911 ipsum
3482 4839 3712 4895 Verbum
3742 4839 3781 4892 ⁸.

2489 4999 2717 5064 Utrum
2753 4997 2969 5062 anima
3013 4996 3239 5060 Christi
3287 5003 3627 5079 cognoscat
3665 4997 3953 5064 Verbum
3978 5026 4040 5071 Aa
4060 5039 4155 5080 ψ».

2406 5110 2768 5195 cognitione
2814 5110 2938 5174 alia
2954 5157 2971 5187 ‚
3023 5128 3218 5193 quam
3260 5108 3369 5173 illa
3414 5127 3561 5191 quae
3595 5114 3689 5173 est
3736 5109 3953 5192 ipsum

2408 5238 2473 5288 111
2500 5236 2661 5300 Sene„
2681 5236 2798 5287 dist.
2823 5247 2911 5286 xrv
2932 5273 2945 5297 ‚
2967 5250 3019 5301 q.
3040 5248 3087 5297 1;
3120 5234 3370 5297 Dux-and„
3403 5235 3467 5284 ΙΙΙ
3499 5235 3662 5294 Sene„
3693 5235 3810 5285 dist.
3841 5247 3952 5300 xxv,

2405 5324 2456 5374 q.
2489 5322 2532 5371 13
2557 5309 2739 5360 Thom.
2771 5310 3001 5373 Argent„
3034 5308 3099 5357 ΙΙΙ
3126 5308 3285 5364 Seni„
3309 5306 3423 5357 dist.
3456 5318 3575 5367 xm,
3609 5322 3663 5372 q.
3696 5320 3735 5372 1,
3755 5312 3855 5357 art.
3887 5311 3953 5371 23

2403 5380 2582 5444 Steph-
2625 5380 2831 5443 Brulef„
2858 5380 2923 5429 ΙΙΙ
2959 5380 3118 5441 Sent„
3154 5377 3271 5427 dist.
3306 5389 3417 5441 ΧΠ,
3443 5392 3498 5443 q.
3531 5390 3579 5442 1;
3610 5379 3765 5430 Gabr.
3795 5377 3953 5444 niet„

2406 5453 2477 5506 tu
2500 5452 2637 5505 Seni.
2667 5451 2783 5504 dist.
2814 5462 2922 5513 xrv,
2953 5463 3007 5515 q.
3036 5461 3074 5514 ι,
3099 5449 3221 5501 dub.
3247 5459 3305 5500 u.
