4185 6288
772 413 896 481 506

759 551 876 614 aut
896 548 1085 614 datur
1109 549 1169 613 ei
1200 565 1414 614 novus
1439 548 1697 613 habitus
1722 547 1869 613 fidei
1901 569 1917 612 ι
1946 547 2056 612 sed
2083 547 2306 611 infide-

756 655 836 721 lis
863 674 997 721 non
1023 656 1332 735 efficitur,
1362 655 1526 720 sicut
1565 659 1772 738 patet,
1802 673 1920 719 nec
1950 673 2161 719 novus
2186 655 2306 720 ha-

760 764 931 829 bitus
975 765 1204 843 datur,
1233 763 1388 847 quia
1426 781 1557 826 non
1602 763 1781 828 decet
1821 767 1895 826 ut
1922 763 2208 846 peccanti
2236 761 2305 824 in

756 871 897 954 ipso
935 874 1082 935 actu
1126 871 1363 953 peccati
1414 870 1789 934 infundatur
1831 870 2074 934 donum
2101 869 2304 952 gratis

754 976 975 1042 datum
1002 999 1017 1040 τ
1044 995 1206 1058 ergo
1233 996 1365 1042 non
1390 977 1647 1041 videtur
1676 976 1849 1059 quod
1875 976 2133 1041 habitus
2158 976 2305 1040 fidei

756 1083 1050 1149 informis
1091 1102 1208 1167 per
1254 1084 1534 1166 gratiam
1581 1082 2139 1167 supervenientem
2185 1082 2300 1147 ha·

755 1190 903 1255 beat
928 1189 1183 1274 expelli.

1289 1377 1741 1447 CONCLUSIO.

756 1520 910 1579 ma
935 1522 1188 1590 insomnis
1208 1537 1312 1593 per
1337 1523 1536 1591 qratioe
1563 1520 1850 1578 ademtam
1876 1537 1985 1577 non
2010 1523 2307 1595 apellitur

827 1610 1090 1679 quantum
1116 1605 1192 1661 ad
1208 1605 1454 1662 habitum
1484 1610 1702 1662 etmum
1715 1646 1736 1677 ‚
1763 1606 1855 1663 sed
1877 1612 2149 1675 remansa
2181 1607 2306 1664 licet

828 1695 1149 1752 &cludatur
1174 1694 1354 1767 quoad
1377 1696 1650 1765 desecant.

836 1854 1029 1937 Resp.
1052 1854 1133 1918 ad
1157 1872 1302 1936 arg.
1332 1854 1430 1919 Ad
1458 1853 1908 1938 praedictorum
1945 1855 2304 1939 intelligen-

753 1961 908 2027 tiam
951 1966 1047 2027 est
1093 1961 1484 2039 notandum,
1523 1961 1698 2044 quod
1743 1979 1894 2026 cum
1920 1962 2063 2027 dico
2108 1963 2301 2028 fldem

753 2068 1094 2133 informem
1116 2115 1137 2146 ‚
1167 2067 1313 2132 dico
1348 2066 1473 2132 tria
1497 2116 1515 2147 ‚
1545 2066 1836 2133 videlicet
1875 2067 2169 2135 habitum
2191 2119 2209 2150 ‚
2239 2075 2304 2135 et

753 2175 953 2258 ipsius
979 2176 1238 2240 habitus
1261 2193 1478 2254 usum,
1504 2179 1570 2240 et
1596 2175 1917 2240 defectum
1942 2195 2295 2242 annexum.

753 2281 834 2350 Et
856 2287 1171 2366 quantum
1198 2282 1279 2348 ad
1301 2283 1443 2348 haec
1464 2283 1587 2348 tria
1614 2287 1819 2367 potest
1848 2284 2181 2367 tripliciter
2207 2285 2301 2350 in·

749 2390 956 2472 telligi
977 2439 999 2469 ,
1028 2390 1200 2473 quod
1229 2391 1388 2456 fides
1412 2391 1705 2456 informis
1733 2391 2092 2475 expellatur
2110 2440 2130 2470 ‚
2160 2393 2298 2459 sive

749 2502 1099 2563 evacuetur
1125 2516 1242 2581 per
1275 2498 1553 2580 gratiam
1600 2500 2187 2582 supervenientem.
2220 2500 2301 2567 Et

750 2600 1112 2666 secundum
1156 2599 1334 2665 hunc
1374 2600 1683 2684 triplicem
1737 2601 2004 2666 modum
2060 2603 2294 2667 intelli-

752 2707 944 2788 gendi
966 2754 989 2785 ‚
1037 2712 1168 2771 tres
1219 2708 1485 2773 fuerunt
1541 2708 1707 2773 circa
1765 2709 1887 2774 hoc
1938 2710 2292 2793 opiniones,

598 2837 654 2881 aa.
707 2867 719 2880 .
751 2814 1026 2892 Quidam
1066 2833 1347 2897 namque
1390 2815 1601 2880 dicere
1644 2816 2019 2897 voluerunt,
2055 2818 2230 2901 quod
2258 2837 2298 2883 a

752 2923 963 3004 gratia
1005 2922 1495 3005 superveniente
1521 2921 1679 2987 fides
1711 2923 2002 2988 informis
2028 2925 2294 3008 expelli-

749 3033 858 3094 tur
886 3046 1018 3093 non
1048 3029 1258 3093 solum
1289 3031 1608 3110 quantum
1644 3029 1725 3093 ad
1752 3030 2158 3096 informitatis
2182 3032 2293 3098 de·

746 3137 984 3204 fectum
1004 3186 1022 3217 ‚
1068 3136 1179 3202 sed
1224 3136 1419 3201 etiam
1462 3140 1785 3219 quantum
1832 3137 1913 3202 ad
1958 3158 2153 3205 usum
2173 3188 2194 3219 ‚
2235 3143 2299 3208 et

747 3249 1066 3329 quantum
1092 3245 1173 3310 ad
1209 3244 1526 3309 habitum.
1556 3243 1636 3310 Et
1663 3243 1787 3309 hoc
1811 3245 2072 3328 quidem
2112 3247 2295 3313 dixe·

749 3356 903 3417 runt
925 3356 1281 3436 propterea,
1301 3352 1453 3434 quia
1483 3353 1694 3434 gratia
1720 3357 2184 3437 superveniens
2204 3376 2299 3421 se-

747 3473 900 3521 cum
943 3455 1064 3520 fert
1106 3472 1333 3520 omnes
1373 3455 1641 3520 virtutes
1672 3476 1688 3519 z
1718 3459 1783 3519 et
1825 3456 1979 3539 quia
2023 3476 2154 3523 non
2203 3465 2300 3526 est

749 3565 1224 3645 opportunum,
1255 3579 1373 3625 nec
1415 3564 1510 3625 est
1548 3562 1847 3644 possibile
1874 3563 1941 3626 in
1969 3583 2104 3629 uno
2133 3567 2294 3631 etin

746 3669 971 3752 eodem
1013 3687 1150 3734 esse
1194 3668 1351 3734 fides
1396 3668 1587 3746 duas,
1634 3688 1785 3735 cum
1831 3671 1989 3738 fides
2021 3675 2300 3742 formata

747 3776 1287 3860 superinducatur
1316 3793 1468 3839 cum
1494 3776 1738 3861 gratia,
1768 3781 1834 3842 et
1858 3784 2180 3861 quantum
2217 3783 2299 3847 ad

745 3890 975 3955 formae
1045 3882 1588 3965 complementum
1617 3930 1639 3963 ‚
1706 3888 1772 3949 et
1834 3891 2153 3969 quantum
2216 3889 2297 3954 ad

751 4010 968 4072 usum,
990 3996 1055 4057 et
1080 3995 1397 4074 quantum
1414 3992 1493 4055 ad
1522 3991 1817 4057 habitum
1840 4014 1858 4073 3
1884 3994 2029 4060 ideo
2051 3997 2132 4061 ad
2156 3999 2298 4079 eJ‘us

751 4098 1121 4180 ingressum
1135 4097 1294 4162 fides
1317 4096 1609 4162 informis
1627 4100 1895 4166 omnino
1913 4104 2293 4186 expellitur:

750 4205 932 4273 etsie
960 4209 1209 4288 ponunt
1233 4222 1377 4269 eam
1404 4204 1638 4286 expelli
1667 4210 1925 4289 propter
1947 4209 2302 4293 incompos-

748 4313 1112 4377 sibilitatem
1145 4314 1209 4375 et
1238 4313 1574 4377 unitatem.
1603 4311 1684 4377 Et
1715 4313 1864 4379 situ
1892 4315 2154 4398 oincias
2181 4319 2295 4398 eis,

750 4419 925 4504 quod
952 4424 1107 4484 tunc
1132 4438 1248 4503 per
1277 4419 1533 4502 culpam
1559 4421 1741 4485 fieret
1765 4420 1965 4487 homo
1995 4423 2295 4506 infidelis,

751 4527 1145 4610 respondent
1171 4527 1469 4606 breviter,
1488 4527 1659 4610 quod
1682 4527 1849 4594 Deus
1872 4547 1990 4593 sua
2014 4533 2300 4612 gratuita

748 4639 1030 4705 bonitate
1046 4687 1065 4716 ‚
1095 4658 1226 4721 qua
1261 4657 1397 4704 non
1438 4639 1748 4722 permittit
1773 4641 2107 4708 hominem
2138 4649 2296 4710 tota-

748 4745 894 4811 liter
919 4746 1144 4811 cadere
1158 4793 1177 4825 ,
1209 4745 1490 4812 infundit
1518 4749 1575 4811 ei
1609 4747 1902 4814 habitum
1937 4750 2078 4816 fidei
2106 4753 2300 4818 infor·

749 4853 904 4930 miz,
930 4871 1013 4920 ne
1038 4851 1306 4918 omnino
1331 4857 1546 4936 pereat
1577 4853 1647 4918 in
1689 4871 1766 4918 eo
1804 4855 2298 4923 fundamentum

751 4960 1096 5044 spiritualis
1122 4960 1397 5026 aediflcii.
1431 4959 1609 5026 Unde
1634 4961 1797 5027 sieut
1836 4980 1917 5027 ex
1957 4965 2146 5030 malis
2177 4966 2294 5031 eli-

754 5067 1013 5133 ciuntur
1051 5069 1220 5134 bona
1236 5115 1257 5147 ‚
1295 5067 1386 5131 sic
1412 5067 1727 5150 contingit
1756 5069 1824 5133 in
1851 5071 2061 5154 culpae
2089 5077 2296 5139 trans·

758 5173 1086 5254 gressione
1112 5174 1304 5240 alicui
1331 5175 1582 5239 infundi
1605 5174 1902 5243 habitum
1931 5179 2293 5247 informem.

538 5293 730 5363 ι-μοι».
758 5276 883 5345 Sed
912 5278 1066 5364 quia
1089 5280 1246 5346 illud
1277 5300 1408 5347 non
1434 5282 1690 5348 videtur
1713 5284 1991 5351 multum
2015 5290 2297 5355 rationa-

759 5385 908 5464 bile,
927 5384 1102 5478 quod
1130 5384 1297 5458 neus
1317 5386 1485 5454 dona
1511 5388 1739 5478 gratiae
1757 5390 1877 5473 ipsi
1899 5396 2205 5482 peccanti,
2228 5402 2296 5463 et

1892 409 2514 478 summanum
2551 395 2700 478 ms.
2744 413 2854 481 ιιι.

2418 566 2488 613 se
2515 567 2555 613 a
2578 567 2648 613 se
2675 549 3016 628 avertenti,
3035 550 3331 615 infundat
3355 550 3425 616 in
3452 550 3592 634 ipsa
3612 556 3940 635 aversione

2414 656 2557 721 ideo
2574 657 2737 722 alius
2770 657 2998 722 modus
3026 662 3122 722 est
3149 658 3424 735 dicendi,
3455 660 3629 742 quod
3656 662 3819 727 sicut
3845 684 3939 746 per
3963 689 4085 745 0522

2415 768 2742 844 peccatum
2768 782 2897 828 non
2941 765 3370 830 introducitur
3392 766 3653 832 habitus
3689 769 3835 834 fidei
3858 771 3942 834 in·

2415 869 2669 950 formis,
2708 873 2817 937 sed
2860 874 3294 938 introducitur
3337 874 3619 939 defectus
3637 923 3656 955 ,
3687 880 3755 940 et
3794 877 3941 942 alius

2416 975 2709 1041 credendi
2749 976 2979 1042 modus
3007 978 3086 1058 (a)
3102 1025 3122 1056 ‚
3150 977 3241 1040 sic
3287 977 3482 1041 etiam
3526 996 3640 1060 per
3681 981 3940 1060 gratiam

2414 1100 2545 1146 non
2575 1083 2938 1149 excluditur
2957 1083 3156 1167 ipsius
3184 1084 3331 1149 fidei
3357 1083 3649 1149 informis
3674 1086 3944 1164 habitus,

2414 1190 2525 1255 sed
2544 1191 2754 1256 solum
2780 1209 2939 1256 usus
2954 1239 2973 1264 .
3002 1196 3068 1256 et
3089 1191 3389 1256 defectus.
3414 1190 3492 1259 Et
3508 1193 3561 1256 si
3577 1196 3656 1257 tu
3673 1194 3939 1278 objicias,

2415 1299 2588 1383 quod
2624 1300 2860 1364 frustra
2894 1299 3015 1363 erit
3053 1298 3312 1363 habitus
3338 1298 3479 1364 sine
3501 1318 3632 1366 usu
3646 1348 3668 1378 ,
3702 1319 3942 1385 respon·

2414 1408 2567 1472 dent
2594 1407 2766 1489 quod
2802 1425 2931 1471 non
2980 1408 3215 1472 frustra
3254 1410 3379 1486 est,
3411 1426 3528 1490 pro
3553 1426 3633 1473 eo
3657 1410 3834 1492 quod
3858 1430 3945 1476 ce-

2416 1514 2509 1579 dit
2537 1516 2607 1578 in
2634 1515 3118 1597 dispositionem
3144 1519 3435 1598 respectu
3460 1515 3614 1580 fidei
3640 1518 3941 1584 formatae.

2415 1622 2736 1688 Praeterea
2774 1626 3065 1687 remanet
3105 1627 3182 1688 ut
3226 1623 3422 1687 homo
3467 1624 3811 1689 utilitatem
3834 1625 3939 1692 ha-

2412 1731 2558 1795 beat
2584 1729 2662 1795 de
2689 1749 2767 1796 eo
2801 1731 2871 1795 in
2901 1734 3188 1814 tempore
3224 1734 3611 1814 opportuno.
3642 1730 3770 1797 Sed
3797 1751 3936 1817 quo-
3962 1763 4084 1819 ιη...
4122 1718 4133 1743 '

2411 1838 2591 1902 niam
2618 1842 2798 1901 actus
2823 1841 2888 1902 et
2913 1857 3071 1902 usus
3095 1838 3243 1904 fidei
3270 1838 3560 1903 informis
3586 1844 3683 1903 est
3704 1840 3941 1905 credere

2411 1948 2474 2010 et
2499 1947 2804 2011 assentire
2833 1946 3059 2029 primae
3088 1946 3340 2011 veritati
3363 1947 3436 2012 in
3470 1947 3784 2014 omnibus
3805 1949 3943 2013 arti·

2410 2052 2607 2134 culis,
2653 2059 2716 2117 et
2757 2055 2873 2118 iste
2899 2072 3055 2119 usus
3097 2053 3426 2138 potissime
3471 2057 3789 2139 competit
3813 2057 3943 2121 usui

2409 2161 2635 2243 gratiae
2654 2209 2672 2241 ,
2704 2179 2851 2227 cum
2901 2162 3139 2245 aliquid
3185 2180 3319 2227 non
3364 2162 3626 2228 tollatur
3669 2165 3798 2227 nisi
3845 2181 3945 2246 per

2409 2286 2605 2333 suum
2650 2270 3019 2353 oppositum
3036 2318 3054 2349 ‚
3104 2288 3237 2335 non
3277 2269 3534 2336 videtur
3571 2271 3944 2336 rationabile

2409 2394 2869 2459 usquequaque
2916 2377 3122 2441 dicere
3147 2428 3170 2457 ,
3220 2377 3392 2460 quod
3441 2397 3556 2460 per
3604 2379 3944 2444 adventum

2408 2485 2637 2565 gratiae
2664 2484 2924 2548 tollatur
2950 2485 3100 2549 fidei
3127 2503 3287 2549 usus
3312 2485 3604 2550 informis
3621 2533 3639 2563 ‚
3671 2505 3828 2551 cum
3852 2504 3945 2569 po-

2405 2591 2534 2654 tius
2561 2591 2847 2656 videatur
2886 2592 2956 2655 in
3006 2609 3082 2655 ea
3126 2591 3347 2674 pertici
3396 2596 3461 2656 et
3503 2593 3836 2675 compleri.
3876 2592 4086 2674 Etopat

2407 2702 2741 2782 propterea
2767 2701 2862 2762 est
2887 2699 3114 2763 tertius
3147 2698 3379 2765 modus
3405 2698 3693 2778 dicendi,
3721 2700 3836 2783 qui
3863 2699 3944 2765 vi-

2404 2806 2592 2870 detur
2626 2805 3012 2888 probabilior
3034 2823 3174 2869 esse
3200 2804 3523 2887 praedictis
3540 2852 3559 2884 ,
3599 2806 3781 2889 quod
3807 2806 3946 2870 fides

2407 2914 2698 2978 informis
2751 2931 2867 2997 per
2914 2913 3265 2980 adventum
3317 2913 3547 2994 gratiae
3594 2913 3948 2979 excluditur

2406 3026 2723 3106 quantum
2750 3023 2831 3086 ad
2873 3021 3084 3086 solum
3128 3022 3443 3087 defectum
3467 3069 3488 3102 ‚
3517 3021 3706 3089 salvo
3736 3022 3949 3088 habitu

2405 3136 2470 3198 et
2496 3151 2663 3197 usu:
2693 3135 2757 3195 et
2781 3130 2905 3196 hoe
2944 3130 3208 3214 quidem
3249 3129 3507 3196 videtur
3552 3131 3716 3195 satis
3766 3131 3946 3197 ratio·
3960 3161 3975 3178 ·

2404 3240 2618 3304 nabile
2651 3287 2670 3318 ‚
2722 3257 2872 3303 cum
2920 3238 3129 3320 gratia
3170 3244 3531 3322 opponatur
3571 3239 3829 3305 habitui
3864 3237 3947 3303 illi

2407 3349 2615 3413 infuso
2642 3348 2852 3413 solum
2891 3347 3136 3412 ratione
3175 3346 3614 3426 informitatis,
3643 3348 3820 3412 sicut
3841 3347 3948 3411 ha·

2405 3457 2578 3521 bitus
2593 3456 2935 3539 opponitur
2954 3455 3317 3538 privationi.
3342 3453 3678 3520 Conceden
3688 3454 3791 3519 dae
3812 3457 3949 3518 sunt

2405 3582 2564 3646 ergo
2592 3564 2872 3628 rationes
2895 3563 3298 3627 ostendentes
3324 3562 3631 3626 habitum
3678 3562 3829 3626 fidei
3855 3560 3947 3623 in·

2404 3671 2628 3736 formis
2652 3688 2768 3754 per
2790 3671 3352 3753 supervenientem
3379 3670 3656 3750 gratiam
3696 3688 3831 3734 non
3850 3687 3946 3733 ex·

2485 3890 2547 3950 1.
2586 3883 2683 3948 Ad
2710 3884 2865 3948 illud
2896 3883 3067 3966 quod
3093 3882 3393 3965 objicitur
3429 3882 3643 3966 primo
3688 3885 3763 3947 in
3803 3900 3944 3948 con-

2403 3993 2711 4072 trarium,
2740 3991 2912 4074 quod
2941 3992 3149 4074 major
3182 3993 3277 4054 est
3313 3991 3768 4057 convenientia
3813 3990 3945 4056 fidei

2404 4103 2692 4166 formatae
2717 4099 2795 4163 ad
2825 4097 3122 4182 gloriam,
3148 4115 3345 4180 quam
3372 4096 3665 4161 informis
3694 4098 3778 4163 ad
3815 4115 3944 4179 gra-

2404 4209 2564 4274 tiam
2586 4255 2605 4287 ,
2650 4206 2991 4272 dicendum
3035 4206 3207 4290 quod
3249 4207 3458 4289 maj0r
3508 4205 3945 4271 convenientia

2403 4316 2739 4399 dupliciter
2756 4317 2962 4399 potest
2982 4313 3251 4378 attendi:
3275 4316 3388 4378 aut
3405 4313 3773 4378 secundum
3790 4331 3943 4378 com·

2403 4424 2805 4510 parationem
2847 4422 3213 4506 aliquorum
3258 4421 3329 4485 in
3368 4439 3606 4503 genere
3631 4422 3938 4503 gratuiti;

2404 4535 2518 4597 aut
2543 4531 2896 4596 secundum
2936 4527 3404 4593 ordinationem
3446 4527 3709 4593 habitus
3735 4529 3819 4593 ad
3842 4547 3941 4592 ac-

2403 4644 2567 4705 tum.
2598 4639 2666 4704 Si
2696 4638 2903 4721 primo
2937 4636 3126 4700 modo
3146 4683 3165 4715 ,
3196 4635 3288 4699 sic
3324 4636 3532 4718 major
3574 4641 3669 4700 est
3716 4653 3943 4701 conve-

2405 4747 2646 4813 nientia
2672 4745 2820 4810 fidei
2847 4745 3135 4809 tormatae
3172 4742 3255 4807 ad
3299 4741 3577 4823 gloriam
3594 4790 3617 4822 ,
3642 4762 3847 4826 quam
3870 4739 3938 4807 ad

2403 4855 2597 4920 fidem
2626 4852 3004 4930 informem,
3043 4849 3195 4932 quia
3216 4853 3568 4931 utrumque
3592 4856 3688 4915 est
3716 4851 3938 4933 gratiae

2405 4965 2665 5046 gratum
2689 4960 2995 5025 facientis.
3027 4957 3092 5024 Si
3120 4957 3397 5023 secundo
3425 4957 3619 5023 modo
3634 5007 3651 5038 ‚
3682 4959 3781 5024 sic
3809 4977 3939 5023 ma·

2396 5073 2502 5155 jor
2527 5074 2625 5134 est
2649 5066 2918 5134 conveni
2926 5066 3092 5131 entia
3135 5065 3282 5130 fidei
3321 5065 3612 5129 formatae
3637 5066 3722 5131 ad
3751 5067 3938 5130 infor·

2404 5195 2576 5242 mem
2589 5222 2612 5253 ‚
2643 5193 2837 5257 quam
2864 5173 3010 5238 fidei
3038 5174 3325 5238 formatae
3361 5171 3442 5235 ad
3477 5171 3760 5253 gloriam
3782 5221 3801 5250 ,
3826 5188 3931 5256 pro

2404 5302 2481 5349 eo
2507 5282 2681 5366 quod
2705 5286 2887 5347 actus
2918 5281 3065 5345 fidei
3103 5278 3390 5346 informis
3432 5296 3570 5344 non
3609 5279 3805 5346 habet
3827 5296 3932 5362 op-

2465 5409 2529 5474 (α)
2556 5408 2637 5466 ΑΙ.
2665 5409 2853 5458 motus.
