4185 6288
794 423 922 490 5⁴2

801 560 938 623 erat
962 555 1388 623 necessarium
1417 556 1491 621 ad
1524 556 1797 622 salutem
1839 561 2007 621 recte
2048 555 2306 622 credere
2324 601 2344 631 ,

804 682 1056 743 amare,
1110 681 1362 747 sperare
1382 712 1401 743 ‚
1454 667 1518 729 et
1561 663 1827 742 timere3
1881 664 2020 728 ideo
2069 661 2351 746 oportuit

807 774 1083 853 quatuor
1108 770 1258 835 istos
1295 770 1592 835 articulos
1636 770 1890 835 credere
1916 770 2209 852 explicite
2223 817 2244 849 ,
2276 773 2351 833 ut

809 884 919 948 alii
983 884 1093 967 qui
1144 882 1584 948 innitebantur
1642 882 1952 948 credendo
1998 880 2301 964 implicite
2330 928 2346 956 ‚

812 996 1066 1074 possent
1092 990 1350 1055 salvari.
1391 988 1503 1055 Vel
1535 990 1716 1054 aliter
1746 1012 1762 1054 ι
1797 989 1960 1066 Quia
1987 987 2209 1052 nullus
2235 1006 2349 1070 po-

812 1103 977 1163 terat
1017 1099 1244 1163 merito
1279 1116 1397 1163 suo
1430 1097 1687 1162 liberari
1728 1116 1769 1160 a
1811 1096 2223 1177 contagione,
2252 1093 2352 1158 vel

814 1207 1202 1288 obligatione
1234 1206 1466 1288 peccati
1497 1204 1846 1287 originalis,
1878 1203 2159 1287 oportuit
2184 1202 2355 1286 quod

816 1315 1141 1379 crederent
1167 1332 1234 1378 se
1262 1332 1375 1396 per
1398 1314 1704 1378 meritum
1741 1312 1969 1377 Christi
2006 1329 2188 1395 posse
2231 1309 2357 1374 sal-

817 1423 978 1501 vari,
1025 1428 1088 1486 et
1128 1440 1240 1504 per
1274 1421 1760 1487 satisfactionem
1805 1424 1967 1503 ejus.
2017 1419 2086 1484 In
2131 1418 2357 1483 merito

820 1533 1037 1594 autem
1080 1529 1201 1593 isto
1240 1534 1335 1593 est
1370 1532 1645 1611 quatuor
1672 1529 2068 1593 considerare
2082 1575 2100 1606 ,
2132 1526 2357 1591 videli-

822 1641 918 1701 cet
944 1653 1280 1718 personam
1311 1635 1742 1700 satisfacientis
1757 1684 1773 1712 ‚
1807 1636 2069 1700 modum
2111 1633 2358 1697 satisfa-

821 1743 1048 1821 ciendi,
1078 1749 1141 1806 et
1165 1745 1307 1825 ejus
1333 1743 1695 1826 praemium,
1726 1745 1791 1806 et
1821 1740 2197 1824 praemiandi
2226 1759 2361 1804 mo·

821 1850 1000 1915 dum.
1068 1850 1388 1928 Quantum
1450 1851 1529 1914 ad
1591 1868 1926 1934 personam
1950 1898 1968 1928 ,
2031 1850 2361 1932 oportebat

822 1958 1074 2023 credere
1123 1957 1541 2022 nativitatem.
1592 1956 1917 2034 Quantum
1968 1957 2047 2021 ad
2095 1957 2359 2021 modum

822 2063 1259 2136 satisfaciendi,
1307 2064 1637 2146 oportebat
1678 2065 1932 2129 credere
1977 2064 2358 2146 passionem.

822 2170 1148 2250 Quantum
1195 2171 1274 2236 ad
1317 2172 1689 2255 preamium,
1737 2173 2068 2254 oportebat
2107 2171 2364 2236 credere

822 2279 1375 2344 resurrectionem.
1410 2278 1733 2356 Quantum
1759 2280 1837 2345 ad
1861 2280 2148 2357 modum,
2179 2297 2366 2361 opor-

824 2386 996 2451 tebat
1022 2387 1276 2452 credere
1309 2387 1656 2453 adventum
1683 2387 1761 2452 ad
1779 2387 2119 2470 judicium.

1459 2580 1599 2627 DUB.
1644 2581 1736 2626 111.

1188 2686 1285 2747 Qui
1311 2686 1376 2737 de
1403 2688 1601 2738 Joanne
1630 2687 1879 2751 Baptista,
1909 2689 2008 2738 etc.

912 2814 1129 2880 Innuit
1170 2817 1340 2899 quod
1384 2816 1655 2881 ‚loannes
1705 2815 1984 2898 Baptista
2030 2815 2110 2879 de
2165 2818 2372 2880 morte

832 2921 1097 3001 Christi,
1144 2928 1208 2988 et
1249 2924 1556 2988 descensu
1613 2924 1693 2989 ad
1745 2924 1980 2988 inferos
2027 2921 2368 2988 dubitavit.

832 3030 1105 3097 Contra:
1138 3031 1204 3096 Si
1249 3033 1447 3111 mori,
1488 3037 1553 3096 et
1593 3033 1674 3098 ad
1720 3033 1954 3097 inferos
1998 3032 2374 3097 descendere

830 3142 927 3205 est
954 3138 1282 3219 articulus,
1312 3143 1376 3204 et
1415 3138 1690 3206 Joannes
1724 3140 1803 3204 de
1861 3139 1983 3204 hoc
2029 3138 2369 3220 dubitavit,

831 3266 990 3329 ergo
1016 3247 1136 3312 fuit
1160 3247 1467 3311 infidelis:
1496 3247 1606 3313 sed
1633 3251 1875 3312 constat
1898 3245 2212 3313 Joannem
2239 3265 2372 3313 non
2419 3276 2426 3287 ·

828 3357 1020 3421 fuisse
1050 3355 1370 3420 infidelem
1389 3405 1407 3436 ,
1436 3374 1588 3419 cum
1621 3355 1928 3420 Dominus
1963 3354 2181 3419 laudet
2218 3373 2371 3419 eum

830 3464 918 3526 ibi
967 3485 983 3526 ε
1034 3482 1192 3545 ergo
1234 3482 1368 3528 non
1410 3463 1746 3527 dubitavit.
1795 3462 1952 3529 Item
1996 3463 2272 3528 Joannes
2316 3461 2376 3527 ei

827 3571 1239 3655 perhibuerat
1272 3570 1735 3647 testimonium,
1765 3576 1840 3634 ut
1871 3570 1948 3652 (α)
1981 3570 2123 3635 aliis
2148 3575 2377 3635 notum

830 3679 1060 3742 faceret
1096 3678 1415 3743 Christum
1439 3685 1457 3720 ¹
1495 3700 1510 3741 ε
1549 3695 1706 3759 ergo
1749 3696 1880 3742 non
1910 3678 2164 3742 videtur
2205 3678 2376 3761 quod

831 3787 963 3870 ipse
980 3786 1387 3865 dubitaverit,
1407 3803 1557 3850 cum
1577 3785 1751 3849 misit
1762 3785 2108 3868 discipulos
2125 3804 2276 3850 suos
2294 3787 2376 3850 ad

831 3894 1177 3958 Christum.
1219 3892 1296 3957 Et
1336 3892 1458 3957 hoc
1516 3898 1610 3958 est
1665 3893 1838 3975 quod
1880 3894 2029 3959 dicit
2073 3894 2377 3974 Augusti-

832 4021 990 4082 nus,
1042 4017 1235 4084 ευμεν
1275 4002 1582 4067 Joannem
1611 4002 1633 4036 ⁸
1676 4023 1692 4065 :
1751 4024 1783 4063 α
1826 4000 2137 4082 Joannes,
2176 4003 2291 4084 qui
2337 4021 2376 4066 a

831 4108 1071 4192 Spiritu
1100 4114 1317 4173 sancto
1347 4108 1646 4174 didicerat
1688 4108 2001 4191 quidquid
2042 4109 2373 4189 audierat,

833 4216 946 4300 qui
990 4217 1235 4281 caeteris
1268 4215 1751 4298 praedicaverat,
1792 4214 1902 4296 qui
1938 4214 2375 4279 testimonium

833 4324 1262 4407 perhibuerat,
1301 4323 1414 4404 qui
1454 4322 1814 4386 columbam
1862 4321 2134 4400 viderat,
2177 4340 2378 4403 quare

833 4431 923 4495 sic
968 4430 1254 4513 quaerit?
1309 4430 1376 4494 Si
1423 4429 1787 4511 ignoravit,
1839 4428 2162 4511 quomodo
2206 4428 2380 4493 testis

830 4539 954 4604 {uit
978 4538 1252 4603 Joannes
1273 4540 1305 4601 ⁴?
1333 4537 1434 4602 Tu
1472 4542 1621 4601 ante
1664 4536 1854 4617 signa
1880 4535 2373 4616 divulgaveras3

836 4649 1026 4713 modo
1052 4651 1195 4732 post
1217 4650 1506 4711 mortuos
1531 4645 1881 4719 suscitatos,
1908 4660 2056 4707 cum
2080 4644 2218 4723 ,iam
2245 4660 2382 4706 om-

837 4755 1030 4819 nibus
1053 4755 1237 4838 quasi
1264 4756 1454 4818 notus
1479 4759 1594 4830 est,
1638 4750 1952 4833 numquid
1988 4753 2083 4813 est
2110 4749 2225 4812 tibi
2250 4767 2381 4814 non

840 4864 1083 4928 notus?
1122 4862 1320 4926 Absit.
1354 4884 1384 4921 ι)
1421 4859 1489 4925 Si
1514 4864 1586 4924 tu
1613 4859 1787 4923 dicas
1814 4857 1986 4941 quod
2012 4875 2147 4922 non
2192 4856 2376 4922 dubi-

839 4971 1029 5048 tavit,
1060 4970 1171 5035 sed
1195 4971 1274 5035 ad
1306 4967 1576 5034 modum
1615 4966 1967 5032 dubitantis
2006 4982 2073 5028 se
2109 4963 2375 5045 habuit;

841 5067 1142 5157 objicitur
1188 5080 1408 5140 contra
1459 5074 1582 5140 hoc
1640 5072 2011 5138 auctoritate
2058 5069 2382 5136 Ambrosii
2418 5072 2424 5079 ”

841 5199 1035 5267 super
1059 5187 1327 5265 Lucam,
1356 5184 1471 5249 ubi
1507 5183 1599 5247 sic
1622 5182 1749 5245 ait·
1783 5199 1800 5243 2
1840 5204 1872 5243 α
1895 5179 2174 5245 Joannes
2196 5179 2380 5245 novit

913 5349 926 5379 ¹
957 5345 1165 5412 uatem,
1191 5360 1268 5411 11,
1287 5351 1336 5410 2,
1363 5349 1410 5398 3.
1435 5371 1496 5383 -—
1514 5346 1707 5407 ²Aug„
1735 5342 1790 5391 in
1813 5342 1978 5403 loun„
2002 5344 2148 5393 tract.
2179 5354 2232 5407 V,
2258 5354 2312 5393 n.
2329 5345 2379 5393 9.

842 5442 904 5458 -
924 5418 945 5449 ⁸
973 5415 1173 5480 ambr..
1195 5420 1248 5469 in
1277 5418 1413 5481 Luc„
1438 5429 1592 5481 super
1629 5414 1754 5465 illud
1782 5414 1966 5463 Luca:
1996 5413 2123 5466 Cum
2159 5413 2382 5465 audiuet

1901 411 2531 488 summanum
2569 413 2723 483 Lm.
2767 416 2877 484 111.

2457 551 2567 616 Dei
2597 550 2872 632 Filium;
2902 553 3010 619 sed
3051 573 3181 620 uon
3218 557 3432 641 ipsum
3477 561 3560 626 ad
3614 559 3853 626 inferos
3897 559 4004 624 de-

2458 676 2856 725 scensurum.
2885 682 2919 721 ι»
2954 661 3112 727 Item
3139 664 3208 727 in
3232 663 3479 732 Glossa:
3508 692 3541 730 α
3561 666 3821 732 Poterat
3837 669 4004 752 prius

2459 772 2658 848 vates,
2681 786 2874 852 quem
2896 775 3244 837 venturum
3263 775 3580 856 praedixit,
3601 795 3741 842 non
3755 779 4006 841 moritu-

2461 894 2610 939 rum
2638 876 2992 944 credidisse.
3023 902 3055 940 u
3086 880 3219 946 Hoc
3248 883 3460 966 ipsum
3488 884 3638 948 dicit
3664 883 4006 966 Gregorius

2462 984 2532 1048 in
2567 986 2844 1067 quadam
2886 988 3187 1069 homilia,
3239 996 3301 1055 et
3344 993 3635 1074 tangitur
3661 995 3734 1057 in
3783 995 4002 1059 littera.

2545 1090 2730 1175 Resp.
2779 1092 3124 1162 Dicendum
3161 1099 3335 1181 quod
3370 1100 3571 1164 sancti
3618 1101 3910 1166 doctores
3945 1102 4007 1165 in

2463 1198 2585 1263 hac
2639 1201 2989 1282 quaestione
3056 1204 3386 1271 dissentire
3440 1207 3746 1272 videntur
3802 1233 3818 1273 :
3867 1228 4007 1273 nam

2465 1307 2727 1390 quidam
2755 1309 3057 1375 videntur
3081 1311 3243 1377 velle
3267 1313 3479 1395 ipsum
3507 1332 3639 1378 non
3666 1315 4005 1393 dubitasse3

2466 1415 2572 1478 alii
2609 1434 2764 1481 vero
2799 1418 3097 1483 videntur
3124 1420 3288 1487 velle
3314 1422 3521 1486 dicere
3556 1423 3775 1504 ipsum
3822 1424 4009 1488 dubi-

2466 1527 2652 1588 tasse.
2684 1522 2779 1588 Ex
2806 1524 2927 1589 hac
2951 1526 3105 1609 ipsa.
3121 1529 3566 1594 contrarietate
3594 1530 3862 1612 quidam
3890 1531 4014 1595 hae-

2431 1631 2643 1696 „retici
2688 1638 3100 1715 sumpserunt
3149 1635 3542 1702 occasionem
3594 1637 3895 1715 errandi,
3947 1643 4014 1701 ut

2468 1737 2747 1802 dicerent
2784 1738 3096 1806 Joannem
3141 1743 3515 1809 damnatum
3562 1763 3724 1823 esse,
3756 1746 3912 1828 quia
3949 1746 4013 1808 in

2469 1845 2593 1910 fide
2637 1846 2975 1914 dubitavit.
3023 1850 3150 1915 Sed
3192 1856 3360 1916 certe
3408 1853 3490 1916 ab
3532 1853 3656 1917 hoc
3701 1854 4016 1918 discordat

2472 1955 2682 2017 textus
2708 1956 3148 2038 evangelicus,
3179 1959 3247 2023 in
3274 1977 3405 2041 quo
3446 1960 3771 2043 praecipue
3797 1960 4018 2025 lauda·

2470 2064 2578 2123 tur
2600 2059 2894 2126 loannes.
2925 2063 3291 2130 Discordant
3316 2067 3514 2131 etiam
3534 2086 3765 2133 omnes
3802 2068 4017 2132 docto·

2471 2185 2574 2231 res
2608 2169 2927 2250 catholici,
2957 2177 3019 2236 et
3055 2173 3248 2237 etiam
3287 2174 3673 2238 universalis
3714 2174 4015 2255 Ecclesia,

2473 2293 2620 2357 quae
2669 2276 2979 2343 Joannem
3041 2297 3173 2344 non
3217 2284 3466 2345 tantum
3532 2285 3872 2361 sanctum,
3918 2283 4021 2347 sed

2474 2384 2663 2447 etiam
2692 2385 3158 2451 sanctissimum
3184 2388 3485 2471 praedicat
3506 2437 3521 2466 ,
3554 2394 3618 2452 et
3643 2389 3716 2453 in
3739 2393 3887 2472 ejus
3913 2409 4018 2454 na-

2474 2490 2717 2556 tivitate
2744 2497 2807 2556 et
2834 2492 3244 2560 decollatione
3271 2495 3666 2561 solemnizat.
3705 2496 3858 2563 Ideo
3887 2498 4022 2563 lioet

2476 2603 2677 2666 sancti
2714 2603 2999 2669 doctores
3026 2606 3313 2670 catholici
3355 2606 3702 2672 videantur
3736 2609 3864 2673 sibi
3902 2611 4022 2674 dis·

2478 2710 2709 2774 sentire
2727 2757 2745 2787 ,
2809 2711 2979 2775 idem
3046 2716 3260 2777 tamen
3322 2715 3607 2778 sentiunt
3671 2717 4022 2782 secundum

2478 2834 2638 2881 rem.
2669 2816 2933 2901 Propter
2959 2819 3133 2901 quod
3166 2819 3660 2902 intelligendum
3693 2829 3829 2903 oet,
3860 2824 4023 2907 quod

2480 2927 2712 3009 triplex
2737 2932 2832 2991 est
2860 2926 3090 2993 modus
3120 2929 3473 2993 dubitandi.
3505 2929 3618 2994 Est
3646 2932 3833 2996 enim
3859 2950 4024 3016 quae·

2479 3033 2630 3098 dam
2680 3034 2992 3098 dubitatio
3045 3035 3428 3117 proveniens
3487 3054 3571 3102 ex
3614 3036 3986 3103 infidelitate
4003 3087 4020 3114 ‚

2481 3141 2644 3207 sicut
2685 3141 3140 3209 dubitaverunt
3179 3140 3424 3222 Judaei3
3478 3149 3541 3208 et
3585 3150 3683 3210 est
3720 3144 4022 3211 dubitatio

2483 3248 2865 3329 proveniens
2901 3267 2983 3313 ex
3007 3249 3297 3315 tarditate
3311 3299 3331 3330 ,
3364 3251 3528 3315 sicut
3572 3252 4024 3319 dubitaverunt

2482 3357 2803 3440 discipuli,
2835 3358 3069 3440 quibus
3106 3358 3361 3438 dicitur,
3385 3360 3574 3426 Lucae
3609 3360 3849 3425 ultimo
3872 3364 3895 3398 ⁸
3923 3380 3942 3424 t
3981 3362 4022 3426 0

2482 3465 2689 3543 stulti,
2737 3471 2798 3532 et
2843 3464 3024 3532 tardi
3050 3465 3236 3533 corde
3269 3465 3358 3533 ad
3382 3466 3800 3535 credendum.
3842 3467 3919 3534 Et
3941 3474 4023 3533 est

2484 3573 2793 3637 dubitatio
2837 3575 3220 3656 proveniens
3262 3593 3346 3638 ex
3384 3576 3651 3656 pietate,
3687 3578 3856 3641 sicut
3887 3595 4022 3641 cum

2484 3680 2714 3763 aliquis
2739 3730 2758 3762 ,
2791 3699 2872 3745 ex
2912 3681 3351 3762 compassione
3387 3699 3626 3763 magna
3659 3689 3726 3747 et
3759 3685 4022 3749 admira·

2485 3788 2680 3867 tione,
2729 3787 2808 3851 ad
2855 3787 3121 3851 modum
3170 3788 3521 3852 dubitantis
3563 3807 3630 3853 se
3677 3790 3892 3855 habet.
3931 3790 4022 3854 Di·

2485 3895 2759 3960 cendum
2811 3912 2969 3975 ergo
3015 3898 3111 3958 est
3166 3894 3336 3977 quod
3388 3895 3598 3977 primo
3644 3901 3710 3962 et
3760 3898 4025 3962 secundo

2482 4018 2720 4083 genere
2748 4001 3159 4066 dubitationis
3182 4000 3215 4064 J
3222 4019 3465 4066 oannes
3489 4002 3671 4067 nullo
3698 4004 3892 4069 modo
3915 4004 4024 4067 du-

2484 4105 2730 4183 bitavit,
2758 4104 3211 4169 dubitaverunt
3249 4109 3474 4168 tamen
3499 4106 3799 4187 discipuli
3847 4109 4022 4188 ejus:

2485 4214 2663 4279 etsie
2689 4212 2908 4278 dicunt
2934 4213 3156 4288 sancti,
3186 4212 3300 4293 qui
3330 4210 3556 4276 dicunt
3581 4230 3734 4276 eum
3767 4232 3896 4279 non
3923 4213 4029 4277 du-

2486 4323 2739 4397 bitasse,
2769 4320 2879 4384 sed
2909 4319 3290 4385 dubitationi
3316 4319 3784 4404 discipulorum
3818 4340 4028 4385 comu-

2485 4429 2700 4493 luisse.
2733 4428 2879 4492 Ideo
2920 4427 3097 4492 enim
3126 4445 3235 4490 eos
3265 4426 3436 4490 misit
3462 4427 3544 4490 ad
3572 4426 3933 4506 Christum,
3965 4430 4028 4490 ut

2486 4537 2771 4602 videntes
2809 4535 3126 4601 mirabilia
3174 4552 3322 4617 quae
3365 4535 3673 4614 faciebat,
3703 4542 4030 4603 converte·

2486 4647 2712 4708 rentur
2764 4643 2844 4708 ad
2884 4643 3122 4725 ipsum.
3174 4640 3241 4706 Si
3291 4648 3507 4707 autem
3562 4643 3909 4726 loquamur
3960 4644 4029 4707 de

2485 4751 2673 4818 tertio
2700 4768 2935 4833 genere
2972 4751 3388 4817 dubitationis
3404 4800 3422 4827 ,
3454 4752 3544 4817 sic
3578 4752 3888 4819 dixerunt
3929 4753 4027 4817 alii

2489 4857 2558 4923 S.
2586 4858 2892 4924 Joannem
2939 4858 3259 4924 dubitasse
3304 4877 3435 4924 non
3475 4858 3876 4926 dubitatione
3923 4879 4029 4924 va·

2487 4965 2846 5043 culationis,
2892 4965 3002 5031 sed
3041 4966 3376 5047 quusdam
3391 5035 3405 5049 ,
3417 4967 3632 5048 potius
3668 4966 4027 5033 admiratio·

2489 5074 2590 5138 nis
2631 5078 2695 5140 et
2718 5073 3169 5157 compassionis
3189 5121 3210 5153 ,
3255 5090 3405 5155 quae
3431 5074 3588 5140 facit
3613 5074 3948 5142 hominem
3970 5093 4031 5139 se

2488 5181 2725 5248 habere
2767 5199 2882 5266 per
2921 5180 3188 5246 modum
3239 5180 3614 5248 dubitantis.
3660 5183 3740 5250 Et
3785 5184 3909 5249 hoc
3946 5187 4032 5248 est

2491 5345 2701 5396 loannes
2728 5346 2781 5394 in
2808 5342 3024 5395 vinculis
3041 5358 3189 5409 opera
3218 5342 3432 5396 Christi.
3461 5371 3514 5383 —
3543 5347 3567 5382 ⁶
3593 5347 3733 5415 Luc„
3759 5358 3903 5412 un,
3928 5348 3998 5398 2⁵.

2556 5416 2623 5481 (a)
2655 5415 2794 5467 Edit.
2834 5416 2950 5465 Ven.
2971 5419 3041 5467 et.
