4185 6288
1501 454 1880 526 ms‘rmcr.
1923 455 2108 525 XXV.

198 592 547 673 quaeritur,
576 608 723 658 cum
750 593 892 659 sine
920 589 1051 673 fide
1080 591 1477 674 mediatoris,
1508 598 1653 671 etc.;
1686 593 1756 656 in

198 699 389 764 tertia
409 717 566 765 vero
594 700 862 783 inquirit
888 700 965 765 de
992 700 1117 766 fide
1146 701 1438 782 Comani,
1460 720 1609 785 quae
1636 702 1758 766 fuit

196 810 351 871 ante
362 806 792 888 Evangelium
802 807 1289 889 promulgatum
1310 809 1415 891 (α),
1431 809 1521 871 ibi
1546 807 1756 875 :Solet

196 915 403 980 etiam
432 917 641 997 quaeri
672 914 749 980 de
782 915 1093 996 Gomlio,
1125 920 1245 980 etc.
1277 914 1757 982 Subdivisiones

195 1026 419 1087 autem
447 1023 726 1105 partium
753 1023 1106 1088 manifestae
1135 1029 1287 1088 sunt
1313 1024 1386 1088 in
1411 1024 1641 1088 littera.

859 1215 997 1261 mm.
1043 1215 1089 1261 1.

196 1347 353 1399 Fides
378 1346 568 1413 quippe
590 1361 776 1413 magna
795 1347 980 1399 dicitur
1002 1347 1317 1413 cognitione,
1348 1351 1403 1399 et
1424 1347 1754 1400 articulorum

400 1423 679 1489 quantitate
698 1462 714 1488 ‚
741 1422 824 1474 vel
852 1423 1165 1484 constantia,
1195 1426 1248 1474 et
1274 1422 1567 1475 devotione.

283 1576 513 1641 Contra
542 1595 562 1640 z
590 1575 854 1642 Videtur
881 1575 1091 1659 primo
1115 1574 1223 1639 hic
1249 1592 1384 1639 esse
1413 1575 1753 1657 superflui-

197 1688 323 1765 tas,
351 1684 501 1767 quia
531 1685 840 1767 magister
868 1683 1061 1766 Hugo
1083 1702 1217 1749 non
1243 1684 1422 1765 ponit
1446 1683 1569 1747 nisi
1599 1683 1752 1763 due,

198 1791 553 1854 secundum
600 1808 748 1873 quae
810 1789 1157 1855 attenditur
1207 1792 1527 1871 profectus
1568 1789 1713 1853 fidei
1732 1838 1755 1870 ,

198 1899 499 1963 videlicet
544 1899 1013 1982 cognitionem,
1054 1902 1118 1963 et
1150 1898 1590 1977 affectionem3
1623 1898 1755 1963 Ma-

201 2005 403 2087 gister
431 2025 585 2072 vero
606 2007 785 2091 ponit
800 2006 909 2071 hic
941 2010 1219 2089 quatuor
1251 2029 1266 2071 :
1294 2023 1452 2088 ergo
1475 1989 1752 2087 videtur,

200 2112 374 2194 quod
412 2113 518 2178 ille
548 2113 629 2176 sit
656 2112 1047 2192 diminutus,
1087 2112 1193 2179 vel
1217 2113 1338 2177 iste
1364 2113 1752 2195 superfluus.

203 2218 362 2283 Item
382 2219 604 2283 eadem
625 2219 771 2299 fide,
789 2232 919 2302 qua
941 2219 1221 2284 creditur
1243 2237 1415 2284 unus
1425 2219 1752 2299 articulus,

199 2325 555 2390 creduntur
580 2330 646 2391 et
675 2326 890 2391 caeteri
915 2344 934 2389 ε
958 2344 1116 2408 ergo
1146 2344 1277 2390 non
1304 2327 1560 2392 videtur
1583 2328 1756 2411 quod

203 2433 454 2498 dicatur
492 2452 733 2515 magna
764 2434 846 2498 ab
869 2434 1289 2500 articulorum
1317 2435 1694 2518 quantitate.

284 2539 469 2623 Resp.
520 2540 877 2605 Dicendum
922 2544 1018 2605 est
1064 2541 1146 2605 ad
1192 2541 1338 2619 hoc,
1387 2542 1558 2624 quod
1598 2541 1756 2606 fides

202 2647 524 2730 duplicem
570 2648 763 2712 habet
806 2647 1323 2730 magnitudinem
1356 2671 1371 2713 ε
1404 2667 1604 2713 unam
1642 2666 1758 2732 per

201 2756 743 2839 comparationem
768 2756 850 2820 ab
896 2757 1219 2839 objectum
1240 2804 1262 2836 ,
1292 2760 1355 2820 et
1378 2756 1518 2821 haec
1547 2761 1750 2821 atten-

199 2863 376 2928 ditur
413 2865 484 2928 in
509 2864 931 2930 artIculorum
958 2864 1313 2947 quantitate
1326 2912 1345 2944 ,
1377 2868 1440 2928 et
1486 2867 1754 2930 vocatur

202 2971 348 3036 haec
370 2972 793 3037 articulorum
820 2973 1145 3055 quantitas
1184 2971 1474 3054 ipsorum
1512 2970 1751 3035 articu-

200 3078 415 3143 lorum
441 3079 726 3162 dignitas
757 3101 773 3146 :
818 3078 1071 3144 articuli
1109 3077 1284 3143 enim
1322 3096 1454 3142 non
1498 3081 1650 3141 sunt
1676 3078 1753 3143 de

201 3204 613 3271 quacumque
636 3187 927 3267 veritate,
955 3187 1061 3252 sed
1081 3186 1159 3251 de
1177 3186 1446 3252 veritate
1472 3203 1749 3250 summa.

202 3292 285 3357 Et
309 3311 501 3384 penes
526 3294 650 3359 hoc
685 3294 1007 3377 quantitas
1049 3293 1197 3358 fidei
1225 3292 1490 3376 aequalis
1526 3298 1621 3358 est
1645 3312 1751 3358 se-

204 3402 492 3466 cundum
538 3402 966 3469 diversitatem
1015 3406 1382 3486 temporum
1407 3420 1430 3483 3
1482 3402 1750 3486 aequalis

201 3513 301 3573 est
335 3508 527 3574 etiam
570 3510 926 3584 secundum
971 3509 1404 3593 pluralitatem
1443 3510 1750 3575 articulo·

200 3634 387 3697 rum,
419 3621 736 3699 quantum
765 3617 845 3681 ad
885 3616 950 3681 id
978 3618 1153 3700 quod
1178 3621 1278 3681 est
1302 3617 1371 3680 in
1397 3616 1489 3681 eis
1514 3616 1752 3699 princi-

201 3724 368 3808 pale,
398 3723 635 3789 scilicet
657 3727 973 3806 quantum
997 3723 1077 3788 ad
1101 3724 1308 3806 ipsam
1335 3725 1610 3807 primam
1637 3745 1748 3791 ve·

201 3832 457 3896 ritatem
485 3835 833 3914 :quantum
862 3848 1016 3896 vero
1041 3831 1123 3895 ad
1149 3833 1559 3897 connotatum
1586 3833 1748 3899 bene

201 3943 415 4022 posset
434 3937 721 4017 concedi,
754 3937 924 4019 quod
948 3954 1122 4001 unus
1145 3937 1455 4003 articulus
1480 3942 1574 4004 est
1601 3940 1742 4023 dig-

202 4047 351 4111 nior
387 4046 512 4111 alio
552 4068 568 4110 ε
613 4049 688 4109 ut
724 4045 817 4108 illi
841 4091 858 4122 ,
901 4044 1014 4126 qui
1051 4049 1205 4109 sunt
1255 4044 1333 4110 de
1377 4046 1744 4128 divinitate,

202 4157 363 4219 sunt
386 4153 710 4234 digniores
737 4170 935 4236 quam
965 4152 1079 4232 illi,
1102 4151 1214 4234 qui
1240 4157 1391 4217 sunt
1417 4153 1494 4217 de
1518 4154 1749 4219 huma-

200 4262 422 4326 nitate.
452 4260 656 4324 Habet
679 4260 873 4324 etiam
900 4259 1412 4341 magnitudinem
1439 4279 1554 4344 per
1578 4280 1748 4329 com-

199 4366 598 4451 parationem
626 4366 707 4431 ad
732 4366 1125 4449 subjectum,
1154 4366 1307 4449 quia
1341 4367 1499 4432 fides
1541 4368 1743 4451 respi-

197 4475 292 4540 cit
347 4475 708 4556 subjectum
770 4474 1128 4539 secundum
1190 4474 1505 4557 triplicem
1565 4475 1702 4540 vim
1720 4523 1742 4556 ‚

199 4581 496 4647 videlicet
520 4580 871 4645 secundum
897 4581 1247 4662 potentiam
1270 4582 1744 4661 intellectivam,

197 4692 268 4755 et
308 4689 662 4754 secundum
702 4687 1050 4771 potentiam
1097 4689 1489 4769 affectivam,
1537 4693 1602 4754 et
1641 4709 1747 4757 se-

196 4797 489 4862 cundum
515 4795 866 4879 potentiam
892 4794 1463 4878 interpretativum.
1503 4796 1744 4863 Secun-

197 4905 362 4970 dum
395 4905 536 4970 haec
570 4902 919 4968 attenditur
958 4902 1027 4966 in
1067 4904 1193 4969 fide
1233 4904 1612 4987 magnitudo
1653 4924 1749 4972 se-

199 5012 492 5077 cundum
538 5009 851 5093 triplicem
900 5011 1167 5075 modum
1181 5033 1200 5090 3
1253 5012 1583 5091 videlicet,
1630 5030 1749 5097 per

198 5118 748 5203 comparationem
813 5116 905 5195 ‚ad
976 5117 1432 5186 intellectivam
1513 5120 1749 5188 dicitur

195 5245 446 5311 magna
484 5224 895 5308 cognitione;
932 5243 1047 5307 per
1078 5228 1624 5311 comparationem
1664 5228 1749 5295 ad

192 5336 564 5403 affectivam
625 5332 859 5398 dicitur
910 5349 1151 5414 mag-na
1197 5333 1533 5401 devotione
1562 5355 1581 5416 3
1633 5352 1750 5421 per

264 5465 334 5529 (a)
354 5461 500 5516 Edit.
534 5458 675 5511 Vent.
699 5455 1045 5523 promulgata.
1065 5484 1129 5497 —
1156 5457 1226 5524 (ὸ)
1254 5458 1340 5510 ita.

3281 467 3394 532 541

1865 594 2405 675 comparationem
2449 596 2530 660 ad
2578 595 3129 681 interpretativam
3173 597 3409 664 dicitur

1865 718 2107 783 magna
2155 702 2532 768 constantia.
2585 701 2763 768 Tunc
2806 704 2981 769 enim
3025 704 3182 770 fides
3221 725 3408 773 cons-

1862 810 2006 871 tans
2047 813 2173 888 est,
2223 811 2479 892 quando
2524 810 2756 894 aliquis
2800 812 2999 878 libere
3044 814 3403 895 confltetur,

1864 915 2035 996 quod
2076 915 2272 980 credit
2301 936 2319 981 ε
2351 922 2414 980 et
2437 917 2528 980 sic
2554 921 2725 1000 patet
2768 918 3219 1001 praedictorum
3246 938 3405 1003 qua-

1862 1026 2011 1087 tuor
2053 1042 2366 1109 numerus
2407 1030 2471 1090 et
2511 1026 2912 1091 sufficientia.
2959 1027 3159 1093 Aliter
3203 1031 3409 1112 potest

1864 1129 2008 1210 dici,
2031 1136 2095 1195 et
2119 1133 2328 1214 magis
2345 1134 2699 1199 secundum
2729 1135 3146 1200 intentionem
3160 1135 3406 1219 Magis-

1863 1238 1949 1302 tri
1970 1289 1984 1317 ,
2012 1240 2211 1321 quod,
2244 1260 2393 1305 cum
2421 1242 2577 1306 fides
2602 1229 2894 1325 respiciat
2914 1243 3303 1307 intellectum
3344 1247 3409 1309 et

1863 1345 2164 1409 affectum
2186 1394 2208 1426 ,
2253 1347 2604 1413 secundum
2651 1349 2824 1431 quod
2867 1367 3062 1431 supra
3115 1349 3407 1414 habitum

1865 1455 1980 1528 est,
2014 1454 2395 1535 magnitudo
2445 1456 2587 1536 eJus
2626 1455 2908 1520 sumitur
2942 1459 3072 1519 tam
3107 1474 3191 1520 ex
3230 1458 3408 1538 parte

1862 1558 2099 1641 hujus,
2129 1578 2327 1643 quam
2354 1578 2438 1625 ex
2482 1565 2661 1643 parte
2698 1560 2894 1625 illius.
2939 1561 3036 1626 Ex
3064 1565 3244 1645 parte
3282 1580 3407 1627 au-

1861 1671 1993 1732 tem
2025 1668 2382 1733 intellectus
2408 1669 2742 1752 dupliciter
2770 1674 2975 1753 potest
3000 1671 3238 1735 attendi
3267 1690 3404 1735 ma-

1852 1775 1963 1856 jor
1991 1775 2374 1856 magnitudo
2399 1776 2468 1839 in
2494 1776 2640 1855 fide,
2671 1780 2785 1840 aut
2810 1777 2963 1860 quia
2990 1772 3223 1842 clarius
3243 1796 3407 1861 cog-

1862 1883 2066 1948 noscit
2102 1882 2315 1965 ipsum
2356 1882 2690 1960 creditum,
2728 1887 2843 1947 aut
2887 1883 3041 1966 quia
3084 1885 3408 1966 cognoscit

1861 1991 2075 2073 ipsum
2121 1990 2189 2053 in
2241 1989 2552 2072 pluribus,
2596 1989 2732 2053 sive
2771 1989 3145 2055 distinctius.
3190 1990 3408 2057 Primo

1865 2098 2054 2162 modo
2095 2096 2325 2161 dicitur
2368 2098 2525 2161 fides
2568 2115 2808 2179 magna
2854 2098 3263 2179 cognitione;
3305 2119 3408 2165 se-

1863 2204 2097 2281 cund0,
2126 2202 2544 2268 articulorum
2570 2204 2944 2286 quantitate,
2976 2205 3132 2287 quia
3162 2205 3402 2271 articu-
3477 2219 3484 2226 “

1862 2311 1957 2376 los
2004 2311 2187 2376 novit
2230 2310 2458 2375 melius
2500 2311 2923 2394 distinguere.
2972 2311 3273 2378 Similiter
3322 2332 3404 2378 ex
3465 2309 3468 2311 ’

1861 2422 2040 2500 parte
2077 2418 2341 2482 affectus
2384 2418 2718 2500 dupliciter
2758 2418 3103 2485 attenditur
3146 2421 3407 2503 magni-

1860 2524 2046 2601 tudo,
2099 2528 2212 2588 aut
2257 2524 2409 2607 quia
2453 2526 2703 2589 firmius
2746 2527 3058 2605 adhaeret,
3105 2530 3218 2592 aut
3253 2528 3405 2611 quia

1861 2630 2173 2695 intensius
2202 2654 2217 2694 ε
2263 2632 2471 2715 primo
2501 2633 2693 2697 modo
2736 2633 2968 2697 dicitur
2992 2652 3127 2698 esse
3167 2652 3405 2716 magna

1860 2738 2256 2818 constantia;
2308 2740 2588 2802 secundo
2632 2740 2822 2804 modo
2882 2740 3115 2806 dicitur
3167 2760 3406 2823 magna

1859 2844 2232 2911 devotione:
2251 2851 2314 2911 et
2343 2846 2435 2910 sic
2455 2846 2575 2911 ista
2604 2845 2676 2929 (b)
2708 2850 2989 2929 quatuor
3014 2848 3406 2914 reducuntur

1860 2953 2061 3019 adilla
2080 2953 2237 3032 due,
2258 2970 2407 3035 quae
2420 2953 2601 3035 ponit
2629 2953 2935 3035 magister
2963 2953 3184 3036 Hugo:
3204 2958 3266 3019 et
3292 2973 3407 3039 per

1859 3064 1983 3127 hoc
2008 3065 2181 3146 patet
2216 3061 2541 3144 responsio
2582 3062 2663 3126 ad
2697 3061 2800 3144 obj
2808 3066 2965 3127 ecta.
2996 3061 3172 3127 Patet
3212 3064 3402 3129 etiam

1858 3171 2034 3255 quod
2055 3190 2188 3237 non
2213 3175 2310 3237 est
2333 3170 2549 3254 aliqua
2575 3170 3006 3251 contrarietas,
3036 3190 3156 3238 nec
3179 3178 3275 3238 est
3300 3192 3407 3240 su—

1858 3280 2207 3363 perfluitas.

2501 3427 2641 3474 DUB.
2678 3426 2748 3473 11.

1858 3543 2173 3605 Quibusdam
2199 3542 2402 3594 videtur
2427 3543 2567 3607 quod
2585 3541 2838 3593 suffecerit
2855 3541 2953 3593 illis
2969 3547 3186 3608 quatuor
3200 3547 3397 3597 tantum

1921 3617 2160 3680 credere,
2190 3616 2384 3667 scilicet
2408 3615 2727 3666 nativitatem
2746 3652 2766 3679 ‚
2791 3618 3010 3667 mortem
3024 3653 3044 3682 ,
3071 3618 3399 3670 resurrectio-

1921 3703 2041 3744 nem
2054 3728 2071 3755 ,
2101 3692 2154 3740 et
2176 3688 2456 3739 adventum
2481 3686 2546 3737 ad
2572 3684 2833 3751 iudicium.

1938 3822 2169 3886 Contra
2199 3838 2216 3882 ε
2250 3817 2408 3883 Cum
2455 3816 2559 3880 isti
2586 3816 2833 3881 articuli
2875 3817 2964 3881 ita
3002 3816 3165 3882 bene
3190 3822 3400 3884 essent

1856 3929 2090 4011 ignoti,
2129 3928 2294 3992 sicut
2337 3924 2475 4004 alii,
2506 3924 2759 3989 videtur
2796 3925 2968 4007 quod
3011 3943 3145 3989 non
3185 3927 3393 4009 magis

1856 4039 2224 4103 tenerentur
2269 4050 2651 4114 cognoscere
2714 4031 2856 4097 illos
2874 4080 2895 4112 ,
2951 4051 3147 4115 quam
3210 4035 3392 4102 alios·

1856 4145 2180 4224 Quaeritur
2221 4160 2381 4222 ergo
2429 4158 2630 4223 quare
2669 4141 2880 4222 magis
2924 4140 3048 4205 ista
3087 4142 3397 4210 debebant

1854 4253 2111 4320 credere
2138 4252 2216 4317 de
2242 4247 2602 4326 Mediatore,
2632 4266 2830 4331 quam
2852 4248 2996 4313 alia.

1935 4360 2122 4444 Resp.
2174 4356 2519 4422 Dicendum
2572 4355 2747 4439 quod
2792 4355 2918 4420 ista
2966 4356 3398 4441 principaliter

1855 4469 2124 4534 debebat
2157 4467 2394 4531 habere
2419 4462 2577 4528 fides
2631 4462 2889 4528 illorum
2944 4464 3181 4546 quibus
3223 4466 3397 4532 inni-

1854 4575 2134 4653 tebatur,
2165 4575 2476 4653 tanquam
2544 4567 2756 4650 magis
2804 4572 3184 4651 opportuna.
3231 4571 3396 4639 Nam

1854 4681 2143 4766 primum
2182 4678 2442 4762 quidem
2478 4675 2815 4741 credebant
2850 4679 3162 4760 tanquam
3195 4679 3396 4762 ipsius

1854 4789 2005 4855 fidei
2039 4784 2396 4853 Mediatoris
2430 4770 2919 4847 fundamentum
2933 4831 2951 4862 ,
2980 4783 3273 4851 videlicet
3295 4786 3393 4870 ip-

1855 4916 1995 4963 sam
2021 4894 2419 4961 nativitatem
2441 4913 2461 4969 ;
2508 4890 2863 4956 secundum
2890 4908 3076 4973 vero,
3106 4894 3398 4961 videlicet

1854 5007 2061 5090 ipsam
2114 5002 2476 5086 passionem
2492 5046 2511 5076 ‚
2562 5002 2637 5064 ut
2682 5005 3053 5082 provocaret
3098 5002 3180 5065 ad
3222 5020 3396 5069 amo-

1854 5130 2033 5191 rem;
2068 5109 2331 5177 tertium
2368 5123 2549 5186 vere,
2595 5105 2889 5179 videlicet
2924 5106 3131 5190 ipsam
3175 5126 3395 5177 resur..

1855 5220 2224 5298 rectionem,
2251 5219 2330 5281 ut
2356 5214 2722 5281 sublevaret
2746 5212 2828 5279 ad
2847 5230 3051 5297 spem.
3084 5215 3395 5294 Quartum

1855 5347 2034 5408 vero,
2063 5325 2298 5392 scilieet
2322 5321 2672 5388 adventum
2698 5319 2778 5386 ad
2796 5321 3141 5404 judicium,
3168 5328 3244 5390 ut
3267 5344 3395 5409 gu..

1855 5439 2152 5504 bernaret
2208 5449 2323 5515 per
2370 5430 2695 5496 timorem.
2751 5426 2829 5494 Et
2884 5430 3038 5514 quia
3094 5433 3395 5500 omnibus
