4185 6288
1339 675 1790 743 CONCLUSlO.

794 822 949 879 Fides
972 824 1226 892 insomnis
1236 863 1256 894 ‚
1283 828 1450 898 prout
1467 828 1547 882 est
1568 825 1790 883 habitus
1806 829 2096 894 virtuosam,
2121 830 2334 897 instans

863 913 915 967 et
942 912 1309 984 voluntarius,
1351 930 1458 970 non
1485 921 1560 971 est
1600 918 1661 971 in
1689 916 2041 987 monibus,
2071 933 2189 974 cum
2226 934 2335 974 non

863 1006 977 1060 sint
1002 1008 1127 1077 apti
1155 1004 1230 1060 ad
1253 1007 1610 1079 &aecipiendos
1635 1008 1853 1067 habitus
1874 1011 2080 1080 infusos
2099 1053 2115 1079 ,
2140 1015 2192 1067 et
2218 1028 2336 1068 ma-

864 1099 949 1168 qis
971 1100 1087 1154 sint
1109 1101 1276 1171 proni
1302 1100 1378 1156 ad
1391 1103 1816 1175 impuqnandam
1834 1107 2140 1173 veritatem,
2171 1122 2334 1177 quam

864 1189 915 1245 ei
939 1189 1349 1247 assentiendmn.

877 1346 1060 1430 Resp.
1099 1347 1180 1412 ad
1213 1367 1354 1431 arg.
1394 1349 1745 1416 Dicendum
1793 1353 1964 1436 quod
1986 1402 2004 1433 ‚
2053 1355 2219 1418 sicut
2252 1373 2336 1419 ex

795 1455 1297 1536 praecedentibus
1314 1458 1332 1493 ¹
1361 1462 1575 1541 patet,
1609 1459 1768 1524 fides
1794 1460 2087 1525 informis
2107 1462 2340 1527 dicitur

797 1563 1046 1629 duobus
1087 1566 1289 1631 modis
1318 1588 1334 1631 ε
1362 1568 1663 1651 quaedam
1689 1588 1836 1652 quae
1879 1570 2180 1636 innititur
2205 1572 2339 1654 pri-

799 1687 924 1734 mae
961 1672 1209 1736 veritati
1257 1678 1515 1758 propter
1561 1694 1663 1756 se,
1695 1677 1991 1760 quamvis
2030 1678 2100 1741 in
2135 1678 2339 1761 ipsam

798 1800 931 1846 non
957 1782 1175 1848 tendat
1200 1786 1474 1850 amando
1496 1809 1515 1863 ς
1557 1787 1682 1851 alia
1706 1793 1802 1853 eet
1822 1788 1979 1853 fides
2020 1788 2334 1866 informis»,

798 1907 945 1971 quai
974 1889 1271 1955 innititur
1296 1891 1417 1975 ipsi
1450 1894 1704 1958 veritati
1740 1896 2159 1960 articulorum
2187 1914 2339 1978 pro-

800 2002 941 2077 pter
975 1997 1256 2081 aliquam
1282 2001 1596 2065 rationem
1625 2008 1922 2067 creatam.
1959 2001 2176 2067 Prima
2201 2003 2341 2086 qui-

799 2103 944 2168 dem
974 2105 1204 2171 dicitur
1229 2108 1384 2173 fides
1417 2110 1708 2175 informis
1725 2160 1743 2191 ,
1776 2130 1907 2176 non
1933 2111 2107 2195 quod
2133 2116 2344 2177 careat

801 2214 1009 2278 forma
1048 2215 1193 2280 fidei
1237 2216 1591 2282 secundum
1634 2220 1807 2302 quod
1843 2225 1937 2284 est
1977 2221 2204 2298 virtus,
2233 2220 2344 2286 sed

802 2319 1009 2385 solum
1049 2323 1400 2388 secundum
1444 2324 1616 2406 quod
1654 2331 1748 2390 est
1775 2327 1982 2391 virtus
2009 2328 2292 2409 gratuita
2324 2351 2338 2393 z

803 2431 867 2491 et
891 2427 969 2491 de
994 2427 1115 2492 hac
1141 2429 1381 2494 dictum
1412 2437 1508 2496 est
1539 2433 1720 2516 prius
1758 2435 1929 2517 quod
1961 2441 2055 2500 ost
2087 2437 2345 2502 habitus

804 2534 1153 2617 virtuosuS,
1182 2543 1247 2602 et
1270 2538 1527 2605 habitus
1552 2542 1823 2607 infusus.
1866 2541 2163 2609 Secundo
2187 2563 2344 2609 vero

806 2644 996 2706 modo
1039 2644 1273 2711 dicitur
1307 2647 1463 2714 fides
1497 2651 1817 2726 informis,
1849 2652 2004 2734 quia
2028 2656 2201 2716 caret
2227 2653 2346 2716 for-

805 2766 914 2814 ma
964 2751 1109 2816 fidei
1129 2800 1146 2830 ‚
1176 2758 1239 2818 et
1280 2757 1634 2821 secundum
1679 2760 1849 2840 quod
1878 2760 2085 2823 virtus
2123 2763 2240 2839 est,
2283 2763 2346 2822 et

806 2859 1158 2925 secundum
1199 2865 1368 2946 quod
1414 2866 1696 2947 gratuita
1726 2871 1841 2931 est.
1873 2865 2036 2930 Nam
2062 2867 2173 2931 illa
2202 2885 2346 2931 cre-

809 2966 1078 3047 dulitas,
1108 2989 1239 3053 qua
1280 2971 1426 3054 quis
1465 2974 1725 3038 assentit
1771 2974 2056 3038 articulis
2090 2978 2348 3057 propter

810 3073 1122 3139 rationem
1151 3081 1426 3142 creatam
1456 3080 1883 3165 principaliter
1903 3130 1921 3162 ‚
1965 3100 2098 3148 non
2138 3081 2346 3147 solum

809 3187 981 3247 caret
1019 3184 1367 3252 intentione
1408 3187 1665 3253 habitus
1706 3190 1994 3271 gratuiti,
2024 3191 2133 3255 sed
2155 3191 2348 3255 etiam

810 3290 1162 3356 intentione
1180 3292 1436 3358 habitus
1450 3296 1739 3360 virtuosi.
1761 3295 2014 3361 Nullius
2031 3298 2207 3362 enim
2224 3298 2351 3362 vir-

810 3399 965 3461 tutis
1008 3398 1262 3464 videtur
1299 3420 1435 3466 esse
1471 3402 1725 3468 credere
1743 3452 1760 3482 ‚
1791 3421 1940 3468 cum
1978 3406 2126 3487 quis
2152 3405 2348 3470 credit

810 3503 1138 3569 innitendo
1181 3509 1575 3589 persuasioni
1621 3529 1820 3593 quam
1856 3512 2054 3576 videt.
2087 3510 2157 3576 Si
2185 3529 2348 3593 ergo

808 3610 930 3674 hoc
957 3613 1233 3678 secundo
1262 3616 1450 3681 modo
1476 3618 1824 3700 achpiatur
1852 3619 2144 3684 informis
2165 3620 2345 3700 fides,

809 3724 900 3787 sic
922 3726 1200 3800 ‘concedi
1247 3732 1451 3810 potest
1479 3748 1622 3794 eam
1650 3732 1913 3814 reperiri
1936 3732 2006 3795 in
2031 3732 2343 3797 daemoni-

809 3840 931 3903 bus
960 3857 975 3897 ε
1009 3830 1245 3899 habent
1287 3836 1461 3900 enim
1494 3837 1776 3921 aliquam
1802 3838 2091 3902 notitiam
2118 3845 2184 3904 et
2212 3858 2350 3904 cre-

810 3947 1141 4012 dulitatem
1180 3947 1257 4010 de
1301 3946 1580 4013 articulis
1620 3950 1685 4012 et
1727 3947 2131 4013 credibilibus
2152 3997 2169 4028 ‚
2201 3967 2349 4031 quae

811 4054 1069 4137 quidem
1132 4057 1336 4136 potest
1378 4053 1500 4119 dici
1547 4055 1737 4131 fides,
1794 4056 1932 4120 sive
1986 4056 2346 4135 credulitas,

810 4165 1069 4244 propter
1094 4162 1216 4226 hoc
1240 4161 1410 4243 quod
1432 4179 1564 4226 non
1590 4163 1777 4227 estin
1803 4163 1897 4228 eis
1921 4164 2086 4230 visio
2110 4170 2346 4247 aperta.

815 4268 892 4334 Et
935 4268 1041 4332 illa
1086 4269 1346 4351 quidem
1389 4268 1666 4350 cognitio
1708 4271 1940 4352 partim
1986 4272 2107 4337 fuit
2132 4274 2223 4338 eis
2250 4275 2351 4339 in-

813 4377 943 4441 dita
964 4395 1005 4440 a
1030 4376 1239 4459 prima
1279 4375 1635 4440 conditione
1658 4424 1676 4456 ,
1707 4379 1941 4460 partim
1963 4397 2046 4442 ex
2070 4381 2349 4462 acquisi-

812 4485 1007 4549 tione.
1033 4484 1089 4548 A
1110 4484 1320 4567 prima
1345 4483 1519 4548 enim
1554 4483 1912 4548 conditione
1952 4504 2072 4549 sua
2101 4486 2353 4552 habue-

811 4591 970 4653 runt
1005 4587 1437 4668 cognitionem
1477 4585 1760 4669 aliquam
1801 4587 1879 4652 de
1904 4588 2185 4654 articulis
2212 4610 2354 4673 per-

813 4695 1163 4762 tinentibus
1186 4694 1267 4759 ad
1287 4693 1682 4771 Trinitatem,
1707 4712 1855 4779 quae
1893 4696 2009 4760 etsi
2038 4702 2194 4763 tunc
2221 4718 2353 4766 non

814 4809 1097 4870 meretur
1141 4803 1264 4868 dici
1290 4800 1468 4881 fides,
1499 4802 1629 4866 imo
1650 4803 1868 4884 potius
1892 4805 2174 4886 cognitio
2199 4825 2354 4872 con-

812 4909 1239 4992 templationis
1281 4913 1538 4992 propter
1565 4910 1915 4974 absentiam
1943 4913 2348 4995 aenigmatis3

812 5023 1067 5104 peccato
1109 5023 1327 5084 tamen
1373 5019 1885 5101 superveniente,
1915 5024 1977 5085 et
2005 5021 2354 5103 aenigmate

814 5126 1238 5208 subsequente
1259 5173 1279 5204 ‚
1314 5124 1422 5188 illa
1448 5126 1728 5207 cognitio
1759 5128 1994 5192 meruit
2025 5128 2147 5192 dici
2170 5129 2351 5209 fides,

815 5252 966 5298 cum
1020 5234 1103 5298 sit
1144 5233 1423 5314 cognitio
1463 5234 1867 5315 aenigmatica
1913 5235 1991 5299 de
2029 5235 2130 5299 his
2148 5285 2165 5315 ,
2207 5253 2355 5320 quae

815 5342 1098 5423 spectant
1141 5338 1222 5403 ad
1267 5338 1505 5403 divina.
1539 5340 1868 5417 Quantum
1896 5347 2110 5406 autem
2142 5342 2223 5407 ad
2250 5361 2355 5408 ar-

877 5467 898 5504 ⁸
923 5466 1114 5526 Qnaest.
1148 5464 1364 5528 pmced.

1916 453 2535 521 SENTENTIARUM
2572 456 2719 522 LlB.
2770 458 2879 525 111.

2440 591 2667 656 ticulos
2715 600 3066 676 spectantes
3107 598 3186 663 ad
3233 598 3703 666 humanitatem
3721 650 3740 681 ‚
3788 605 3884 668 est
3917 604 3982 667 in

2442 700 2533 764 eis
2573 704 2853 784 cognitio
2881 705 3187 788 acquisita
3213 725 3327 789 per
3354 708 3557 773 multa
3587 710 3905 774 miracula
3926 715 3987 775 et

2443 810 2879 892 experimenta
2895 862 2913 893 ‚
2966 818 3032 878 et
3075 816 3259 897 quasi
3310 820 3560 882 extorta
3612 820 3988 883 necessitate

2443 917 2742 999 quadam.
2774 918 2941 984 Dum
2968 922 3143 986 enim
3166 923 3492 989 daemones
3525 925 3751 989 vident
3778 932 3989 1009 aperte

2444 1041 2552 1087 eos
2595 1026 2709 1107 qui
2748 1027 2817 1091 in
2859 1026 3178 1092 Christum
3218 1030 3515 1109 credunt,
3544 1037 3610 1097 et
3641 1034 3705 1099 ei
3737 1035 3986 1098 contor-

2446 1136 2742 1211 mantur‚
2791 1153 2925 1199 non
2961 1154 3143 1217 posse
3166 1137 3480 1219 damnari,
3512 1141 3857 1206 manifesta
3888 1161 3989 1206 ra·

2445 1237 2617 1303 tione
2644 1245 2970 1322 coguntur
2991 1244 3246 1308 credere
3273 1245 3468 1309 fidem
3494 1247 3902 1313 credentium
3927 1249 3991 1313 in

2447 1344 2767 1412 Christum
2790 1367 3014 1414 veram
3038 1368 3173 1416 esse
3204 1374 3220 1415 z
3252 1370 3327 1417 ac
3351 1370 3466 1436 per
3486 1353 3610 1419 hoc
3631 1374 3752 1439 per
3777 1375 3992 1421 conse·-

2446 1473 2652 1537 quens
2695 1457 2963 1522 credunt
2996 1458 3215 1523 omnia
3250 1477 3388 1524 esse
3429 1478 3609 1541 vera,
3640 1481 3795 1546 quae
3825 1462 3993 1527 Chri·

2448 1565 2631 1629 stiani
2656 1566 2925 1632 credunt
2955 1589 2971 1633 ε
3002 1573 3176 1634 etex
3218 1570 3340 1635 boc
3384 1573 3581 1637 etiam
3620 1578 3990 1657 perterren-

2448 1674 2556 1735 tur
2616 1695 2630 1738 :
2680 1680 2939 1758 propter
2989 1679 3161 1760 quod
3212 1680 3363 1743 dicit
3422 1680 3647 1745 beatus
3695 1681 3985 1761 Jacobus,

2448 1781 2619 1861 quod
2647 1782 2938 1863 credunt,
2965 1792 3025 1852 et
3047 1789 3556 1854 contremiscunt.
3588 1788 3655 1852 Si
3693 1807 3852 1853 vero
3888 1789 3988 1854 lo·

2450 1905 2729 1969 quamur
2782 1890 2860 1954 de
2909 1892 3032 1957 fide
3087 1893 3381 1973 informi,
3420 1897 3776 1961 secundum
3821 1900 3987 1981 quod

2451 1995 2760 2077 accipitur
2808 1997 3019 2079 primo
3064 2000 3278 2080 modo,
3325 2002 3617 2067 videlicet
3662 2009 3856 2086 prout
3900 2010 3991 2069 est

2453 2102 2710 2167 habitus
2722 2104 3048 2170 virtuosus
3066 2110 3131 2172 et
3147 2103 3407 2172 habitus
3420 2109 3692 2187 infusu8‚
3715 2116 3780 2176 et
3799 2114 3988 2177 etiam

2453 2211 2857 2276 voluntarius
2874 2262 2891 2290 ,
2931 2213 3055 2278 hoc
3114 2216 3305 2280 modo
3352 2216 3471 2280 etsi
3512 2218 3870 2300 reperiatur
3924 2221 3988 2283 in

2456 2315 2824 2382 Christianis
2888 2320 3277 2402 viatoribuS,
3331 2340 3464 2387 non
3518 2326 3735 2390 tamen
3790 2330 3992 2409 potest

2455 2426 2718 2508 reperiri
2748 2427 2819 2492 in
2852 2428 3253 2494 daemonibus
3280 2452 3295 2494 :
3324 2436 3467 2495 tum
3510 2432 3665 2515 quia
3702 2434 3826 2515 ipsi
3867 2452 3993 2498 non

2455 2536 2607 2596 sunt
2632 2534 2763 2615 apti
2806 2534 2887 2598 ad
2932 2534 3364 2618 suscipiendos
3400 2536 3658 2601 habitus
3700 2540 3946 2604 infusos
3976 2563 3989 2603 :

2457 2645 2596 2705 tum
2620 2641 2774 2724 quia
2808 2642 3103 2706 voluntas
3144 2661 3370 2708 eorum
3412 2645 3623 2726 magis
3659 2664 3863 2728 prona
3905 2654 3999 2711 est

2458 2751 2537 2815 ad
2590 2752 3105 2835 impugnandam
3165 2756 3500 2820 veritatem
3543 2760 3610 2821 et
3662 2758 3958 2840 pietatem
3976 2806 3993 2835 ‚

2458 2877 2655 2942 quam
2697 2860 2778 2924 ad
2817 2861 3292 2927 assentiendum
3325 2863 3408 2927 ei.
3439 2862 3619 2929 Unde
3646 2864 3992 2930 conceden-

2459 2969 2558 3032 dae
2586 2974 2738 3033 sunt
2762 2969 3059 3050 rationes,
3090 2988 3237 3054 quae
3259 2971 3382 3036 hoc
3407 2972 3768 3037 ostendunt.

2541 3082 2572 3140 1
2615 3080 2678 3141 et
2721 3081 2782 3142 Ξ.
2829 3076 2926 3142 Ad
2969 3077 3127 3142 illud
3172 3096 3329 3143 vero
3375 3079 3547 3162 quod
3593 3080 3891 3162 objicitur
3931 3081 3997 3143 in

2460 3185 2848 3250 contrarium
2869 3185 2946 3251 de
2969 3186 3340 3252 auctoritate
3364 3186 3399 3251 J
3402 3188 3605 3267 acobi,
3632 3188 3797 3252 etde
3822 3186 3999 3251 Glos-

2461 3311 2532 3355 sa
2554 3341 2571 3370 ‚
2616 3293 2791 3374 quod
2827 3292 3116 3357 informis
3154 3293 3425 3376 qualitas
3462 3297 3557 3359 est
3592 3293 3663 3359 in
3689 3294 3999 3360 daemoni-

2461 3402 2605 3480 bus,
2640 3398 2982 3465 dicendum
3020 3402 3192 3483 quod
3238 3402 3309 3466 in
3351 3402 3643 3485 utrisque
3683 3403 4000 3485 reperitur

2461 3508 2618 3573 fides
2638 3556 2655 3585 ‚
2687 3507 2796 3573 sed
2822 3512 3038 3574 tamen
3077 3509 3262 3574 aliter
3286 3514 3351 3575 et
3376 3509 3594 3590 aliter,
3633 3511 3798 3574 sicut
3821 3509 4001 3592 prius

2461 3616 2702 3679 dictum
2740 3618 2855 3679 est.
2901 3615 3239 3681 Christiani
3280 3616 3454 3680 enim
3503 3617 3767 3682 nomine
3816 3621 4001 3682 tenus

2460 3724 2823 3790 voluntarie
2849 3724 3204 3790 assentiunt
3231 3743 3250 3789 z
3275 3729 3340 3790 et
3367 3725 3479 3789 illa
3502 3726 3662 3790 fides
3684 3728 3886 3808 potest
3908 3725 3999 3787 eis

2461 3850 2596 3895 esse
2626 3831 2732 3896 via
2762 3833 2841 3896 ad
2867 3832 3199 3911 virtutem,
3227 3836 3291 3896 et
3324 3832 3604 3915 quodam
3644 3831 3835 3896 modo
3860 3849 3994 3896 rec·

2462 3941 2659 4006 tisscat
2683 3959 2907 4005 eorum
2933 3943 3216 4006 mentem
3237 3988 3256 4020 ,
3286 3941 3402 4005 etsi
3437 3959 3570 4005 non
3608 3941 3791 4024 plene
3822 3962 3839 4004 ε
3869 3958 3996 4004 non

2462 4048 2553 4112 sic
2577 4050 2794 4112 autem
2827 4046 3019 4111 estin
3042 4046 3469 4126 daemonibus,
3513 4048 3666 4130 quia
3708 4047 3827 4131 ipsi
3862 4064 3999 4111 cre·

2461 4160 2627 4223 dunt
2664 4157 2899 4232 coacti,
2943 4162 3006 4221 et
3052 4157 3234 4240 quasi
3283 4174 3435 4221 cum
3482 4155 3761 4240 quodam
3819 4175 3995 4221 mur·

2463 4282 2670 4330 mure.

2546 4377 2605 4438 3.
2652 4371 2751 4437 Ad
2784 4371 2940 4436 illud
2978 4371 3149 4453 quod
3179 4370 3510 4453 objicitur,
3541 4370 3712 4454 quod
3736 4371 3998 4435 conflte-

2465 4482 2702 4545 bantur
2721 4478 3193 4544 Christumesse
3229 4477 3469 4542 Filium
3496 4477 3629 4558 Dei,
3659 4478 3997 4542 dicendum

2465 4588 2659 4672 quod,
2673 4586 2837 4650 sicut
2846 4585 2995 4650 dicit
3004 4585 3407 4666 Augustinus
3418 4584 3488 4648 in
3498 4584 3660 4649 libro
3672 4584 3750 4651 dc
3763 4586 4001 4652 Civita-

2467 4702 2525 4764 ιε
2554 4697 2695 4775 Dei,
2713 4695 2845 4778 ipse
2859 4692 3141 4759 Christus
3157 4692 3437 4757 innotuit
3447 4692 3848 4757 daemonibus
3872 4712 4000 4757 non

2466 4822 2581 4888 per
2606 4803 2694 4882 id,
2724 4800 2893 4883 quod
2913 4804 3010 4865 est
3033 4798 3268 4864 veritas
3293 4805 3358 4864 et
3379 4799 3520 4880 lux,
3550 4800 3659 4864 sed
3687 4819 3800 4883 per
3817 4819 4000 4883 quos-

2467 4912 2616 4976 dam
2660 4927 2795 4974 suae
2833 4907 3092 4973 virtutis
3131 4907 3433 4972 effectus..
3463 4906 3644 4973 Unde
3687 4907 3838 4990 quia
3883 4907 3999 4990 ipsi

2468 5018 2770 5084 videbant
2835 5015 3066 5080 miram
3119 5015 3349 5080 Christi
3407 5015 3715 5079 virtutem
3760 5012 3831 5076 in
3873 5014 4002 5078 suis

2469 5123 2816 5201 effectibus,
2846 5122 2953 5187 cui
2979 5123 3349 5187 nullatenus
3368 5126 3663 5207 poterant
3689 5121 3998 5199 resistere,

2470 5227 2931 5310 cognoscebant
2962 5227 3181 5309 ipsum
3219 5244 3347 5291 non
3387 5244 3631 5310 purum
3655 5226 3999 5306 hominem,

2470 5335 2577 5401 sed
2605 5332 2798 5398 etiam
2825 5333 3027 5399 Deum
3055 5351 3193 5398 esse
3230 5355 3245 5397 ε
3273 5332 3382 5397 illa
3421 5337 3644 5398 tamen
3669 5333 4003 5398 credulitas

2350 5521 2355 5526 ‚
2471 5462 2603 5515 non
2629 5445 2765 5510 erat
2785 5440 2941 5506 fides
2965 5440 3276 5520 informis,
3298 5440 3650 5505 secundum
3669 5439 3839 5522 quod
3852 5438 4003 5503 fides
