4185 6288
1310 429 1507 498 DlS'l'.
1550 428 1713 496 xm.
1756 424 1941 492 Aur.
1987 425 2065 491 ΙΙ.
2111 423 2411 503 QUAEST.
2457 424 2535 491 11.

334 574 602 644 influere
627 587 746 657 per
768 570 1038 638 modum
1060 567 1502 653 properantis,
1527 571 1625 631 est
1651 563 1878 628 Christi

336 680 638 759 hominis;
656 678 1052 763 permodum
1072 674 1512 759 impartientiS,
1534 677 1628 736 est
1649 668 1879 737 Christi

333 788 469 855 Dei.
494 787 614 854 Vel
641 805 759 870 per
780 785 910 850 alia
931 784 1149 862 verba,
1177 783 1334 848 etin
1362 781 1532 847 idem
1564 778 1749 854 redit,
1779 777 1880 840 in-

335 896 537 961 fluere
575 912 696 978 per
738 893 1003 958 modum
1045 890 1370 964 merentis,
1408 886 1635 953 Christi
1665 882 1879 950 homi-

337 1006 467 1082 nis3
497 1021 620 1086 per
662 1002 932 1067 modum
955 999 1304 1077 efficientis,
1338 995 1567 1061 Christi
1613 993 1741 1057 Dei.
1768 989 1881 1055 Vel

335 1113 610 1178 influere
653 1114 973 1194 quantum
1016 1108 1095 1172 ad
1138 1105 1582 1170 remissionem
1630 1114 1839 1183 poenae
1861 1145 1879 1173 ‚

340 1219 571 1286 Christi
598 1218 916 1295 hominis;
959 1219 1276 1298 quantum
1320 1210 1402 1276 ad
1446 1207 1885 1274 remissionem

342 1329 572 1412 culpae,
621 1327 853 1393 Christi
903 1325 1014 1390 Dei
1062 1344 1080 1388 z
1128 1327 1191 1387 et
1236 1322 1328 1385 sic
1371 1317 1708 1384 influentia
1754 1330 1886 1378 uno

343 1439 536 1503 modo
592 1436 847 1518 respicit
889 1432 1212 1499 Christum
1254 1426 1610 1493 secundum
1652 1423 1885 1486 huma-

345 1563 499 1609 nam
540 1548 845 1609 naturam
893 1544 1209 1617 creatam;
1240 1536 1365 1601 alio
1407 1533 1621 1609 modo,
1653 1547 1881 1594 secun-

346 1654 504 1719 dum
548 1656 852 1717 naturam
879 1649 1164 1715 divinam
1204 1646 1575 1709 increatam.
1623 1637 1694 1704 Si
1731 1654 1888 1718 ergo

346 1762 555 1844 gratia
592 1759 817 1843 capitis
855 1757 1087 1822 dicitur
1128 1753 1237 1817 illa
1264 1750 1493 1834 gratia,
1535 1745 1888 1812 secundum

343 1887 542 1955 quam
591 1867 882 1934 Christus
940 1863 1131 1928 habet
1195 1861 1464 1925 influere
1528 1858 1776 1919 motum
1827 1856 1891 1916 et

347 1997 611 2044 sensum
638 1979 708 2042 in
740 1974 1060 2050 membra,
1101 1972 1297 2035 restat
1321 1968 1443 2031 hoc
1484 1983 1620 2028 esse
1645 1980 1890 2047 ponen-

349 2087 528 2164 dum,
553 2084 730 2169 quod
755 2081 966 2164 gratia
990 2078 1213 2161 capitis
1236 2094 1370 2140 uno
1395 2073 1583 2138 modo
1605 2070 1894 2135 nominat

348 2196 631 2278 gratiam
667 2193 1035 2266 increatam3
1075 2187 1200 2252 alio
1236 2184 1429 2250 etiam
1460 2181 1650 2247 modo
1683 2178 1894 2244 nomi-

349 2307 465 2367 nat
489 2320 625 2366 non
660 2303 916 2364 tantum
947 2297 1313 2370 increatam,
1343 2291 1452 2356 sed
1492 2289 1683 2354 aliam
1717 2304 1894 2351 crea-

350 2415 486 2475 tam
503 2457 522 2485 ‚
569 2409 740 2472 sicut
782 2404 1124 2471 ostendunt
1169 2400 1446 2464 rationes
1494 2395 1574 2460 ad
1617 2393 1893 2476 primam

347 2521 622 2600 partem
657 2518 723 2579 et
746 2513 888 2578 ideo
915 2515 1070 2575 sunt
1095 2503 1535 2572 concedendae.

436 2632 496 2690 1.
524 2625 626 2689 Ad
651 2621 810 2688 illud
838 2637 994 2686 vero
1020 2616 1191 2700 quod
1216 2613 1537 2696 objicitur,
1566 2609 1740 2692 quod
1765 2626 1895 2672 non

350 2737 558 2817 potest
602 2748 739 2796 esse
783 2727 996 2812 gratia
1034 2727 1278 2802 creata,
1324 2719 1479 2802 quia
1521 2736 1652 2782 non
1691 2720 1899 2799 posset

351 2841 657 2917 influere,
680 2841 821 2920 jam
859 2837 1031 2918 patet
1071 2828 1397 2913 responsio
1428 2849 1443 2889 ε
1478 2825 1629 2907 quia
1668 2841 1900 2906 quam-

352 2949 457 3012 vis
489 2966 624 3013 non
671 2949 879 3028 posset
925 2942 1196 3006 influere
1235 2936 1521 3002 effective
1565 2937 1629 2998 et
1671 2951 1896 2997 causa-

353 3059 516 3136 tive,
547 3058 752 3140 potest
774 3057 993 3117 tamen
1022 3048 1294 3112 influere
1319 3041 1643 3108 meritorie
1667 3044 1732 3105 et
1767 3040 1897 3104 dis-

353 3165 626 3249 positive
654 3160 1008 3228 secundum
1031 3161 1331 3222 naturam
1359 3152 1731 3216 humanam.

438 3279 499 3340 Ξ.
532 3272 630 3338 Ad
664 3270 825 3335 illud
861 3265 1033 3349 quod
1067 3262 1445 3347 opponitur,
1474 3257 1646 3340 quod
1688 3255 1897 3320 Chris-

356 3389 499 3462 tus,
547 3380 900 3446 secundum
945 3373 1120 3457 quod
1164 3374 1383 3453 eaput,
1427 3372 1523 3434 est
1566 3366 1898 3443 indivisus,

360 3489 703 3555 dicendum
726 3485 902 3569 quod
923 3487 1017 3547 est
1040 3480 1197 3546 unio
1228 3497 1343 3562 per
1368 3476 1680 3542 unitatem
1709 3478 1902 3538 natu-

357 3617 485 3677 rae,
527 3600 594 3661 et
630 3598 727 3661 est
759 3592 922 3657 unio
965 3606 1080 3671 per
1114 3588 1307 3653 fldem
1347 3590 1410 3650 et
1448 3583 1849 3649 dilectionem
1882 3601 1898 3643 ε

355 3702 704 3769 dicendum
746 3703 842 3764 est
886 3715 1047 3778 ergo
1068 3744 1087 3775 ‚
1133 3693 1303 3778 quod
1356 3691 1515 3756 unio
1558 3688 1787 3754 Christi
1824 3686 1906 3751 ad

359 3828 597 3893 corpus
644 3805 937 3873 Ecclesiae
988 3807 1084 3867 est
1120 3819 1234 3885 per
1282 3799 1476 3863 fldem
1525 3803 1590 3862 et
1630 3795 1907 3861 dilectio-

361 3935 539 3983 nem.
563 3915 726 3981 Cum
749 3930 911 3994 ergo
936 3910 1167 3978 dicitur
1198 3906 1370 3990 quod
1396 3909 1591 3987 caput
1619 3908 1715 3969 est
1739 3901 1909 3967 indi-

361 4007 584 4091 visun}
609 4042 652 4087 a
678 4021 1015 4098 membris,
1046 4015 1388 4081 uiuendum
1414 4012 1584 4096 quod
1609 4010 1909 4077 indivisio

363 4150 499 4199 non
526 4131 737 4215 privat
761 4126 1120 4193 distantiam
1146 4121 1411 4188 localem
1430 4169 1448 4199 ‚
1476 4120 1620 4184 sive
1655 4136 1911 4200 separa-

366 4242 608 4306 tionem
646 4253 988 4321 corporum
1004 4282 1022 4315 ,
1052 4233 1163 4298 sed
1197 4230 1656 4316 separationem
1682 4233 1747 4292 et
1789 4226 1913 4292 dis-

369 4345 880 4414 convenientiam
916 4342 1229 4405 mentium
1273 4344 1337 4403 et
1369 4337 1802 4403 affectionum.
1835 4334 1930 4398 Et

368 4458 512 4522 ideo
555 4475 639 4522 ex
685 4454 809 4518 hoc
855 4469 987 4516 non
1030 4450 1294 4534 ponitur
1312 4496 1329 4525 ‚
1377 4446 1548 4529 quod
1589 4444 1872 4510 Christus
1891 4490 1910 4522 ,

369 4563 726 4629 secundum
778 4559 954 4642 quod
1005 4560 1194 4640 caput
1214 4605 1233 4637 ,
1277 4555 1357 4619 sit
1407 4551 1916 4634 incircumscrip-

367 4675 521 4735 tus:
553 4669 708 4753 qula
745 4667 915 4732 idem
951 4668 1156 4748 potest
1182 4681 1317 4728 esse
1360 4662 1430 4725 in
1456 4679 1588 4726 uno
1615 4660 1750 4724 loco
1778 4662 1915 4722 tan-

370 4785 514 4842 tum
533 4826 552 4856 ,
583 4779 889 4841 ettamen
916 4790 1031 4855 per
1072 4770 1503 4852 cognitionem
1541 4773 1607 4833 et
1631 4783 1919 4832 amorem

370 4887 447 4950 in
503 4885 799 4950 cordibus
852 4880 1278 4945 diversorum.
1333 4876 1511 4941 Unde
1530 4878 1548 4913 ¹
1588 4899 1603 4939 ε
1650 4873 1919 4940 Habitat

376 4994 672 5061 Christus
693 5006 809 5075 per
834 4987 1029 5070 fidem
1055 4988 1132 5051 in
1156 4983 1455 5051 cordibus
1479 4985 1737 5050 nostris.

460 5106 522 5166 3.
551 5100 647 5164 Ad
675 5096 839 5161 illud
863 5092 1037 5177 quod
1057 5092 1160 5175 obj
1167 5092 1381 5171 icitur,
1411 5092 1584 5174 quod
1611 5093 1802 5173 caput
1825 5094 1921 5152 est

369 5209 823 5276 membrorum
876 5201 1261 5286 principium
1288 5247 1306 5280 ,
1351 5198 1694 5265 dicendum
1751 5196 1921 5279 quod

452 5376 467 5411 ¹
489 5373 691 5435 ephes„
717 5381 802 5431 ιιι,
826 5366 1022 5417 17.--¹
1048 5364 1219 5428 icor„
1242 5376 1327 5425 m,
1350 5367 1490 5414 11.-·
1506 5361 1758 5421 wolon„
1783 5362 1918 5419 1,18.

382 5471 451 5485 -—
475 5443 595 5507 ‘Cfi
617 5446 671 5495 S.
702 5441 912 5499 Thom„
942 5437 1009 5486 111
1042 5437 1203 5499 sent„
1231 5436 1347 5487 dist.
1375 5445 1495 5496 ¹111,
1518 5446 1572 5498 q.
1601 5443 1696 5496 111,
1740 5434 1834 5482 ert.
1861 5434 1922 5494 2,

1985 567 2180 644 caput
2205 579 2343 626 esse
2371 559 2753 642 principium
2778 562 3096 641 quantum
3128 558 3211 622 ad
3245 576 3382 623 esso
3415 578 3537 624 na-

1985 670 2178 744 turae,
2208 667 2332 731 hoc
2363 671 2458 731 est
2483 666 2561 731 de
2586 665 2849 729 veritate
2871 663 3114 746 capitis,
3145 668 3210 728 et
3236 683 3537 749 expressa

1987 773 2405 857 proprietate:
2431 792 2550 842 nec
2575 776 2671 837 est
2695 772 2861 836 hanc
2887 772 3166 855 reperire
3189 772 3259 836 in
3286 773 3536 838 Christo

1989 881 2341 945 secundum
2383 880 2737 944 humanam
2776 883 3107 956 naturam,
3153 878 3262 942 sed
3302 897 3536 943 secun-

1989 988 2146 1052 dum
2174 986 2483 1067 divinam,
2516 991 2589 1051 ut
2616 986 2993 1069 praedictum
3021 987 3116 1049 est
3141 1003 3357 1067 supra.
3391 985 3539 1048 Pos-

1991 1098 2083 1158 set
2109 1098 2326 1157 tamen
2351 1094 2473 1157 dici
2498 1093 2624 1157 alio
2654 1093 2882 1158 modo:
2918 1092 3202 1156 Christus
3229 1096 3323 1156 est
3350 1096 3542 1173 caput

1993 1202 2434 1266 membrorum
2469 1220 2735 1266 suorum
2774 1205 3091 1284 quantum
3117 1200 3196 1264 ad
3226 1220 3362 1265 esse
3388 1219 3540 1283 gra-

1992 1313 2100 1377 tiae
2120 1359 2137 1388 ‚
2185 1313 2376 1377 etiam
2421 1312 2777 1377 secundum
2822 1312 3174 1377 humanam
3217 1316 3539 1393 naturam,

1994 1422 2148 1504 quia
2182 1440 2517 1503 nunquam
2556 1422 2788 1503 aliquis
2814 1421 2936 1485 fuit
2975 1421 3253 1502 gratiam
3289 1440 3544 1486 assecu-

1995 1533 2123 1605 tus,
2153 1529 2278 1593 nisi
2303 1530 2566 1594 haberet
2594 1528 2919 1594 Christum
2944 1531 3016 1592 in
3045 1529 3255 1608 corde,
3287 1532 3361 1594 ut
3385 1530 3543 1592 fun-

1995 1637 2369 1702 damentum
2390 1638 2565 1720 quod
2595 1637 2937 1702 collocatur
2956 1655 3072 1720 per
3093 1636 3356 1700 fidem¹:
3379 1637 3546 1701 Fun·-

1997 1743 2372 1811 damentum
2398 1748 2573 1812 enim
2598 1745 2787 1811 aliud
2809 1760 2991 1811 nemo
3017 1748 3221 1826 potest
3248 1745 3316 1807 in
3348 1763 3547 1808 mem-

1997 1852 2129 1916 bris
2155 1853 2382 1918 Christi
2405 1870 2635 1935 ponere
2659 1861 2893 1935 proeter
2920 1851 3092 1918 illud
3109 1900 3131 1932 ‚
3159 1851 3331 1934 quod
3363 1854 3549 1934 posi-

1999 1969 2138 2028 tum
2175 1968 2286 2042 est,
2335 1963 2508 2045 quod
2551 1968 2641 2029 est
2686 1962 2977 2028 Christus
3022 1963 3259 2042 lesus;
3301 1965 3365 2024 et
3413 1961 3549 2025 sine

1999 2069 2119 2133 hoc
2166 2070 2580 2135 fundamento
2627 2088 2818 2135 nemo
2867 2072 3074 2154 potest
3113 2069 3351 2133 habere
3396 2086 3552 2149 gra-

1998 2175 2189 2255 tiam,
2229 2178 2382 2260 quia
2428 2196 2761 2260 nunquam
2809 2179 2929 2242 tuit
2972 2178 3159 2242 alicui
3202 2178 3377 2242 salus
3414 2177 3550 2240 sine

1998 2283 2125 2347 fide
2170 2283 2548 2349 Mediatoris.
2600 2285 2678 2349 Et
2716 2286 2838 2349 hoc
2882 2289 2978 2349 est
3017 2285 3190 2367 quod
3226 2285 3497 2349 dicitur⁸
3528 2304 3544 2346 ε

2006 2390 2131 2463 Qut·
2167 2398 2260 2458 est
2301 2394 2749 2474 principium
2794 2393 3010 2457 Glossa
3050 2415 3065 2455 ε
3109 2415 3139 2452 α
3185 2391 3550 2457 Secundum

2000 2497 2469 2563 humanitatem
2495 2500 2617 2564 dici
2661 2504 2863 2582 potest
2908 2500 3298 2582 principium
3339 2498 3566 2562 Eccle-

2000 2604 2137 2684 siae,
2168 2606 2321 2687 quia
2355 2624 2550 2688 super
2576 2606 2770 2671 fldem
2806 2607 3229 2671 humanitatis
3255 2608 3398 2689 eJ‘us
3430 2605 3551 2669 Ec-

2003 2710 2195 2776 clesia
2221 2712 2483 2777 fundata
2503 2717 2617 2777 est.
2641 2736 2672 2773 ι»

2084 2823 2145 2883 4.
2189 2818 2284 2882 Ad
2316 2820 2472 2884 illud
2515 2821 2688 2903 quod
2732 2819 3067 2901 objicitur,
3116 2820 3286 2902 quod
3341 2820 3553 2902 gratia

2003 2928 2225 3010 capitis
2260 2928 2364 2992 vel
2408 2929 2899 3007 concomitatur,
2952 2927 3054 2991 vel
3095 2927 3423 3010 praecedit‚
3454 2927 3551 2991 di-

2004 3036 2280 3101 cendum
2323 3038 2528 3119 quod,
2559 3038 2721 3101 sicut
2766 3037 3008 3102 dictum
3040 3042 3133 3100 est
3170 3037 3248 3101 de
3278 3038 3552 3113 unione,

2006 3146 2177 3227 quod
2205 3151 2396 3228 caput
2428 3147 2754 3229 spirituale
2783 3164 2917 3211 non
2942 3150 3189 3228 oportet
3211 3146 3386 3210 uniri
3413 3163 3556 3208 ma-

2006 3251 2310 3316 terialiter
2337 3257 2398 3317 et
2423 3254 2800 3318 naturaliter
2816 3302 2834 3332 ,
2866 3253 2976 3317 sed
3001 3252 3415 3335 spiritualiter
3441 3270 3556 3335 per

2008 3359 2438 3441 coguitionem
2480 3366 2542 3425 et
2584 3378 2893 3439 amorem,
2944 3359 3034 3424 sic
3082 3359 3275 3424 etiam
3320 3359 3558 3423 intelli-

2008 3470 2297 3550 gendum
2335 3474 2431 3533 est
2471 3470 2549 3534 de
2593 3469 3043 3535 antecessione.
3090 3467 3270 3532 Unde
3308 3466 3387 3530 ad
3436 3468 3560 3532 hoc

2008 3576 2180 3657 quod
2209 3576 2491 3641 Christus
2514 3577 2596 3640 sit
2616 3581 2809 3659 caput
2827 3578 3154 3658 Justorum
3192 3575 3562 3657 praeceden-

2012 3685 2213 3759 tium,
2264 3703 2397 3748 non
2443 3684 2726 3766 oportuit
2768 3684 2936 3765 quod
2989 3684 3399 3748 comitaretur
3446 3701 3555 3761 re,

2011 3793 2122 3856 sed
2150 3792 2275 3855 fide
2322 3814 2337 3856 ι
2381 3797 2445 3855 et
2471 3790 2560 3854 sic
2588 3791 2810 3873 utique
2838 3791 2979 3869 suit,
3011 3789 3164 3873 quia
3191 3790 3347 3853 fides
3374 3789 3562 3853 Chri-

2014 3900 2096 3963 sti
2139 3900 2461 3983 praecessit
2504 3900 2568 3962 in
2614 3898 2911 3962 cordibus
2962 3896 3436 3962 salvandorum.
3485 3895 3564 3960 Et

2017 4007 2107 4072 sic
2133 4011 2308 4091 patet
2338 4007 2510 4090 quod
2545 4008 2768 4089 capitis
2806 4005 3014 4087 gratia
3055 4010 3118 4069 et
3143 4004 3305 4069 ratio
3330 4005 3565 4069 simili-

2016 4121 2115 4180 ter
2176 4122 2492 4199 quantum
2551 4116 2631 4181 ad
2686 4115 3030 4198 perfectam
3083 4113 3565 4178 similitudinem

2017 4223 2274 4306 respicit
2298 4224 2365 4287 in
2391 4223 2637 4288 Christo
2666 4223 2904 4305 aliquid
2941 4222 3334 4297 increatum3
3365 4220 3566 4303 respi-

2019 4331 2105 4395 cit
2131 4331 2326 4396 etiam
2370 4330 2607 4413 aliquid
2636 4334 2954 4407 creatum,
2986 4329 3075 4393 ita
3110 4329 3278 4411 quod
3310 4328 3389 4390 ad
3415 4347 3568 4411 per-,-

1964 4433 1971 4440 “
2021 4438 2248 4502 sectam
2299 4438 2613 4502 rationem
2658 4437 2882 4519 capitis
2928 4433 3406 4515 intelligendam
3448 4451 3563 4497 ne-

2022 4560 2194 4610 cesse
2222 4550 2317 4610 est
2345 4550 2685 4627 utramque
2712 4562 3113 4609 concurrere.

2564 4774 2923 4853 QUAESTIO
2974 4774 3053 4839 11.

2026 4943 2120 5001 An
2145 4941 2333 5011 qratia
2360 4940 2561 5010 capitis
2585 4940 2661 4994 sit
2701 4938 2820 4993 alia
2847 4953 3010 5009 quam
3054 4940 3244 5009 qratia
3268 4940 3571 5008 sinqularis

2641 5041 2883 5099 personoe
2907 5025 2947 5079 ⁶.

2110 5191 2197 5255 De
2217 5187 2426 5270 gratia
2449 5184 2669 5267 capitis
2693 5188 3010 5266 quantum
3022 5186 3103 5251 ad
3121 5185 3542 5253 differentiam

2029 5370 2082 5420 q.
2108 5365 2145 5403 ιι
2163 5368 2178 5415 ;
2196 5347 2529 5407 Richard.,lll
2550 5344 2853 5407 Sentwdiat.
2874 5350 3114 5409 xm‚art.
3139 5350 3190 5412 3,
3216 5362 3269 5412 q.
3292 5360 3369 5413 113
3390 5349 3571 5413 Steph.

2035 5424 2244 5485 annet„
2262 5422 2328 5472 111
2349 5421 2510 5479 sm..
2524 5418 2643 5470 dist.
2668 5428 2791 5479 xm,
2811 5429 2865 5480 q.
2885 5428 2937 5470 v.

3546 5238 3566 5270 ³
3596 5228 3665 5272 Ad
3682 5238 3787 5282 opp·
