4185 6288
795 652 815 683 ,
1663 667 1680 683 .

249 705 382 771 inde
419 712 515 773 oet
561 711 758 776 etiam
785 716 959 798 quod
987 717 1131 782 talis
1162 720 1379 786 unitas
1408 723 1634 790 similis
1680 729 1777 790 est

248 812 329 877 illi
386 817 611 881 unioni
638 867 661 898 ‚
720 839 851 902 qua
906 826 1243 908 copulatur
1298 831 1573 897 verbum
1629 833 1774 917 ,ipsi

250 925 394 999 voci,
425 931 499 989 ut
523 927 606 991 ab
631 929 773 993 aliis
812 934 1010 1015 possit
1044 938 1361 1019 eognosei.
1406 939 1485 1003 Et
1511 959 1626 1025 per
1649 943 1775 1008 boc

247 1036 395 1110 patet
423 1037 754 1117 oesponsio
795 1040 876 1103 ad
919 1042 1184 1124 objecta.
1223 1043 1367 1110 Non
1402 1048 1576 1112 enim
1605 1050 1774 1115 valet

246 1140 401 1219 quod
426 1143 700 1225 opponit
732 1144 811 1210 de
855 1147 1326 1231 insufficientia,
1356 1156 1661 1238 quoniam
1688 1159 1771 1224 ad

244 1248 626 1329 propositum
652 1254 980 1321 sufficiunt
1003 1258 1114 1323 illa
1141 1259 1270 1325 duo
1298 1264 1608 1330 membra.
1642 1265 1773 1332 Nee

243 1353 395 1418 valet
421 1358 597 1439 quod
629 1359 848 1443 objicit
870 1363 949 1427 de
972 1369 1400 1449 repugnantia
1413 1419 1432 1451 ,
1461 1372 1613 1454 quia
1638 1392 1771 1439 non
1844 1372 1852 1381 '

243 1459 375 1525 dicit
396 1462 540 1529 haee
568 1465 722 1546 duo,
775 1470 1067 1537 videlieet
1108 1493 1367 1542 earnem
1406 1483 1470 1542 et
1498 1482 1767 1562 sangui·

242 1582 376 1629 nem
415 1567 761 1637 invisibilia
789 1576 1185 1661 simpliciter,
1226 1583 1337 1648 sed
1383 1590 1574 1668 prout
1617 1590 1771 1653 sunt

241 1670 347 1734 sub
371 1682 767 1742 sacramento
806 1687 1124 1750 contenta.
1151 1685 1279 1753 Nee
1323 1688 1480 1755 illud
1521 1692 1600 1755 de
1627 1691 1764 1757 illa-

241 1794 376 1843 rum
428 1784 750 1849 unionum
799 1786 1337 1860 disoonvenientia
1351 1842 1369 1872 ,
1430 1797 1584 1880 quia
1634 1818 1767 1864 non

241 1886 366 1951 vult
400 1890 610 1957 dicere
655 1896 828 1976 quod
867 1897 975 1962 illa
1008 1900 1136 1965 sint
1193 1903 1459 1969 omnino
1507 1905 1762 1987 similia,

242 1994 338 2059 sed
379 1999 555 2080 quod
605 1999 1087 2072 similitudinem
1128 2007 1404 2077 habeant
1444 2018 1765 2097 quantum

243 2101 312 2166 ad
336 2103 449 2168 tria
469 2107 793 2188 praedieta.

886 2285 1027 2333 DUB.
1068 2286 1139 2334 11.

455 2392 587 2444 Sunt
605 2392 762 2445 etiam
779 2394 863 2446 alii
878 2434 897 2461 ,
918 2397 1007 2462 qui
1029 2397 1408 2467 incarnatione,
1433 2407 1531 2455 ete.

310 2529 668 2603 Notandum
689 2540 863 2622 quod
881 2542 1002 2607 tria
1028 2543 1440 2614 insinuantur
1461 2548 1530 2614 iu
1552 2549 1762 2618 littera

246 2636 390 2717 illius
425 2644 747 2728 opinionis
762 2697 781 2728 ,
823 2668 972 2733 quae
1013 2652 1199 2718 valde
1236 2660 1389 2720 sunt
1432 2658 1762 2742 improba-

247 2742 391 2814 bilia.
432 2749 749 2832 Primum,
798 2773 948 2821 cum
992 2758 1190 2825 dicit:
1247 2786 1279 2824 α
1314 2762 1413 2829 Ex
1455 2766 1670 2832 anima
1698 2771 1762 2833 et
1903 2767 1917 2781 ‘

248 2868 406 2920 earne
431 2857 717 2942 aliquam
744 2863 1163 2930 substantiam
1192 2871 1607 2952 compositam
1644 2874 1760 2939 dir-

246 2960 476 3029 fltentur
489 2989 508 3046 ;
545 2989 578 3027 ι
619 2973 684 3032 et
720 2970 877 3035 illud
911 2976 1337 3041 communiter
1378 2983 1474 3043 est
1514 2980 1753 3066 impro-

245 3064 438 3154 babile,
458 3077 769 3159 quoniam
787 3097 870 3144 ex
889 3080 1095 3147 forma
1109 3088 1174 3149 et
1199 3086 1468 3152 materia
1493 3090 1758 3158 resultat

244 3189 422 3245 unum
479 3186 928 3268 compositum.
990 3189 1059 3256 Si
1106 3210 1266 3275 ergo
1308 3196 1524 3263 anima
1565 3199 1759 3267 habet

243 3287 565 3354 naturalem
591 3293 1075 3363 inclinationem
1105 3300 1184 3364 ad
1218 3320 1450 3387 eorpus
1481 3306 1648 3373 sicut
1673 3309 1756 3374 ad

242 3396 536 3476 propriam
563 3402 899 3468 materiam
915 3453 932 3482 ,
966 3426 1165 3490 quam
1209 3411 1494 3492 perficit,
1532 3433 1755 3480 neees-

244 3499 459 3568 sarium
499 3512 637 3572 erat
674 3528 759 3575 ex
803 3512 1021 3579 anima
1065 3496 1128 3580 et
1177 3535 1370 3583 earne
1413 3519 1483 3583 in
1509 3520 1753 3589 Christo

244 3604 463 3691 aliquod
505 3617 769 3683 tertium
813 3622 1130 3688 constitui.
1184 3623 1341 3690 Illud
1381 3631 1597 3693 autem
1642 3635 1756 3696 aut

245 3720 319 3779 est
340 3722 702 3805 substantia,
733 3733 845 3792 aut
875 3730 1161 3796 accidens
1204 3754 1221 3798 :
1262 3735 1551 3800 accidens
1592 3755 1749 3818 non,

246 3831 478 3911 constat,
518 3832 672 3916 quia
706 3834 1062 3902 substantia
1090 3856 1224 3903 non
1261 3847 1355 3905 est
1393 3861 1542 3925 pars
1582 3846 1747 3911 aeci-

248 3928 417 4000 dentis
443 3960 458 4003 :
487 3958 743 4007 neeesse
771 3947 868 4009 est
892 3962 1048 4027 ergo
1062 3946 1234 4030 quod
1253 3949 1367 4014 flat
1392 3950 1542 4016 inde
1563 3955 1748 4018 subs-

248 4037 429 4109 tantia.
477 4048 674 4114 Aliud
712 4049 1131 4133 improbabile
1178 4060 1274 4120 est
1317 4057 1386 4122 in
1428 4059 1550 4125 hoc
1575 4063 1750 4144 quod

248 4143 393 4230 dicit,
431 4156 602 4236 quod
655 4157 782 4221 illis
830 4158 1082 4226 duobus
1138 4163 1316 4227 velut
1373 4164 1750 4233 indumento

246 4246 484 4325 Verbum
509 4263 621 4329 Dei
648 4266 1010 4348 vestiretur,
1041 4273 1119 4334 ut
1142 4272 1513 4338 mortalium
1543 4277 1748 4342 oeulis

247 4374 631 4446 congruenter
656 4378 1029 4456 appareret:
1061 4377 1118 4440 si
1164 4378 1340 4442 enim
1368 4380 1493 4446 boc
1516 4401 1748 4450 verum

247 4475 397 4553 esset,
423 4495 565 4543 cum
599 4481 821 4546 anima
856 4501 987 4547 non
1023 4489 1326 4568 appareat
1352 4489 1586 4570 oculis,
1614 4510 1748 4557 non

247 4587 649 4666 assumpsisset
675 4588 979 4656 animam.
1009 4590 1088 4656 Et
1112 4592 1370 4675 iterum,
1393 4595 1447 4659 si
1467 4595 1746 4664 Christus

244 4691 544 4766 apparebat
590 4711 729 4759 esse
783 4696 1015 4778 homo,
1072 4702 1136 4763 et
1187 4717 1318 4766 non
1367 4706 1505 4767 erat
1554 4722 1748 4772 verus

242 4783 430 4876 homo,
453 4800 615 4866 alius
655 4805 1038 4887 apparebat,
1080 4825 1278 4890 quam
1323 4812 1487 4875 esset
1528 4834 1544 4876 ε
1589 4831 1747 4896 ergo

244 4894 426 4979 aliqua
462 4908 697 4975 falsitas
717 4960 736 4990 ,
794 4917 858 4978 et
907 4913 1124 4997 aliqua
1166 4916 1449 5001 deceptio
1505 4918 1627 4984 fuit
1676 4921 1746 4986 in
1782 5005 1790 5015 ⁶

244 4999 483 5093 Chn'st03
516 5018 690 5099 qnod
740 5020 1007 5085 omnino
1040 5021 1569 5089 absurdissimum
1615 5033 1741 5108 est;

243 5114 444 5182 veritas
480 5125 652 5189 enim
695 5144 818 5191 nec
862 5127 994 5192 salli
1035 5134 1272 5212 potest,
1328 5149 1447 5196 nee
1501 5133 1740 5201 fallere.

246 5211 377 5287 ltem
410 5230 656 5297 tertium
697 5233 1118 5319 improbabile
1156 5242 1254 5302 est
1289 5237 1360 5303 in
1405 5239 1530 5305 hoe
1570 5243 1743 5325 quod

276 5386 465 5464 fang„
491 5396 576 5451 lib.
605 5399 869 5453 me
891 5401 1093 5463 onan„
1127 5415 1181 5468 q.
1210 5412 1409 5468 mm,
1443 5404 1613 5468 primo
1649 5424 1743 5475 vo·

245 5459 416 5513 mitres
435 5470 619 5532 speeies
641 5472 851 5524 habitus
864 5508 883 5536 ,
915 5472 1152 5525 videlieet
1173 5473 1334 5523 animi
1356 5507 1374 5534 ,
1401 5478 1631 5541 eorporis
1647 5520 1666 5545 ,
1696 5487 1748 5535 et

520 5576 663 5628 m.
707 5580 802 5628 IV.

1881 729 2164 854 Verbum
2214 738 2322 806 Dei
2358 752 2793 836 assumpsisse,
2824 762 2979 842 quia
3019 767 3145 834 illis
3169 773 3422 847 duobus

1859 3746 2100 3830 tinguit
2138 3753 2263 3818 alia
2291 3755 2690 3827 distinctione
2726 3782 2843 3847 per
2877 3772 3157 3851 quatuor
3189 3791 3403 3842 mem-

1858 3854 1976 3920 bra
2005 3878 2022 3922 z
2051 3876 2212 3942 ergo
2246 3863 2351 3928 vel
2394 3884 2529 3932 una
2566 3873 2663 3934 est
2699 3875 3045 3958 superflua,
3077 3879 3181 3946 vel
3203 3881 3403 3950 altera

1858 3961 2199 4033 diminuta.
2229 3968 2386 4035 Item
2414 3974 2714 4044 videntur
2740 3979 2953 4066 aliqua
2981 3987 3272 4057 membra
3297 4011 3402 4060 se-
3481 4056 3493 4069 .

1858 4073 2086 4139 eundae
2137 4076 2471 4146 divisionis
2538 4101 2674 4151 esse
2716 4087 3133 4174 impossibilia
3180 4115 3199 4163 ε
3246 4099 3401 4167 dicit

1805 4259 1808 4264 ι
1856 4174 2034 4240 enim
2056 4181 2229 4261 quod
2255 4185 2552 4267 quaedam
2583 4192 2895 4261 accedunt
2932 4216 3081 4281 quae
3119 4204 3395 4284 mutant,

1855 4282 1966 4347 sed
2003 4304 2139 4350 non
2164 4295 2516 4376 mutantur,
2545 4295 2711 4364 sieut
2747 4303 3057 4387 sapientia
3086 4329 3104 4374 ε
3140 4309 3265 4375 boe
3290 4310 3397 4377 vi-

1856 4390 2043 4457 detur
2066 4413 2204 4461 esse
2229 4396 2642 4484 impossihile,
2671 4409 2828 4491 quia
2851 4411 2909 4476 si
2934 4430 3018 4478 ex
3042 4414 3257 4500 aliquo
3284 4436 3397 4483 ae-

1856 4497 2104 4566 cidente
2137 4504 2512 4576 adveniente
2552 4518 2842 4583 mutatur
2883 4520 3265 4603 subjectum,
3295 4525 3399 4589 vi-

1855 4605 2044 4674 detur
2071 4613 2248 4694 quod
2274 4615 2488 4700 ipsum
2514 4621 2719 4688 multo
2747 4620 2962 4708 magis·
3003 4628 3229 4695 debeat
3272 4631 3397 4698 diei

1856 4719 2201 4799 mutatum,
2231 4724 2384 4805 quia
2405 4726 2484 4792 de
2511 4733 2657 4796 ente
2685 4731 2758 4797 in
2779 4735 3060 4816 potentia
3086 4739 3159 4802 flt
3182 4756 3298 4804 ens
3325 4739 3396 4805 in

1854 4828 2021 4890 actu.
2041 4825 2200 4893 Item
2212 4830 2384 4898 aliud
2402 4837 2767 4905 membrum
2779 4841 3092 4924 similiter,
3111 4846 3283 4928 quod
3298 4848 3399 4913 di-

1854 4931 1942 4996 cit
1955 4935 2128 5016 quod
2155 4939 2452 5019 quaedam
2476 4945 2789 5028 accidunt,
2809 4967 2957 5033 quae
2974 4968 3093 5016 nec
3120 4957 3397 5037 mutant,

1853 5431 2034 5470 eorum
2060 5434 2177 5485 quae
2215 5423 2459 5475 membris
2485 5430 2986 5484 accommodantur:
3020 5435 3210 5489 deinde
3249 5439 3398 5502 ponit

1855 5494 2094 5554 mutuor,
2125 5506 2239 5558 qum
2261 5499 2383 5546 sunt
2408 5495 2460 5545 in
2487 5496 2654 5554 littera
2686 5501 2933 5568 Magistri.

3083 5603 3161 5663 to
