4185 6288
705 461 824 521 388

705 714 864 779 ergo
931 694 987 758 si
1055 692 1272 757 anima
1345 691 1576 756 Christi
1661 691 1868 758 multo
1944 691 2252 770 nobilior,

704 806 769 868 et
794 800 1129 885 potentior,
1171 802 1235 863 et
1274 798 1641 864 deiformior
1665 803 1780 875 est,
1802 797 2058 863 videtur
2079 798 2255 881 quod

704 909 965 974 instanti
987 907 1234 984 eodem,
1267 906 1337 970 in
1361 925 1494 990 quo
1517 906 1706 989 coepit
1732 923 1892 986 esse,
1921 906 2119 990 coepit
2142 905 2256 971 ha-

704 1016 854 1081 bere
881 1014 1318 1099 operationem
1346 1013 1467 1077 sibi
1494 1012 1775 1078 debitam
1804 1036 1821 1080 t
1852 1014 1963 1079 sed
1992 1013 2138 1078 talis
2160 1017 2257 1079 est

704 1122 987 1206 operatio
1011 1120 1340 1184 meritoria
1371 1142 1389 1184 ε
1420 1138 1601 1202 ergo,
1632 1124 1752 1184 etc.

785 1229 966 1307 item,
1005 1228 1170 1292 sicut
1213 1227 1451 1292 animae
1495 1231 1733 1292 nostrae
1774 1244 1844 1290 se
1892 1224 2137 1290 habent
2173 1224 2255 1289 ad

648 1415 653 1419 ᾗ
705 1335 1111 1415 demeritum,
1160 1334 1251 1399 ita
1292 1334 1508 1398 anima
1553 1332 1782 1398 Christi
1822 1349 1891 1397 se
1933 1331 2131 1396 habet
2175 1330 2257 1395 ad

474 2012 544 2058 Ad
566 2024 672 2070 opp.

705 1443 1013 1508 meritum
1065 1462 1082 1506 ε
1132 1440 1242 1505 sed
1286 1440 1522 1505 animae
1559 1443 1797 1504 nostrae
1842 1439 1911 1502 in
1945 1437 2083 1521 ipso
2122 1437 2258 1499 ins-

705 1550 865 1614 tanti
890 1548 1224 1613 infusionis
1250 1547 1487 1611 habent
1515 1549 1766 1611 reatum
1808 1543 2015 1628 culpae
2049 1541 2256 1624 origi-

706 1658 911 1721 nalis:
943 1673 1101 1737 ergo
1135 1654 1354 1719 anima
1390 1652 1619 1719 Christi
1660 1670 1700 1715 a
1741 1652 1952 1735 primo
1995 1648 2257 1714 instanti

709 1763 1138 1847 conceptionis
1154 1811 1173 1843 ,
1204 1766 1267 1826 et
1298 1759 1655 1840 infusionis,
1684 1759 1914 1824 habuit
1953 1757 2257 1822 meritum

711 1872 993 1938 virtutis.

791 1980 917 2044 Sed
983 1981 1203 2043 eontra
1256 1993 1276 2041 ε
1335 1981 1395 2041 1.
1446 1972 1634 2040 Prius
1687 1975 1784 2038 oet
1834 1990 2001 2053 esse,
2054 1988 2258 2055 quam

709 2104 904 2169 agere
960 2109 977 2150 ε
1033 2085 1089 2149 si
1140 2102 1297 2166 ergo
1342 2082 1574 2148 mereri
1623 2086 1719 2145 est
1761 2098 1979 2162 agere,
2035 2079 2258 2143 anima

707 2197 934 2262 Christi
971 2196 1150 2279 prius
1179 2193 1403 2258 habuit
1429 2209 1567 2256 esse
1594 2187 1979 2272 completum
2002 2236 2019 2267 ,
2058 2205 2258 2271 quam

703 2303 1006 2369 habuerit
1030 2301 1241 2368 meriti
1268 2316 1464 2365 usum
1512 2317 1530 2362 ε
1569 2315 1728 2380 ergo
1767 2314 1899 2360 non
1943 2296 2181 2361 meruit
2218 2314 2260 2359 a

705 2409 1056 2494 primordio
1097 2405 1551 2490 conceptionis.

785 2524 847 2584 2.
880 2516 1039 2582 ltem
1064 2532 1254 2580 omne
1281 2514 1449 2596 quod
1479 2512 1610 2577 exit
1647 2511 1731 2575 ab
1757 2509 1887 2576 otio
1912 2511 1982 2574 in
2009 2514 2256 2589 actum,

707 2627 887 2711 prius
910 2623 1178 2708 quiescit
1201 2640 1398 2705 quam
1425 2624 1600 2702 agat,
1630 2623 1694 2684 et
1716 2636 1908 2683 omne
1934 2619 2059 2683 tale
2077 2620 2259 2702 prius

707 2740 804 2800 est
824 2751 1020 2817 quam
1049 2735 1395 2816 operetur:
1423 2728 1533 2793 sed
1560 2727 1776 2791 anima
1803 2726 2032 2792 Christi
2058 2727 2256 2790 incoe·

704 2845 804 2929 pit
827 2843 1059 2909 mereri
1092 2864 1109 2905 :
1153 2857 1312 2922 ergo
1338 2838 1417 2903 de
1450 2856 1584 2902 non
1623 2838 1927 2919 operante
1960 2834 2124 2899 facta
2168 2837 2263 2898 est

709 2968 981 3034 operans
1011 2965 1027 3010 ε
1058 2965 1216 3029 ergo
1242 2947 1310 3010 in
1339 2944 1645 3010 merendo
1673 2942 1879 3007 exivit
1912 2941 1993 3006 ab
2033 2941 2164 3006 otio
2191 2941 2264 3005 in

713 3061 927 3122 actum
957 3074 975 3120 ε
1009 3074 1167 3137 ergo
1200 3054 1381 3138 prius
1407 3051 1659 3135 quievit
1699 3073 1716 3116 ι
1755 3068 1914 3133 ergo
1954 3067 2088 3115 non
2131 3067 2264 3114 me·

716 3166 849 3231 ruit
869 3166 950 3229 ab
973 3162 1235 3228 instanti
1260 3160 1710 3243 conceptionis.

799 3277 861 3338 3.
893 3270 1051 3337 item
1079 3269 1383 3334 meritum
1417 3272 1510 3332 est
1532 3286 1573 3332 a
1600 3266 1931 3332 voluntate
1951 3264 2265 3330 delibera-

717 3382 873 3461 tiva,
920 3381 991 3444 in
1027 3381 1344 3462 quantum
1386 3374 1797 3441 deliberativa
1837 3377 1932 3438 est
1964 3394 1979 3437 ε
2011 3373 2124 3438 sed
2151 3371 2268 3437 ubi

717 3493 813 3553 est
854 3484 1226 3552 deliberatio
1243 3532 1263 3560 ,
1309 3482 1399 3546 ibi
1448 3485 1542 3546 est
1568 3480 1815 3546 collatio
1850 3503 1866 3546 :
1907 3481 2018 3545 ubi
2046 3482 2268 3544 autem

718 3596 863 3662 haec
884 3600 1001 3672 est,
1029 3594 1120 3657 ibi
1144 3595 1240 3657 est
1253 3590 1556 3672 temporis
1577 3588 1925 3654 successio:
1950 3606 2109 3669 ergo
2136 3605 2270 3652 non

720 3705 976 3768 videtur
1021 3699 1192 3783 quod
1233 3697 1538 3763 meritum
1577 3696 1808 3762 Christi
1832 3696 2110 3780 potuerit
2136 3714 2271 3762 esse

722 3833 763 3881 a
786 3831 924 3879 suae
950 3809 1374 3894 conceptionis
1400 3807 1734 3891 principie.

806 3927 871 3987 4.
922 3919 1104 4000 Item,
1145 3915 1419 3998 angelus
1463 3931 1598 3978 non
1646 3912 1932 3998 peccavit
1973 3931 2014 3979 a
2062 3913 2274 3997 primo

728 4027 989 4095 instanti
1042 4042 1180 4090 suae
1232 4020 1589 4100 creationis,
1646 4024 1709 4085 et
1754 4024 1971 4085 tamen
2009 4019 2102 4084 ita
2150 4020 2275 4085 cito

728 4155 924 4203 usum
962 4134 1148 4199 liberi
1190 4130 1439 4196 arbitrii
1498 4128 1729 4194 habuit
1749 4174 1767 4206 ,
1833 4129 1998 4193 sicut
2059 4128 2278 4213 aliqua

730 4248 949 4312 anima
989 4241 1337 4318 rationalis,
1374 4256 1524 4303 cum
1564 4240 1820 4302 creatus
1853 4241 2018 4303 esset
2057 4240 2127 4301 in
2165 4256 2274 4302 co-

730 4351 1041 4437 gnitionis
1065 4347 1446 4434 perfectione
1476 4367 1493 4410 ι
1524 4362 1682 4426 ergo
1721 4344 1863 4427 pari
1902 4344 2150 4409 ratione
2177 4344 2273 4409 vi-

731 4462 918 4527 detur
960 4457 1133 4543 quod
1172 4473 1292 4522 nec
1341 4452 1560 4518 anima
1602 4450 1832 4517 christi
1882 4451 1966 4516 ab
2014 4452 2279 4519 instanti

729 4566 1159 4652 conceptionis
1185 4563 1418 4629 mereri
1443 4559 1745 4646 potuerit.

810 4683 873 4743 5.
914 4676 1070 4741 Item
1106 4691 1298 4739 omne
1335 4670 1496 4735 illud
1512 4718 1532 4747 ,
1574 4667 1747 4752 quod
1791 4667 2008 4734 anima
2049 4667 2278 4734 Christi

730 4786 957 4853 habuit
971 4803 1012 4849 a
1037 4780 1387 4868 primordio
1404 4775 1836 4860 conceptionis
1860 4793 2022 4857 suae,
2052 4776 2282 4841 habuit

732 4897 813 4962 ab
839 4896 964 4959 alio
994 4911 1012 4957 ε
1042 4890 1152 4956 sed
1182 4888 1488 4954 meritum
1505 4887 1722 4950 ortum
1740 4882 1971 4949 habuit
2005 4901 2046 4947 a
2077 4882 2282 4949 libero

734 5003 998 5067 arbitrio
1028 4999 1107 5083 (α)
1147 4996 1356 5080 gratia
1395 4993 1736 5059 informato
1780 5009 1799 5056 ε
1838 5010 1998 5073 ergo
2026 5008 2160 5055 non
2185 4990 2284 5056 vi·

733 5111 920 5177 detur
944 5107 1117 5192 quod
1140 5122 1338 5170 usum
1367 5102 1579 5169 meriti
1596 5100 1825 5169 habuit
1850 5100 2099 5183 abipso
2124 5117 2283 5166 con-

737 5216 1042 5301 ceptionis
1068 5210 1441 5298 primordie.

803 5384 871 5449 (a)
920 5381 1042 5435 θαι.
1074 5382 1196 5433 edit.
1244 5394 1276 5430 a
1317 5380 1464 5431 liberi
1500 5377 1713 5430 arbitrii.
1747 5401 1809 5417 --
1835 5376 1908 5438 (ὁ)
1952 5373 2190 5426 infundit.
2217 5398 2281 5412 —

743 5460 803 5520 (c)
825 5467 957 5519 qum.

1803 445 2429 519 SENTENTIARUM
2468 446 2620 514 LIB.
2665 447 2775 513 111.

704 590 928 655 eodem
992 584 1255 650 instanti
1319 583 1545 668 incipit
1588 601 1757 665 esse,
1812 590 1878 649 et
1937 583 2156 651 lucere
2227 604 2289 650 z·

2907 704 3361 775 CONCLUSIO.

2368 887 2612 945 Christus
2631 890 2831 945 meruit
2867 887 2938 945 ab
2966 889 3206 945 instanti
3229 902 3339 945 suoe
3363 889 3752 959 conceptionis,
3779 890 3909 959 qm’a

2433 979 2578 1033 omni
2607 977 2739 1034 bono
2768 981 2820 1034 et
2844 979 3072 1051 proemio
3098 976 3296 1047 dianus
3328 977 3447 1045 fuit
3471 979 3698 1048 propter
3726 977 3909 1049 plem'-

2438 1067 2677 1124 tudinem
2695 1069 2913 1139 qratioe‚
2925 1084 3087 1139 quam
3105 1069 3239 1124 Deus
3252 1069 3451 1123 animoe
3464 1081 3572 1123 m
3587 1066 3800 1135 infudit
3816 1065 3882 1138 (b)
3894 1104 3909 1121 .

2445 1225 2634 1310 Resp.
2665 1227 2746 1293 ad
2768 1245 2912 1310 arg.
2945 1227 3043 1293 Ad
3073 1226 3525 1311 praedictorum
3556 1225 3917 1307 intelligen-

2363 1333 2522 1397 tiam
2564 1337 2662 1397 est
2699 1334 3077 1411 notandum,
3120 1333 3291 1417 quod
3338 1333 3417 1397 ad
3466 1331 3916 1416 perfectionem

2366 1439 2583 1504 meriti
2600 1440 2729 1506 duo
2751 1443 3166 1521 concurrunt,
3189 1440 3484 1506 videlicet
3500 1439 3634 1524 ipse
3657 1440 3917 1505 habitus

2365 1556 2712 1637 gratuitus,
2744 1561 2810 1621 et
2840 1557 3041 1639 ipsius
3071 1557 3329 1621 habitus
3355 1559 3558 1634 actus,
3591 1556 3698 1621 vel
3738 1574 3913 1621 usus.

2366 1661 2435 1726 Si
2479 1680 2639 1744 ergo
2684 1663 3030 1746 loquamur
3071 1662 3151 1729 de
3197 1663 3427 1728 merito
3470 1668 3789 1747 quantum
3838 1662 3916 1727 ad

2365 1766 2683 1849 habitum,
2713 1769 2827 1852 qui
2856 1770 3062 1835 reddit
3085 1768 3427 1836 habentem
3454 1769 3736 1852 dignum
3761 1786 3918 1853 prae-

2365 1881 2500 1944 mio
2519 1927 2537 1957 ,
2597 1880 2688 1944 sic
2734 1881 2974 1964 absque
3020 1880 3218 1946 dubio
3261 1879 3735 1945 concedendum
3799 1883 3915 1960 est,

2365 1987 2541 2070 quod
2565 2005 2606 2051 a
2629 1987 2947 2071 principio
2981 2004 3117 2052 suae
3159 1987 3589 2070 conceptionis
3631 1985 3916 2052 Christus

2366 2096 2647 2160 meruit:
2679 2095 2835 2178 quia
2857 2095 3036 2159 omni
3072 2095 3243 2160 bono
3273 2099 3337 2160 et
3365 2095 3636 2177 praemio
3679 2095 3914 2177 dignun

2364 2202 2488 2267 fuit
2542 2207 2800 2286 propter
2865 2202 3332 2286 plenitudinem
3399 2202 3626 2284 gratiae
3645 2248 3663 2279 ,
3723 2220 3918 2285 quam

2366 2306 2535 2374 Deus
2559 2310 2795 2374 animae
2823 2327 2960 2374 suae
3000 2309 3269 2375 contulit
3306 2312 3373 2373 et
3416 2308 3672 2374 infudit.
3725 2307 3806 2373 Et
3840 2308 3921 2373 ab

2366 2415 2489 2481 hoc
2508 2435 2639 2482 non
2660 2418 2979 2483 discordat
3016 2417 3247 2501 aliquis
3283 2416 3507 2482 doctor
3544 2416 3919 2482 catholicus.

2367 2519 2435 2588 Si
2456 2529 2674 2589 autem
2718 2525 2831 2588 flat
2869 2542 3078 2589 sermo
3120 2524 3201 2589 de
3241 2523 3469 2588 merito
3495 2526 3816 2606 quantum
3842 2522 3921 2587 ad

2366 2630 2624 2696 virtutis
2648 2635 2889 2709 actum,
2934 2631 3072 2697 sive
3112 2649 3331 2711 usum,
3355 2631 3448 2695 -in
3486 2647 3618 2712 quo
3659 2628 3914 2713 proprie

2368 2739 2716 2803 attenditur
2758 2738 3074 2820 completa
3112 2739 3280 2803 ratio
3327 2737 3637 2816 merendi,
3691 2738 3784 2801 sic
3828 2740 3920 2801 est

2367 2841 2609 2925 duplex
2634 2842 2863 2906 modus
2886 2841 3157 2907 dicendi.
3187 2840 3390 2921 Unus,
3439 2839 3612 2922 quod
3643 2838 3920 2904 Christus
3946 2861 4060 2917 opu.
4080 2865 4112 2901 ι.

2368 2948 2608 3013 meruit
2631 2949 2843 3014 statim
2869 2952 3012 3032 post
3039 2948 3428 3033 principium
3469 2937 3918 3030 conceptionis,

2370 3073 2505 3121 non
2531 3059 2754 3120 autem
2780 3056 2851 3119 in
2898 3056 3038 3139 ipso
3080 3057 3289 3138 primo
3330 3055 3636 3133 instanti;
3668 3059 3746 3126 et,
3768 3054 3924 3118 ratio

2372 3163 2571 3247 hujus
2610 3169 2728 3244 est,
2771 3164 2927 3247 quia
2973 3166 3258 3248 operatio
3314 3163 3502 3228 debet
3554 3162 3742 3245 sequi
3794 3179 3928 3227 esse

2370 3273 2745 3338 substantiae
2766 3295 2782 3337 :
2807 3273 2947 3338 ideo
2974 3291 3233 3338 necesse
3253 3272 3376 3337 fuit
3394 3271 3686 3335 animam
3705 3268 3928 3335 Christi

2373 3382 2555 3464 prius
2601 3400 2762 3462 esse,
2811 3400 3010 3464 quam
3060 3399 3256 3463 agere
3278 3427 3297 3458 ,
3344 3380 3670 3463 praecipue
3714 3397 3791 3443 eo
3834 3393 3933 3441 ac-

2374 3490 2566 3554 tionis
2587 3507 2848 3571 genere,
2878 3490 3050 3573 quod
3081 3492 3318 3572 spectat
3349 3490 3431 3552 ad
3472 3505 3671 3552 usum
3697 3484 3932 3552 volun-

2375 3598 2523 3661 tatis
2544 3598 2974 3663 deliberativas
3004 3616 3021 3661 :
3057 3596 3198 3660 talis
3222 3600 3440 3660 autem
3474 3599 3569 3659 est
3599 3600 3782 3659 actus
3807 3609 3932 3657 me·

2375 3706 2656 3771 ritorius.
2689 3704 2768 3770 Et
2793 3705 2958 3781 ide0,
2986 3705 3041 3769 si
3069 3704 3319 3769 dicatur
3342 3690 3577 3768 alicubi
3608 3702 3928 3768 Christum

2378 3831 2418 3877 a
2448 3813 2804 3896 primordio
2829 3829 2966 3878 suae
3013 3810 3445 3894 conceptionis
3472 3810 3804 3887 meruisse,
3831 3808 3926 3872 di-

2379 3926 2536 3986 cunt
2557 3939 2789 3985 verum
2812 3939 2969 3999 esse,
2999 3918 3357 3985 seeundum
3379 3917 3552 4000 quod
3578 3917 3733 3982 dicit
3758 3916 3921 3981 ordi-

2379 4045 2531 4094 nem
2575 4029 2656 4094 ad
2696 4027 3084 4113 principium
3140 4030 3326 4091 extra
3366 4028 3705 4108 sumptum
3725 4074 3744 4106 ,
3800 4040 3924 4088 non

2380 4136 2576 4203 intra.
2630 4136 2743 4201 Est
2791 4141 2856 4201 et
2906 4135 3072 4200 alius
3126 4134 3357 4199 modus
3407 4132 3693 4209 dicendi,
3759 4129 3923 4214 quod
3949 4174 4113 4231 θρίω,

2383 4244 2688 4324 Christus,
2728 4247 3047 4327 quantum
3089 4240 3171 4305 ad
3209 4239 3466 4306 virtutis
3501 4257 3703 4304 usum
3727 4242 3791 4304 et
3815 4254 3922 4302 ac-

2382 4354 2547 4429 tum,
2578 4350 2816 4416 meruit
2834 4349 2903 4414 in
2917 4351 3057 4433 ipso
3075 4347 3507 4431 conceptionis
3529 4345 3878 4430 primordio
3900 4364 3916 4407 ε

2384 4459 2507 4527 hoc
2532 4463 2707 4527 enim
2754 4461 2978 4526 datum
3017 4463 3115 4525 est
3153 4459 3214 4525 ei
3241 4477 3356 4543 per
3384 4456 3662 4540 gratiam
3688 4456 3923 4542 perfec-

2386 4569 2719 4649 tissimam,
2769 4573 2846 4634 ut
2887 4569 2956 4633 in
2992 4567 3204 4652 primo
3231 4565 3516 4645 instanti,
3565 4565 3637 4629 in
3674 4579 3804 4648 quo
3828 4563 3924 4626 in-

2385 4680 2580 4762 coepit
2630 4696 2796 4756 esse,
2851 4695 2986 4742 non
3038 4680 3292 4741 tantum
3334 4673 3600 4739 haberet
3642 4671 3926 4736 habitum

2385 4784 2739 4866 virtutum,
2774 4785 2885 4850 sed
2926 4784 3119 4849 etiam
3172 4785 3386 4847 actum
3442 4799 3461 4844 ε
3510 4779 3686 4863 unde
3739 4774 3926 4842 simul

2386 4892 2581 4975 coepit
2600 4910 2759 4970 esse,
2776 4896 2840 4956 et
2856 4909 3050 4957 usum
3063 4886 3646 4971 comprehensionis
3658 4885 3920 4949 habere:

2386 5003 2452 5064 et
2492 5000 2709 5064 anima
2752 4999 2981 5065 Christi
3019 4998 3090 5062 in
3135 4996 3361 5062 eodem
3411 4992 3673 5057 instanti
3708 4987 3926 5055 habuit

2384 5108 2613 5187 creari,
2659 5111 2724 5171 et
2768 5105 3025 5171 infundi
3040 5154 3060 5185 ,
3102 5108 3166 5169 et
3212 5101 3423 5186 gratia
3465 5096 3819 5175 informari,
3863 5096 3924 5158 et

2385 5214 2561 5279 exire
2586 5213 2657 5278 in
2674 5219 2891 5279 actum
2901 5212 3138 5290 meriti,
3158 5210 3272 5297 qui
3287 5210 3358 5294 (c)
3380 5206 3638 5293 quidem
3652 5202 3924 5269 consistit

2383 5320 2454 5385 in
2501 5326 2685 5388 motu
2732 5324 2921 5390 bonae
2972 5320 3339 5389 voluntatis.
3388 5315 3665 5399 Uterque
3715 5319 3920 5378 tamen

2384 5428 2657 5494 istorum
2684 5432 3026 5497 modorum
3049 5430 3202 5495 satis
3240 5430 3337 5493 est
3362 5422 3786 5498 rationabilis;
3813 5417 3917 5482 sed
