4185 6288
733 485 853 549 418

732 620 1040 696 medium,
1067 618 1131 679 et
1161 629 1298 677 esse
1324 611 1760 674 mediatorem.
1792 608 2077 675 Medium
2094 624 2273 672 nam·

731 745 858 810 que
884 724 1037 788 dicit
1063 718 1575 785 convenientiam
1602 735 1753 781 cum
1779 716 2107 781 extremis.
2140 715 2270 778 He-

727 832 946 897 dictor
970 834 1189 893 autem
1229 825 1381 890 dicit
1415 843 1548 888 non
1597 828 1849 887 tantum
1889 821 2272 888 convenien-

728 939 907 1016 tiam,
935 936 1045 1001 sed
1068 936 1262 998 etiam
1309 932 1462 996 dicit
1485 931 1769 995 officium
1813 928 2273 994 reconciliatio·

726 1047 851 1109 nis.
906 1046 1105 1110 Aliter
1172 1058 1331 1122 ergo
1384 1038 1902 1122 respondendum
1969 1043 2069 1102 est
2118 1054 2268 1099 cum

726 1154 1067 1236 quaeritur,
1096 1149 1367 1233 qualiter
1393 1147 1678 1212 Christus
1704 1148 1789 1211 sit
1809 1147 2061 1210 medius
2101 1145 2270 1208 inter

725 1259 1082 1323 humanam
1110 1263 1431 1334 naturam,
1460 1261 1524 1318 et
1557 1255 1880 1331 divinam3
1910 1253 2094 1317 aliter
2116 1268 2267 1315 cum

722 1367 1042 1450 quaeritur
1067 1411 1088 1443 ‚
1131 1364 1403 1446 qualiter
1442 1363 1524 1426 sit
1579 1362 1914 1425 mediator.
1970 1359 2040 1423 Si
2092 1359 2267 1422 enim

721 1479 1053 1556 quaeratur
1103 1473 1379 1554 qualiter
1432 1471 1513 1533 sit
1555 1469 1841 1548 medius,
1900 1466 2268 1549 responderi

720 1586 949 1665 potoet,
977 1580 1149 1662 quod
1167 1578 1455 1641 medium
1480 1577 1646 1639 inter
1672 1575 1834 1639 duas
1858 1580 2120 1637 naturas
2145 1591 2267 1655 po-

720 1694 841 1753 test
860 1688 1100 1770 aliquid
1140 1687 1264 1749 dici
1292 1685 1664 1767 tripliciter:
1697 1687 1812 1746 aut
1850 1682 1940 1744 ita
1966 1680 2141 1763 quod
2192 1680 2263 1741 in

718 1815 796 1860 eo
823 1799 1207 1859 concurrant
1226 1793 1372 1856 duae
1400 1797 1671 1869 naturae,
1701 1790 1866 1853 sicut
1889 1789 1958 1851 in
1984 1806 2117 1851 una
2141 1805 2265 1849 na-

716 1908 864 1967 tura
903 1903 1124 1979 tertia3
1164 1905 1279 1964 aut
1319 1900 1408 1963 ita
1447 1897 1619 1980 quod
1643 1898 1715 1960 in
1757 1915 1834 1961 eo
1858 1897 2268 1977 ‚concurrant

715 2011 865 2075 duae
892 2017 1164 2086 naturae,
1191 2009 1357 2072 sicut
1404 2009 1475 2070 in
1519 2025 1652 2071 una
1678 2023 1979 2088 persona3
2021 2007 2139 2067 aut
2176 2001 2263 2065 ita

715 2119 885 2201 quod
921 2118 990 2181 in
1014 2136 1091 2182 eo
1139 2119 1520 2180 concurrant
1556 2112 1970 2195 proprietates
2014 2109 2265 2174 duabus

713 2226 964 2290 naturis
991 2225 1369 2290 conformes.
1416 2220 1634 2286 Primo
1674 2220 1864 2283 modo
1899 2218 2262 2300 accipiendo

714 2335 1024 2411 medium,
1047 2332 1207 2395 nihil
1238 2335 1442 2414 potest
1466 2347 1603 2393 esse
1623 2327 1911 2391 medium
1938 2326 2107 2389 inter
2127 2326 2259 2388 hu-

712 2460 974 2505 manam
1002 2446 1327 2514 naturam,
1374 2442 1438 2501 et
1459 2435 1771 2512 divinam,
1800 2452 1919 2496 nec
1947 2432 2256 2511 Christus,

710 2567 829 2613 nec
854 2549 1064 2626 aliud;
1109 2547 1263 2629 quia
1310 2562 1444 2608 non
1472 2547 1677 2624 potest
1702 2560 1787 2606 ex
1819 2543 2112 2605 humana
2136 2558 2256 2603 na-

711 2661 858 2720 tura
878 2664 942 2719 et
964 2656 1185 2719 divina
1209 2652 1510 2717 constitui
1535 2649 1793 2731 aliquod
1822 2647 2106 2711 tertium.
2140 2647 2259 2711 Se-

708 2764 917 2828 cundo
947 2763 1136 2826 modo
1183 2758 1547 2843 accipiendo
1587 2756 1898 2834 medium,
1924 2754 2014 2818 sic
2039 2755 2254 2819 Chris-

707 2876 813 2934 tus
864 2874 959 2934 est
1001 2869 1286 2932 medium
1326 2868 1492 2929 inter
1544 2866 1901 2928 humanam
1929 2868 2252 2941 naturam,

705 2984 770 3043 et
792 2980 1103 3056 divinam,
1133 2978 1200 3040 in
1249 2979 1565 3058 quantum
1591 2979 1688 3036 est
1728 2990 1862 3035 una
1887 2989 2162 3053 persona
2185 2972 2254 3034 in

704 3085 955 3151 duabus
995 3084 1263 3159 naturis»,
1295 3101 1428 3147 non
1453 3081 1698 3146 ratione
1724 3079 2031 3142 humanae
2058 3083 2253 3142 natu-

703 3213 796 3259 rae
824 3200 1096 3272 tantum,
1142 3211 1262 3257 nec
1287 3192 1533 3256 ratione
1580 3189 1818 3252 divinae
1842 3193 2115 3266 tantum,
2141 3187 2252 3250 sed

702 3305 948 3368 ratione
994 3302 1352 3383 utriusque.
1409 3296 1624 3362 Tertio
1663 3297 1853 3360 modo
1881 3295 2248 3377 accipiendo

702 3411 1013 3488 medium,
1061 3408 1347 3472 Christus
1396 3409 1492 3468 est
1526 3402 1810 3467 medium
1846 3403 2014 3465 inter
2039 3401 2244 3465 Deum

700 3518 764 3578 et
824 3514 1123 3578 homines
1184 3509 1536 3574 secundum
1602 3507 2072 3569 humanitatem
2098 3552 2117 3584 ,
2179 3506 2250 3569 in

699 3628 1018 3705 quantum
1041 3619 1235 3683 habet
1258 3616 1708 3681 mortalitatem
1734 3612 1931 3677 simul
1955 3616 2020 3677 et
2045 3612 2250 3676 beati-

698 3731 989 3795 tudinem
1039 3751 1054 3793 ε
1112 3726 1585 3803 mortalitatem,
1643 3723 1935 3805 inquam,
1987 3722 2059 3783 in
2113 3739 2245 3802 qua

700 3837 1130 3902 communicat
1150 3854 1300 3899 cum
1322 3831 1732 3907 hominibus;
1763 3828 2244 3907 beatitudinem,

699 3947 771 4009 in
815 3965 944 4028 qua
986 3944 1267 4008 maxime
1306 3938 1738 4005 communicat
1776 3954 1926 3999 cum
1976 3934 2124 3998 Dec.
2172 3934 2244 3998 Si

701 4074 854 4120 vero
897 4059 1225 4136 quaeratur
1250 4049 1522 4133 qualiter
1547 4052 1612 4111 et
1646 4045 2004 4109 secundum
2047 4061 2246 4127 quam

700 4168 998 4227 naturam
1024 4160 1309 4225 Christus
1338 4158 1420 4221 sit
1448 4154 1788 4231 mediator,
1819 4171 1970 4216 cum
2000 4152 2242 4216 media-

700 4275 798 4334 tor
824 4271 993 4335 dicat
1017 4269 1301 4333 officium
1329 4261 1882 4340 reconciliationis,
1914 4264 1979 4323 et
2005 4261 2244 4323 media-

700 4382 799 4441 tor
822 4378 1045 4441 debeat
1089 4375 1344 4439 differre
1390 4372 1472 4436 ab
1497 4369 1623 4433 illis
1647 4385 1811 4451 quos
1855 4367 2242 4446 reconciliat,

697 4491 761 4549 et
782 4485 1068 4548 Christus
1103 4480 1459 4545 secundum
1507 4476 1792 4541 divinam
1828 4478 2127 4538 naturam
2164 4475 2245 4538 sit

696 4592 825 4670 ille,
847 4593 951 4656 cui
977 4592 1049 4655 nt
1072 4587 1523 4664 reconciliatio,
1550 4584 1888 4649 dicendum
1917 4584 2089 4666 quod
2111 4602 2243 4648 non

697 4704 902 4782 potest
926 4718 1065 4765 esse
1083 4698 1392 4762 mediator
1418 4693 1776 4759 secundum
1798 4692 2087 4757 divinam
2115 4710 2242 4756 na-

695 4811 934 4887 turam,
987 4806 1094 4870 sed
1121 4804 1474 4869 secundum
1513 4802 1869 4865 humanam
1915 4805 2239 4878 naturam,

693 4916 762 4978 in
790 4934 923 4997 qua
947 4917 1152 4998 potest
1188 4911 1593 4975 reconciliare
1642 4907 1995 4971 secundum
2037 4907 2244 4970 diver-

693 5042 795 5087 sas
822 5023 1258 5106 proprietates,
1289 5022 1358 5083 in
1385 5019 1619 5102 quibus
1631 5017 2062 5081 communicat
2090 5034 2242 5080 cum

693 5129 821 5193 Deo
845 5135 1079 5193 etcum
1104 5129 1392 5192 homine.
1421 5126 1706 5191 Habebat
1725 5125 1898 5188 enim
1919 5124 2241 5206 justitiam

693 5242 758 5299 et
808 5238 1261 5315 innocentiam,
1317 5236 1385 5297 in
1437 5252 1568 5316 qua
1619 5234 2048 5296 communicat
2090 5250 2241 5295 cum

692 5341 843 5416 Dec,
887 5349 950 5405 et
1003 5342 1475 5419 mortalitatem,
1516 5341 1585 5402 in
1635 5356 1766 5420 qua
1808 5338 2240 5402 communicat

755 5467 892 5515 Edit.
931 5466 1043 5515 Ven.
1080 5466 1316 5529 extremi,
1342 5466 1615 5516 dicendum
1644 5465 1784 5527 quod
1811 5469 1864 5514 et
1889 5464 2134 5527 medium,
2165 5469 2232 5516 et.

1827 465 2454 539 SENTENTlAmm
2497 470 2648 538 LIB.
2696 469 2804 538 ΙΙΙ.

2384 625 2535 671 cum
2554 609 2816 674 homine
2834 630 2851 689 ;
2882 614 2948 674 et
2968 610 3128 675 dum
3157 627 3331 674 mors
3351 611 3493 692 conj
3505 610 3933 692 ungiturjus-

2382 717 2565 796 tinae,
2593 717 2665 781 in
2692 718 2917 783 eodem
2940 719 3413 783 consoederatur
3424 717 3623 782 homo
3642 725 3935 801 peccator

2383 828 2445 888 et
2473 826 2781 903 mortalia
2813 826 2942 892 Deo
2972 829 3148 910 Justo
3203 831 3267 891 et
3291 825 3660 890 immortali.
3688 823 3935 889 Recon-

2381 929 2579 994 ciliati
2608 932 2781 995 enim
2801 951 3028 998 sumus
3047 932 3174 998 Deo
3204 951 3318 1017 per
3349 937 3621 998 mortem
3651 931 3935 996 hominis

2380 1038 2755 1103 innocentis.
2796 1039 3223 1105 Concedendae
3264 1046 3419 1105 sunt
3458 1056 3617 1120 ergo
3656 1038 3935 1102 rationes

2379 1146 2802 1226 ostendentes,
2834 1149 3008 1230 quod
3041 1147 3329 1213 Christus
3353 1152 3450 1212 est
3489 1146 3800 1211 mediator
3839 1164 3935 1210 ae-

2381 1255 2669 1319 cundum
2697 1255 3053 1320 humanam
3085 1261 3409 1320 naturam.

2465 1369 2521 1428 l.
2582 1363 2680 1427 Ad
2727 1365 2886 1428 illud
2938 1383 3094 1430 vero
3141 1364 3315 1446 quod
3377 1363 3703 1445 objicitur,
3755 1363 3930 1444 quod

2379 1468 2665 1535 Christus
2689 1477 2785 1535 est
2816 1472 3065 1536 medius
3091 1476 3349 1555 propter
3371 1475 3672 1534 naturam
3700 1468 3931 1534 divini·

2380 1579 2524 1641 tatis
2548 1583 2612 1642 et
2635 1577 3073 1658 humanitatis,
3096 1583 3238 1663 jam
3265 1581 3437 1661 patet
3459 1577 3795 1660 responsio
3814 1595 3929 1660 per

2377 1704 2455 1750 ea
2480 1704 2630 1768 quae
2684 1687 2851 1752 dicta
2877 1692 3051 1751 sunt.
3091 1686 3235 1752 Non
3277 1688 3453 1752 enim
3478 1692 3573 1751 est
3601 1687 3774 1751 idem
3825 1687 3928 1750 di·

2376 1811 2518 1857 cere
2543 1812 2678 1884 esse
2723 1795 3167 1873 mediatorem,
3197 1798 3262 1859 et
3291 1813 3428 1858 esse
3474 1793 3786 1858 medium.
3814 1791 3928 1857 Ve-

2375 1904 2742 1965 rumtamen
2768 1902 3079 1966 mediator
3105 1920 3241 1966 esse
3257 1920 3391 1966 non
3418 1903 3647 1984 posset,
3677 1900 3806 1963 nisi
3831 1918 3925 1963 es·

2374 2011 2469 2071 set
2518 2009 2785 2073 medius,
2819 2007 3003 2087 Quod
3040 2009 3214 2074 enim
3252 2009 3447 2072 simul
3499 2011 3564 2072 et
3600 2008 3805 2072 semel
3846 2008 3927 2071 sit

2373 2115 2596 2180 beatus
2616 2120 2682 2181 et
2707 2116 3018 2197 mortalis,
3047 2116 3169 2181 hoc
3195 2116 3411 2194 habet,
3440 2115 3596 2198 quia
3620 2115 3820 2179 homo
3863 2119 3926 2177 et

2375 2221 2540 2287 Deus
2563 2244 2580 2302 ;
2603 2230 2873 2306 utraque
2901 2228 3117 2287 tamen
3165 2223 3436 2288 istarum
3462 2222 3739 2286 duarum
3765 2238 3915 2303 pro·

2373 2331 2718 2412 prietatum
2758 2333 3057 2396 convenit
3081 2332 3143 2396 ei
3168 2330 3523 2396 secundum
3564 2329 3920 2394 humanam

2372 2443 2692 2519 naturam,
2723 2440 2814 2504 ita
2861 2440 3036 2522 qnod
3082 2439 3433 2504 mortalitas
3472 2438 3778 2502 convenit
3803 2435 3923 2500 hu·

2370 2563 2581 2609 manae
2599 2550 2848 2610 natmae
2873 2546 2945 2609 in
2968 2564 3059 2625 se,
3084 2550 3149 2610 et
3174 2544 3500 2609 beatitudo
3528 2544 3834 2626 competit
3858 2543 3919 2607 ei

2369 2653 2440 2717 in
2464 2658 2780 2736 quantum
2807 2657 2901 2717 est
2928 2653 3111 2717 unita
3130 2652 3393 2717 divinae.

2448 2765 2508 2823 2.
2547 2762 2638 2825 Ad
2668 2760 2830 2824 illud
2864 2759 3037 2842 quod
3062 2760 3384 2842 objicitur,
3412 2760 3584 2841 quod
3610 2759 3921 2824 mediator

2367 2867 2552 2933 debet
2579 2868 2959 2951 participare
2996 2871 3299 2931 naturam
3335 2867 3672 2948 utriusque
3699 2871 3913 2930 extre-

2365 2976 2483 3054 mi,
2504 2978 2667 3040 sicut
2693 2982 2756 3040 et
2773 2976 3080 3053 medium,
3105 2977 3186 3058 (a)
3218 2975 3560 3039 dicendum
3576 2975 3754 3057 quod
3778 2992 3914 3039 me-

2365 3083 2570 3150 diator
2597 3103 2728 3150 non
2755 3085 2990 3150 dicitur
3010 3083 3222 3148 solum
3239 3101 3353 3167 per
3371 3083 3916 3166 participationem

2365 3193 2701 3275 utriusque
2720 3198 2991 3272 naturae,
3006 3192 3169 3255 sicut
3194 3191 3381 3274 prius
3409 3191 3651 3255 dictum
3666 3195 3786 3270 est,
3804 3190 3916 3255 sed

2361 3299 2556 3363 etiam
2584 3317 2699 3381 per
2742 3298 3253 3363 convenientiam
3284 3298 3358 3361 in
3381 3297 3820 3380 proprietate:
3848 3302 3912 3361 et

2364 3406 2647 3472 Christus
2667 3406 3021 3472 secundum
3077 3405 3434 3470 humanam
3461 3410 3763 3470 naturam
3792 3406 3915 3469 ha-

2361 3518 2469 3581 bet
2492 3518 2905 3601 proprietates
2928 3517 3378 3583 convenientes
3391 3517 3630 3582 divinae
3656 3522 3910 3583 naturae

2361 3626 2619 3709 pariter,
2647 3630 2712 3690 et
2733 3627 3069 3691 humanae.

2442 3738 2501 3797 3.
2533 3734 2631 3798 Ad
2656 3734 2816 3798 illud
2866 3734 3040 3817 quod
3064 3732 3390 3814 objicitur,
3417 3733 3591 3816 quod
3618 3734 3908 3799 medium

2360 3859 2493 3905 non
2508 3842 2734 3923 jungit
2757 3845 3046 3906 extrema
3064 3888 3082 3919 ,
3103 3840 3228 3904 nisi
3256 3859 3372 3922 per
3399 3840 3911 3906 convenientiam

2359 3967 2556 4032 quam
2582 3949 2774 4012 habet
2822 3967 2972 4013 cum
3016 3948 3143 4025 eis,
3173 3948 3515 4013 dicendum
3558 3948 3735 4030 quod
3768 3950 3911 4031 jam

2358 4059 2533 4138 patet
2572 4055 2899 4137 responsio
2944 4073 2963 4120 z
2992 4055 3148 4137 quia
3197 4055 3642 4122 convenientia
3675 4074 3906 4121 meun-

2359 4163 2519 4229 dum
2547 4164 2998 4247 proprietatem
3023 4166 3120 4227 est
3144 4162 3275 4242 illa,
3296 4179 3444 4245 quae
3471 4166 3677 4245 potest
3702 4168 3910 4228 extre-

2360 4290 2470 4337 ma
2519 4270 2945 4350 reconciliare,
2974 4269 3256 4335 maxime
3295 4269 3556 4351 quando
3613 4274 3902 4335 extrema

2358 4380 2498 4461 conj
2508 4378 2669 4461 ungi
2711 4378 2950 4442 habent
2972 4394 3088 4460 per
3110 4376 3272 4440 illud
3321 4376 3634 4456 medium,
3675 4383 3741 4442 et
3764 4395 3906 4460 per-

2358 4485 2507 4549 duci
2540 4485 2621 4550 ad
2657 4485 3161 4549 conformitatem
3210 4482 3584 4560 voluntatis,
3634 4501 3772 4550 non
3822 4483 3902 4548 ad

2358 4592 2867 4656 conformitatem
2913 4595 3186 4655 naturae.
3231 4590 3352 4656 Per
3378 4589 3703 4655 Christum
3727 4592 3900 4656 enim

2357 4697 2556 4764 homo
2579 4698 3028 4763 reconciliatur
3055 4698 3203 4775 Deo,
3237 4702 3307 4763 ut
3330 4698 3412 4762 sit
3435 4698 3698 4776 beatus3
3727 4704 3791 4763 et
3814 4699 3903 4762 ita

2356 4810 2434 4870 ut
2460 4806 2573 4870 fiat
2605 4806 2684 4871 de
2727 4806 2982 4870 mortali
3030 4804 3406 4869 immortalis
3422 4853 3440 4882 ,
3470 4805 3547 4868 de
3576 4809 3900 4888 peccatore

2350 4915 2589 4995 justus,
2619 4913 2698 4978 de
2725 4914 2956 4978 misem
2999 4913 3242 4989 beatus;
3271 4928 3405 4975 non
3428 4916 3498 4975 ut
3524 4912 3898 4977 reconcilia-

2356 5026 2462 5085 tus
2512 5024 2627 5087 ssat
2680 5022 2879 5103 Deus,
2920 5021 3221 5106 quamvis
3276 5019 3410 5101 ipse
3472 5017 3766 5085 Christus
3816 5021 3900 5084 sit

2353 5128 2542 5194 Deus,

2434 5243 2495 5301 4.
2526 5238 2624 5302 Ad
2652 5235 2810 5300 illud
2835 5236 3005 5319 quod
3032 5235 3355 5317 objicitur,
3399 5232 3578 5314 quod
3606 5233 3899 5299 Christus

2353 5350 2447 5410 est
2491 5348 2856 5410 extremum
2899 5343 3254 5409 secundum
3296 5341 3654 5405 humanam
3704 5348 3900 5407 natu-

2352 5471 2518 5532 ram,
2546 5451 2887 5517 dicendum
2911 5449 3081 5532 quod
3126 5446 3354 5512 falsum
3395 5451 3492 5511 est
3524 5470 3540 5511 ε
3579 5468 3737 5514 nam
3764 5450 3899 5516 hu..
