4185 6288
1281 537 1480 604 ms‘r.
1523 537 1628 605 XI.
1671 538 1856 605 ΛΒΤ.
1901 541 1950 606 1.
1995 542 2296 622 QUAEST.
2341 547 2392 612 1.

240 686 523 750 personae
562 693 578 735 :
620 670 730 736 sed
777 671 847 736 in
892 671 1137 738 Christo
1179 675 1274 738 est
1313 671 1788 757 praedestinatio

238 776 478 841 ratione
503 782 754 843 naturae
781 785 1164 863 assumptae,
1193 797 1327 845 non
1360 782 1604 846 ratione
1633 801 1784 865 per-

238 902 435 962 sonae,
466 904 619 949 cum
649 886 761 951 illa
785 888 868 951 sit
893 891 1133 952 aeterna
1164 906 1182 951 ε
1208 905 1389 969 ergo,
1421 892 1538 952 etc.

320 989 476 1055 Item
542 992 649 1056 ille
704 993 900 1058 homo
963 994 1248 1059 Christus
1301 995 1787 1077 praedestinatus

233 1098 360 1162 fuit
402 1117 541 1163 esse
583 1097 772 1180 Deus,
818 1103 952 1166 sive
998 1102 1115 1168 Dei
1156 1101 1391 1181 Filius,
1432 1103 1784 1167 secundum

234 1205 409 1288 quod
432 1201 703 1270 dicitur¹
738 1230 754 1271 ε
795 1209 926 1290 Qui
950 1209 1454 1291 praedestinatus
1479 1218 1572 1277 eat
1602 1210 1785 1289 filius

234 1313 357 1380 Dei
402 1316 479 1378 in
525 1316 803 1396 virtute,
846 1321 965 1381 etc.
1011 1316 1190 1381 Unde
1234 1322 1335 1382 et¹
1364 1317 1559 1385 datus
1585 1323 1678 1383 est
1723 1319 1784 1382 ei

234 1423 521 1503 spiritus
547 1438 676 1488 non
703 1423 795 1488 ad
820 1440 1205 1491 mensuram.
1225 1424 1351 1491 Nos
1378 1430 1596 1499 autem
1625 1445 1787 1510 prae-

233 1528 530 1592 destinati
559 1547 785 1595 sumus
811 1531 890 1595 ad
923 1535 1201 1613 gratiam
1229 1536 1503 1598 creatam
1532 1537 1595 1598 et
1631 1533 1781 1598 fini-

234 1639 369 1699 tam
400 1658 416 1698 :
450 1654 609 1718 ergo
653 1637 707 1700 si
737 1642 1022 1703 creatum
1064 1644 1127 1704 et
1165 1641 1424 1705 finitum
1455 1659 1589 1706 non
1633 1642 1781 1706 uni-

233 1747 502 1806 vocatur
545 1743 613 1807 in
653 1744 870 1827 aliquo
908 1765 1058 1810 cum
1102 1746 1380 1813 increato
1417 1753 1480 1813 et
1508 1748 1780 1828 infinito,

230 1850 590 1915 necessario
628 1853 918 1936 sequitur
960 1854 1132 1937 quod
1170 1855 1632 1938 praedestinmio
1680 1874 1779 1921 se-

231 1957 523 2022 cundum
553 1959 748 2023 aliam
774 1962 838 2023 et
876 1961 1068 2025 aliam
1094 1962 1408 2028 rationem
1435 1962 1681 2028 dicatur
1705 1962 1785 2029 de

231 2064 420 2128 nobis
444 2069 511 2130 et
536 2066 615 2131 de
643 2065 910 2131 Christo.

780 2260 1238 2330 CONCLUSIO.

229 2426 651 2484 Praedoetinatio
680 2426 890 2485 Christi
916 2443 983 2484 ar
1018 2432 1182 2500 parte
1216 2429 1667 2502 proedectinantis
1706 2436 1784 2489 est

299 2517 533 2588 ejusdem
559 2520 795 2574 rationis
823 2534 939 2575 cum
966 2523 1178 2587 nostra,
1212 2521 1366 2589 licet,
1395 2536 1462 2577 σω
1484 2524 1644 2592 parte
1669 2526 1783 2579 sta-

300 2612 391 2663 tus
413 2624 449 2664 a
477 2623 608 2679 quo,
639 2607 1002 2678 differmtiam
1026 2609 1241 2675 habeat,
1260 2613 1392 2682 quia
1412 2626 1513 2684 per
1539 2616 1782 2683 qratiam

294 2697 713 2770 proedestinatio
724 2700 810 2753 nis
844 2699 1136 2755 liberamur
1163 2715 1199 2755 a
1224 2716 1404 2756 massa
1429 2702 1777 2773 perditionis,

297 2804 374 2845 em
399 2795 563 2860 parte
587 2803 713 2843 vero
735 2788 1115 2860 predestinati
1139 2794 1192 2846 et
1225 2793 1446 2847 termini
1486 2800 1563 2849 est
1599 2809 1782 2851 conve-

297 2879 518 2933 nientia
546 2882 599 2934 et
628 2877 961 2947 differmia.

307 3040 501 3123 Resp.
550 3039 633 3104 ad
660 3057 802 3121 arg.
845 3037 1199 3104 Dicendum
1245 3041 1414 3121 quod
1447 3043 1778 3124 praedesti-

227 3150 407 3213 natio
436 3147 667 3214 Christi
698 3148 976 3230 quodam
1006 3148 1195 3212 modo
1222 3147 1413 3213 habet
1435 3151 1779 3215 conformi-

226 3265 428 3324 tatem
472 3257 553 3322 ad
593 3261 879 3321 nostram
927 3256 1544 3338 praedestinationem
1564 3305 1582 3335 ,
1613 3276 1778 3341 quo-

225 3372 380 3437 dam
437 3370 631 3434 modo
675 3368 1153 3434 difformitatem
1205 3388 1222 3433 ε
1267 3369 1439 3453 quod
1486 3374 1693 3453 patet,
1723 3372 1778 3435 si

226 3479 646 3544 attendantur
673 3494 749 3541 ea
789 3494 938 3559 quae
967 3476 1131 3541 circa
1159 3476 1776 3560 praedestinationem

225 3592 382 3652 sunt
419 3583 899 3649 consideranda.
955 3582 1397 3649 consideratur
1416 3584 1587 3648 enim
1609 3603 1777 3667 prae-

227 3692 570 3758 destinatio
614 3691 682 3755 in
727 3691 1195 3774 comparatione
1219 3692 1299 3756 ad
1329 3690 1778 3774 praedestinan-

230 3805 386 3876 tem,
415 3803 482 3863 et
503 3798 585 3863 ad
612 3797 1159 3880 praedestinatum,
1189 3803 1252 3863 et
1278 3799 1357 3864 ad
1392 3799 1768 3878 terminum,

229 3913 291 3973 et
316 3908 402 3972 ad
430 3905 742 3970 initialem
769 3909 1033 3972 statum.
1063 3905 1132 3971 Si
1160 3925 1319 3989 ergo
1346 3906 1776 3973 consideretur

230 4013 707 4097 praedestinatio
750 4014 1106 4078 secundum
1135 4014 1670 4097 comparationem
1695 4014 1776 4079 ad

215 4120 816 4203 ‚praedestinantem,
841 4121 1038 4185 unius
1063 4122 1327 4187 rationis
1355 4127 1418 4187 et
1436 4122 1776 4188 conformis

227 4226 404 4292 modi
448 4229 545 4290 oet
587 4227 1054 4309 praedestinatio
1092 4227 1318 4293 Christi
1345 4233 1579 4295 nostrae
1605 4248 1775 4313 prae-

228 4334 633 4400 destinationi
659 4357 676 4413 ;
709 4335 932 4400 eodem
973 4337 1150 4400 enim
1189 4336 1377 4401 modo
1400 4387 1418 4416 ,
1466 4357 1595 4421 quo
1642 4339 1773 4422 ipse

225 4441 400 4506 Deus
428 4441 904 4524 praedestinavit
931 4442 1272 4523 Christum,
1303 4446 1775 4527 praedestinavit

225 4556 284 4614 et
310 4567 458 4613 nos.
493 4549 560 4614 Si
588 4548 932 4632 loquamur
958 4551 1027 4614 in
1049 4553 1520 4634 comparatione
1547 4554 1628 4619 ad
1654 4557 1774 4617 sta·

224 4661 372 4722 tum
395 4674 435 4719 a
462 4674 592 4738 quo
611 4704 627 4732 ‚
659 4656 1030 4740 simpliciter
1059 4662 1154 4723 est
1186 4659 1540 4725 differentia
1573 4683 1588 4726 ε
1623 4680 1772 4728 nam

225 4783 347 4829 nos
374 4782 490 4846 per
518 4764 796 4846 gratiam
825 4766 1397 4848 praedestinationis
1428 4768 1659 4851 eripuit
1695 4764 1773 4834 de

221 4874 394 4935 statu
441 4872 702 4954 peccati,
745 4875 810 4934 et
853 4871 931 4935 de
956 4890 1164 4938 massa
1193 4873 1579 4956 perditionis,
1611 4876 1775 4940 sicut

222 4979 379 5045 dicit
441 4977 657 5044 Glossa
684 4984 707 5019 ⁸
737 5002 752 5044 :
789 4980 950 5052 Quos
984 4981 1522 5063 praedestinavit,
1553 4984 1665 5050 Itos
1711 4990 1772 5050 et

220 5087 502 5167 vocam,
527 5090 592 5152 et
621 5087 762 5170 ipse
790 5090 1008 5154 textus
1032 5088 1265 5154 indicat
1294 5108 1311 5151 z
1352 5089 1530 5154 hunc
1556 5095 1772 5155 autem

283 5215 305 5252 ¹
328 5211 487 5275 Rom„
517 5224 552 5279 ι,
581 5215 632 5266 4.
657 5237 720 5251 —-
748 5211 774 5247 ¹
796 5212 962 5275 loon„
991 5225 1071 5279 111,
1095 5214 1175 5268 34.
1202 5215 1300 5256 --·⁸
1319 5216 1476 5281 Boni„
1510 5227 1630 5280 vm,
1655 5220 1736 5269 30.

3314 558 3435 621 245

1895 679 2133 743 statum
2182 699 2313 745 non
2352 687 2447 747 aet
2486 685 2765 767 reperire
2808 686 2877 749 in
2930 685 3178 751 Christo
3221 689 3436 774 aliquo

1896 785 2109 850 modo.
2142 785 2219 850 Et
2253 788 2344 852 sic
2375 794 2692 872 quantum
2731 792 2812 856 ad
2855 793 3141 875 primum
3167 799 3261 858 est
3282 796 3438 860 sim-

1894 894 2145 977 pliciter
2171 899 2612 964 convenientia
2633 920 2649 980 ;
2672 906 2987 984 quantum
3006 904 3085 967 ad
3106 903 3430 985 ultimum,

1894 1001 2132 1067 scilicet
2157 1003 2235 1067 ad
2265 1009 2523 1085 statum,
2546 1011 2639 1071 est
2664 1009 3029 1090 simpliciter
3054 1010 3430 1077 differentia.

1895 1107 2222 1186 Quantum
2267 1129 2421 1176 vero
2457 1114 2536 1177 ad
2581 1113 2710 1178 duo
2752 1115 3151 1191 intermedia,
3200 1119 3434 1199 partim

1893 1221 1987 1281 oet
2019 1218 2483 1296 convenientia,
2525 1222 2757 1303 partim
2786 1221 3181 1288 differentia:
3213 1224 3281 1288 in
3308 1244 3433 1291 no-
3559 1253 3579 1269 ·

1893 1323 1990 1386 bis
2042 1328 2136 1388 est
2180 1326 2649 1408 praedestinatio
2696 1334 2984 1412 respectu
3040 1330 3288 1398 naturae
3313 1379 3330 1410 ,
3371 1338 3437 1399 et

1893 1432 2085 1496 etiam
2136 1438 2429 1516 respectu
2468 1453 2755 1517 personae
2780 1485 2798 1515 ‚
2843 1441 2906 1501 et
2934 1439 3141 1520 magis
3179 1441 3435 1523 proprie

1892 1543 2186 1621 respectu
2228 1558 2540 1622 personae,
2588 1560 2785 1624 quam
2823 1550 3113 1628 respectu
3146 1552 3428 1626 naturae;

1891 1645 1961 1709 iu
1988 1645 2236 1724 Christo
2282 1652 2499 1713 autem
2554 1655 2647 1713 est
2687 1653 3156 1734 praedestinatio
3191 1656 3433 1721 ratione

1892 1755 2142 1818 naturae
2201 1760 2547 1839 assumptae.
2570 1805 2588 1834 ,
2633 1776 2781 1840 quae
2811 1760 3101 1842 sequitur
3146 1761 3434 1827 divinam

1891 1857 2368 1942 dispositionem
2386 1910 2404 1941 ,
2441 1881 2570 1928 non
2605 1866 2849 1930 ratione
2892 1884 3178 1949 personae
3209 1889 3225 1933 t
3257 1871 3320 1932 et
3346 1869 3436 1932 ita

1891 1969 1986 2030 est
2010 1968 2292 2049 quodam
2326 1971 2515 2035 modo
2557 1972 3033 2054 convenientia,
3067 1980 3130 2039 et
3155 1975 3434 2058 quodam

1891 2072 2083 2137 modo
2111 2073 2468 2140 differentia
2495 2083 2785 2162 respectu
2807 2081 3258 2164 praedestinati.
3281 2083 3433 2147 Res-

1890 2183 2075 2262 pectu
2105 2182 2299 2246 etiam
2325 2185 2581 2249 termini
2605 2187 3016 2252 consimiliter
3038 2192 3131 2253 est
3153 2190 3431 2272 quodam

1890 2288 2081 2352 modo
2096 2291 2540 2355 convenientia
2554 2295 2618 2356 et
2630 2294 2905 2375 quodam
2924 2296 3113 2360 modo
3139 2296 3441 2366 differem.

1890 2395 2001 2459 tia.
2033 2394 2195 2459 Nam
2219 2414 2336 2460 nos
2362 2415 2589 2462 sumus
2606 2401 3032 2482 praedestinati
3054 2402 3134 2467 ad
3153 2405 3430 2483 gratiam

1889 2506 1952 2565 et
1994 2502 2305 2584 gloriam,
2337 2504 2633 2570 similiter
2677 2513 2741 2571 et
2789 2507 3118 2574 Christus:
3152 2511 3261 2574 sed
3310 2529 3429 2575 nos

1888 2626 2117 2673 sumus
2154 2610 2584 2692 praedestinati
2619 2614 2699 2678 ad
2745 2615 3244 2699 participandam
3285 2618 3429 2699 glo-

1887 2715 2052 2781 riam
2075 2719 2144 2781 et
2171 2718 2448 2799 gratiam
2477 2720 2830 2786 successive
2851 2771 2869 2801 ,
2901 2722 3183 2788 Christus
3210 2729 3427 2789 autem

1886 2824 2102 2889 simul.
2138 2823 2295 2888 Item
2323 2843 2440 2889 nos
2465 2844 2692 2891 sumus
2719 2830 3148 2911 praedestinati
3174 2831 3254 2894 ad
3281 2850 3429 2912 gra-

1887 2931 2041 2996 tiam
2068 2949 2357 3013 personae
2387 2934 2767 3015 singularis;
2801 2935 3083 3000 Christus
3109 2942 3325 3002 autem
3347 2940 3426 3004 ad

1889 3038 2167 3120 gratiam
2210 3039 2467 3104 unionis
2509 3044 2572 3105 et
2613 3041 2960 3124 singularis
2994 3061 3283 3125 personae
3319 3067 3334 3110 z
3366 3049 3429 3111 et

1884 3144 1973 3211 ita
2014 3150 2267 3211 tantum
2305 3146 2499 3212 habet
2542 3156 2860 3232 quantum
2888 3169 3025 3229 nOS,
3058 3157 3119 3216 et
3145 3153 3428 3219 abundat

1886 3271 1925 3318 a
1950 3254 2156 3334 nobis,
2192 3273 2265 3319 ac
2291 3274 2406 3337 per
2425 3256 2547 3320 hoc
2573 3258 2854 3340 quodam
2892 3259 3081 3323 modo
3104 3262 3420 3345 convenit,

1885 3363 2164 3447 quodam
2191 3365 2383 3429 modo
2401 3365 2667 3430 excedit.
2689 3365 2931 3432 Verum
2949 3371 3044 3432 est
3067 3386 3225 3450 ergo
3251 3371 3426 3452 quod

1884 3470 2358 3553 praedestinatio
2383 3471 2612 3537 Christi
2638 3475 2918 3556 quodam
2945 3474 3133 3538 modo
3163 3478 3257 3538 est
3281 3493 3427 3540 con-

1884 3581 2126 3659 formis,
2156 3586 2220 3646 et
2251 3582 2528 3664 quodam
2558 3584 2747 3647 modo
2766 3583 3095 3648 difformis.
3129 3582 3207 3647 Et
3233 3584 3287 3646 si
3314 3602 3427 3648 no-

1881 3687 2160 3753 tificetur
2193 3691 2546 3756 secundum
2583 3690 2741 3754 illud
2782 3690 2849 3754 in
2893 3709 3023 3773 quo
3060 3690 3424 3755 conforma-

1882 3796 2012 3873 tur,
2050 3798 2148 3859 est
2186 3796 2583 3876 univocati03
2628 3798 2977 3862 secundum
3007 3801 3224 3862 autem
3250 3797 3422 3880 quod

1884 3899 2316 3983 disconvenit,
2371 3922 2525 3968 non.
2578 3904 2657 3969 Et
2704 3922 2818 3987 per
2873 3905 2997 3969 hoc
3042 3908 3260 3987 patent
3309 3924 3422 3968 ra-

1883 4007 2084 4073 tionoe
2155 4008 2236 4073 ad
2306 4013 2643 4094 utramque
2700 4016 2949 4094 partem
3007 4033 3023 4075 ι
3081 4030 3232 4075 nam
3282 4012 3421 4095 pri-

1884 4132 2040 4195 mae,
2073 4136 2222 4200 quae
2265 4119 2606 4184 ostendunt
2643 4118 2815 4202 quod
2855 4118 2939 4184 sit
2977 4122 3211 4184 nostrae
3252 4138 3418 4203 prae-

1884 4223 2289 4289 destinationi
2336 4225 2679 4291 conformis
2700 4275 2718 4306 ,
2765 4226 3111 4310 procedunt
3161 4244 3201 4289 a
3245 4231 3423 4308 parte

1883 4332 2390 4414 praedestinantis
2412 4382 2430 4411 ,
2478 4334 2581 4399 vel
2625 4333 3052 4416 praedestinati
3105 4338 3421 4416 quantum

1883 4439 1964 4504 ad
1993 4445 2292 4506 naturam
2312 4488 2331 4518 ,
2357 4441 2462 4506 vel
2500 4459 2582 4506 ex
2617 4445 2795 4524 parte
2824 4441 3079 4506 termini
3106 4445 3422 4523 quantum

1883 4546 1961 4611 ad
1987 4548 2265 4629 gratiam
2294 4551 2357 4612 et
2377 4548 2675 4629 gloriam,
2696 4551 2759 4612 et
2786 4548 2875 4613 sic
2902 4565 3137 4614 verum
3166 4548 3422 4613 conclu-

1883 4654 2079 4734 dunt;
2116 4655 2389 4720 rationes
2418 4672 2571 4721 vero
2594 4656 2674 4720 ad
2694 4655 3055 4739 oppositum
3074 4656 3425 4738 procedunt

1884 4766 1961 4830 de
2003 4766 2142 4848 ipsa
2184 4767 2733 4851 praedestinatione
2764 4786 2803 4831 a
2830 4770 3011 4850 parte
3049 4771 3250 4831 status
3291 4765 3423 4831 ini-

1886 4872 2071 4951 tialis,
2105 4873 2211 4938 vel
2238 4892 2278 4937 a
2304 4878 2481 4956 parte
2520 4875 2948 4957 praedestinati
2990 4875 3234 4939 ratione
3275 4891 3425 4956 per-

1884 4997 2081 5060 sonae,
2127 4980 2230 5046 vel
2269 4999 2309 5046 a
2348 4985 2529 5064 parte
2572 4981 2829 5045 termini
2873 4982 3117 5046 ratione
3167 4980 3425 5046 unionis

1883 5086 2123 5153 divinae
2144 5136 2163 5171 ,
2210 5092 2275 5154 et
2315 5088 2452 5153 suis
2496 5089 2618 5156 viis
2657 5088 3074 5157 concedendae
3109 5092 3261 5155 sunt
3286 5089 3424 5153 sin-

1883 5194 2081 5278 gulae.
