4185 6288
1339 449 1531 516 Dls'r.
1577 450 1712 516 vn.
1763 450 1942 516 ΛΒΤ.
1992 448 2067 515 11.
2111 450 2419 528 QUAEST.
2461 453 2510 517 l.

326 581 759 649 homonovus
788 602 809 647 ε
838 599 1006 664 ergo
1051 582 1309 651 asimili
1351 584 1408 650 si
1443 584 1639 653 homo
1675 587 1879 653 tactus

329 691 442 751 aet
462 688 645 768 Deus,
671 688 872 755 homo
889 693 990 755 est
1011 688 1177 755 Deus
1197 708 1430 772 novus,
1450 692 1586 757 sive
1613 712 1835 760 recens
1857 717 1874 759 :

330 794 450 860 sed
468 794 587 860 hoc
611 801 711 861 est
736 797 1129 881 impossibile
1160 820 1176 862 :
1208 816 1391 881 ergo,
1420 804 1538 864 etc.

418 899 575 967 Item
602 905 1097 970 communicatio
1130 910 1228 971 est
1273 906 1650 975 idiomatum
1679 928 1879 992 :ergo

329 1006 389 1071 si
422 1007 620 1075 homo
661 1011 867 1077 factus
906 1017 1005 1079 est
1048 1012 1214 1079 Deus
1237 1061 1256 1092 ,
1312 1014 1481 1081 Deus
1531 1020 1626 1082 est
1677 1016 1880 1082 tactus

330 1113 498 1180 Deus
522 1138 539 1182 ε
567 1117 682 1183 sed
704 1116 847 1183 haec
877 1123 973 1185 est
997 1119 1152 1187 falsa
1182 1142 1199 1184 :
1231 1138 1398 1204 ergo
1421 1126 1488 1188 et
1512 1124 1737 1207 prima.

890 1358 1347 1429 CONCLUSIO.

327 1528 526 1584 «Homo
551 1530 735 1598 factus
762 1534 840 1586 est
866 1532 1031 1600 Deus,
1048 1550 1076 1581 n
1114 1530 1246 1586 talis
1268 1532 1567 1603 propositio
1602 1532 1752 1600 falsa
1778 1538 1875 1601 est,

360 1618 593 1674 nisisub
620 1618 934 1676 hocsensu:
963 1619 1184 1675 Factum
1214 1620 1839 1678 estuthomositfleus.

402 1771 594 1858 Resp.
637 1774 722 1839 ad
765 1792 907 1856 arg.
965 1772 1315 1843 Dicendum
1359 1775 1533 1858 quod
1577 1777 1881 1859 praedicta

318 1880 561 1945 locutio
576 1930 597 1958 ‚
653 1900 785 1964 qua
839 1881 1075 1947 dicitur
1123 1905 1139 1943 :
1190 1905 1223 1943 α
1269 1882 1475 1948 Homo
1540 1884 1743 1949 factus
1785 1890 1882 1950 est

318 1986 513 2066 Deus,
544 2011 577 2049 n
625 1988 937 2070 distingui
973 1988 1165 2054 habet
1204 2007 1320 2072 per
1360 1990 1535 2055 hunc
1576 1993 1876 2070 modum,

319 2114 453 2178 quo
485 2095 780 2160 distincta
804 2100 901 2160 aet
927 2088 1268 2178 prae'dicta:
1308 2120 1340 2158 α
1366 2097 1533 2162 Deus
1557 2104 1654 2163 est
1678 2099 1880 2164 factus

314 2202 545 2283 homo,
586 2224 621 2262 n
671 2220 756 2267 ex
798 2221 877 2267 eo
917 2203 1090 2285 quod
1129 2221 1233 2269 res
1274 2204 1470 2286 hujus
1514 2205 1870 2288 participii,

320 2309 571 2389 sactus,
616 2310 771 2391 poni
816 2313 1023 2391 potaet
1066 2310 1232 2375 circa
1276 2315 1519 2391 totum,
1564 2312 1669 2376 vel
1713 2313 1882 2377 circa

316 2416 765 2497 praedicatum‚
792 2417 898 2481 vel
919 2416 1086 2483 circa
1112 2422 1464 2501 utrumque
1488 2423 1876 2485 extremum.

319 2521 395 2588 ln
428 2524 643 2607 primo
669 2543 863 2590 sensu
896 2525 1132 2591 locutio
1168 2530 1263 2591 est
1290 2545 1478 2606 vera,
1507 2533 1570 2592 et
1598 2533 1696 2593 est
1730 2547 1878 2593 sen-

319 2648 427 2694 sus
462 2648 480 2690 :
518 2629 772 2695 «Homo
794 2632 999 2696 factus
1021 2638 1115 2697 est
1144 2632 1379 2712 Deus,n
1406 2634 1470 2699 id
1494 2640 1611 2714 est,
1642 2636 1879 2700 factum

320 2741 414 2800 est
457 2743 533 2802 ut
587 2737 786 2802 homo
832 2742 996 2802 esset
1054 2737 1222 2804 Deus
1270 2762 1285 2804 ε
1332 2744 1394 2805 et
1444 2741 1567 2805 hoc
1619 2742 1877 2823 quidem

322 2861 552 2908 verum
599 2848 719 2910 est.
772 2843 842 2910 Si
884 2849 1101 2910 autem
1147 2847 1524 2912 determinat
1573 2849 1879 2930 praedica-

322 2954 488 3031 tum,
508 2970 737 3017 sensus
758 2956 852 3016 est
886 2970 959 3016 :c
977 2951 1182 3017 Homo
1212 2956 1305 3018 est
1326 2952 1513 3030 Deus,
1543 2955 1655 3037 qui
1680 2956 1881 3020 sactus

320 3063 415 3123 est
441 3079 514 3122 ε»
550 3064 616 3124 et
656 3059 780 3125 hoc
812 3059 1071 3143 quidem
1114 3060 1345 3127 falsum
1385 3065 1504 3127 est.
1548 3061 1615 3126 Si
1662 3067 1879 3127 autem

322 3166 506 3231 cadat
550 3167 722 3232 circa
768 3171 1122 3250 utrumque
1165 3173 1530 3233 extremum
1546 3217 1567 3249 ,
1607 3173 1674 3234 et
1712 3170 1881 3235 dicat

322 3273 616 3337 ordinem
655 3273 927 3356 subjecti
968 3274 1049 3339 ad
1082 3266 1521 3357 praedicatum,
1580 3279 1734 3341 tunc
1776 3282 1871 3342 est

328 3397 555 3444 sensus
585 3402 602 3445 ι
642 3404 673 3442 ι
697 3379 908 3445 Homo
930 3380 1134 3446 factus
1151 3385 1245 3446 est
1261 3383 1443 3462 Deus,
1464 3405 1494 3443 ι
1530 3382 1596 3448 id
1613 3388 1729 3461 est,
1760 3385 1873 3467 qui

320 3488 502 3570 prius
529 3492 669 3553 erat
692 3488 925 3568 homo,
954 3490 1155 3555 factus
1191 3494 1286 3555 est
1311 3490 1478 3557 Deus
1502 3492 1815 3575 posterius
1856 3515 1872 3558 :

320 3598 383 3659 et
418 3595 544 3662 hoc
580 3594 848 3679 quidem
887 3595 1099 3661 adhuc
1132 3597 1364 3664 falsum
1398 3602 1527 3678 est,
1557 3599 1715 3682 quia
1741 3619 1877 3665 esse

320 3701 655 3768 hominem
682 3721 1024 3787 nunquam
1050 3705 1385 3770 antecessit
1412 3704 1482 3770 in
1510 3706 1618 3771 illo
1645 3726 1878 3791 suppo—

319 3810 440 3875 sito
466 3829 603 3876 ωε
626 3809 871 3890 Deum,
912 3829 1032 3875 nec
1061 3809 1360 3876 divinum
1399 3830 1537 3876 esse
1562 3812 1876 3896 aliquate-

320 3933 444 3981 nus
473 3917 840 3982 inchoatur.
872 3914 952 3982 Et
975 3917 1068 3982 sic
1096 3921 1275 4001 patet
1308 3917 1480 4000 quod
1499 3967 1519 3998 ‚
1548 3918 1604 3983 si
1632 3919 1752 3985 ista
1777 3921 1875 3987 lo-

321 4023 489 4088 cutio
531 4024 754 4108 aliquo
792 4023 984 4089 modo
1023 4029 1235 4107 posset
1268 4025 1526 4092 concedi
1567 4027 1636 4092 in
1663 4028 1873 4110 primo

319 4146 542 4212 sensu,
587 4129 663 4194 in
709 4131 965 4196 duobus
997 4137 1213 4199 tamen
1256 4132 1397 4198 aliis
1438 4135 1696 4201 concedi
1741 4154 1875 4200 non

317 4240 545 4318 potest.
569 4254 692 4304 nec
717 4237 948 4303 debet:
978 4262 1011 4299 α
1035 4239 1243 4308 Homo
1269 4240 1473 4308 taetus
1499 4246 1594 4307 oet
1617 4242 1807 4309 Deus.
1833 4265 1864 4304 n

320 4340 500 4409 Unde
538 4342 689 4409 haec
732 4345 944 4430 magis
992 4351 1085 4411 est
1125 4347 1480 4431 impropria
1524 4371 1539 4413 z
1598 4372 1629 4410 α
1664 4349 1872 4416 Homo

318 4449 862 4527 factusestDeus,
895 4473 929 4514 s
957 4453 1322 4536 quamhaec
1363 4476 1380 4520 ε
1422 4454 1874 4522 «Deusfactus

317 4561 415 4621 est
444 4556 645 4624 homo
664 4605 682 4634 ‚
726 4579 762 4618 ι
813 4564 878 4625 et
913 4560 1124 4626 rarius
1147 4560 1475 4626 invenitur
1504 4563 1758 4645 scripta.
1800 4562 1872 4629 Si

312 4664 533 4730 tamen
570 4664 808 4730 alicubi
833 4665 1090 4748 legatur
1106 4716 1124 4746 ,
1156 4667 1260 4734 vel
1284 4667 1649 4736 inveniatur
1668 4717 1686 4749 ‚
1716 4675 1872 4735 tuno

316 4770 677 4840 secundum
716 4772 1006 4854 primum
1051 4792 1312 4840 sensum
1349 4779 1445 4841 est
1482 4776 1867 4860 accipienda.

315 4873 398 4940 Et
420 4895 535 4959 per
563 4878 691 4944 hoc
721 4883 941 4960 patent
967 4880 1213 4963 objecta
1240 4882 1320 4947 ad
1348 4885 1688 4965 utramque
1714 4900 1869 4965 par-

314 4985 450 5046 tem
476 4984 757 5056 inducta.
784 4984 961 5056 Unde
987 4988 1284 5068 rationes,
1308 5006 1456 5071 quae
1486 4989 1567 5054 ad
1595 4989 1871 5071 primam

317 5095 566 5171 partem
619 5092 1018 5160 inducuntur
1034 5145 1053 5176 ,
1113 5097 1465 5179 procedunt
1514 5096 1868 5161 secundum

389 5215 410 5248 ¹
427 5216 507 5279 Cf.
536 5217 680 5270 Alex.
704 5217 905 5284 Alens„
922 5235 975 5286 p.
1001 5220 1087 5284 m,
1106 5236 1157 5287 q.
1180 5233 1263 5286 111,
1293 5222 1488 5275 memb.
1510 5225 1531 5273 ¹
1545 5237 1566 5288 3
1583 5223 1637 5274 S.
1661 5222 1865 5289 Thom.‚

322 5300 380 5351 p.
427 5287 510 5351 ΙΙΙ,
549 5303 600 5355 q.
633 5302 791 5353 mr,
829 5296 925 5342 art.
984 5297 1045 5357 13
1075 5294 1128 5342 et
1160 5293 1177 5342 1
1215 5293 1377 5358 Seni„
1407 5294 1524 5345 dist.
1551 5305 1711 5354 xm,
1736 5308 1788 5358 q.
1814 5305 1867 5355 1,

323 5362 426 5408 art.
456 5365 513 5423 ¹3
558 5366 610 5414 ct
633 5363 695 5413 ιιι
728 5364 888 5427 Seni„
919 5363 1032 5414 dist.
1074 5375 1168 5430 vn,
1196 5380 1246 5433 q.
1272 5379 1363 5430 111,
1393 5371 1490 5418 art.
1514 5368 1542 5416 3
1568 5401 1585 5428 ,
1612 5381 1663 5431 q.
1695 5377 1787 5427 1113
1817 5371 1869 5416 et

316 5428 385 5479 lv
416 5435 583 5483 contra
612 5433 791 5485 Gentes
814 5470 829 5496 ,
855 5450 905 5486 c.
934 5447 1011 5499 xx,
1036 5434 1102 5487 ad
1127 5449 1185 5500 ¹¹3
1216 5440 1424 5503 scotus,
1454 5439 1516 5488 in
1550 5437 1711 5502 Sene„
1746 5437 1865 5488 dist.

3422 460 3542 523 ¹⁷5

1991 586 2266 669 primam
2305 588 2480 653 viam
2525 612 2542 653 2
2589 587 2770 653 aliter
2815 587 2991 653 enim
3039 606 3170 654 non
3213 589 3545 659 conclude·

1989 699 2166 771 rent.
2209 696 2372 760 sicut
2425 701 2615 780 patet.
2673 696 2969 762 Rationes
3026 716 3183 762 vero
3225 699 3306 763 ad
3351 699 3544 764 aliam

1990 807 2237 885 partem
2281 803 2558 868 inductae
2603 803 2954 869 secundum
3003 805 3161 869 alias
3199 806 3359 870 duas
3403 808 3544 872 vias

1989 909 2374 992 procedunt,
2405 909 2697 976 videlicet
2729 913 2918 993 prout
2945 911 3352 994 participium
3377 914 3542 978 cadit

1991 1014 2157 1081 inter
2190 1020 2509 1096 extrema,
2537 1018 2641 1083 vel
2667 1021 2858 1101 prout
2896 1018 3279 1083 determinat
3305 1021 3541 1102 praedi-

1991 1126 2230 1202 catum,
2264 1123 2427 1189 sicut
2450 1127 2621 1207 patet
2645 1124 2995 1206 aspicienti.

2067 1229 2166 1295 Ad
2213 1230 2369 1296 illud
2403 1235 2619 1297 tamen
2655 1230 2827 1314 quod
2861 1232 3088 1297 ultimo
3117 1231 3418 1315 objicitur
3459 1236 3537 1301 de

1988 1338 2563 1404 communicatione
2579 1337 2980 1418 idiomatum,
3001 1338 3342 1405 dicendum
3361 1342 3535 1424 quod

1988 1462 2140 1508 cum
2177 1445 2408 1510 dicitur
2450 1445 2621 1529 quod
2658 1446 2814 1511 unio
2854 1446 2962 1510 illa
2988 1446 3137 1510 facit
3161 1449 3534 1513 communi-

1988 1553 2117 1616 cari
2144 1553 2477 1629 idiomata,
2505 1553 2846 1618 dicendum
2877 1553 3048 1636 quod
3076 1553 3157 1618 ab
3183 1554 3307 1618 hac
3332 1573 3535 1637 gene-

1988 1660 2233 1726 ralitate
2259 1661 2670 1743 excipiuntur
2699 1662 2805 1727 illa
2831 1662 3098 1728 nomina
3120 1681 3267 1746 quae
3290 1664 3531 1748 impor-

1988 1770 2126 1832 tant
2152 1769 2478 1833 unionem.
2511 1767 2690 1834 Unde
2719 1787 2849 1834 non
2881 1771 3169 1854 sequitur
3198 1792 3215 1835 ε
3250 1795 3281 1832 α
3303 1771 3535 1840 Divina

1989 1877 2222 1939 natura
2248 1878 2589 1959 assumpsit
2617 1876 2973 1941 humanam
3013 1882 3313 1943 naturam
3328 1926 3345 1959 ‚
3375 1898 3533 1961 ergo

1989 1982 2184 2047 homo
2222 1985 2562 2067 assumpsit
2598 1984 2953 2048 humanam
2993 1989 3291 2050 naturam
3330 2009 3346 2051 z
3376 2009 3407 2046 ι)
3441 1987 3534 2051 sic

1988 2107 2106 2153 nec
2127 2094 2191 2154 et
2215 2090 2282 2154 in
2311 2090 2632 2174 proposito
2659 2092 2970 2174 sequitur.
3004 2091 3165 2158 Cum
3191 2092 3365 2156 enim
3392 2093 3534 2158 dico

1987 2195 2317 2261 hominem
2342 2216 2479 2262 esse
2501 2198 2736 2263 factum
2765 2199 3004 2280 Deum,
3034 2199 3175 2264 dico
3202 2199 3534 2264 hominem

1989 2321 2124 2366 esse
2166 2303 2294 2368 Deo
2332 2304 2592 2369 unitum
2636 2323 2652 2367 ε
2697 2310 2761 2369 et
2795 2305 2919 2369 tale
2959 2305 3198 2370 idioma
3236 2304 3363 2370 Deo
3400 2325 3533 2371 non

1989 2410 2499 2474 communicatur
2543 2429 2658 2493 per
2699 2411 3043 2490 unionem,
3095 2430 3211 2495 pro
3245 2431 3322 2477 eo
3362 2413 3534 2495 quod

1987 2516 2125 2597 ipsa
2161 2517 2314 2580 unio
2352 2517 2518 2581 inter
2554 2518 2820 2583 unibilia
2860 2519 3161 2601 importat
3204 2519 3535 2585 diversita-

1986 2627 2118 2686 tem
2164 2628 2223 2689 et
2271 2624 2776 2702 distinctionem,
2828 2630 2892 2690 et
2931 2644 3073 2690 eam
3119 2626 3534 2710 praesupponi

1988 2735 2234 2811 oportet
2277 2732 2358 2796 ad
2402 2731 2779 2796 idiomatum
2822 2734 3465 2798 communicationem
3511 2755 3528 2797 2

1987 2835 2051 2896 et
2085 2832 2227 2897 ideo
2265 2833 2412 2898 talia
2443 2834 2741 2899 idiomata
2774 2835 3083 2901 unionem
3126 2835 3535 2919 importantia

1986 2956 2120 3002 non
2160 2945 2312 3003 sunt
2352 2940 2924 3005 communicabilia.
2963 2941 3039 3007 Et
3079 2961 3192 3025 per
3232 2942 3354 3006 hoc
3398 2961 3534 3009 res-

1986 3046 2249 3128 ponderi
2276 3053 2480 3131 potest
2505 3049 2586 3113 ad
2611 3049 2913 3114 ultimum
2934 3051 3281 3133 objectum,
3302 3054 3366 3115 et
3387 3068 3533 3116 con-

1985 3156 2239 3222 similia.

2452 3304 2937 3376 ARTICULUS
2982 3306 3066 3375 Π.

2066 3482 2556 3566 Consequenter‚
2586 3488 2901 3568 quantum
2928 3484 3010 3548 ad
3038 3484 3390 3549 secundum
3419 3503 3532 3550 ar-

1986 3589 2288 3668 ticulum,
2327 3595 2419 3655 est
2462 3591 2789 3673 agendum
2829 3590 2908 3656 de
2947 3592 3372 3655 locutionibus
3409 3610 3531 3657 ex-

1983 3697 2409 3780 primentibus
2455 3698 2712 3763 unionis
2763 3697 3422 3781 praedestinationem3
3468 3705 3532 3765 et

1985 3805 2150 3868 circa
2196 3805 2320 3869 hoc
2366 3809 2747 3887 quaeruntur
2792 3804 2913 3867 tria
2963 3826 2979 3868 ε
3027 3805 3268 3886 primo,
3313 3810 3529 3870 utrum

1984 3911 2123 3978 haec
2165 3912 2248 3975 sit
2289 3912 2686 3978 concedenda
2726 3934 2742 3978 :
2782 3935 2812 3972 α
2847 3911 3048 3976 Filius
3088 3911 3200 3976 Dei
3246 3917 3339 3977 est
3370 3931 3532 3994 prae·

1983 4019 2362 4099 destinatus;
2408 4041 2440 4078 ι)
2498 4019 2778 4084 secundo
2841 4019 3155 4103 quaeritur
3206 4018 3285 4084 de
3337 4020 3458 4083 hac
3508 4043 3524 4084 ε

1991 4149 2022 4186 α
2052 4125 2253 4191 Filius
2282 4127 2391 4191 Dei
2417 4130 2512 4192 est
2543 4125 3027 4210 praedestinatus
3059 4144 3195 4191 esse
3221 4126 3458 4207 homo;
3487 4149 3518 4186 n

1984 4233 2169 4297 tertio
2206 4252 2359 4299 vero
2388 4234 2703 4318 quaeritur
2728 4234 2807 4298 de
2844 4233 2965 4299 hac
2998 4253 3016 4298 ε
3055 4256 3088 4294 α
3113 4232 3319 4298 Homo
3357 4250 3524 4315 prae-

1980 4321 2334 4404 destinatus
2360 4345 2455 4406 est
2481 4359 2615 4407 esse
2641 4341 2818 4405 filius
2842 4340 2976 4406 Dei.
3007 4363 3039 4401 n

2535 4557 2892 4637 QUAESTlo
2934 4557 2983 4621 1.

2228 4719 2324 4776 An
2348 4720 2524 4776 Filius
2555 4721 2656 4777 Dei
2681 4723 2756 4776 sit
2776 4717 3194 4793 prcedestinams
3224 4718 3265 4775 ¹.

2060 4879 2287 4945 Utrum
2337 4879 2539 4946 Filius
2597 4881 2706 4948 Dei
2767 4880 2847 4943 sit
2896 4879 3412 4962 praedestinatus3
3462 4885 3526 4945 et.
3552 4925 3619 4995 ῳ
3641 4939 3744 4985 Μ,

1977 4987 2152 5071 quod
2177 4988 2297 5068 sic,
2334 4987 2611 5052 videtur.
2641 4987 2791 5053 Haec
2815 4987 3178 5052 conceditur
3210 5009 3226 5051 ε
3267 5010 3298 5049 α
3325 4985 3526 5054 Filius

1979 5096 2087 5162 Dei
2132 5103 2227 5161 est
2267 5096 2464 5161 homo
2511 5119 2526 5161 :
2564 5119 2597 5157 n
2642 5096 2751 5161 sed
2788 5097 2998 5161 omnis
3040 5096 3236 5161 homo
3275 5102 3389 5161 aut
3431 5101 3527 5164 est

1978 5233 2144 5287 xxxn,
2168 5235 2221 5286 q.
2245 5233 2285 5284 1,
2312 5224 2411 5272 art.
2440 5223 2467 5271 3
2483 5235 2501 5283 ;
2525 5220 2695 5286 AEgid.
2731 5222 2900 5285 Rom„
2936 5222 3002 5271 111
3045 5223 3207 5286 Seni„
3231 5237 3286 5287 p.
3325 5223 3523 5286 11‚dist.

1977 5305 2068 5355 vn,
2096 5308 2147 5357 q.
2175 5307 2189 5344 ι
2203 5309 2221 5357 3
2244 5292 2542 5355 Richardus,
2580 5295 2644 5342 ΙΙΙ
2684 5293 2843 5353 Sene„
2883 5308 2934 5357 p.
2973 5307 3042 5349 11.
3069 5293 3187 5345 dist.
3214 5307 3307 5359 vu,
3333 5299 3432 5347 art.
3461 5299 3523 5360 2,

1980 5381 2030 5430 q.
2065 5379 2119 5429 13
2148 5365 2325 5429 Steph.
2356 5364 2570 5428 Brulcf„
2593 5365 2659 5414 ΙΙΙ
2690 5365 2848 5428 Sem„
2876 5364 2995 5417 dist.
3019 5378 3116 5430 vn,
3135 5379 3190 5431 q.
3215 5379 3305 5430 1v;
3329 5366 3521 5419 Mareu.

1984 5439 2225 5503 inguen„
2246 5438 2314 5487 111
2344 5436 2505 5498 Seni„
2531 5451 2583 5501 q.
2613 5447 2706 5499 vn,
2733 5440 2830 5487 art.
2859 5441 2904 5488 1.
