4185 6288
1360 1418 1381 1558 ,Ι
1473 1471 1882 1548 ELOGIUM
1951 1471 2327 1549 HENRICI
2396 1471 2516 1548 DE
2580 1471 3012 1579 GANDAVO

1600 1723 1615 1784 (
1639 1722 1712 1771 De
1740 1719 2110 1771 illustrissimis
2131 1718 2365 1773 Eoclesioe
2384 1721 2580 1785 script„
2605 1733 2719 1786 cap.
2743 1729 2908 1772 nvn.
2933 1719 2951 1782 )

756 2024 1202 2091 Bonaventura
1242 2022 1499 2089 natione
1540 2022 1792 2088 Italicus
1810 2072 1827 2103 ‚
1878 2029 1942 2089 et
1977 2024 2112 2107 ipse
2161 2021 2402 2086 ordinis
2445 2021 2744 2087 Fratrum
2785 2024 3135 2106 Minorum,
3180 2027 3296 2110 qui
3346 2027 3540 2094 etiam
3592 2023 3845 2091 Parisiis

676 2158 1051 2241 theologicae
1078 2157 1308 2223 scholae
1333 2157 1607 2240 praefuit,
1638 2156 1886 2240 scripsit
1917 2158 1985 2223 in
2019 2161 2299 2240 quatuor
2333 2156 2528 2220 libros
2552 2155 3025 2223 Sententiarum
3053 2158 3349 2242 magistri
3375 2159 3546 2227 Petri
3577 2176 3846 2244 opuscu-

678 2283 820 2348 lum
859 2300 1116 2366 magnae
1156 2283 1539 2348 subtilitatis.

919 2952 1331 3028 ELOGIUM
1387 2953 1699 3029 SANCTI
1755 2952 2229 3041 ANTONINI‚
2305 2950 2985 3028 ARCHIEPISCOPI
3042 2949 3588 3033 FLORENTINI

1711 3204 1728 3267 (
1754 3203 1889 3255 Part.
1917 3204 2008 3266 ΠΙ,
2040 3201 2246 3261 chron..
2272 3202 2354 3254 tit.
2380 3204 2562 3268 xxiv,
2593 3217 2641 3254 c.
2669 3203 2822 3268 vm.)

760 3504 1210 3572 Bonaventura
1240 3507 1405 3573 sicut
1433 3509 1505 3572 in
1541 3507 1894 3572 luminibus
1921 3506 2352 3583 scientiarum,
2391 3508 2456 3569 et
2480 3505 2760 3569 maxime
2787 3506 2855 3570 in
2895 3506 3224 3591 scripturis
3260 3508 3493 3574 sanctis
3515 3507 3847 3574 videbatur

682 3630 847 3696 mira
914 3632 1255 3715 capacitate
1327 3632 1633 3716 proficere
1661 3681 1683 3712 ,
1732 3633 1822 3696 ita
1870 3636 1936 3698 et
1983 3632 2055 3695 in
2124 3628 2483 3697 devotionis
2544 3630 2754 3711 gratia
2826 3633 3206 3697 continuum
3273 3634 3570 3699 sumebat
3628 3632 3849 3716 gratiae

682 3753 1172 3822 incrementum.
1222 3755 1552 3839 Siquidem
1613 3774 1872 3822 omnem
1928 3754 2293 3833 veritatem,
2341 3772 2539 3837 quam
2596 3755 2982 3838 percipiebat
3040 3757 3362 3823 intellectu
3382 3807 3405 3839 ,
3448 3759 3540 3823 ad
3586 3758 3854 3823 formam

682 3882 985 3946 orationis
1021 3884 1087 3947 et
1123 3849 1503 3949 laudationis
1540 3883 1774 3947 divinae
1804 3881 2112 3946 reducens
2129 3927 2153 3960 ‚
2197 3880 2499 3945 continuo
2539 3878 2903 3945 ruminabat
2949 3882 3203 3947 affectu.
3253 3883 3418 3948 Hine
3450 3884 3692 3948 factum
3733 3885 3843 3961 est,

683 4011 759 4070 ut
816 4009 886 4071 in
929 4010 1199 4091 septimo
1258 4027 1428 4074 anno
1476 4013 1619 4092 post
1685 4009 2049 4090 ingressum
2105 4005 2343 4071 ordinis
2385 4003 2737 4069 Sententias
2776 4003 3030 4070 Parisiis
3072 4005 3332 4088 legeret.
3408 4006 3487 4072 Et
3546 4007 3848 4091 scriptum

682 4132 958 4197 notabile
984 4138 1048 4198 et
1071 4134 1376 4200 devotum
1411 4133 1605 4199 edidit
1641 4149 1835 4215 super
1871 4135 2148 4214 quatuor
2189 4129 2385 4195 libros
2409 4128 2878 4197 Sententiarum
2901 4176 2922 4210 ,
2961 4130 3178 4213 ibique
3209 4131 3448 4214 recepit
3487 4130 3846 4198 cathedram

685 4256 1139 4339 magistralem.
1266 4305 1269 4306 ν
