<?xml version="1.0" encoding="UTF-8"?>
<!DOCTYPE html PUBLIC "-//W3C//DTD XHTML 1.0 Transitional//EN"
    "http://www.w3.org/TR/xhtml1/DTD/xhtml1-transitional.dtd">
<html xmlns="http://www.w3.org/1999/xhtml" xml:lang="en" lang="en">
 <head>
  <title>
</title>
<meta http-equiv="Content-Type" content="text/html;charset=utf-8" />
  <meta name='ocr-system' content='tesseract 3.04.00' />
  <meta name='ocr-capabilities' content='ocr_page ocr_carea ocr_par ocr_line ocrx_word'/>
</head>
<body>
  <div class='ocr_page' id='page_1' title='image "./srecardinalissb01cargoog_0573.png"; bbox 0 0 4185 6288; ppageno 0'>
   <div class='ocr_carea' id='block_1_1' title="bbox 1241 483 2470 567">
    <p class='ocr_par' dir='ltr' id='par_1_1' title="bbox 1241 483 2470 567">
     <span class='ocr_line' id='line_1_1' title="bbox 1241 483 2470 567; baseline 0 -13"><span class='ocrx_word' id='word_1_1' title='bbox 1241 487 1440 556; x_wconf 85' lang='lat' dir='ltr'><strong>DIST.</strong></span> <span class='ocrx_word' id='word_1_2' title='bbox 1480 484 1666 554; x_wconf 74' lang='lat' dir='ltr'><strong>XXV.</strong></span> <span class='ocrx_word' id='word_1_3' title='bbox 1708 483 1895 554; x_wconf 71' lang='grc' dir='ltr'><strong>ΛΒΤ.</strong></span> <span class='ocrx_word' id='word_1_4' title='bbox 1941 487 1992 553; x_wconf 91' lang='lat'><strong>1.</strong></span> <span class='ocrx_word' id='word_1_5' title='bbox 2038 487 2342 567; x_wconf 80' lang='lat' dir='ltr'><strong>QUAEST.</strong></span> <span class='ocrx_word' id='word_1_6' title='bbox 2389 488 2470 554; x_wconf 94' lang='lat'><strong>11.</strong></span> 
     </span>
    </p>
   </div>
   <div class='ocr_carea' id='block_1_2' title="bbox 234 623 1798 3176">
    <p class='ocr_par' dir='ltr' id='par_1_2' title="bbox 239 623 1798 1998">
     <span class='ocr_line' id='line_1_2' title="bbox 253 623 1798 709; baseline -0.003 -19"><span class='ocrx_word' id='word_1_7' title='bbox 253 624 389 690; x_wconf 83' lang='lat' dir='ltr'><strong>Hoc</strong></span> <span class='ocrx_word' id='word_1_8' title='bbox 413 624 806 709; x_wconf 87' lang='lat' dir='ltr'><strong>simplicium</strong></span> <span class='ocrx_word' id='word_1_9' title='bbox 826 624 978 690; x_wconf 84' lang='lat' dir='ltr'><strong>fidei</strong></span> <span class='ocrx_word' id='word_1_10' title='bbox 1002 624 1074 689; x_wconf 87' lang='lat' dir='ltr'><strong>in</strong></span> <span class='ocrx_word' id='word_1_11' title='bbox 1100 623 1289 689; x_wconf 88' lang='lat' dir='ltr'><strong>initio</strong></span> <span class='ocrx_word' id='word_1_12' title='bbox 1317 623 1644 688; x_wconf 83' lang='lat' dir='ltr'><strong>suffecisse</strong></span> <span class='ocrx_word' id='word_1_13' title='bbox 1668 638 1798 686; x_wconf 87' lang='lat' dir='ltr'><strong>cre-</strong></span> 
     </span>
     <span class='ocr_line' id='line_1_3' title="bbox 251 729 1794 812; baseline -0.002 -16"><span class='ocrx_word' id='word_1_14' title='bbox 251 731 465 796; x_wconf 82' lang='lat' dir='ltr'>dimus</span> <span class='ocrx_word' id='word_1_15' title='bbox 505 752 523 796; x_wconf 90' lang='lat'>:</span> <span class='ocrx_word' id='word_1_16' title='bbox 565 733 630 797; x_wconf 89' lang='lat' dir='ltr'><strong>et</strong></span> <span class='ocrx_word' id='word_1_17' title='bbox 682 736 902 796; x_wconf 82' lang='lat' dir='ltr'><strong>tamen</strong></span> <span class='ocrx_word' id='word_1_18' title='bbox 958 731 1156 796; x_wconf 86' lang='lat' dir='ltr'><strong>fldem</strong></span> <span class='ocrx_word' id='word_1_19' title='bbox 1209 729 1558 796; x_wconf 87' lang='lat' dir='ltr'><strong>nativitatis</strong></span> <span class='ocrx_word' id='word_1_20' title='bbox 1609 731 1751 812; x_wconf 85' lang='lat' dir='ltr'><strong>ejus</strong></span> <span class='ocrx_word' id='word_1_21' title='bbox 1770 776 1794 807; x_wconf 88' lang='lat'><em>‚</em></span> 
     </span>
     <span class='ocr_line' id='line_1_4' title="bbox 246 835 1796 921; baseline -0.001 -19"><span class='ocrx_word' id='word_1_22' title='bbox 246 837 593 921; x_wconf 65' lang='lat' dir='ltr'><strong>pafflionis,</strong></span> <span class='ocrx_word' id='word_1_23' title='bbox 634 842 700 904; x_wconf 92' lang='lat' dir='ltr'><strong>et</strong></span> <span class='ocrx_word' id='word_1_24' title='bbox 743 838 1257 918; x_wconf 84' lang='lat' dir='ltr'><strong>resurrectionis,</strong></span> <span class='ocrx_word' id='word_1_25' title='bbox 1301 841 1366 902; x_wconf 90' lang='lat' dir='ltr'><strong>et</strong></span> <span class='ocrx_word' id='word_1_26' title='bbox 1408 835 1796 902; x_wconf 75' lang='lat' dir='ltr'><strong>ascensionis</strong></span> 
     </span>
     <span class='ocr_line' id='line_1_5' title="bbox 245 943 1792 1022; baseline -0.001 -13"><span class='ocrx_word' id='word_1_27' title='bbox 245 961 417 1021; x_wconf 79' lang='lat' dir='ltr'><strong>suae,</strong></span> <span class='ocrx_word' id='word_1_28' title='bbox 438 944 508 1010; x_wconf 90' lang='lat' dir='ltr'><strong>in</strong></span> <span class='ocrx_word' id='word_1_29' title='bbox 529 945 652 1010; x_wconf 87' lang='lat' dir='ltr'><strong>boc</strong></span> <span class='ocrx_word' id='word_1_30' title='bbox 676 963 787 1011; x_wconf 89' lang='lat' dir='ltr'><strong>eos</strong></span> <span class='ocrx_word' id='word_1_31' title='bbox 811 945 1146 1011; x_wconf 84' lang='lat' dir='ltr'><strong>verissime</strong></span> <span class='ocrx_word' id='word_1_32' title='bbox 1171 943 1472 1009; x_wconf 87' lang='lat' dir='ltr'><strong>habuisse</strong></span> <span class='ocrx_word' id='word_1_33' title='bbox 1497 943 1792 1022; x_wconf 89' lang='lat' dir='ltr'><strong>dicimus,</strong></span> 
     </span>
     <span class='ocr_line' id='line_1_6' title="bbox 247 1051 1798 1136; baseline -0.001 -19"><span class='ocrx_word' id='word_1_34' title='bbox 247 1053 408 1136; x_wconf 81' lang='lat' dir='ltr'><strong>quia</strong></span> <span class='ocrx_word' id='word_1_35' title='bbox 447 1052 880 1132; x_wconf 88' lang='lat' dir='ltr'><strong>credentibus,</strong></span> <span class='ocrx_word' id='word_1_36' title='bbox 911 1056 975 1117; x_wconf 88' lang='lat' dir='ltr'><strong>et</strong></span> <span class='ocrx_word' id='word_1_37' title='bbox 1011 1052 1352 1117; x_wconf 77' lang='lat' dir='ltr'><strong>scientibus</strong></span> <span class='ocrx_word' id='word_1_38' title='bbox 1378 1052 1500 1116; x_wconf 91' lang='grc'><strong>1166</strong></span> <span class='ocrx_word' id='word_1_39' title='bbox 1516 1099 1537 1130; x_wconf 90' lang='grc'><strong>,</strong></span> <span class='ocrx_word' id='word_1_40' title='bbox 1566 1051 1693 1116; x_wconf 84' lang='lat' dir='ltr'><strong>fide</strong></span> <span class='ocrx_word' id='word_1_41' title='bbox 1733 1053 1798 1115; x_wconf 88' lang='lat' dir='ltr'><strong>et</strong></span> 
     </span>
     <span class='ocr_line' id='line_1_7' title="bbox 244 1158 1792 1242; baseline -0.001 -16"><span class='ocrx_word' id='word_1_42' title='bbox 244 1158 586 1227; x_wconf 89' lang='lat' dir='ltr'><strong>devotione</strong></span> <span class='ocrx_word' id='word_1_43' title='bbox 607 1160 1044 1227; x_wconf 65' lang='lat' dir='ltr'><strong>adhaeserunt.</strong></span> <span class='ocrx_word' id='word_1_44' title='bbox 1074 1182 1104 1221; x_wconf 76' lang='lat' dir='ltr'>n</span> <span class='ocrx_word' id='word_1_45' title='bbox 1137 1158 1242 1226; x_wconf 88' lang='lat' dir='ltr'><strong>Sic</strong></span> <span class='ocrx_word' id='word_1_46' title='bbox 1261 1177 1421 1242; x_wconf 81' lang='lat' dir='ltr'><strong>ergo</strong></span> <span class='ocrx_word' id='word_1_47' title='bbox 1446 1159 1792 1224; x_wconf 88' lang='lat' dir='ltr'><strong>conceden-</strong></span> 
     </span>
     <span class='ocr_line' id='line_1_8' title="bbox 241 1264 1794 1354; baseline 0.001 -22"><span class='ocrx_word' id='word_1_48' title='bbox 241 1264 404 1332; x_wconf 91' lang='lat' dir='ltr'><strong>dum</strong></span> <span class='ocrx_word' id='word_1_49' title='bbox 426 1273 550 1349; x_wconf 85' lang='lat' dir='ltr'><strong>est,</strong></span> <span class='ocrx_word' id='word_1_50' title='bbox 588 1270 760 1354; x_wconf 84' lang='lat' dir='ltr'><strong>quod</strong></span> <span class='ocrx_word' id='word_1_51' title='bbox 803 1270 1025 1334; x_wconf 89' lang='lat' dir='ltr'><strong>nullus</strong></span> <span class='ocrx_word' id='word_1_52' title='bbox 1068 1274 1212 1353; x_wconf 88' lang='lat' dir='ltr'><strong>post</strong></span> <span class='ocrx_word' id='word_1_53' title='bbox 1255 1269 1512 1351; x_wconf 90' lang='lat' dir='ltr'><strong>lapsum</strong></span> <span class='ocrx_word' id='word_1_54' title='bbox 1559 1268 1794 1333; x_wconf 86' lang='lat' dir='ltr'><strong>salvari</strong></span> 
     </span>
     <span class='ocr_line' id='line_1_9' title="bbox 245 1364 1795 1460; baseline 0.001 -22"><span class='ocrx_word' id='word_1_55' title='bbox 245 1364 459 1456; x_wconf 87' lang='lat' dir='ltr'><strong>potuit</strong></span> <span class='ocrx_word' id='word_1_56' title='bbox 484 1375 724 1458; x_wconf 86' lang='lat' dir='ltr'><strong>absque</strong></span> <span class='ocrx_word' id='word_1_57' title='bbox 744 1376 871 1441; x_wconf 86' lang='lat' dir='ltr'><strong>fide</strong></span> <span class='ocrx_word' id='word_1_58' title='bbox 892 1375 1252 1442; x_wconf 87' lang='lat' dir='ltr'><strong>Mediatoris</strong></span> <span class='ocrx_word' id='word_1_59' title='bbox 1275 1399 1291 1440; x_wconf 69' lang='grc' dir='ltr'><strong>ι</strong></span> <span class='ocrx_word' id='word_1_60' title='bbox 1323 1395 1455 1459; x_wconf 86' lang='lat' dir='ltr'><strong>qua</strong></span> <span class='ocrx_word' id='word_1_61' title='bbox 1480 1375 1634 1460; x_wconf 87' lang='lat' dir='ltr'><strong>quia</strong></span> <span class='ocrx_word' id='word_1_62' title='bbox 1657 1375 1795 1459; x_wconf 90' lang='lat' dir='ltr'><strong>phi·</strong></span> 
     </span>
     <span class='ocr_line' id='line_1_10' title="bbox 240 1480 1793 1565; baseline 0.002 -18"><span class='ocrx_word' id='word_1_63' title='bbox 240 1480 498 1565; x_wconf 85' lang='lat' dir='ltr'><strong>Iosophi</strong></span> <span class='ocrx_word' id='word_1_64' title='bbox 525 1487 871 1549; x_wconf 86' lang='lat' dir='ltr'><strong>caruerunt</strong></span> <span class='ocrx_word' id='word_1_65' title='bbox 885 1532 903 1565; x_wconf 90' lang='lat'>,</span> <span class='ocrx_word' id='word_1_66' title='bbox 925 1485 1060 1549; x_wconf 89' lang='lat' dir='ltr'><strong>suis</strong></span> <span class='ocrx_word' id='word_1_67' title='bbox 1090 1485 1338 1550; x_wconf 89' lang='lat' dir='ltr'><strong>meritis</strong></span> <span class='ocrx_word' id='word_1_68' title='bbox 1359 1489 1422 1550; x_wconf 90' lang='lat' dir='ltr'><strong>et</strong></span> <span class='ocrx_word' id='word_1_69' title='bbox 1444 1485 1793 1550; x_wconf 89' lang='lat' dir='ltr'><strong>virtutibus</strong></span> 
     </span>
     <span class='ocr_line' id='line_1_11' title="bbox 240 1588 1793 1678; baseline 0.003 -24"><span class='ocrx_word' id='word_1_70' title='bbox 240 1588 631 1655; x_wconf 69' lang='lat' dir='ltr'><strong>inhaerentae</strong></span> <span class='ocrx_word' id='word_1_71' title='bbox 645 1639 665 1669; x_wconf 90' lang='lat'>,</span> <span class='ocrx_word' id='word_1_72' title='bbox 714 1591 855 1658; x_wconf 91' lang='lat' dir='ltr'><strong>ideo</strong></span> <span class='ocrx_word' id='word_1_73' title='bbox 921 1596 1231 1675; x_wconf 75' lang='lat' dir='ltr'><strong>tanquam</strong></span> <span class='ocrx_word' id='word_1_74' title='bbox 1282 1594 1592 1678; x_wconf 88' lang='lat' dir='ltr'><strong>superbi,</strong></span> <span class='ocrx_word' id='word_1_75' title='bbox 1638 1595 1704 1658; x_wconf 90' lang='lat' dir='ltr'><strong>et</strong></span> <span class='ocrx_word' id='word_1_76' title='bbox 1753 1611 1793 1657; x_wconf 90' lang='grc'><strong>6</strong></span> 
     </span>
     <span class='ocr_line' id='line_1_12' title="bbox 244 1694 1787 1783; baseline 0.003 -23"><span class='ocrx_word' id='word_1_77' title='bbox 244 1694 478 1761; x_wconf 82' lang='lat' dir='ltr'><strong>Christi</strong></span> <span class='ocrx_word' id='word_1_78' title='bbox 526 1698 833 1763; x_wconf 89' lang='lat' dir='ltr'><strong>membris</strong></span> <span class='ocrx_word' id='word_1_79' title='bbox 878 1702 943 1763; x_wconf 92' lang='lat' dir='ltr'><strong>et</strong></span> <span class='ocrx_word' id='word_1_80' title='bbox 969 1699 1213 1764; x_wconf 89' lang='lat' dir='ltr'><strong>meritis</strong></span> <span class='ocrx_word' id='word_1_81' title='bbox 1246 1699 1515 1783; x_wconf 83' lang='lat' dir='ltr'><strong>separati</strong></span> <span class='ocrx_word' id='word_1_82' title='bbox 1532 1749 1553 1778; x_wconf 89' lang='lat'>‚</span> <span class='ocrx_word' id='word_1_83' title='bbox 1581 1704 1644 1763; x_wconf 91' lang='lat' dir='ltr'><strong>et</strong></span> <span class='ocrx_word' id='word_1_84' title='bbox 1673 1717 1787 1765; x_wconf 86' lang='lat' dir='ltr'><strong>ex-</strong></span> 
     </span>
     <span class='ocr_line' id='line_1_13' title="bbox 242 1802 1794 1889; baseline 0.001 -21"><span class='ocrx_word' id='word_1_85' title='bbox 242 1802 405 1868; x_wconf 83' lang='lat' dir='ltr'><strong>clusi</strong></span> <span class='ocrx_word' id='word_1_86' title='bbox 423 1809 574 1870; x_wconf 91' lang='lat' dir='ltr'><strong>sunt</strong></span> <span class='ocrx_word' id='word_1_87' title='bbox 592 1806 851 1887; x_wconf 87' lang='lat' dir='ltr'><strong>gaudiis</strong></span> <span class='ocrx_word' id='word_1_88' title='bbox 868 1806 1166 1889; x_wconf 87' lang='lat' dir='ltr'><strong>paradisi.</strong></span> <span class='ocrx_word' id='word_1_89' title='bbox 1193 1806 1621 1872; x_wconf 79' lang='lat' dir='ltr'><strong>Concedendae</strong></span> <span class='ocrx_word' id='word_1_90' title='bbox 1641 1811 1794 1871; x_wconf 88' lang='lat' dir='ltr'><strong>sunt</strong></span> 
     </span>
     <span class='ocr_line' id='line_1_14' title="bbox 239 1913 1646 1998; baseline 0.001 -22"><span class='ocrx_word' id='word_1_91' title='bbox 239 1929 405 1993; x_wconf 84' lang='lat' dir='ltr'><strong>ergo</strong></span> <span class='ocrx_word' id='word_1_92' title='bbox 428 1913 709 1977; x_wconf 66' lang='lat' dir='ltr'><strong>rationes</strong></span> <span class='ocrx_word' id='word_1_93' title='bbox 735 1914 815 1978; x_wconf 88' lang='lat' dir='ltr'><strong>ad</strong></span> <span class='ocrx_word' id='word_1_94' title='bbox 841 1914 1033 1978; x_wconf 89' lang='lat' dir='ltr'><strong>istam</strong></span> <span class='ocrx_word' id='word_1_95' title='bbox 1058 1917 1305 1998; x_wconf 88' lang='lat' dir='ltr'><strong>partem</strong></span> <span class='ocrx_word' id='word_1_96' title='bbox 1332 1913 1646 1979; x_wconf 79' lang='lat' dir='ltr'><strong>adductae.</strong></span> 
     </span>
    </p>

    <p class='ocr_par' dir='ltr' id='par_1_3' title="bbox 234 2017 1791 3065">
     <span class='ocr_line' id='line_1_15' title="bbox 324 2017 1790 2104; baseline 0.003 -23"><span class='ocrx_word' id='word_1_97' title='bbox 324 2023 354 2081; x_wconf 75' lang='lat'><strong>1</strong></span> <span class='ocrx_word' id='word_1_98' title='bbox 368 2067 384 2082; x_wconf 94' lang='lat'><strong>.</strong></span> <span class='ocrx_word' id='word_1_99' title='bbox 413 2017 514 2084; x_wconf 77' lang='lat' dir='ltr'><strong>Ad</strong></span> <span class='ocrx_word' id='word_1_100' title='bbox 537 2017 697 2085; x_wconf 91' lang='lat' dir='ltr'><strong>illud</strong></span> <span class='ocrx_word' id='word_1_101' title='bbox 723 2037 885 2100; x_wconf 86' lang='lat' dir='ltr'><strong>ergo</strong></span> <span class='ocrx_word' id='word_1_102' title='bbox 922 2019 1096 2104; x_wconf 87' lang='lat' dir='ltr'><strong>quod</strong></span> <span class='ocrx_word' id='word_1_103' title='bbox 1131 2018 1341 2104; x_wconf 87' lang='lat' dir='ltr'><strong>primo</strong></span> <span class='ocrx_word' id='word_1_104' title='bbox 1381 2018 1686 2101; x_wconf 75' lang='lat' dir='ltr'><strong>oincitur</strong></span> <span class='ocrx_word' id='word_1_105' title='bbox 1709 2020 1790 2086; x_wconf 90' lang='lat' dir='ltr'><strong>de</strong></span> 
     </span>
     <span class='ocr_line' id='line_1_16' title="bbox 237 2127 1789 2211; baseline 0.001 -20"><span class='ocrx_word' id='word_1_106' title='bbox 237 2127 614 2192; x_wconf 82' lang='lat' dir='ltr'><strong>auctoritate</strong></span> <span class='ocrx_word' id='word_1_107' title='bbox 653 2127 942 2211; x_wconf 75' lang='lat' dir='ltr'><strong>Apostoli</strong></span> <span class='ocrx_word' id='word_1_108' title='bbox 958 2176 977 2208; x_wconf 91' lang='lat'>,</span> <span class='ocrx_word' id='word_1_109' title='bbox 1023 2127 1364 2192; x_wconf 90' lang='lat' dir='ltr'><strong>dicendum</strong></span> <span class='ocrx_word' id='word_1_110' title='bbox 1408 2128 1579 2210; x_wconf 89' lang='lat' dir='ltr'><strong>quod</strong></span> <span class='ocrx_word' id='word_1_111' title='bbox 1609 2127 1789 2211; x_wconf 87' lang='lat' dir='ltr'><strong>Apo-</strong></span> 
     </span>
     <span class='ocr_line' id='line_1_17' title="bbox 236 2233 1791 2318; baseline 0.001 -19"><span class='ocrx_word' id='word_1_112' title='bbox 236 2233 439 2299; x_wconf 85' lang='lat' dir='ltr'><strong>stolus</strong></span> <span class='ocrx_word' id='word_1_113' title='bbox 463 2235 724 2318; x_wconf 82' lang='lat' dir='ltr'><strong>praecise</strong></span> <span class='ocrx_word' id='word_1_114' title='bbox 759 2254 891 2301; x_wconf 90' lang='lat' dir='ltr'><strong>non</strong></span> <span class='ocrx_word' id='word_1_115' title='bbox 930 2236 1202 2301; x_wconf 80' lang='lat' dir='ltr'><strong>intendit</strong></span> <span class='ocrx_word' id='word_1_116' title='bbox 1234 2235 1656 2302; x_wconf 85' lang='lat' dir='ltr'><strong>determinare</strong></span> <span class='ocrx_word' id='word_1_117' title='bbox 1687 2240 1791 2301; x_wconf 88' lang='lat' dir='ltr'><strong>to-</strong></span> 
     </span>
     <span class='ocr_line' id='line_1_18' title="bbox 236 2342 1789 2426; baseline 0.003 -20"><span class='ocrx_word' id='word_1_118' title='bbox 236 2346 381 2406; x_wconf 90' lang='lat' dir='ltr'><strong>tum</strong></span> <span class='ocrx_word' id='word_1_119' title='bbox 409 2342 582 2426; x_wconf 86' lang='lat' dir='ltr'><strong>quod</strong></span> <span class='ocrx_word' id='word_1_120' title='bbox 608 2347 704 2408; x_wconf 89' lang='lat' dir='ltr'><strong>est</strong></span> <span class='ocrx_word' id='word_1_121' title='bbox 739 2344 821 2408; x_wconf 90' lang='lat' dir='ltr'><strong>ad</strong></span> <span class='ocrx_word' id='word_1_122' title='bbox 854 2344 1128 2408; x_wconf 88' lang='lat' dir='ltr'><strong>salutem</strong></span> <span class='ocrx_word' id='word_1_123' title='bbox 1167 2344 1602 2408; x_wconf 87' lang='lat' dir='ltr'><strong>necessarium</strong></span> <span class='ocrx_word' id='word_1_124' title='bbox 1623 2392 1645 2424; x_wconf 90' lang='lat'><em>‚</em></span> <span class='ocrx_word' id='word_1_125' title='bbox 1678 2345 1789 2411; x_wconf 89' lang='lat' dir='ltr'><strong>sed</strong></span> 
     </span>
     <span class='ocr_line' id='line_1_19' title="bbox 235 2448 1791 2534; baseline 0.001 -21"><span class='ocrx_word' id='word_1_126' title='bbox 235 2448 402 2514; x_wconf 89' lang='lat' dir='ltr'><strong>illud</strong></span> <span class='ocrx_word' id='word_1_127' title='bbox 442 2449 578 2514; x_wconf 86' lang='lat' dir='ltr'><strong>sine</strong></span> <span class='ocrx_word' id='word_1_128' title='bbox 623 2469 753 2534; x_wconf 81' lang='lat' dir='ltr'><strong>quo</strong></span> <span class='ocrx_word' id='word_1_129' title='bbox 793 2468 924 2515; x_wconf 92' lang='lat' dir='ltr'><strong>non</strong></span> <span class='ocrx_word' id='word_1_130' title='bbox 952 2454 1158 2533; x_wconf 85' lang='lat' dir='ltr'><strong>potest</strong></span> <span class='ocrx_word' id='word_1_131' title='bbox 1196 2467 1333 2514; x_wconf 90' lang='lat' dir='ltr'><strong>esse</strong></span> <span class='ocrx_word' id='word_1_132' title='bbox 1378 2449 1573 2515; x_wconf 78' lang='lat' dir='ltr'><strong>saluS.</strong></span> <span class='ocrx_word' id='word_1_133' title='bbox 1628 2450 1791 2515; x_wconf 85' lang='lat' dir='ltr'><strong>Dicit</strong></span> 
     </span>
     <span class='ocr_line' id='line_1_20' title="bbox 237 2555 1788 2642; baseline 0.002 -22"><span class='ocrx_word' id='word_1_134' title='bbox 237 2555 414 2621; x_wconf 89' lang='lat' dir='ltr'><strong>enim</strong></span> <span class='ocrx_word' id='word_1_135' title='bbox 455 2557 632 2639; x_wconf 85' lang='lat' dir='ltr'><strong>quod</strong></span> <span class='ocrx_word' id='word_1_136' title='bbox 674 2557 798 2622; x_wconf 91' lang='lat' dir='ltr'><strong>hoc</strong></span> <span class='ocrx_word' id='word_1_137' title='bbox 841 2560 936 2622; x_wconf 89' lang='lat' dir='ltr'><strong>est</strong></span> <span class='ocrx_word' id='word_1_138' title='bbox 971 2561 1407 2642; x_wconf 86' lang='lat' dir='ltr'><strong>opportunum</strong></span> <span class='ocrx_word' id='word_1_139' title='bbox 1439 2577 1457 2637; x_wconf 78' lang='lat'>3</span> <span class='ocrx_word' id='word_1_140' title='bbox 1501 2558 1610 2625; x_wconf 89' lang='lat' dir='ltr'><strong>sed</strong></span> <span class='ocrx_word' id='word_1_141' title='bbox 1654 2576 1788 2625; x_wconf 91' lang='lat' dir='ltr'><strong>non</strong></span> 
     </span>
     <span class='ocr_line' id='line_1_21' title="bbox 235 2658 1788 2744; baseline 0.001 -19"><span class='ocrx_word' id='word_1_142' title='bbox 235 2658 587 2742; x_wconf 85' lang='lat' dir='ltr'><strong>dicitquod</strong></span> <span class='ocrx_word' id='word_1_143' title='bbox 634 2661 757 2725; x_wconf 92' lang='grc'><strong>1166</strong></span> <span class='ocrx_word' id='word_1_144' title='bbox 788 2662 873 2726; x_wconf 89' lang='lat' dir='ltr'><strong>sit</strong></span> <span class='ocrx_word' id='word_1_145' title='bbox 910 2662 1254 2728; x_wconf 80' lang='lat' dir='ltr'><strong>sufficiens,</strong></span> <span class='ocrx_word' id='word_1_146' title='bbox 1298 2661 1537 2744; x_wconf 80' lang='lat' dir='ltr'><strong>Tangit</strong></span> <span class='ocrx_word' id='word_1_147' title='bbox 1567 2665 1788 2729; x_wconf 89' lang='lat' dir='ltr'><strong>autem</strong></span> 
     </span>
     <span class='ocr_line' id='line_1_22' title="bbox 234 2765 1789 2851; baseline 0.005 -22"><span class='ocrx_word' id='word_1_148' title='bbox 234 2765 349 2830; x_wconf 89' lang='lat' dir='ltr'><strong>illa</strong></span> <span class='ocrx_word' id='word_1_149' title='bbox 399 2766 529 2831; x_wconf 91' lang='lat' dir='ltr'><strong>duo</strong></span> <span class='ocrx_word' id='word_1_150' title='bbox 578 2766 901 2851; x_wconf 85' lang='lat' dir='ltr'><strong>potissime</strong></span> <span class='ocrx_word' id='word_1_151' title='bbox 917 2816 939 2849; x_wconf 92' lang='lat'><em>,</em></span> <span class='ocrx_word' id='word_1_152' title='bbox 994 2768 1147 2851; x_wconf 88' lang='lat' dir='ltr'><strong>quia</strong></span> <span class='ocrx_word' id='word_1_153' title='bbox 1194 2770 1548 2834; x_wconf 84' lang='lat' dir='ltr'><strong>necessaria</strong></span> <span class='ocrx_word' id='word_1_154' title='bbox 1605 2773 1789 2836; x_wconf 88' lang='lat' dir='ltr'><strong>erant</strong></span> 
     </span>
     <span class='ocr_line' id='line_1_23' title="bbox 236 2873 1788 2956; baseline 0.003 -18"><span class='ocrx_word' id='word_1_155' title='bbox 236 2873 419 2938; x_wconf 91' lang='lat' dir='ltr'><strong>omni</strong></span> <span class='ocrx_word' id='word_1_156' title='bbox 444 2874 635 2939; x_wconf 87' lang='lat' dir='ltr'><strong>statui</strong></span> <span class='ocrx_word' id='word_1_157' title='bbox 660 2878 911 2939; x_wconf 83' lang='lat' dir='ltr'><strong>naturae</strong></span> <span class='ocrx_word' id='word_1_158' title='bbox 927 2924 946 2956; x_wconf 87' lang='lat'><strong>,</strong></span> <span class='ocrx_word' id='word_1_159' title='bbox 983 2894 1118 2941; x_wconf 92' lang='lat' dir='ltr'><strong>non</strong></span> <span class='ocrx_word' id='word_1_160' title='bbox 1146 2875 1360 2941; x_wconf 89' lang='lat' dir='ltr'><strong>solum</strong></span> <span class='ocrx_word' id='word_1_161' title='bbox 1383 2876 1579 2942; x_wconf 87' lang='lat' dir='ltr'><strong>statui</strong></span> <span class='ocrx_word' id='word_1_162' title='bbox 1605 2882 1788 2944; x_wconf 87' lang='lat' dir='ltr'><strong>natu-</strong></span> 
     </span>
     <span class='ocr_line' id='line_1_24' title="bbox 234 2980 1621 3065; baseline 0.004 -20"><span class='ocrx_word' id='word_1_163' title='bbox 234 2997 333 3045; x_wconf 80' lang='lat' dir='ltr'><strong>rae</strong></span> <span class='ocrx_word' id='word_1_164' title='bbox 357 2980 555 3065; x_wconf 80' lang='lat' dir='ltr'><strong>lapsae</strong></span> <span class='ocrx_word' id='word_1_165' title='bbox 568 3030 589 3061; x_wconf 94' lang='lat'><strong><em>,</em></strong></span> <span class='ocrx_word' id='word_1_166' title='bbox 622 2982 733 3047; x_wconf 88' lang='lat' dir='ltr'><strong>sed</strong></span> <span class='ocrx_word' id='word_1_167' title='bbox 763 2983 958 3048; x_wconf 91' lang='lat' dir='ltr'><strong>etiam</strong></span> <span class='ocrx_word' id='word_1_168' title='bbox 985 2983 1180 3048; x_wconf 83' lang='lat' dir='ltr'><strong>statui</strong></span> <span class='ocrx_word' id='word_1_169' title='bbox 1220 2983 1621 3051; x_wconf 86' lang='lat' dir='ltr'><strong>innocentiae.</strong></span> 
     </span>
    </p>

    <p class='ocr_par' dir='ltr' id='par_1_4' title="bbox 318 3088 1788 3176">
     <span class='ocr_line' id='line_1_25' title="bbox 318 3088 1788 3176; baseline 0.004 -22"><span class='ocrx_word' id='word_1_170' title='bbox 318 3092 379 3154; x_wconf 75' lang='lat'><strong>2.</strong></span> <span class='ocrx_word' id='word_1_171' title='bbox 431 3088 530 3154; x_wconf 85' lang='lat' dir='ltr'><strong>Ad</strong></span> <span class='ocrx_word' id='word_1_172' title='bbox 585 3088 744 3156; x_wconf 90' lang='lat' dir='ltr'><strong>illud</strong></span> <span class='ocrx_word' id='word_1_173' title='bbox 796 3091 969 3174; x_wconf 85' lang='lat' dir='ltr'><strong>quod</strong></span> <span class='ocrx_word' id='word_1_174' title='bbox 1023 3091 1323 3175; x_wconf 86' lang='lat' dir='ltr'><strong>objicitur</strong></span> <span class='ocrx_word' id='word_1_175' title='bbox 1343 3140 1362 3173; x_wconf 88' lang='lat'>,</span> <span class='ocrx_word' id='word_1_176' title='bbox 1405 3093 1583 3176; x_wconf 90' lang='lat' dir='ltr'><strong>quod</strong></span> <span class='ocrx_word' id='word_1_177' title='bbox 1629 3093 1788 3160; x_wconf 86' lang='lat' dir='ltr'><strong>fides</strong></span> 
     </span>
    </p>
   </div>
   <div class='ocr_carea' id='block_1_3' title="bbox 231 3202 1786 5546">
    <p class='ocr_par' dir='ltr' id='par_1_5' title="bbox 231 3202 1786 4471">
     <span class='ocr_line' id='line_1_26' title="bbox 235 3202 1784 3272; baseline 0.002 -3"><span class='ocrx_word' id='word_1_178' title='bbox 235 3202 551 3269; x_wconf 85' lang='lat' dir='ltr'><strong>Creatoris</strong></span> <span class='ocrx_word' id='word_1_179' title='bbox 576 3207 641 3269; x_wconf 92' lang='grc'><strong>61</strong></span> <span class='ocrx_word' id='word_1_180' title='bbox 665 3202 1184 3269; x_wconf 84' lang='lat' dir='ltr'><strong>Remuneratoris</strong></span> <span class='ocrx_word' id='word_1_181' title='bbox 1211 3206 1603 3271; x_wconf 77' lang='lat' dir='ltr'><strong>sufficienter</strong></span> <span class='ocrx_word' id='word_1_182' title='bbox 1629 3207 1784 3272; x_wconf 91' lang='lat' dir='ltr'><strong>diri·-</strong></span> 
     </span>
     <span class='ocr_line' id='line_1_27' title="bbox 235 3309 1781 3395; baseline 0.005 -22"><span class='ocrx_word' id='word_1_183' title='bbox 235 3309 338 3393; x_wconf 85' lang='lat' dir='ltr'><strong>git</strong></span> <span class='ocrx_word' id='word_1_184' title='bbox 361 3310 441 3376; x_wconf 90' lang='lat' dir='ltr'><strong>ad</strong></span> <span class='ocrx_word' id='word_1_185' title='bbox 475 3312 864 3395; x_wconf 90' lang='lat' dir='ltr'><strong>sperandum</strong></span> <span class='ocrx_word' id='word_1_186' title='bbox 905 3315 970 3377; x_wconf 93' lang='lat' dir='ltr'><strong>et</strong></span> <span class='ocrx_word' id='word_1_187' title='bbox 1010 3313 1361 3379; x_wconf 90' lang='lat' dir='ltr'><strong>amandum</strong></span> <span class='ocrx_word' id='word_1_188' title='bbox 1381 3362 1400 3393; x_wconf 88' lang='lat'>,</span> <span class='ocrx_word' id='word_1_189' title='bbox 1434 3315 1781 3381; x_wconf 86' lang='lat' dir='ltr'><strong>dicendum</strong></span> 
     </span>
     <span class='ocr_line' id='line_1_28' title="bbox 235 3417 1785 3502; baseline 0.004 -19"><span class='ocrx_word' id='word_1_190' title='bbox 235 3417 412 3502; x_wconf 87' lang='lat' dir='ltr'><strong>quod</strong></span> <span class='ocrx_word' id='word_1_191' title='bbox 447 3418 683 3484; x_wconf 81' lang='lat' dir='ltr'><strong>falsum</strong></span> <span class='ocrx_word' id='word_1_192' title='bbox 717 3424 814 3485; x_wconf 90' lang='lat' dir='ltr'><strong>est</strong></span> <span class='ocrx_word' id='word_1_193' title='bbox 854 3421 1210 3486; x_wconf 89' lang='lat' dir='ltr'><strong>secundum</strong></span> <span class='ocrx_word' id='word_1_194' title='bbox 1253 3424 1494 3486; x_wconf 89' lang='lat' dir='ltr'><strong>statum</strong></span> <span class='ocrx_word' id='word_1_195' title='bbox 1536 3426 1785 3489; x_wconf 81' lang='lat' dir='ltr'><strong>naturae</strong></span> 
     </span>
     <span class='ocr_line' id='line_1_29' title="bbox 231 3526 1780 3621; baseline 0.002 -30"><span class='ocrx_word' id='word_1_196' title='bbox 231 3526 429 3608; x_wconf 83' lang='lat' dir='ltr'><strong>lapsae</strong></span> <span class='ocrx_word' id='word_1_197' title='bbox 457 3544 475 3590; x_wconf 75' lang='lat' dir='ltr'><strong>t</strong></span> <span class='ocrx_word' id='word_1_198' title='bbox 514 3526 667 3609; x_wconf 87' lang='lat' dir='ltr'><strong>quia</strong></span> <span class='ocrx_word' id='word_1_199' title='bbox 692 3545 842 3592; x_wconf 89' lang='lat' dir='ltr'><strong>cum</strong></span> <span class='ocrx_word' id='word_1_200' title='bbox 865 3546 1009 3611; x_wconf 88' lang='lat' dir='ltr'><strong>spes</strong></span> <span class='ocrx_word' id='word_1_201' title='bbox 1034 3528 1332 3621; x_wconf 87' lang='lat' dir='ltr'><strong>procedat</strong></span> <span class='ocrx_word' id='word_1_202' title='bbox 1357 3547 1440 3594; x_wconf 88' lang='lat' dir='ltr'><strong>ex</strong></span> <span class='ocrx_word' id='word_1_203' title='bbox 1483 3530 1733 3594; x_wconf 89' lang='lat' dir='ltr'><strong>meritis</strong></span> <span class='ocrx_word' id='word_1_204' title='bbox 1757 3580 1780 3611; x_wconf 94' lang='lat'><em>,</em></span> 
     </span>
     <span class='ocr_line' id='line_1_30' title="bbox 232 3631 1784 3721; baseline 0.003 -24"><span class='ocrx_word' id='word_1_205' title='bbox 232 3631 398 3698; x_wconf 86' lang='lat' dir='ltr'><strong>sicut</strong></span> <span class='ocrx_word' id='word_1_206' title='bbox 422 3632 493 3698; x_wconf 90' lang='lat' dir='ltr'><strong>in</strong></span> <span class='ocrx_word' id='word_1_207' title='bbox 518 3636 897 3718; x_wconf 90' lang='lat' dir='ltr'><strong>opponendo</strong></span> <span class='ocrx_word' id='word_1_208' title='bbox 922 3639 1165 3701; x_wconf 88' lang='lat' dir='ltr'><strong>tactum</strong></span> <span class='ocrx_word' id='word_1_209' title='bbox 1199 3639 1295 3702; x_wconf 89' lang='lat' dir='ltr'><strong>est</strong></span> <span class='ocrx_word' id='word_1_210' title='bbox 1309 3682 1328 3714; x_wconf 82' lang='lat'>‚</span> <span class='ocrx_word' id='word_1_211' title='bbox 1358 3638 1414 3702; x_wconf 85' lang='lat' dir='ltr'><strong>si</strong></span> <span class='ocrx_word' id='word_1_212' title='bbox 1454 3638 1602 3721; x_wconf 79' lang='lat' dir='ltr'><strong>quis</strong></span> <span class='ocrx_word' id='word_1_213' title='bbox 1639 3657 1784 3721; x_wconf 90' lang='lat' dir='ltr'><strong>spe-</strong></span> 
     </span>
     <span class='ocr_line' id='line_1_31' title="bbox 232 3740 1780 3827; baseline 0.003 -20"><span class='ocrx_word' id='word_1_214' title='bbox 232 3743 406 3807; x_wconf 84' lang='lat' dir='ltr'><strong>raret</strong></span> <span class='ocrx_word' id='word_1_215' title='bbox 428 3740 664 3807; x_wconf 88' lang='lat' dir='ltr'><strong>salvari</strong></span> <span class='ocrx_word' id='word_1_216' title='bbox 688 3759 773 3808; x_wconf 81' lang='lat' dir='ltr'><strong>ex</strong></span> <span class='ocrx_word' id='word_1_217' title='bbox 797 3743 1041 3808; x_wconf 88' lang='lat' dir='ltr'><strong>meritis</strong></span> <span class='ocrx_word' id='word_1_218' title='bbox 1076 3745 1351 3827; x_wconf 87' lang='lat' dir='ltr'><strong>propriis</strong></span> <span class='ocrx_word' id='word_1_219' title='bbox 1365 3793 1382 3823; x_wconf 91' lang='lat'>,</span> <span class='ocrx_word' id='word_1_220' title='bbox 1412 3745 1549 3810; x_wconf 91' lang='lat' dir='ltr'><strong>sine</strong></span> <span class='ocrx_word' id='word_1_221' title='bbox 1586 3745 1780 3811; x_wconf 87' lang='lat' dir='ltr'><strong>meri·</strong></span> 
     </span>
     <span class='ocr_line' id='line_1_32' title="bbox 235 3847 1781 3937; baseline 0.004 -23"><span class='ocrx_word' id='word_1_222' title='bbox 235 3847 320 3914; x_wconf 85' lang='lat' dir='ltr'><strong>tis</strong></span> <span class='ocrx_word' id='word_1_223' title='bbox 363 3847 724 3914; x_wconf 74' lang='lat' dir='ltr'><strong>Mediator-is</strong></span> <span class='ocrx_word' id='word_1_224' title='bbox 736 3898 758 3931; x_wconf 92' lang='lat'><em>,</em></span> <span class='ocrx_word' id='word_1_225' title='bbox 788 3869 921 3917; x_wconf 91' lang='lat' dir='ltr'><strong>non</strong></span> <span class='ocrx_word' id='word_1_226' title='bbox 964 3855 1133 3916; x_wconf 91' lang='lat' dir='ltr'><strong>recte</strong></span> <span class='ocrx_word' id='word_1_227' title='bbox 1170 3856 1489 3936; x_wconf 88' lang='lat' dir='ltr'><strong>speraret,</strong></span> <span class='ocrx_word' id='word_1_228' title='bbox 1518 3854 1631 3918; x_wconf 88' lang='lat' dir='ltr'><strong>sed</strong></span> <span class='ocrx_word' id='word_1_229' title='bbox 1666 3873 1781 3937; x_wconf 89' lang='lat' dir='ltr'><strong>po-</strong></span> 
     </span>
     <span class='ocr_line' id='line_1_33' title="bbox 234 3955 1784 4042; baseline 0.004 -22"><span class='ocrx_word' id='word_1_230' title='bbox 234 3955 367 4020; x_wconf 86' lang='lat' dir='ltr'><strong>tius</strong></span> <span class='ocrx_word' id='word_1_231' title='bbox 391 3961 811 4038; x_wconf 82' lang='lat' dir='ltr'><strong>praesumeret</strong></span> <span class='ocrx_word' id='word_1_232' title='bbox 842 3979 858 4022; x_wconf 73' lang='grc' dir='ltr'>ε</span> <span class='ocrx_word' id='word_1_233' title='bbox 889 3957 1033 4023; x_wconf 89' lang='lat' dir='ltr'><strong>ideo</strong></span> <span class='ocrx_word' id='word_1_234' title='bbox 1060 3976 1205 4042; x_wconf 86' lang='lat' dir='ltr'><strong>spes</strong></span> <span class='ocrx_word' id='word_1_235' title='bbox 1230 3977 1365 4024; x_wconf 91' lang='lat' dir='ltr'><strong>non</strong></span> <span class='ocrx_word' id='word_1_236' title='bbox 1394 3960 1784 4026; x_wconf 84' lang='lat' dir='ltr'><strong>sufficienter</strong></span> 
     </span>
     <span class='ocr_line' id='line_1_34' title="bbox 233 4061 1779 4146; baseline 0.003 -18"><span class='ocrx_word' id='word_1_237' title='bbox 233 4061 544 4144; x_wconf 80' lang='lat' dir='ltr'><strong>dirigitur</strong></span> <span class='ocrx_word' id='word_1_238' title='bbox 567 4080 683 4146; x_wconf 89' lang='lat' dir='ltr'><strong>per</strong></span> <span class='ocrx_word' id='word_1_239' title='bbox 709 4064 905 4129; x_wconf 88' lang='lat' dir='ltr'><strong>fldem</strong></span> <span class='ocrx_word' id='word_1_240' title='bbox 944 4063 1254 4130; x_wconf 77' lang='lat' dir='ltr'><strong>creatoris</strong></span> <span class='ocrx_word' id='word_1_241' title='bbox 1292 4070 1355 4130; x_wconf 91' lang='lat' dir='ltr'><strong>et</strong></span> <span class='ocrx_word' id='word_1_242' title='bbox 1382 4066 1779 4133; x_wconf 88' lang='lat' dir='ltr'><strong>Remunera-</strong></span> 
     </span>
     <span class='ocr_line' id='line_1_35' title="bbox 233 4168 1786 4257; baseline 0.005 -24"><span class='ocrx_word' id='word_1_243' title='bbox 233 4168 424 4249; x_wconf 83' lang='lat' dir='ltr'><strong>toris3</strong></span> <span class='ocrx_word' id='word_1_244' title='bbox 457 4168 748 4235; x_wconf 86' lang='lat' dir='ltr'><strong>similiter</strong></span> <span class='ocrx_word' id='word_1_245' title='bbox 788 4188 906 4236; x_wconf 88' lang='lat' dir='ltr'><strong>nec</strong></span> <span class='ocrx_word' id='word_1_246' title='bbox 947 4171 1224 4237; x_wconf 85' lang='lat' dir='ltr'><strong>charitas</strong></span> <span class='ocrx_word' id='word_1_247' title='bbox 1241 4221 1263 4253; x_wconf 91' lang='lat'><em>‚</em></span> <span class='ocrx_word' id='word_1_248' title='bbox 1296 4174 1452 4257; x_wconf 87' lang='lat' dir='ltr'><strong>quia</strong></span> <span class='ocrx_word' id='word_1_249' title='bbox 1476 4192 1612 4239; x_wconf 94' lang='lat' dir='ltr'><strong>non</strong></span> <span class='ocrx_word' id='word_1_250' title='bbox 1638 4178 1786 4240; x_wconf 84' lang='lat' dir='ltr'><strong>tan-</strong></span> 
     </span>
     <span class='ocr_line' id='line_1_36' title="bbox 234 4274 1780 4362; baseline 0.004 -21"><span class='ocrx_word' id='word_1_251' title='bbox 234 4278 379 4342; x_wconf 86' lang='lat' dir='ltr'><strong>tum</strong></span> <span class='ocrx_word' id='word_1_252' title='bbox 403 4274 711 4342; x_wconf 89' lang='lat' dir='ltr'><strong>debemus</strong></span> <span class='ocrx_word' id='word_1_253' title='bbox 737 4295 955 4343; x_wconf 90' lang='lat' dir='ltr'><strong>amare</strong></span> <span class='ocrx_word' id='word_1_254' title='bbox 971 4327 992 4358; x_wconf 94' lang='lat'><strong><em>,</em></strong></span> <span class='ocrx_word' id='word_1_255' title='bbox 1018 4279 1170 4362; x_wconf 87' lang='lat' dir='ltr'><strong>quia</strong></span> <span class='ocrx_word' id='word_1_256' title='bbox 1201 4283 1446 4345; x_wconf 88' lang='lat' dir='ltr'><strong>creator</strong></span> <span class='ocrx_word' id='word_1_257' title='bbox 1474 4283 1539 4346; x_wconf 90' lang='lat' dir='ltr'><strong>et</strong></span> <span class='ocrx_word' id='word_1_258' title='bbox 1563 4299 1780 4348; x_wconf 91' lang='lat' dir='ltr'><strong>remu·</strong></span> 
     </span>
     <span class='ocr_line' id='line_1_37' title="bbox 234 4384 1481 4471; baseline 0.005 -24"><span class='ocrx_word' id='word_1_259' title='bbox 234 4386 515 4465; x_wconf 84' lang='lat' dir='ltr'><strong>nerator,</strong></span> <span class='ocrx_word' id='word_1_260' title='bbox 544 4384 658 4449; x_wconf 90' lang='lat' dir='ltr'><strong>sed</strong></span> <span class='ocrx_word' id='word_1_261' title='bbox 683 4384 896 4467; x_wconf 85' lang='lat' dir='ltr'><strong>magis</strong></span> <span class='ocrx_word' id='word_1_262' title='bbox 920 4385 1074 4468; x_wconf 85' lang='lat' dir='ltr'><strong>quia</strong></span> <span class='ocrx_word' id='word_1_263' title='bbox 1100 4386 1481 4471; x_wconf 87' lang='lat' dir='ltr'><strong>redemptor.</strong></span> 
     </span>
    </p>

    <p class='ocr_par' dir='ltr' id='par_1_6' title="bbox 235 4491 1786 5546">
     <span class='ocr_line' id='line_1_38' title="bbox 320 4491 1783 4579; baseline 0.005 -24"><span class='ocrx_word' id='word_1_264' title='bbox 320 4494 381 4555; x_wconf 84' lang='lat'><strong>3.</strong></span> <span class='ocrx_word' id='word_1_265' title='bbox 430 4491 530 4557; x_wconf 88' lang='lat' dir='ltr'><strong>Ad</strong></span> <span class='ocrx_word' id='word_1_266' title='bbox 568 4491 730 4558; x_wconf 91' lang='lat' dir='ltr'><strong>illud</strong></span> <span class='ocrx_word' id='word_1_267' title='bbox 781 4494 955 4576; x_wconf 84' lang='lat' dir='ltr'><strong>quod</strong></span> <span class='ocrx_word' id='word_1_268' title='bbox 991 4493 1290 4576; x_wconf 74' lang='lat' dir='ltr'><strong>obiicitur</strong></span> <span class='ocrx_word' id='word_1_269' title='bbox 1308 4543 1327 4572; x_wconf 86' lang='lat'>‚</span> <span class='ocrx_word' id='word_1_270' title='bbox 1372 4496 1544 4579; x_wconf 88' lang='lat' dir='ltr'><strong>quod</strong></span> <span class='ocrx_word' id='word_1_271' title='bbox 1592 4496 1783 4564; x_wconf 90' lang='lat' dir='ltr'><strong>multi</strong></span> 
     </span>
     <span class='ocr_line' id='line_1_39' title="bbox 235 4596 1782 4684; baseline 0.005 -23"><span class='ocrx_word' id='word_1_272' title='bbox 235 4596 465 4663; x_wconf 83' lang='lat' dir='ltr'><strong>salvati</strong></span> <span class='ocrx_word' id='word_1_273' title='bbox 516 4601 671 4663; x_wconf 86' lang='lat' dir='ltr'><strong>sunt</strong></span> <span class='ocrx_word' id='word_1_274' title='bbox 708 4599 847 4665; x_wconf 90' lang='lat' dir='ltr'><strong>sine</strong></span> <span class='ocrx_word' id='word_1_275' title='bbox 893 4600 1020 4665; x_wconf 86' lang='lat' dir='ltr'><strong>fide</strong></span> <span class='ocrx_word' id='word_1_276' title='bbox 1060 4600 1372 4684; x_wconf 77' lang='lat' dir='ltr'><strong>passionis</strong></span> <span class='ocrx_word' id='word_1_277' title='bbox 1387 4651 1405 4683; x_wconf 91' lang='lat'>,</span> <span class='ocrx_word' id='word_1_278' title='bbox 1445 4601 1782 4668; x_wconf 87' lang='lat' dir='ltr'><strong>dicendum</strong></span> 
     </span>
     <span class='ocr_line' id='line_1_40' title="bbox 235 4703 1784 4793; baseline 0.005 -24"><span class='ocrx_word' id='word_1_279' title='bbox 235 4703 412 4787; x_wconf 83' lang='lat' dir='ltr'><strong>quod</strong></span> <span class='ocrx_word' id='word_1_280' title='bbox 435 4705 491 4768; x_wconf 90' lang='lat' dir='ltr'><strong>si</strong></span> <span class='ocrx_word' id='word_1_281' title='bbox 516 4704 861 4789; x_wconf 85' lang='lat' dir='ltr'><strong>loquamur</strong></span> <span class='ocrx_word' id='word_1_282' title='bbox 900 4706 979 4772; x_wconf 92' lang='lat' dir='ltr'><strong>de</strong></span> <span class='ocrx_word' id='word_1_283' title='bbox 1021 4709 1149 4775; x_wconf 86' lang='lat' dir='ltr'><strong>fide</strong></span> <span class='ocrx_word' id='word_1_284' title='bbox 1184 4709 1503 4793; x_wconf 86' lang='lat' dir='ltr'><strong>explicita,</strong></span> <span class='ocrx_word' id='word_1_285' title='bbox 1552 4728 1784 4776; x_wconf 86' lang='lat' dir='ltr'><strong>verum</strong></span> 
     </span>
     <span class='ocr_line' id='line_1_41' title="bbox 237 4811 1779 4898; baseline 0.005 -24"><span class='ocrx_word' id='word_1_286' title='bbox 237 4814 365 4890; x_wconf 86' lang='lat' dir='ltr'><strong>est;</strong></span> <span class='ocrx_word' id='word_1_287' title='bbox 402 4811 459 4875; x_wconf 89' lang='lat' dir='ltr'><strong>si</strong></span> <span class='ocrx_word' id='word_1_288' title='bbox 504 4812 583 4877; x_wconf 90' lang='lat' dir='ltr'><strong>de</strong></span> <span class='ocrx_word' id='word_1_289' title='bbox 625 4813 754 4878; x_wconf 80' lang='lat' dir='ltr'><strong>fide</strong></span> <span class='ocrx_word' id='word_1_290' title='bbox 797 4814 1105 4898; x_wconf 90' lang='lat' dir='ltr'><strong>implicita</strong></span> <span class='ocrx_word' id='word_1_291' title='bbox 1120 4864 1139 4896; x_wconf 92' lang='lat'>‚</span> <span class='ocrx_word' id='word_1_292' title='bbox 1185 4834 1319 4882; x_wconf 92' lang='lat' dir='ltr'><strong>non</strong></span> <span class='ocrx_word' id='word_1_293' title='bbox 1365 4821 1458 4882; x_wconf 91' lang='lat' dir='ltr'><strong>est</strong></span> <span class='ocrx_word' id='word_1_294' title='bbox 1499 4836 1730 4884; x_wconf 86' lang='lat' dir='ltr'><strong>verum</strong></span> <span class='ocrx_word' id='word_1_295' title='bbox 1760 4836 1779 4882; x_wconf 74' lang='grc' dir='ltr'><strong>ε</strong></span> 
     </span>
     <span class='ocr_line' id='line_1_42' title="bbox 238 4920 1786 5008; baseline 0.005 -25"><span class='ocrx_word' id='word_1_296' title='bbox 238 4935 463 4984; x_wconf 90' lang='lat' dir='ltr'><strong>omnes</strong></span> <span class='ocrx_word' id='word_1_297' title='bbox 489 4920 667 4985; x_wconf 89' lang='lat' dir='ltr'><strong>enim</strong></span> <span class='ocrx_word' id='word_1_298' title='bbox 690 4921 978 4989; x_wconf 88' lang='lat' dir='ltr'><strong>salvandi</strong></span> <span class='ocrx_word' id='word_1_299' title='bbox 998 4929 1497 5008; x_wconf 82' lang='lat' dir='ltr'><strong>expectaverunt</strong></span> <span class='ocrx_word' id='word_1_300' title='bbox 1526 4924 1786 4991; x_wconf 87' lang='lat' dir='ltr'><strong>Redem-</strong></span> 
     </span>
     <span class='ocr_line' id='line_1_43' title="bbox 237 5028 1786 5111; baseline 0.003 -18"><span class='ocrx_word' id='word_1_301' title='bbox 237 5029 488 5111; x_wconf 83' lang='lat' dir='ltr'><strong>ptorem</strong></span> <span class='ocrx_word' id='word_1_302' title='bbox 516 5028 814 5093; x_wconf 80' lang='lat' dir='ltr'><strong>futurum</strong></span> <span class='ocrx_word' id='word_1_303' title='bbox 845 5052 861 5095; x_wconf 92' lang='lat'><strong>:</strong></span> <span class='ocrx_word' id='word_1_304' title='bbox 893 5035 958 5095; x_wconf 93' lang='lat' dir='ltr'><strong>et</strong></span> <span class='ocrx_word' id='word_1_305' title='bbox 983 5031 1174 5096; x_wconf 88' lang='lat' dir='ltr'><strong>etiam</strong></span> <span class='ocrx_word' id='word_1_306' title='bbox 1201 5032 1270 5095; x_wconf 93' lang='lat' dir='ltr'><strong>in</strong></span> <span class='ocrx_word' id='word_1_307' title='bbox 1296 5032 1431 5096; x_wconf 91' lang='lat' dir='ltr'><strong>suis</strong></span> <span class='ocrx_word' id='word_1_308' title='bbox 1461 5033 1786 5098; x_wconf 84' lang='lat' dir='ltr'><strong>sacrificiis</strong></span> 
     </span>
     <span class='ocr_line' id='line_1_44' title="bbox 238 5135 1785 5225; baseline 0.005 -26"><span class='ocrx_word' id='word_1_309' title='bbox 238 5137 304 5199; x_wconf 91' lang='lat' dir='ltr'><strong>et</strong></span> <span class='ocrx_word' id='word_1_310' title='bbox 321 5135 751 5201; x_wconf 79' lang='lat' dir='ltr'><strong>oblationibus</strong></span> <span class='ocrx_word' id='word_1_311' title='bbox 772 5137 895 5203; x_wconf 93' lang='grc'><strong>1166</strong></span> <span class='ocrx_word' id='word_1_312' title='bbox 912 5139 1440 5223; x_wconf 69' lang='lat' dir='ltr'><strong>praefigurabant,</strong></span> <span class='ocrx_word' id='word_1_313' title='bbox 1457 5141 1523 5204; x_wconf 94' lang='lat' dir='ltr'><strong>in</strong></span> <span class='ocrx_word' id='word_1_314' title='bbox 1549 5142 1785 5225; x_wconf 86' lang='lat' dir='ltr'><strong>quibus</strong></span> 
     </span>
     <span class='ocr_line' id='line_1_45' title="bbox 241 5242 1786 5332; baseline 0.004 -24"><span class='ocrx_word' id='word_1_315' title='bbox 241 5242 543 5308; x_wconf 89' lang='lat' dir='ltr'><strong>omnibus</strong></span> <span class='ocrx_word' id='word_1_316' title='bbox 595 5242 883 5311; x_wconf 85' lang='lat' dir='ltr'><strong>Christus</strong></span> <span class='ocrx_word' id='word_1_317' title='bbox 936 5247 1343 5329; x_wconf 86' lang='lat' dir='ltr'><strong>figurabatur</strong></span> <span class='ocrx_word' id='word_1_318' title='bbox 1379 5248 1457 5332; x_wconf 84' lang='lat' dir='ltr'><strong>(a)</strong></span> <span class='ocrx_word' id='word_1_319' title='bbox 1507 5249 1786 5315; x_wconf 84' lang='lat' dir='ltr'><strong>offeren-</strong></span> 
     </span>
     <span class='ocr_line' id='line_1_46' title="bbox 241 5348 1786 5437; baseline 0.005 -23"><span class='ocrx_word' id='word_1_320' title='bbox 241 5349 385 5415; x_wconf 90' lang='lat' dir='ltr'><strong>dus.</strong></span> <span class='ocrx_word' id='word_1_321' title='bbox 412 5348 591 5418; x_wconf 89' lang='lat' dir='ltr'><strong>Unde</strong></span> <span class='ocrx_word' id='word_1_322' title='bbox 609 5352 891 5436; x_wconf 84' lang='lat' dir='ltr'><strong>quodam</strong></span> <span class='ocrx_word' id='word_1_323' title='bbox 914 5354 1104 5418; x_wconf 92' lang='lat' dir='ltr'><strong>modo</strong></span> <span class='ocrx_word' id='word_1_324' title='bbox 1132 5355 1596 5437; x_wconf 87' lang='lat' dir='ltr'><strong>profitebantur</strong></span> <span class='ocrx_word' id='word_1_325' title='bbox 1620 5357 1786 5422; x_wconf 80' lang='lat' dir='ltr'><strong>facto</strong></span> 
     </span>
     <span class='ocr_line' id='line_1_47' title="bbox 242 5457 1784 5546; baseline 0.003 -22"><span class='ocrx_word' id='word_1_326' title='bbox 242 5457 510 5540; x_wconf 79' lang='lat' dir='ltr'><strong>occulte,</strong></span> <span class='ocrx_word' id='word_1_327' title='bbox 526 5461 827 5546; x_wconf 82' lang='lat' dir='ltr'><strong>quamvis</strong></span> <span class='ocrx_word' id='word_1_328' title='bbox 844 5461 1042 5527; x_wconf 90' lang='lat' dir='ltr'><strong>verbo</strong></span> <span class='ocrx_word' id='word_1_329' title='bbox 1056 5479 1186 5527; x_wconf 92' lang='lat' dir='ltr'><strong>non</strong></span> <span class='ocrx_word' id='word_1_330' title='bbox 1207 5462 1565 5545; x_wconf 80' lang='lat' dir='ltr'><strong>proferrent</strong></span> <span class='ocrx_word' id='word_1_331' title='bbox 1584 5464 1784 5528; x_wconf 90' lang='lat' dir='ltr'><strong>mani·</strong></span> 
     </span>
    </p>
   </div>
   <div class='ocr_carea' id='block_1_4' title="bbox 3329 491 3441 556">
    <p class='ocr_par' dir='ltr' id='par_1_7' title="bbox 3329 491 3441 556">
     <span class='ocr_line' id='line_1_48' title="bbox 3329 491 3441 556; baseline 0.018 -2"><span class='ocrx_word' id='word_1_332' title='bbox 3329 491 3441 556; x_wconf 68' lang='lat'><strong>551</strong></span> 
     </span>
    </p>
   </div>
   <div class='ocr_carea' id='block_1_5' title="bbox 1888 622 3530 5436">
    <p class='ocr_par' dir='ltr' id='par_1_8' title="bbox 1902 622 3449 1031">
     <span class='ocr_line' id='line_1_49' title="bbox 1904 622 3447 708; baseline 0.002 -22"><span class='ocrx_word' id='word_1_333' title='bbox 1904 622 2082 689; x_wconf 80' lang='lat' dir='ltr'><strong>feste.</strong></span> <span class='ocrx_word' id='word_1_334' title='bbox 2112 623 2424 690; x_wconf 89' lang='lat' dir='ltr'><strong>Similiter</strong></span> <span class='ocrx_word' id='word_1_335' title='bbox 2447 641 2581 690; x_wconf 91' lang='lat' dir='ltr'><strong>non</strong></span> <span class='ocrx_word' id='word_1_336' title='bbox 2598 624 2927 708; x_wconf 83' lang='lat' dir='ltr'><strong>oportebat</strong></span> <span class='ocrx_word' id='word_1_337' title='bbox 2946 623 3447 690; x_wconf 87' lang='lat' dir='ltr'><strong>incarnationem</strong></span> 
     </span>
     <span class='ocr_line' id='line_1_50' title="bbox 1903 735 3449 820; baseline 0.003 -21"><span class='ocrx_word' id='word_1_338' title='bbox 1903 735 2199 820; x_wconf 85' lang='lat' dir='ltr'><strong>explicite</strong></span> <span class='ocrx_word' id='word_1_339' title='bbox 2266 735 2523 803; x_wconf 88' lang='lat' dir='ltr'><strong>credere</strong></span> <span class='ocrx_word' id='word_1_340' title='bbox 2552 756 2571 817; x_wconf 92' lang='lat'>;</span> <span class='ocrx_word' id='word_1_341' title='bbox 2632 735 2741 802; x_wconf 90' lang='lat' dir='ltr'><strong>sed</strong></span> <span class='ocrx_word' id='word_1_342' title='bbox 2769 735 3125 801; x_wconf 82' lang='lat' dir='ltr'><strong>sufficiebat</strong></span> <span class='ocrx_word' id='word_1_343' title='bbox 3193 736 3449 804; x_wconf 84' lang='lat' dir='ltr'><strong>credere</strong></span> 
     </span>
     <span class='ocr_line' id='line_1_51' title="bbox 1903 840 3447 928; baseline 0.003 -21"><span class='ocrx_word' id='word_1_344' title='bbox 1903 842 2077 926; x_wconf 82' lang='lat' dir='ltr'><strong>quod</strong></span> <span class='ocrx_word' id='word_1_345' title='bbox 2119 843 2350 928; x_wconf 88' lang='lat' dir='ltr'><strong>aliquis</strong></span> <span class='ocrx_word' id='word_1_346' title='bbox 2377 840 2649 924; x_wconf 84' lang='lat' dir='ltr'><strong>veniret,</strong></span> <span class='ocrx_word' id='word_1_347' title='bbox 2681 844 2796 927; x_wconf 86' lang='lat' dir='ltr'><strong>qui</strong></span> <span class='ocrx_word' id='word_1_348' title='bbox 2839 861 3051 925; x_wconf 86' lang='lat' dir='ltr'><strong>genus</strong></span> <span class='ocrx_word' id='word_1_349' title='bbox 3084 842 3447 911; x_wconf 88' lang='lat' dir='ltr'><strong>humanum</strong></span> 
     </span>
     <span class='ocr_line' id='line_1_52' title="bbox 1902 947 3142 1031; baseline -0.006 -18"><span class='ocrx_word' id='word_1_350' title='bbox 1902 947 2215 1013; x_wconf 87' lang='lat' dir='ltr'><strong>redimere</strong></span> <span class='ocrx_word' id='word_1_351' title='bbox 2241 952 2472 1031; x_wconf 89' lang='lat' dir='ltr'><strong>posset,</strong></span> <span class='ocrx_word' id='word_1_352' title='bbox 2500 948 2687 1013; x_wconf 88' lang='lat' dir='ltr'><strong>sciret</strong></span> <span class='ocrx_word' id='word_1_353' title='bbox 2713 951 2776 1011; x_wconf 94' lang='lat' dir='ltr'><strong>et</strong></span> <span class='ocrx_word' id='word_1_354' title='bbox 2805 947 3017 1014; x_wconf 85' lang='lat' dir='ltr'><strong>vellet.</strong></span> <span class='ocrx_word' id='word_1_355' title='bbox 3134 998 3142 1006; x_wconf 92' lang='lat'><strong>.</strong></span> 
     </span>
    </p>

    <p class='ocr_par' dir='ltr' id='par_1_9' title="bbox 1897 1050 3518 1997">
     <span class='ocr_line' id='line_1_53' title="bbox 1981 1050 3448 1137; baseline 0.001 -20"><span class='ocrx_word' id='word_1_356' title='bbox 1981 1058 2041 1118; x_wconf 76' lang='lat'><strong>4.</strong></span> <span class='ocrx_word' id='word_1_357' title='bbox 2083 1053 2182 1118; x_wconf 85' lang='lat' dir='ltr'><strong>Ad</strong></span> <span class='ocrx_word' id='word_1_358' title='bbox 2209 1053 2367 1119; x_wconf 91' lang='lat' dir='ltr'><strong>illud</strong></span> <span class='ocrx_word' id='word_1_359' title='bbox 2384 1054 2557 1137; x_wconf 87' lang='lat' dir='ltr'><strong>quod</strong></span> <span class='ocrx_word' id='word_1_360' title='bbox 2584 1052 2906 1135; x_wconf 84' lang='lat' dir='ltr'><strong>objicitur,</strong></span> <span class='ocrx_word' id='word_1_361' title='bbox 2945 1051 3118 1135; x_wconf 80' lang='lat' dir='ltr'><strong>quod</strong></span> <span class='ocrx_word' id='word_1_362' title='bbox 3153 1050 3448 1118; x_wconf 88' lang='lat' dir='ltr'><strong>homines</strong></span> 
     </span>
     <span class='ocr_line' id='line_1_54' title="bbox 1900 1158 3450 1243; baseline 0.001 -20"><span class='ocrx_word' id='word_1_363' title='bbox 1900 1176 2032 1223; x_wconf 90' lang='lat' dir='ltr'><strong>non</strong></span> <span class='ocrx_word' id='word_1_364' title='bbox 2047 1165 2351 1227; x_wconf 83' lang='lat' dir='ltr'><strong>tenentur</strong></span> <span class='ocrx_word' id='word_1_365' title='bbox 2374 1179 2565 1226; x_wconf 90' lang='lat' dir='ltr'><strong>nosse</strong></span> <span class='ocrx_word' id='word_1_366' title='bbox 2591 1161 2762 1243; x_wconf 83' lang='lat' dir='ltr'><strong>quod</strong></span> <span class='ocrx_word' id='word_1_367' title='bbox 2781 1160 3086 1243; x_wconf 84' lang='lat' dir='ltr'><strong>ignorant</strong></span> <span class='ocrx_word' id='word_1_368' title='bbox 3099 1158 3337 1241; x_wconf 86' lang='lat' dir='ltr'><strong>angeli,</strong></span> <span class='ocrx_word' id='word_1_369' title='bbox 3360 1158 3450 1224; x_wconf 89' lang='lat' dir='ltr'><strong>di-</strong></span> 
     </span>
     <span class='ocr_line' id='line_1_55' title="bbox 1900 1266 3448 1352; baseline 0.001 -22"><span class='ocrx_word' id='word_1_370' title='bbox 1900 1268 2176 1332; x_wconf 89' lang='lat' dir='ltr'><strong>cendum</strong></span> <span class='ocrx_word' id='word_1_371' title='bbox 2190 1269 2363 1352; x_wconf 89' lang='lat' dir='ltr'><strong>quod</strong></span> <span class='ocrx_word' id='word_1_372' title='bbox 2385 1268 2501 1333; x_wconf 84' lang='lat' dir='ltr'><strong>etsi</strong></span> <span class='ocrx_word' id='word_1_373' title='bbox 2517 1267 2734 1350; x_wconf 90' lang='grc'><strong>6113611</strong></span> <span class='ocrx_word' id='word_1_374' title='bbox 2748 1266 3131 1351; x_wconf 86' lang='lat' dir='ltr'><strong>mysterium</strong></span> <span class='ocrx_word' id='word_1_375' title='bbox 3157 1266 3448 1331; x_wconf 87' lang='lat' dir='ltr'><strong>incarna-</strong></span> 
     </span>
     <span class='ocr_line' id='line_1_56' title="bbox 1899 1373 3445 1457; baseline 0.001 -19"><span class='ocrx_word' id='word_1_376' title='bbox 1899 1373 2091 1439; x_wconf 85' lang='lat' dir='ltr'><strong>tionis</strong></span> <span class='ocrx_word' id='word_1_377' title='bbox 2130 1395 2262 1441; x_wconf 90' lang='lat' dir='ltr'><strong>non</strong></span> <span class='ocrx_word' id='word_1_378' title='bbox 2297 1377 2743 1457; x_wconf 85' lang='lat' dir='ltr'><strong>cognoverunt</strong></span> <span class='ocrx_word' id='word_1_379' title='bbox 2781 1374 2863 1437; x_wconf 89' lang='lat' dir='ltr'><strong>ad</strong></span> <span class='ocrx_word' id='word_1_380' title='bbox 2896 1374 3186 1457; x_wconf 91' lang='lat' dir='ltr'><strong>plenum,</strong></span> <span class='ocrx_word' id='word_1_381' title='bbox 3227 1376 3445 1439; x_wconf 86' lang='lat' dir='ltr'><strong>tamen</strong></span> 
     </span>
     <span class='ocr_line' id='line_1_57' title="bbox 1897 1481 3445 1566; baseline 0.002 -22"><span class='ocrx_word' id='word_1_382' title='bbox 1897 1481 2121 1545; x_wconf 90' lang='lat' dir='ltr'><strong>nullus</strong></span> <span class='ocrx_word' id='word_1_383' title='bbox 2146 1482 2270 1547; x_wconf 86' lang='lat' dir='ltr'><strong>fuit</strong></span> <span class='ocrx_word' id='word_1_384' title='bbox 2295 1483 2656 1562; x_wconf 87' lang='lat' dir='ltr'><strong>beatorum,</strong></span> <span class='ocrx_word' id='word_1_385' title='bbox 2686 1482 2845 1566; x_wconf 85' lang='lat' dir='ltr'><strong>quin</strong></span> <span class='ocrx_word' id='word_1_386' title='bbox 2874 1482 3062 1545; x_wconf 91' lang='lat' dir='ltr'><strong>sciret</strong></span> <span class='ocrx_word' id='word_1_387' title='bbox 3089 1499 3299 1564; x_wconf 85' lang='lat' dir='ltr'><strong>genus</strong></span> <span class='ocrx_word' id='word_1_388' title='bbox 3324 1482 3445 1547; x_wconf 91' lang='lat' dir='ltr'><strong>hu·</strong></span> 
     </span>
     <span class='ocr_line' id='line_1_58' title="bbox 1897 1589 3442 1657; baseline 0.004 -6"><span class='ocrx_word' id='word_1_389' title='bbox 1897 1589 2772 1654; x_wconf 89' lang='lat' dir='ltr'><strong>manumesseredimendum</strong></span> <span class='ocrx_word' id='word_1_390' title='bbox 2800 1610 2816 1652; x_wconf 77' lang='lat' dir='ltr'>z</span> <span class='ocrx_word' id='word_1_391' title='bbox 2846 1593 2909 1654; x_wconf 88' lang='lat' dir='ltr'><strong>et</strong></span> <span class='ocrx_word' id='word_1_392' title='bbox 2924 1589 3066 1655; x_wconf 92' lang='lat' dir='ltr'><strong>ideo</strong></span> <span class='ocrx_word' id='word_1_393' title='bbox 3082 1590 3296 1654; x_wconf 85' lang='lat' dir='ltr'><strong>exhoc</strong></span> <span class='ocrx_word' id='word_1_394' title='bbox 3307 1608 3442 1657; x_wconf 93' lang='lat' dir='ltr'><strong>non</strong></span> 
     </span>
     <span class='ocr_line' id='line_1_59' title="bbox 1897 1694 3518 1795; baseline 0.004 -37"><span class='ocrx_word' id='word_1_395' title='bbox 1897 1694 2294 1760; x_wconf 85' lang='lat' dir='ltr'><strong>concluditur</strong></span> <span class='ocrx_word' id='word_1_396' title='bbox 2319 1698 2493 1780; x_wconf 82' lang='lat' dir='ltr'><strong>quod</strong></span> <span class='ocrx_word' id='word_1_397' title='bbox 2518 1714 2651 1760; x_wconf 93' lang='lat' dir='ltr'><strong>non</strong></span> <span class='ocrx_word' id='word_1_398' title='bbox 2681 1698 2963 1778; x_wconf 89' lang='lat' dir='ltr'><strong>oportuit</strong></span> <span class='ocrx_word' id='word_1_399' title='bbox 2988 1696 3181 1762; x_wconf 87' lang='lat' dir='ltr'><strong>fldem</strong></span> <span class='ocrx_word' id='word_1_400' title='bbox 3204 1698 3441 1765; x_wconf 87' lang='lat' dir='ltr'><strong>habere</strong></span> <span class='ocrx_word' id='word_1_401' title='bbox 3508 1784 3518 1795; x_wconf 37' lang='lat'><strong>·</strong></span> 
     </span>
     <span class='ocr_line' id='line_1_60' title="bbox 1897 1803 3443 1889; baseline 0.004 -20"><span class='ocrx_word' id='word_1_402' title='bbox 1897 1803 1976 1870; x_wconf 90' lang='grc'><strong>(16</strong></span> <span class='ocrx_word' id='word_1_403' title='bbox 1998 1804 2364 1884; x_wconf 84' lang='lat' dir='ltr'><strong>Mediatore,</strong></span> <span class='ocrx_word' id='word_1_404' title='bbox 2394 1808 2505 1873; x_wconf 90' lang='lat' dir='ltr'><strong>sed</strong></span> <span class='ocrx_word' id='word_1_405' title='bbox 2540 1806 2693 1889; x_wconf 83' lang='lat' dir='ltr'><strong>quia</strong></span> <span class='ocrx_word' id='word_1_406' title='bbox 2718 1824 2851 1870; x_wconf 94' lang='lat' dir='ltr'><strong>non</strong></span> <span class='ocrx_word' id='word_1_407' title='bbox 2877 1806 3161 1889; x_wconf 89' lang='lat' dir='ltr'><strong>oportuit</strong></span> <span class='ocrx_word' id='word_1_408' title='bbox 3186 1807 3443 1874; x_wconf 84' lang='lat' dir='ltr'><strong>credere</strong></span> 
     </span>
     <span class='ocr_line' id='line_1_61' title="bbox 1897 1912 3436 1997; baseline 0.004 -23"><span class='ocrx_word' id='word_1_409' title='bbox 1897 1912 2195 1993; x_wconf 84' lang='lat' dir='ltr'><strong>explicite</strong></span> <span class='ocrx_word' id='word_1_410' title='bbox 2214 1961 2233 1993; x_wconf 88' lang='lat'>‚</span> <span class='ocrx_word' id='word_1_411' title='bbox 2272 1915 2384 1979; x_wconf 89' lang='lat' dir='ltr'><strong>sed</strong></span> <span class='ocrx_word' id='word_1_412' title='bbox 2425 1913 2778 1979; x_wconf 83' lang='lat' dir='ltr'><strong>sufficiebat</strong></span> <span class='ocrx_word' id='word_1_413' title='bbox 2812 1913 3069 1978; x_wconf 87' lang='lat' dir='ltr'><strong>credere</strong></span> <span class='ocrx_word' id='word_1_414' title='bbox 3109 1912 3436 1997; x_wconf 88' lang='lat' dir='ltr'><strong>implicite.</strong></span> 
     </span>
    </p>

    <p class='ocr_par' dir='ltr' id='par_1_10' title="bbox 1888 2019 3530 4141">
     <span class='ocr_line' id='line_1_62' title="bbox 1978 2019 3442 2105; baseline 0.001 -21"><span class='ocrx_word' id='word_1_415' title='bbox 1978 2023 2040 2084; x_wconf 80' lang='lat'><strong>5.</strong></span> <span class='ocrx_word' id='word_1_416' title='bbox 2081 2020 2182 2084; x_wconf 87' lang='lat' dir='ltr'><strong>Ad</strong></span> <span class='ocrx_word' id='word_1_417' title='bbox 2216 2020 2374 2086; x_wconf 90' lang='lat' dir='ltr'><strong>illud</strong></span> <span class='ocrx_word' id='word_1_418' title='bbox 2405 2020 2578 2105; x_wconf 79' lang='lat' dir='ltr'><strong>quod</strong></span> <span class='ocrx_word' id='word_1_419' title='bbox 2624 2019 2970 2104; x_wconf 89' lang='lat' dir='ltr'><strong>opponitur</strong></span> <span class='ocrx_word' id='word_1_420' title='bbox 2991 2066 3011 2099; x_wconf 85' lang='lat'>‚</span> <span class='ocrx_word' id='word_1_421' title='bbox 3043 2022 3216 2104; x_wconf 86' lang='lat' dir='ltr'><strong>quod</strong></span> <span class='ocrx_word' id='word_1_422' title='bbox 3262 2021 3442 2089; x_wconf 90' lang='lat' dir='ltr'><strong>omni</strong></span> 
     </span>
     <span class='ocr_line' id='line_1_63' title="bbox 1897 2115 3443 2211; baseline 0.002 -20"><span class='ocrx_word' id='word_1_423' title='bbox 1897 2130 2185 2210; x_wconf 89' lang='lat' dir='ltr'><strong>tempore</strong></span> <span class='ocrx_word' id='word_1_424' title='bbox 2200 2129 2451 2193; x_wconf 82' lang='lat' dir='ltr'><strong>suffecit</strong></span> <span class='ocrx_word' id='word_1_425' title='bbox 2482 2128 2747 2211; x_wconf 90' lang='lat' dir='ltr'><strong>implere</strong></span> <span class='ocrx_word' id='word_1_426' title='bbox 2787 2126 2960 2210; x_wconf 85' lang='lat' dir='ltr'><strong>quod</strong></span> <span class='ocrx_word' id='word_1_427' title='bbox 2989 2115 3110 2191; x_wconf 80' lang='lat' dir='ltr'><strong>fuit</strong></span> <span class='ocrx_word' id='word_1_428' title='bbox 3139 2126 3219 2192; x_wconf 91' lang='lat' dir='ltr'><strong>de</strong></span> <span class='ocrx_word' id='word_1_429' title='bbox 3243 2127 3443 2194; x_wconf 89' lang='lat' dir='ltr'><strong>dicta-</strong></span> 
     </span>
     <span class='ocr_line' id='line_1_64' title="bbox 1897 2233 3443 2320; baseline 0.003 -24"><span class='ocrx_word' id='word_1_430' title='bbox 1897 2233 2071 2299; x_wconf 91' lang='lat' dir='ltr'><strong>mine</strong></span> <span class='ocrx_word' id='word_1_431' title='bbox 2097 2235 2260 2317; x_wconf 84' lang='lat' dir='ltr'><strong>legis</strong></span> <span class='ocrx_word' id='word_1_432' title='bbox 2298 2236 2499 2316; x_wconf 87' lang='lat' dir='ltr'><strong>illius,</strong></span> <span class='ocrx_word' id='word_1_433' title='bbox 2531 2252 2679 2320; x_wconf 78' lang='lat' dir='ltr'><strong>quae</strong></span> <span class='ocrx_word' id='word_1_434' title='bbox 2704 2238 2841 2299; x_wconf 88' lang='lat' dir='ltr'><strong>erat</strong></span> <span class='ocrx_word' id='word_1_435' title='bbox 2874 2234 2945 2297; x_wconf 92' lang='lat' dir='ltr'><strong>in</strong></span> <span class='ocrx_word' id='word_1_436' title='bbox 2972 2233 3083 2298; x_wconf 89' lang='lat' dir='ltr'><strong>illo</strong></span> <span class='ocrx_word' id='word_1_437' title='bbox 3110 2238 3304 2316; x_wconf 86' lang='lat' dir='ltr'><strong>statu,</strong></span> <span class='ocrx_word' id='word_1_438' title='bbox 3334 2236 3443 2302; x_wconf 88' lang='lat' dir='ltr'><strong>di-</strong></span> 
     </span>
     <span class='ocr_line' id='line_1_65' title="bbox 1897 2341 3442 2424; baseline 0.001 -18"><span class='ocrx_word' id='word_1_439' title='bbox 1897 2341 2172 2406; x_wconf 89' lang='lat' dir='ltr'><strong>cendum</strong></span> <span class='ocrx_word' id='word_1_440' title='bbox 2236 2343 2408 2424; x_wconf 88' lang='lat' dir='ltr'><strong>quod</strong></span> <span class='ocrx_word' id='word_1_441' title='bbox 2458 2343 2582 2407; x_wconf 89' lang='lat' dir='ltr'><strong>hoc</strong></span> <span class='ocrx_word' id='word_1_442' title='bbox 2632 2345 2728 2408; x_wconf 89' lang='lat' dir='ltr'><strong>est</strong></span> <span class='ocrx_word' id='word_1_443' title='bbox 2779 2359 3036 2422; x_wconf 88' lang='lat' dir='ltr'><strong>verum,</strong></span> <span class='ocrx_word' id='word_1_444' title='bbox 3087 2342 3442 2408; x_wconf 88' lang='lat' dir='ltr'><strong>secundum</strong></span> 
     </span>
     <span class='ocr_line' id='line_1_66' title="bbox 1896 2446 3443 2530; baseline 0.003 -19"><span class='ocrx_word' id='word_1_445' title='bbox 1896 2448 2070 2530; x_wconf 85' lang='lat' dir='ltr'><strong>quod</strong></span> <span class='ocrx_word' id='word_1_446' title='bbox 2108 2448 2231 2513; x_wconf 92' lang='grc'><strong>1166</strong></span> <span class='ocrx_word' id='word_1_447' title='bbox 2263 2448 2647 2530; x_wconf 82' lang='lat' dir='ltr'><strong>intelligitur</strong></span> <span class='ocrx_word' id='word_1_448' title='bbox 2689 2447 2770 2512; x_wconf 94' lang='lat' dir='ltr'><strong>de</strong></span> <span class='ocrx_word' id='word_1_449' title='bbox 2818 2446 2963 2529; x_wconf 88' lang='grc'><strong>1636</strong></span> <span class='ocrx_word' id='word_1_450' title='bbox 3007 2452 3256 2513; x_wconf 84' lang='lat' dir='ltr'><strong>naturae</strong></span> <span class='ocrx_word' id='word_1_451' title='bbox 3272 2497 3291 2529; x_wconf 89' lang='lat'>,</span> <span class='ocrx_word' id='word_1_452' title='bbox 3336 2448 3443 2515; x_wconf 88' lang='lat' dir='ltr'><strong>vel</strong></span> 
     </span>
     <span class='ocr_line' id='line_1_67' title="bbox 1895 2553 3443 2639; baseline 0.001 -20"><span class='ocrx_word' id='word_1_453' title='bbox 1895 2553 1976 2621; x_wconf 89' lang='lat' dir='ltr'><strong>de</strong></span> <span class='ocrx_word' id='word_1_454' title='bbox 2009 2556 2154 2637; x_wconf 83' lang='lat' dir='ltr'><strong>lege</strong></span> <span class='ocrx_word' id='word_1_455' title='bbox 2180 2555 2546 2639; x_wconf 61' lang='lat' dir='ltr'><strong>scripturas,</strong></span> <span class='ocrx_word' id='word_1_456' title='bbox 2588 2554 2941 2618; x_wconf 87' lang='lat' dir='ltr'><strong>secundum</strong></span> <span class='ocrx_word' id='word_1_457' title='bbox 2976 2555 3151 2638; x_wconf 82' lang='lat' dir='ltr'><strong>quod</strong></span> <span class='ocrx_word' id='word_1_458' title='bbox 3194 2558 3289 2620; x_wconf 89' lang='lat' dir='ltr'><strong>est</strong></span> <span class='ocrx_word' id='word_1_459' title='bbox 3326 2554 3443 2620; x_wconf 90' lang='lat' dir='ltr'><strong>ad-</strong></span> 
     </span>
     <span class='ocr_line' id='line_1_68' title="bbox 1888 2662 3442 2747; baseline 0.002 -19"><span class='ocrx_word' id='word_1_460' title='bbox 1888 2665 2035 2747; x_wconf 86' lang='lat' dir='ltr'><strong>juta</strong></span> <span class='ocrx_word' id='word_1_461' title='bbox 2074 2666 2244 2729; x_wconf 91' lang='lat' dir='ltr'><strong>dono</strong></span> <span class='ocrx_word' id='word_1_462' title='bbox 2293 2663 2524 2747; x_wconf 81' lang='lat' dir='ltr'><strong>gratiae</strong></span> <span class='ocrx_word' id='word_1_463' title='bbox 2556 2686 2572 2728; x_wconf 91' lang='lat'>:</span> <span class='ocrx_word' id='word_1_464' title='bbox 2603 2663 2743 2728; x_wconf 87' lang='lat' dir='ltr'><strong>sine</strong></span> <span class='ocrx_word' id='word_1_465' title='bbox 2786 2662 2963 2728; x_wconf 89' lang='lat' dir='ltr'><strong>enim</strong></span> <span class='ocrx_word' id='word_1_466' title='bbox 3001 2663 3170 2728; x_wconf 94' lang='lat' dir='ltr'><strong>dono</strong></span> <span class='ocrx_word' id='word_1_467' title='bbox 3215 2664 3442 2745; x_wconf 79' lang='lat' dir='ltr'><strong>gratiae</strong></span> 
     </span>
     <span class='ocr_line' id='line_1_69' title="bbox 1893 2768 3442 2854; baseline 0.003 -21"><span class='ocrx_word' id='word_1_468' title='bbox 1893 2769 1966 2836; x_wconf 93' lang='lat' dir='ltr'><strong>in</strong></span> <span class='ocrx_word' id='word_1_469' title='bbox 1999 2771 2180 2836; x_wconf 92' lang='lat' dir='ltr'><strong>nulla</strong></span> <span class='ocrx_word' id='word_1_470' title='bbox 2222 2771 2368 2854; x_wconf 87' lang='grc'><strong>1636</strong></span> <span class='ocrx_word' id='word_1_471' title='bbox 2412 2771 2726 2852; x_wconf 89' lang='lat' dir='ltr'><strong>contingit</strong></span> <span class='ocrx_word' id='word_1_472' title='bbox 2764 2769 2843 2834; x_wconf 86' lang='lat' dir='ltr'><strong>ad</strong></span> <span class='ocrx_word' id='word_1_473' title='bbox 2893 2768 3165 2834; x_wconf 87' lang='lat' dir='ltr'><strong>salutem</strong></span> <span class='ocrx_word' id='word_1_474' title='bbox 3212 2788 3442 2853; x_wconf 87' lang='lat' dir='ltr'><strong>perve-</strong></span> 
     </span>
     <span class='ocr_line' id='line_1_70' title="bbox 1893 2877 3445 2958; baseline 0.002 -15"><span class='ocrx_word' id='word_1_475' title='bbox 1893 2878 2055 2944; x_wconf 90' lang='lat' dir='ltr'><strong>nire.</strong></span> <span class='ocrx_word' id='word_1_476' title='bbox 2098 2880 2406 2958; x_wconf 89' lang='lat' dir='ltr'><strong>Quamvis</strong></span> <span class='ocrx_word' id='word_1_477' title='bbox 2452 2883 2671 2944; x_wconf 90' lang='lat' dir='ltr'><strong>autem</strong></span> <span class='ocrx_word' id='word_1_478' title='bbox 2714 2877 2822 2942; x_wconf 83' lang='lat' dir='ltr'><strong>lex</strong></span> <span class='ocrx_word' id='word_1_479' title='bbox 2856 2881 3108 2942; x_wconf 80' lang='lat' dir='ltr'><strong>naturae</strong></span> <span class='ocrx_word' id='word_1_480' title='bbox 3144 2878 3445 2946; x_wconf 86' lang='lat' dir='ltr'><strong>destituta</strong></span> 
     </span>
     <span class='ocr_line' id='line_1_71' title="bbox 1893 2985 3444 3070; baseline 0.004 -20"><span class='ocrx_word' id='word_1_481' title='bbox 1893 2987 2137 3052; x_wconf 87' lang='lat' dir='ltr'><strong>auxilio</strong></span> <span class='ocrx_word' id='word_1_482' title='bbox 2176 2987 2403 3070; x_wconf 83' lang='lat' dir='ltr'><strong>gratiae</strong></span> <span class='ocrx_word' id='word_1_483' title='bbox 2447 3004 2580 3051; x_wconf 91' lang='lat' dir='ltr'><strong>non</strong></span> <span class='ocrx_word' id='word_1_484' title='bbox 2615 2986 2812 3070; x_wconf 88' lang='lat' dir='ltr'><strong>possit</strong></span> <span class='ocrx_word' id='word_1_485' title='bbox 2836 2985 3080 3070; x_wconf 85' lang='lat' dir='ltr'><strong>aliquid</strong></span> <span class='ocrx_word' id='word_1_486' title='bbox 3106 2985 3341 3054; x_wconf 83' lang='lat' dir='ltr'><strong>dictare</strong></span> <span class='ocrx_word' id='word_1_487' title='bbox 3363 2990 3444 3056; x_wconf 89' lang='lat' dir='ltr'><strong>de</strong></span> 
     </span>
     <span class='ocr_line' id='line_1_72' title="bbox 1892 3089 3443 3180; baseline 0.003 -22"><span class='ocrx_word' id='word_1_488' title='bbox 1892 3089 2032 3177; x_wconf 88' lang='lat' dir='ltr'><strong>ipso</strong></span> <span class='ocrx_word' id='word_1_489' title='bbox 2057 3091 2444 3174; x_wconf 86' lang='lat' dir='ltr'><strong>Mediatore;</strong></span> <span class='ocrx_word' id='word_1_490' title='bbox 2484 3094 2680 3177; x_wconf 90' lang='lat' dir='ltr'><strong>prout</strong></span> <span class='ocrx_word' id='word_1_491' title='bbox 2720 3096 2937 3159; x_wconf 90' lang='lat' dir='ltr'><strong>tamen</strong></span> <span class='ocrx_word' id='word_1_492' title='bbox 2962 3096 3058 3159; x_wconf 85' lang='lat' dir='ltr'><strong>est</strong></span> <span class='ocrx_word' id='word_1_493' title='bbox 3083 3095 3303 3179; x_wconf 85' lang='lat' dir='ltr'><strong>adjuta</strong></span> <span class='ocrx_word' id='word_1_494' title='bbox 3328 3114 3443 3180; x_wconf 89' lang='lat' dir='ltr'><strong>per</strong></span> 
     </span>
     <span class='ocr_line' id='line_1_73' title="bbox 1893 3197 3442 3281; baseline 0.004 -18"><span class='ocrx_word' id='word_1_495' title='bbox 1893 3200 2172 3281; x_wconf 84' lang='lat' dir='ltr'><strong>gratiam</strong></span> <span class='ocrx_word' id='word_1_496' title='bbox 2192 3248 2211 3280; x_wconf 90' lang='lat'>,</span> <span class='ocrx_word' id='word_1_497' title='bbox 2240 3200 2399 3265; x_wconf 92' lang='lat' dir='ltr'><strong>dum</strong></span> <span class='ocrx_word' id='word_1_498' title='bbox 2441 3197 2751 3264; x_wconf 76' lang='lat' dir='ltr'><strong>sentiebat</strong></span> <span class='ocrx_word' id='word_1_499' title='bbox 2789 3199 3228 3267; x_wconf 83' lang='lat' dir='ltr'><strong>infirmitatem</strong></span> <span class='ocrx_word' id='word_1_500' title='bbox 3255 3220 3442 3269; x_wconf 87' lang='lat' dir='ltr'><strong>suam</strong></span> 
     </span>
     <span class='ocr_line' id='line_1_74' title="bbox 1894 3305 3441 3390; baseline 0.002 -19"><span class='ocrx_word' id='word_1_501' title='bbox 1894 3309 1958 3371; x_wconf 89' lang='lat' dir='ltr'><strong>et</strong></span> <span class='ocrx_word' id='word_1_502' title='bbox 1976 3306 2324 3387; x_wconf 90' lang='lat' dir='ltr'><strong>miseriam,</strong></span> <span class='ocrx_word' id='word_1_503' title='bbox 2338 3311 2402 3371; x_wconf 93' lang='grc'><strong>61</strong></span> <span class='ocrx_word' id='word_1_504' title='bbox 2410 3305 2778 3371; x_wconf 88' lang='lat' dir='ltr'><strong>advertebat</strong></span> <span class='ocrx_word' id='word_1_505' title='bbox 2788 3306 2931 3390; x_wconf 87' lang='lat' dir='ltr'><strong>Deij</strong></span> <span class='ocrx_word' id='word_1_506' title='bbox 2939 3307 3221 3373; x_wconf 89' lang='lat' dir='ltr'><strong>ustitiam</strong></span> <span class='ocrx_word' id='word_1_507' title='bbox 3240 3312 3306 3374; x_wconf 88' lang='lat' dir='ltr'><strong>et</strong></span> <span class='ocrx_word' id='word_1_508' title='bbox 3322 3311 3441 3374; x_wconf 90' lang='lat' dir='ltr'><strong>mi-</strong></span> 
     </span>
     <span class='ocr_line' id='line_1_75' title="bbox 1893 3412 3441 3499; baseline 0.003 -21"><span class='ocrx_word' id='word_1_509' title='bbox 1893 3412 2333 3493; x_wconf 89' lang='lat' dir='ltr'><strong>sericordiam,</strong></span> <span class='ocrx_word' id='word_1_510' title='bbox 2404 3412 2559 3478; x_wconf 86' lang='lat' dir='ltr'><strong>satis</strong></span> <span class='ocrx_word' id='word_1_511' title='bbox 2625 3412 2863 3478; x_wconf 89' lang='lat' dir='ltr'><strong>dictare</strong></span> <span class='ocrx_word' id='word_1_512' title='bbox 2925 3417 3192 3496; x_wconf 87' lang='lat' dir='ltr'><strong>poterat,</strong></span> <span class='ocrx_word' id='word_1_513' title='bbox 3268 3417 3441 3499; x_wconf 85' lang='lat' dir='ltr'><strong>quod</strong></span> 
     </span>
     <span class='ocr_line' id='line_1_76' title="bbox 1892 3517 3442 3603; baseline 0.002 -19"><span class='ocrx_word' id='word_1_514' title='bbox 1892 3520 2090 3585; x_wconf 90' lang='lat' dir='ltr'><strong>homo</strong></span> <span class='ocrx_word' id='word_1_515' title='bbox 2136 3518 2517 3603; x_wconf 87' lang='lat' dir='ltr'><strong>Reparatore</strong></span> <span class='ocrx_word' id='word_1_516' title='bbox 2559 3517 2908 3600; x_wconf 80' lang='lat' dir='ltr'><strong>indigebat,</strong></span> <span class='ocrx_word' id='word_1_517' title='bbox 2938 3521 3002 3583; x_wconf 91' lang='lat' dir='ltr'><strong>et</strong></span> <span class='ocrx_word' id='word_1_518' title='bbox 3026 3521 3202 3603; x_wconf 85' lang='lat' dir='ltr'><strong>quod</strong></span> <span class='ocrx_word' id='word_1_519' title='bbox 3222 3522 3442 3588; x_wconf 88' lang='lat' dir='ltr'><strong>divina</strong></span> 
     </span>
     <span class='ocr_line' id='line_1_77' title="bbox 1892 3625 3437 3711; baseline 0.003 -20"><span class='ocrx_word' id='word_1_520' title='bbox 1892 3627 2143 3692; x_wconf 89' lang='lat' dir='ltr'><strong>bonitas</strong></span> <span class='ocrx_word' id='word_1_521' title='bbox 2181 3627 2332 3693; x_wconf 90' lang='lat' dir='ltr'><strong>dare</strong></span> <span class='ocrx_word' id='word_1_522' title='bbox 2370 3626 2766 3710; x_wconf 88' lang='lat' dir='ltr'><strong>disponebat.</strong></span> <span class='ocrx_word' id='word_1_523' title='bbox 2804 3625 2984 3690; x_wconf 92' lang='lat' dir='ltr'><strong>Unde</strong></span> <span class='ocrx_word' id='word_1_524' title='bbox 3019 3644 3273 3711; x_wconf 87' lang='lat' dir='ltr'><strong>semper</strong></span> <span class='ocrx_word' id='word_1_525' title='bbox 3297 3630 3437 3696; x_wconf 82' lang='lat' dir='ltr'><strong>fue·</strong></span> 
     </span>
     <span class='ocr_line' id='line_1_78' title="bbox 1891 3732 3441 3817; baseline 0.002 -18"><span class='ocrx_word' id='word_1_526' title='bbox 1891 3738 2048 3799; x_wconf 90' lang='lat' dir='ltr'><strong>runt</strong></span> <span class='ocrx_word' id='word_1_527' title='bbox 2113 3733 2314 3817; x_wconf 86' lang='lat' dir='ltr'><strong>aliqui</strong></span> <span class='ocrx_word' id='word_1_528' title='bbox 2381 3733 2607 3798; x_wconf 86' lang='lat' dir='ltr'><strong>famosi</strong></span> <span class='ocrx_word' id='word_1_529' title='bbox 2659 3732 2774 3798; x_wconf 90' lang='lat' dir='ltr'><strong>Dei</strong></span> <span class='ocrx_word' id='word_1_530' title='bbox 2825 3732 3098 3798; x_wconf 89' lang='lat' dir='ltr'><strong>cultores</strong></span> <span class='ocrx_word' id='word_1_531' title='bbox 3141 3736 3223 3799; x_wconf 89' lang='lat' dir='ltr'><strong>ab</strong></span> <span class='ocrx_word' id='word_1_532' title='bbox 3256 3735 3441 3804; x_wconf 83' lang='lat' dir='ltr'><strong>initio</strong></span> 
     </span>
     <span class='ocr_line' id='line_1_79' title="bbox 1891 3840 3441 3923; baseline 0.003 -16"><span class='ocrx_word' id='word_1_533' title='bbox 1891 3842 2141 3921; x_wconf 91' lang='lat' dir='ltr'><strong>mundi,</strong></span> <span class='ocrx_word' id='word_1_534' title='bbox 2172 3841 2285 3923; x_wconf 85' lang='lat' dir='ltr'><strong>qui</strong></span> <span class='ocrx_word' id='word_1_535' title='bbox 2311 3841 2435 3905; x_wconf 91' lang='grc'><strong>1166</strong></span> <span class='ocrx_word' id='word_1_536' title='bbox 2461 3840 2921 3923; x_wconf 76' lang='lat' dir='ltr'><strong>profitebantur</strong></span> <span class='ocrx_word' id='word_1_537' title='bbox 2946 3840 3082 3905; x_wconf 87' lang='lat' dir='ltr'><strong>suis</strong></span> <span class='ocrx_word' id='word_1_538' title='bbox 3100 3842 3441 3911; x_wconf 84' lang='lat' dir='ltr'><strong>oblationi-</strong></span> 
     </span>
     <span class='ocr_line' id='line_1_80' title="bbox 1891 3945 3442 4033; baseline 0.004 -23"><span class='ocrx_word' id='word_1_539' title='bbox 1891 3947 2036 4027; x_wconf 76' lang='lat' dir='ltr'><strong>buS‚</strong></span> <span class='ocrx_word' id='word_1_540' title='bbox 2064 3945 2145 4011; x_wconf 88' lang='lat' dir='ltr'><strong>ad</strong></span> <span class='ocrx_word' id='word_1_541' title='bbox 2171 3962 2453 4029; x_wconf 89' lang='lat' dir='ltr'><strong>quorum</strong></span> <span class='ocrx_word' id='word_1_542' title='bbox 2479 3948 2806 4028; x_wconf 87' lang='lat' dir='ltr'><strong>aspectum</strong></span> <span class='ocrx_word' id='word_1_543' title='bbox 2832 3948 2898 4011; x_wconf 89' lang='lat' dir='ltr'><strong>et</strong></span> <span class='ocrx_word' id='word_1_544' title='bbox 2923 3947 3293 4033; x_wconf 80' lang='lat' dir='ltr'><strong>exemplum</strong></span> <span class='ocrx_word' id='word_1_545' title='bbox 3330 3951 3442 4017; x_wconf 91' lang='grc'><strong>6111</strong></span> 
     </span>
     <span class='ocr_line' id='line_1_81' title="bbox 1891 4053 3530 4141; baseline -0.004 -20"><span class='ocrx_word' id='word_1_546' title='bbox 1891 4058 2185 4140; x_wconf 88' lang='lat' dir='ltr'><strong>poterant</strong></span> <span class='ocrx_word' id='word_1_547' title='bbox 2205 4053 2468 4120; x_wconf 87' lang='lat' dir='ltr'><strong>erudiri.</strong></span> <span class='ocrx_word' id='word_1_548' title='bbox 2710 4133 2719 4141; x_wconf 92' lang='lat'><strong>.</strong></span> <span class='ocrx_word' id='word_1_549' title='bbox 3525 4054 3530 4058; x_wconf 83' lang='grc'><em>’</em></span> 
     </span>
    </p>

    <p class='ocr_par' dir='ltr' id='par_1_11' title="bbox 1890 4154 3528 5436">
     <span class='ocr_line' id='line_1_82' title="bbox 1971 4154 3528 4248; baseline 0.003 -20"><span class='ocrx_word' id='word_1_550' title='bbox 1971 4168 2033 4228; x_wconf 91' lang='grc'><strong>6.</strong></span> <span class='ocrx_word' id='word_1_551' title='bbox 2073 4162 2174 4228; x_wconf 89' lang='lat' dir='ltr'><strong>Ad</strong></span> <span class='ocrx_word' id='word_1_552' title='bbox 2208 4161 2369 4226; x_wconf 90' lang='lat' dir='ltr'><strong>illud</strong></span> <span class='ocrx_word' id='word_1_553' title='bbox 2402 4159 2573 4244; x_wconf 88' lang='lat' dir='ltr'><strong>quod</strong></span> <span class='ocrx_word' id='word_1_554' title='bbox 2604 4159 2829 4225; x_wconf 90' lang='lat' dir='ltr'><strong>ultimo</strong></span> <span class='ocrx_word' id='word_1_555' title='bbox 2857 4162 3236 4245; x_wconf 86' lang='lat' dir='ltr'><strong>opponitur,</strong></span> <span class='ocrx_word' id='word_1_556' title='bbox 3266 4165 3439 4248; x_wconf 91' lang='lat' dir='ltr'><strong>quod</strong></span> <span class='ocrx_word' id='word_1_557' title='bbox 3520 4154 3528 4163; x_wconf 75' lang='grc'><strong>’</strong></span> 
     </span>
     <span class='ocr_line' id='line_1_83' title="bbox 1891 4266 3439 4353; baseline 0.002 -17"><span class='ocrx_word' id='word_1_558' title='bbox 1891 4289 2022 4336; x_wconf 89' lang='grc'><strong>11611</strong></span> <span class='ocrx_word' id='word_1_559' title='bbox 2046 4271 2341 4353; x_wconf 86' lang='lat' dir='ltr'><strong>poterant</strong></span> <span class='ocrx_word' id='word_1_560' title='bbox 2374 4268 2535 4333; x_wconf 91' lang='lat' dir='ltr'><strong>illud</strong></span> <span class='ocrx_word' id='word_1_561' title='bbox 2569 4266 2731 4332; x_wconf 90' lang='lat' dir='ltr'><strong>scire</strong></span> <span class='ocrx_word' id='word_1_562' title='bbox 2756 4286 2871 4351; x_wconf 90' lang='lat' dir='ltr'><strong>per</strong></span> <span class='ocrx_word' id='word_1_563' title='bbox 2901 4268 3339 4336; x_wconf 87' lang='lat' dir='ltr'><strong>inventionem</strong></span> <span class='ocrx_word' id='word_1_564' title='bbox 3375 4280 3439 4339; x_wconf 90' lang='lat' dir='ltr'><strong>et</strong></span> 
     </span>
     <span class='ocr_line' id='line_1_84' title="bbox 1891 4375 3438 4460; baseline 0 -15"><span class='ocrx_word' id='word_1_565' title='bbox 1891 4379 2267 4459; x_wconf 85' lang='lat' dir='ltr'><strong>doctrinam,</strong></span> <span class='ocrx_word' id='word_1_566' title='bbox 2290 4380 2429 4460; x_wconf 85' lang='lat' dir='ltr'><strong>jam</strong></span> <span class='ocrx_word' id='word_1_567' title='bbox 2455 4378 2628 4460; x_wconf 89' lang='lat' dir='ltr'><strong>patet</strong></span> <span class='ocrx_word' id='word_1_568' title='bbox 2651 4375 3015 4459; x_wconf 83' lang='lat' dir='ltr'><strong>responsio:</strong></span> <span class='ocrx_word' id='word_1_569' title='bbox 3043 4378 3196 4459; x_wconf 88' lang='lat' dir='ltr'><strong>quia</strong></span> <span class='ocrx_word' id='word_1_570' title='bbox 3216 4377 3438 4445; x_wconf 88' lang='lat' dir='ltr'><strong>divina</strong></span> 
     </span>
     <span class='ocr_line' id='line_1_85' title="bbox 1892 4485 3439 4572; baseline -0.001 -19"><span class='ocrx_word' id='word_1_571' title='bbox 1892 4490 2105 4572; x_wconf 84' lang='lat' dir='ltr'><strong>gratia</strong></span> <span class='ocrx_word' id='word_1_572' title='bbox 2152 4485 2457 4552; x_wconf 88' lang='lat' dir='ltr'><strong>omnibus</strong></span> <span class='ocrx_word' id='word_1_573' title='bbox 2489 4487 2723 4568; x_wconf 79' lang='lat' dir='ltr'><strong>praesto</strong></span> <span class='ocrx_word' id='word_1_574' title='bbox 2766 4487 2937 4560; x_wconf 86' lang='lat' dir='ltr'><strong>erat,</strong></span> <span class='ocrx_word' id='word_1_575' title='bbox 2986 4485 3051 4548; x_wconf 88' lang='lat' dir='ltr'><strong>et</strong></span> <span class='ocrx_word' id='word_1_576' title='bbox 3089 4490 3322 4549; x_wconf 87' lang='lat' dir='ltr'><strong>natura</strong></span> <span class='ocrx_word' id='word_1_577' title='bbox 3356 4485 3439 4551; x_wconf 88' lang='lat' dir='ltr'><strong>ad</strong></span> 
     </span>
     <span class='ocr_line' id='line_1_86' title="bbox 1890 4590 3437 4676; baseline -0.001 -16"><span class='ocrx_word' id='word_1_578' title='bbox 1890 4596 2016 4661; x_wconf 92' lang='grc'><strong>1166</strong></span> <span class='ocrx_word' id='word_1_579' title='bbox 2053 4594 2489 4660; x_wconf 87' lang='lat' dir='ltr'><strong>manuducere</strong></span> <span class='ocrx_word' id='word_1_580' title='bbox 2538 4594 2785 4676; x_wconf 88' lang='lat' dir='ltr'><strong>poterat</strong></span> <span class='ocrx_word' id='word_1_581' title='bbox 2826 4609 2908 4656; x_wconf 88' lang='lat' dir='ltr'><strong>ex</strong></span> <span class='ocrx_word' id='word_1_582' title='bbox 2937 4590 3437 4672; x_wconf 89' lang='lat' dir='ltr'><strong>consideratione</strong></span> 
     </span>
     <span class='ocr_line' id='line_1_87' title="bbox 1892 4697 3439 4779; baseline -0.001 -12"><span class='ocrx_word' id='word_1_583' title='bbox 1892 4719 2029 4769; x_wconf 84' lang='lat' dir='ltr'><strong>suae</strong></span> <span class='ocrx_word' id='word_1_584' title='bbox 2077 4700 2352 4766; x_wconf 70' lang='lat' dir='ltr'><strong>miseriae</strong></span> <span class='ocrx_word' id='word_1_585' title='bbox 2397 4703 2461 4765; x_wconf 88' lang='lat' dir='ltr'><strong>et</strong></span> <span class='ocrx_word' id='word_1_586' title='bbox 2498 4697 2848 4779; x_wconf 80' lang='lat' dir='ltr'><strong>curvitatis,</strong></span> <span class='ocrx_word' id='word_1_587' title='bbox 2878 4700 3055 4764; x_wconf 88' lang='lat' dir='ltr'><strong>etex</strong></span> <span class='ocrx_word' id='word_1_588' title='bbox 3083 4698 3439 4766; x_wconf 86' lang='lat' dir='ltr'><strong>eruditione</strong></span> 
     </span>
     <span class='ocr_line' id='line_1_88' title="bbox 1892 4809 3442 4897; baseline 0 -20"><span class='ocrx_word' id='word_1_589' title='bbox 1892 4813 2172 4897; x_wconf 83' lang='lat' dir='ltr'><strong>quadam</strong></span> <span class='ocrx_word' id='word_1_590' title='bbox 2199 4809 2505 4894; x_wconf 85' lang='lat' dir='ltr'><strong>generali,</strong></span> <span class='ocrx_word' id='word_1_591' title='bbox 2537 4827 2734 4892; x_wconf 85' lang='lat' dir='ltr'><strong>quam</strong></span> <span class='ocrx_word' id='word_1_592' title='bbox 2766 4809 3052 4892; x_wconf 85' lang='lat' dir='ltr'><strong>accipere</strong></span> <span class='ocrx_word' id='word_1_593' title='bbox 3085 4812 3378 4891; x_wconf 87' lang='lat' dir='ltr'><strong>poterant</strong></span> <span class='ocrx_word' id='word_1_594' title='bbox 3400 4829 3442 4878; x_wconf 87' lang='lat' dir='ltr'><strong>a</strong></span> 
     </span>
     <span class='ocr_line' id='line_1_89' title="bbox 1892 4915 3440 5002; baseline -0.001 -16"><span class='ocrx_word' id='word_1_595' title='bbox 1892 4920 2088 5000; x_wconf 83' lang='lat' dir='ltr'><strong>viris,</strong></span> <span class='ocrx_word' id='word_1_596' title='bbox 2119 4919 2232 5002; x_wconf 86' lang='lat' dir='ltr'><strong>qui</strong></span> <span class='ocrx_word' id='word_1_597' title='bbox 2275 4919 2458 4982; x_wconf 91' lang='lat' dir='ltr'><strong>erant</strong></span> <span class='ocrx_word' id='word_1_598' title='bbox 2499 4916 2569 4981; x_wconf 92' lang='lat' dir='ltr'><strong>in</strong></span> <span class='ocrx_word' id='word_1_599' title='bbox 2616 4916 2795 4981; x_wconf 84' lang='lat' dir='ltr'><strong>cultu</strong></span> <span class='ocrx_word' id='word_1_600' title='bbox 2832 4915 2943 4980; x_wconf 90' lang='lat' dir='ltr'><strong>Dei</strong></span> <span class='ocrx_word' id='word_1_601' title='bbox 2971 4916 3219 4981; x_wconf 80' lang='lat' dir='ltr'><strong>famosi.</strong></span> <span class='ocrx_word' id='word_1_602' title='bbox 3260 4915 3440 4985; x_wconf 89' lang='lat' dir='ltr'><strong>Unde</strong></span> 
     </span>
     <span class='ocr_line' id='line_1_90' title="bbox 1893 5024 3440 5108; baseline -0.002 -15"><span class='ocrx_word' id='word_1_603' title='bbox 1893 5046 2043 5093; x_wconf 90' lang='lat' dir='ltr'><strong>cum</strong></span> <span class='ocrx_word' id='word_1_604' title='bbox 2085 5045 2220 5093; x_wconf 91' lang='lat' dir='ltr'><strong>non</strong></span> <span class='ocrx_word' id='word_1_605' title='bbox 2242 5028 2404 5091; x_wconf 89' lang='lat' dir='ltr'><strong>esset</strong></span> <span class='ocrx_word' id='word_1_606' title='bbox 2427 5027 2583 5088; x_wconf 90' lang='lat' dir='ltr'><strong>tunc</strong></span> <span class='ocrx_word' id='word_1_607' title='bbox 2608 5025 2962 5108; x_wconf 90' lang='lat' dir='ltr'><strong>prophetia,</strong></span> <span class='ocrx_word' id='word_1_608' title='bbox 2986 5042 3109 5088; x_wconf 89' lang='lat' dir='ltr'><strong>nec</strong></span> <span class='ocrx_word' id='word_1_609' title='bbox 3134 5024 3440 5090; x_wconf 88' lang='lat' dir='ltr'><strong>revelatio</strong></span> 
     </span>
     <span class='ocr_line' id='line_1_91' title="bbox 1894 5132 3439 5220; baseline -0.003 -18"><span class='ocrx_word' id='word_1_610' title='bbox 1894 5139 2143 5220; x_wconf 86' lang='lat' dir='ltr'><strong>aperta,</strong></span> <span class='ocrx_word' id='word_1_611' title='bbox 2187 5152 2318 5198; x_wconf 91' lang='lat' dir='ltr'><strong>non</strong></span> <span class='ocrx_word' id='word_1_612' title='bbox 2361 5132 2745 5197; x_wconf 83' lang='lat' dir='ltr'><strong>tenebantur</strong></span> <span class='ocrx_word' id='word_1_613' title='bbox 2800 5132 3067 5197; x_wconf 91' lang='lat' dir='ltr'><strong>omnino</strong></span> <span class='ocrx_word' id='word_1_614' title='bbox 3117 5133 3200 5198; x_wconf 89' lang='lat' dir='ltr'><strong>ad</strong></span> <span class='ocrx_word' id='word_1_615' title='bbox 3242 5132 3439 5199; x_wconf 87' lang='lat' dir='ltr'><strong>fldem</strong></span> 
     </span>
     <span class='ocr_line' id='line_1_92' title="bbox 1893 5239 3433 5328; baseline -0.004 -17"><span class='ocrx_word' id='word_1_616' title='bbox 1893 5243 2277 5328; x_wconf 85' lang='lat' dir='ltr'><strong>explicitam.</strong></span> <span class='ocrx_word' id='word_1_617' title='bbox 2319 5239 2757 5305; x_wconf 88' lang='lat' dir='ltr'><strong>Indubitanter</strong></span> <span class='ocrx_word' id='word_1_618' title='bbox 2795 5243 3010 5304; x_wconf 87' lang='lat' dir='ltr'><strong>tamen</strong></span> <span class='ocrx_word' id='word_1_619' title='bbox 3049 5257 3281 5304; x_wconf 82' lang='lat' dir='ltr'><strong>verum</strong></span> <span class='ocrx_word' id='word_1_620' title='bbox 3314 5244 3433 5322; x_wconf 85' lang='lat' dir='ltr'><strong>est,</strong></span> 
     </span>
     <span class='ocr_line' id='line_1_93' title="bbox 1894 5344 3430 5436; baseline -0.003 -18"><span class='ocrx_word' id='word_1_621' title='bbox 1894 5352 2066 5436; x_wconf 86' lang='lat' dir='ltr'><strong>quod</strong></span> <span class='ocrx_word' id='word_1_622' title='bbox 2126 5350 2219 5415; x_wconf 89' lang='lat' dir='ltr'><strong>eis</strong></span> <span class='ocrx_word' id='word_1_623' title='bbox 2269 5349 2505 5431; x_wconf 81' lang='lat' dir='ltr'><strong>praesto</strong></span> <span class='ocrx_word' id='word_1_624' title='bbox 2555 5349 2692 5412; x_wconf 88' lang='lat' dir='ltr'><strong>erat</strong></span> <span class='ocrx_word' id='word_1_625' title='bbox 2753 5346 2976 5413; x_wconf 87' lang='lat' dir='ltr'><strong>notitia</strong></span> <span class='ocrx_word' id='word_1_626' title='bbox 3045 5344 3430 5430; x_wconf 83' lang='lat' dir='ltr'><strong>Mediatoris,</strong></span> 
     </span>
    </p>
   </div>
   <div class='ocr_carea' id='block_1_6' title="bbox 1957 5477 2429 5546">
    <p class='ocr_par' dir='ltr' id='par_1_12' title="bbox 1957 5477 2429 5546">
     <span class='ocr_line' id='line_1_94' title="bbox 1957 5477 2429 5546; baseline -0.006 -16"><span class='ocrx_word' id='word_1_627' title='bbox 1957 5480 2024 5546; x_wconf 83' lang='grc' dir='ltr'><strong>(α)</strong></span> <span class='ocrx_word' id='word_1_628' title='bbox 2056 5478 2144 5529; x_wconf 80' lang='lat' dir='ltr'><strong>Al.</strong></span> <span class='ocrx_word' id='word_1_629' title='bbox 2168 5477 2429 5544; x_wconf 79' lang='lat' dir='ltr'><strong>figuratur.</strong></span> 
     </span>
    </p>
   </div>
  </div>
 </body>
</html>
