4185 6288
788 477 909 540 11⁶8

782 611 851 676 in
878 610 1122 676 Christo
1139 627 1271 674 non
1284 613 1376 673 est
1399 610 1525 673 nisi
1542 628 1676 675 una
1685 627 1954 693 persona
1971 630 1988 675 :
2003 630 2183 694 ergo,
2202 617 2321 676 etc.

863 721 1055 799 Item,
1088 719 1141 781 si
1169 719 1385 801 aliqua
1409 719 1537 783 duo
1577 720 1882 785 differunt
1910 722 2326 785 essentialiter

778 828 843 891 in
873 827 1243 909 suppositis,
1274 827 1660 908 impossibile
1707 833 1800 891 est
1839 847 2041 891 unum
2084 829 2322 910 praedi-

779 935 907 999 cari
944 936 1022 999 de
1044 935 1242 998 altero
1271 953 1286 997 t
1320 935 1428 998 sed
1459 935 1621 998 Deus
1649 940 1713 999 et
1747 936 1942 999 homo
1969 936 2320 999 essentiali-

774 1046 871 1103 ter
898 1040 1202 1104 differunt
1231 1062 1247 1104 ι
1279 1058 1459 1121 ergo,
1490 1041 1544 1103 si
1573 1042 1642 1104 in
1671 1041 1915 1106 Christo
1941 1042 2179 1105 habent
2206 1042 2322 1105 dif-

770 1147 1107 1211 ferentiam
1154 1149 1661 1229 suppositorum,
1705 1166 1862 1229 ergo
1908 1167 2036 1212 non
2082 1149 2320 1230 praedi-

771 1258 999 1319 cantur
1046 1255 1124 1319 de
1168 1273 1234 1318 se
1286 1260 1516 1319 mutuo
1563 1277 1579 1319 ε
1633 1273 1791 1336 ergo
1840 1274 1959 1320 nec
2014 1255 2183 1320 Deus
2227 1259 2322 1319 est

704 1345 710 1351 ⁴
768 1363 965 1427 homo
983 1412 1000 1442 ,
1030 1383 1149 1427 nec
1177 1365 1371 1458 homo
1399 1362 1597 1441 DeuS,
1633 1364 1803 1446 quod
1834 1368 1929 1429 est
1954 1365 2321 1428 communi·

765 1474 864 1534 ter
890 1473 1112 1535 contra
1141 1488 1364 1535 omnes
1396 1469 1678 1535 Sanctos,

845 1577 1006 1642 Item
1046 1578 1454 1644 individuum
1496 1582 1740 1641 constat
1779 1595 1862 1641 ex
1902 1577 2314 1660 proprietati-

765 1684 908 1764 buS,
939 1703 1216 1766 quarum
1246 1684 1681 1748 collectionem
1703 1685 2090 1767 impossibile
2123 1689 2218 1749 est
2248 1686 2315 1749 in

764 1791 961 1856 altero
980 1790 1245 1872 reperiri
1272 1791 1416 1854 :sed
1445 1790 1761 1873 quidquid
1788 1791 2024 1855 dicitur
2048 1792 2126 1855 de
2153 1791 2314 1856 Filio

762 1894 894 1973 Dei,
919 1898 1151 1962 dicitur
1176 1898 1255 1961 de
1282 1897 1442 1961 Filio
1472 1898 1771 1977 hominiS,
1802 1902 1865 1962 et
1892 1918 1928 1962 e
1952 1916 2260 1963 converso
2290 1918 2309 1961 ε

761 2023 920 2086 ergo
947 2003 1144 2070 Filius
1170 2004 1303 2084 Dei,
1333 2008 1397 2068 et
1422 2003 1624 2068 Filius
1653 2004 1931 2069 hominis
1958 2006 2028 2069 in
2065 2007 2310 2072 Christo

758 2129 892 2175 non
918 2112 1219 2177 differunt
1252 2130 1545 2192 numero,
1575 2114 1739 2176 sicut
1772 2113 2103 2179 individua
2125 2115 2252 2179 duo
2286 2137 2302 2177 ε

758 2237 916 2301 ergo
942 2219 1230 2284 Christus
1255 2239 1386 2284 non
1413 2223 1617 2302 potest
1645 2220 1767 2284 dici
1795 2220 1922 2284 duo
1946 2220 2301 2298 individua,

756 2326 893 2390 sive
924 2328 1246 2410 supposita
1274 2349 1288 2389 z
1318 2346 1434 2390 nec
1460 2330 1665 2409 potest
1686 2327 1812 2389 dici
1841 2326 1987 2392 duae
2017 2331 2299 2391 naturae:

754 2451 913 2516 ergo
961 2435 1328 2500 nullatenus
1368 2434 1622 2501 videtur
1673 2433 1843 2517 quod
1905 2433 2128 2498 debeat
2179 2434 2304 2500 dici

753 2544 905 2609 duo.

1301 2691 1753 2759 CONCLUSIO.

752 2847 995 2906 Christus
1019 2864 1127 2905 non
1154 2849 1306 2905 debet
1344 2850 1455 2905 dici
1489 2849 1623 2917 duo,
1660 2852 1793 2921 quia
1820 2849 2058 2905 humana
2094 2854 2299 2906 natura

822 2941 1296 3009 substantificatum·
1340 2943 1401 2997 in
1430 2940 1621 2998 divina
1645 2956 1898 3014 persona,
1935 2944 1986 2996 et
2023 2956 2191 2996 unum
2220 2944 2297 2995 est

817 3030 902 3086 ibi
926 3033 1281 3103 mppositum.

826 3190 1014 3273 Resp.
1042 3192 1122 3255 ad
1149 3209 1289 3272 arg.
1330 3190 1678 3254 Dicendum
1695 3190 1889 3272 quod,
1927 3207 2075 3252 cum
2109 3205 2292 3270 quae-

742 3296 908 3361 ritur
932 3300 1153 3361 utrum
1190 3297 1472 3361 Christus
1496 3298 1576 3359 sit
1600 3287 1727 3361 duo
1747 3344 1764 3374 ,
1801 3297 1921 3359 hoc
1963 3295 2294 3377 tripliciter

742 3407 946 3488 potest
970 3404 1241 3486 intelligi
1275 3423 1291 3467 ε
1326 3423 1456 3467 uno
1482 3406 1700 3483 mod0,
1730 3408 1802 3468 ut
1829 3404 2075 3466 dicatur
2108 3402 2287 3465 Chri-

742 3516 879 3576 stus
902 3501 1039 3576 esse
1074 3513 1219 3577 duae
1248 3518 1537 3591 naturae,
1582 3515 1646 3575 et
1689 3513 1811 3575 hoc
1853 3512 2042 3575 modo
2070 3510 2291 3574 nullus

737 3620 973 3702 posuit,
1000 3638 1118 3683 nec
1143 3620 1449 3684 intellexit
1476 3618 1799 3683 Christum
1825 3637 1961 3683 esse
1980 3618 2132 3694 duc,
2167 3635 2285 3699 pro

736 3743 813 3790 eo
848 3726 1019 3808 quod
1049 3727 1338 3791 humana
1370 3731 1601 3791 natura
1626 3745 1758 3790 non
1785 3726 2167 3807 praedicatur
2209 3724 2288 3788 de

736 3831 980 3897 Christo
1007 3856 1025 3912 ;
1080 3835 1206 3900 alio
1249 3836 1475 3914 modo,
1531 3838 1734 3915 potest
1790 3832 2060 3913 intelligi
2111 3832 2286 3914 quod

734 3939 1021 4005 Christus
1047 3941 1129 4005 sit
1153 3944 1314 4021 duo,
1341 3942 1636 4007 videlicet
1680 3942 1825 4005 duae
1866 3959 2190 4023 personae,
2224 3946 2289 4004 et

732 4048 855 4112 hoc
882 4049 1072 4112 modo
1097 4049 1219 4113 fuit
1249 4048 1654 4128 haereticum,
1683 4053 1746 4112 et
1771 4053 1990 4111 contra
2017 4047 2288 4129 Symbo-

728 4154 891 4219 lum.
945 4155 1103 4220 Dicit
1141 4156 1317 4220 enim
1360 4155 1746 4219 Athanasius
1771 4156 1789 4189 ²
1832 4177 1847 4218 z
1889 4178 1920 4215 a
1964 4152 2107 4218 Non
2158 4154 2285 4219 duo

727 4265 970 4339 tamen,
999 4263 1110 4328 sed
1138 4280 1311 4327 unus
1337 4266 1433 4327 est
1459 4261 1767 4327 Christus.
1799 4283 1830 4320 υ
1856 4260 2069 4325 Tertio
2089 4260 2280 4325 modo

726 4374 933 4452 potest
956 4371 1259 4452 intelligi,
1289 4371 1461 4453 quod
1490 4370 1775 4435 Christus
1801 4370 1881 4433 sit
1911 4369 2038 4434 duo
2066 4369 2279 4433 medio

726 4477 917 4542 modo
935 4526 953 4556 ,
988 4497 1120 4543 non
1146 4478 1300 4561 quia
1336 4477 1621 4543 Christus
1648 4479 1729 4541 sit
1763 4478 1909 4542 duae
1952 4494 2275 4559 personae,

724 4587 826 4650 vel
854 4587 1001 4651 duae
1029 4592 1306 4669 naturae,
1338 4588 1448 4653 sed
1478 4587 1632 4670 quia
1661 4587 1742 4649 sit
1773 4586 1902 4649 duo
1926 4585 2276 4667 supposita,

723 4694 827 4761 vel
855 4695 1004 4760 duae
1031 4715 1133 4761 res
1161 4703 1409 4761 naturae
1432 4747 1449 4777 ,
1484 4715 1631 4779 quae
1667 4699 1884 4760 tenent
1920 4696 2108 4777 quasi
2135 4712 2273 4757 me-

644 4887 648 4891 ·
722 4801 903 4867 dium
939 4804 1106 4868 inter
1154 4804 1524 4869 dualitatem
1568 4808 1856 4879 naturae,
1907 4807 1970 4866 et
2011 4802 2277 4867 dualita-

719 4914 851 4975 tem
876 4931 1188 4992 personae.
1235 4913 1313 4976 Et
1356 4915 1475 4977 iste
1532 4914 1762 4979 modus
1798 4911 2045 4977 dicendi
2074 4911 2273 4993 perti-

719 5020 862 5082 nuit
888 5021 965 5082 ad
995 5021 1265 5102 primam
1296 5022 1700 5104 opinionem,
1734 5041 1851 5084 nec
1888 5025 1983 5084 est
2011 5018 2268 5081 haereti-

717 5127 902 5200 cus²,
957 5129 1065 5191 sed
1126 5129 1392 5192 multam
1455 5129 1680 5193 habuit
1734 5127 2264 5210 probabilitatem.

777 5322 797 5356 ¹
828 5321 1083 5386 Symbol„
1110 5329 1166 5375 ut
1201 5325 1403 5388 dicitur,
1442 5326 1721 5388 Athanasii,
1746 5325 1839 5375 sed
1871 5324 2044 5387 potius
2088 5322 2261 5386 vigilii

710 5392 1083 5458 Tapsensis.—
1120 5398 1141 5430 ²
1169 5397 1277 5446 lmo
1323 5397 1597 5448 haereticus
1643 5402 1758 5447 est:
1787 5396 1908 5446 dicit
1929 5395 2067 5444 enim
2099 5395 2263 5459 Syno-

710 5464 808 5516 dus
835 5464 1278 5531 constantinopol.
1324 5470 1531 5532 quinta,
1561 5484 1610 5520 c.
1634 5480 1662 5517 v
1695 5483 1708 5516 :
1746 5483 1774 5514 α
1792 5468 1847 5519 Si
1885 5465 1999 5530 quis
2024 5465 2258 5516 introdu-

1882 474 2510 543 SENTENTIARUM
2549 476 2700 541 LIB.
2752 476 2858 543 111.

2436 611 2597 677 Cum
2636 612 2812 676 enim
2840 611 3107 676 diversis
3139 613 3390 678 naturis
3424 613 3692 679 diversae
3716 633 3966 699 respon-

2434 722 2624 786 deant
2653 740 2754 786 res
2786 725 3067 801 naturae,
3105 725 3169 787 et
3193 722 3461 786 diversis
3486 723 3847 788 substantiis
3873 726 3967 789 d‘r-

2432 845 2617 893 versa
2679 829 3102 911 respondeant
3161 830 3484 911 supposita
3511 852 3527 907 ;
3577 830 3718 894 ideo
3774 831 3968 897 dicere

2431 936 2778 1000 voluerunt
2821 935 3142 1001 Christum
3161 985 3178 1014 ,
3226 937 3340 1018 qui
3388 940 3481 999 est
3529 937 3693 1002 Deus
3735 938 3966 1004 ratione

2430 1043 2668 1107 divinae
2709 1047 2988 1120 naturae,
3022 1048 3087 1106 et
3129 1043 3326 1107 homo
3355 1044 3601 1109 ratione
3642 1044 3963 1126 humanae,

2429 1167 2566 1215 esse
2610 1152 2770 1215 duas
2812 1169 2913 1215 res
2958 1155 3238 1230 naturae,
3270 1169 3550 1234 quarum
3593 1155 3805 1216 tamen
3844 1172 3968 1218 una

2429 1258 2817 1339 praedicatur
2841 1256 2919 1321 de
2953 1257 3151 1322 altera
3187 1261 3445 1341 propter
3477 1259 3789 1323 unitatem
3826 1278 3966 1341 per-

2428 1383 2624 1429 sonae.
2672 1365 2794 1429 Sed
2831 1365 2979 1429 licet
3018 1365 3157 1429 haec
3201 1365 3428 1447 positio
3472 1366 3706 1430 habeat
3742 1367 3968 1449 aliquid

2426 1471 2921 1553 probabilitati8‚
2951 1471 3189 1554 aliquid
3231 1476 3447 1535 tamen
3489 1472 3640 1536 dicit
3667 1473 3820 1536 adeo
3847 1472 3966 1535 im-

2425 1578 2746 1660 probabile
2762 1627 2784 1658 ,
2828 1579 3000 1661 quod
3043 1597 3312 1661 paucos,
3366 1582 3479 1643 aut
3529 1579 3745 1644 nullos
3785 1579 3966 1644 habet

2425 1685 2807 1750 defensores,
2836 1685 3109 1751 Planum
3136 1686 3309 1749 enim
3335 1690 3432 1749 est
3460 1685 3635 1768 quod
3664 1685 3793 1764 illa,
3818 1704 3965 1768 quo·

2420 1810 2570 1856 rum
2611 1811 2821 1857 unum
2866 1793 2943 1858 de
2988 1792 3186 1857 altero
3236 1791 3648 1874 praedicatur,
3698 1792 3965 1858 invicem

2422 1917 2553 1963 non
2578 1902 3025 1975 numerantur,
3058 1899 3354 1982 quamvis
3378 1899 3733 1964 formaliter
3758 1900 3963 1965 distin·

2419 2013 2729 2087 guantur,
2761 2010 2984 2087 utpote
3012 2005 3065 2069 si
3093 2005 3380 2070 dicatur:
3410 2029 3439 2065 α
3464 2005 3692 2071 Petrus
3715 2011 3811 2072 est
3834 2026 3963 2073 mu·

2422 2113 2589 2176 sicus
2621 2135 2635 2177 z
2667 2137 2696 2172 n
2733 2113 3016 2178 musicus
3064 2117 3129 2178 et
3175 2111 3402 2177 Petrus
3445 2131 3577 2177 non
3618 2118 3769 2179 sunt
3804 2115 3956 2194 duc,

2424 2221 2723 2302 quamvis
2758 2220 2924 2283 inter
2966 2218 3260 2297 Petrum,
3292 2220 3706 2285 et·musicam
3748 2239 3955 2299 suam,

2420 2328 2503 2390 sit
2530 2328 2868 2393 distinctio.
2900 2327 2967 2392 Si
2994 2347 3152 2411 ergo
3177 2329 3318 2393 haec
3345 2328 3563 2411 opinio
3591 2329 3771 2407 dicit,
3799 2328 3959 2412 quod

2417 2434 2579 2498 Deus
2605 2441 2703 2499 est
2727 2434 2954 2513 homo,
2985 2441 3049 2500 et
3083 2436 3280 2501 homo
3320 2440 3413 2499 est
3450 2435 3622 2500 Deus
3643 2485 3660 2517 ‚
3690 2454 3818 2500 non
3845 2453 3956 2519 po·

2412 2545 2535 2605 test
2602 2543 2906 2607 sustineri
2962 2543 3137 2626 quod
3202 2543 3332 2607 sint
3370 2543 3498 2607 duo
3546 2544 3620 2607 in
3687 2544 3952 2623 Christo,

2410 2650 2764 2714 secundum
2793 2650 2965 2733 quod
2996 2651 3298 2715 dicuntur
3319 2651 3683 2715 concretive
3707 2651 3785 2714 ad
3811 2669 3953 2734 sup-

2410 2759 2689 2842 positum
2744 2783 2758 2823 :
2811 2762 2874 2823 et
2925 2759 3068 2823 ideo
3113 2758 3592 2823 concedendum
3640 2764 3734 2822 est
3779 2759 3956 2822 istam

2408 2865 2776 2947 opinionem
2821 2884 2958 2929 esse
3009 2866 3263 2943 falsam,
3305 2869 3367 2929 et
3400 2866 3607 2947 hujus
3655 2865 3956 2949 opinionis

2406 2977 2696 3036 auctores
2723 2974 3013 3056 deceptos
3046 2973 3258 3038 fuisse.
3308 2973 3490 3038 Ratio
3519 2978 3741 3038 autem
3766 2975 3952 3054 hujus

2406 3078 2790 3163 deceptionis
2815 3080 2993 3147 venit
3021 3098 3104 3143 ex
3131 3080 3274 3160 hoc,
3305 3079 3479 3163 quod
3506 3098 3641 3144 non
3668 3078 3950 3142 distinxe-

2402 3191 2556 3249 runt
2581 3187 2749 3251 inter
2779 3188 3181 3270 suppositum
3208 3187 3566 3252 secundum
3609 3186 3782 3268 quod
3806 3203 3946 3266 sup-

2401 3294 2680 3375 positum
2721 3296 2983 3374 dicitur,
3026 3296 3196 3378 quod
3226 3295 3565 3377 subjicitur
3611 3292 3863 3376 generi,
3891 3292 3949 3354 et

2401 3403 2806 3497 suppositum
2841 3404 3011 3485 quod
3043 3403 3276 3468 dicitur
3307 3402 3505 3481 illud,
3536 3402 3609 3465 in
3651 3419 3778 3483 quo
3804 3398 3942 3463 sub·

2399 3509 2821 3575 stantisscatur
2882 3514 3092 3574 totum
3161 3529 3298 3575 esse
3344 3510 3436 3573 rei
3460 3557 3480 3588 ‚
3538 3527 3691 3572 cum
3745 3513 3946 3572 tamen

2399 3633 2641 3697 magna
2673 3615 2756 3679 sit
2783 3616 3163 3681 differentia.
3196 3615 3262 3680 Si
3291 3616 3466 3679 enim
3513 3615 3761 3680 dicatur
3797 3631 3937 3696 sup·

2396 3725 2679 3806 positum
2721 3725 2893 3807 quod
2937 3725 3274 3807 subjicitur
3314 3723 3574 3806 generi,
3620 3739 3846 3805 corpus
3886 3723 3943 3785 et

2395 3832 2568 3896 color
2595 3830 2845 3896 diversa
2884 3831 3123 3896 habent
3158 3830 3513 3914 supposita,
3556 3831 3712 3913 quia
3739 3829 3940 3894 diver-

2392 3956 2495 4002 sas
2557 3938 2799 4003 habent
2844 3938 3252 4005 differentias.
3312 3938 3381 4003 Si
3433 3943 3660 4003 autem
3706 3937 3938 4001 dicatur

2392 4046 2801 4128 suppositum
2834 4047 3184 4112 secundum
3221 4047 3392 4129 quod
3431 4046 3505 4110 in
3551 4063 3631 4111 eo
3656 4045 3934 4110 substan-

2391 4154 2667 4218 tificatur
2715 4157 3092 4219 totumesse
3131 4153 3266 4231 rei,
3294 4153 3385 4217 sic
3419 4171 3658 4237 corpus
3685 4156 3748 4216 et
3774 4151 3934 4216 color

2389 4279 2601 4325 unum
2625 4266 2894 4344 possunt
2919 4262 3156 4327 habere
3184 4262 3612 4345 suppositum,
3639 4261 3788 4344 quia
3813 4276 3934 4324 una

2388 4373 2483 4433 est
2508 4369 2892 4449 substantia,
2923 4374 2985 4434 et
3013 4387 3219 4434 unum
3250 4363 3697 4449 individuum,
3723 4370 3791 4432 in
3813 4383 3930 4450 quo

2386 4477 2670 4542 salvatur
2708 4480 2940 4542 natura
2977 4477 3437 4560 personalitatis
3459 4525 3481 4558 ‚
3526 4478 3664 4543 sive
3707 4492 3930 4558 suppo-

2385 4583 2487 4647 siti
2509 4631 2525 4660 ,
2557 4588 2621 4648 et
2659 4585 3150 4668 corporalitatis,
3183 4590 3246 4650 et
3276 4589 3508 4651 natura
3538 4585 3786 4650 coloris.
3818 4581 3928 4646 Res

2384 4694 2601 4755 autem
2637 4710 2771 4756 non
2811 4697 3195 4756 numeratur
3221 4693 3577 4759 secundum
3616 4691 3926 4774 supposita

2382 4798 2451 4862 in
2478 4799 2874 4881 subjiciendo
2905 4804 2969 4865 et
2995 4801 3418 4884 praedicando,
3441 4800 3552 4866 sed
3581 4799 3923 4865 secundum

2380 4923 2730 4972 numerum
2760 4910 3237 4993 suppositorum
3276 4911 3348 4975 in
3381 4910 3647 4975 essendo
3687 4912 3750 4973 et
3775 4907 3917 4972 suh·

2377 5018 2835 5084 stantiflcando.
2861 5019 3179 5097 Quoniam
3206 5039 3364 5102 ergo
3391 5024 3629 5084 natura
3645 5020 3916 5084 humana

2375 5121 2443 5185 in
2474 5123 2718 5189 Christo
2743 5127 3236 5190 substansscatur
3262 5126 3333 5189 in
3359 5125 3579 5191 divina
3616 5139 3910 5208 persona;

2373 5230 2527 5296 hinc
2573 5237 2666 5297 est
2712 5235 2882 5315 quod
2939 5251 3145 5297 unum
3189 5237 3287 5297 est
3343 5232 3433 5296 ibi
3484 5231 3909 5314 suppositum,

2368 5407 2484 5444 cere
2504 5395 2789 5445 conetur-in
2803 5394 3051 5460 mysterio
3072 5392 3260 5446 Christi
3276 5393 3405 5444 duas
3429 5391 3802 5451 subsistentias,
3825 5399 3907 5438 oen

2368 5466 2495 5518 duas
2521 5479 2770 5530 personas
2780 5502 2801 5530 ,
2827 5466 3102 5518 anathema
3126 5466 3214 5516 sit.
3230 5481 3258 5512 n
