4185 6288
680 503 802 567 408

682 638 751 701 in
778 653 915 702 rem
952 632 1345 718 spiritualem
1377 655 1393 696 ε
1435 633 1548 697 sed
1588 633 1797 716 passio
1835 632 2063 697 Christi
2107 632 2233 699 ruit

685 741 1027 827 corporalis
1059 764 1073 805 ε
1102 757 1260 821 ergo
1286 757 1418 805 non
1443 740 1959 822 potuit-animam
1982 742 2230 823 justifl-

687 870 852 928 care,
882 851 1020 913 sive
1042 867 1082 913 a
1108 852 1361 932 peccato
1388 848 1721 912 mundare.

768 963 828 1023 5.
874 958 1055 1037 item,
1092 974 1344 1020 necesse
1379 959 1473 1020 est
1503 957 1864 1037 Justisscans
1901 976 2036 1021 esse
2078 976 2235 1022 con-

681 1070 985 1153 junctum
1017 1065 1364 1148 justificato
1406 1083 1423 1128 :
1462 1065 1573 1128 sed
1614 1065 1821 1147 passio
1868 1065 2096 1131 Christi
2141 1070 2237 1130 est

689 1178 870 1239 extra
897 1171 1182 1237 animam
1229 1189 1433 1253 :ergo
1482 1189 1615 1235 non
1642 1176 1845 1254 potest
1889 1173 2236 1254 justificare

691 1282 998 1345 animam.

771 1392 834 1451 6.
865 1386 1054 1463 Item,
1086 1386 1142 1449 si
1171 1385 1378 1469 passio
1405 1385 1634 1450 Christi
1662 1389 1756 1450 est
1782 1405 1974 1451 causa
2007 1387 2239 1471 justiss-

694 1495 959 1561 cationis
985 1494 1245 1573 animae,
1272 1497 1387 1557 aut
1413 1511 1571 1575 ergo
1596 1512 1710 1576 per
1738 1494 2002 1558 modum
2031 1512 2240 1560 causae

693 1601 1069 1680 materialis,
1100 1606 1214 1664 aut
1238 1618 1352 1683 per
1376 1600 1640 1665 modum
1668 1600 1980 1679 formaliS,
2010 1604 2122 1665 aut
2150 1602 2244 1664 ef·-

696 1708 989 1787 flcientis,
1042 1712 1154 1772 aut
1194 1706 1403 1771 finalis
1447 1725 1464 1770 z
1516 1726 1645 1771 non
1692 1707 2037 1771 materialis
2060 1755 2076 1784 ,
2121 1708 2243 1772 hoc

698 1820 962 1894 constat,
991 1815 1147 1899 quia
1188 1814 1393 1897 passio
1430 1832 1563 1878 non
1591 1819 1687 1878 est
1712 1815 1979 1878 materia
1998 1815 2238 1898 justifl-

700 1922 993 2000 cationis;
1027 1939 1159 1985 non
1185 1920 1490 2000 formalis,
1520 1920 1857 2004 quiaillud
1884 1925 1979 1984 est
2004 1922 2240 2002 gratim

701 2049 835 2095 non
887 2030 1254 2108 efficientiS,
1313 2029 1468 2112 quia
1518 2028 1675 2093 illud
1725 2034 1821 2092 est
1864 2026 2065 2106 Deus;
2116 2047 2247 2093 non

702 2140 944 2218 finalis,
976 2141 1129 2223 quia
1153 2139 1311 2204 illud
1351 2143 1445 2203 est
1485 2138 1692 2220 gloria
1734 2144 2019 2204 aeterna:
2054 2155 2244 2219 erg0,

702 2252 820 2312 etc.
864 2247 931 2311 Si
971 2252 1045 2311 tu
1090 2246 1260 2310 dicas
1285 2246 1458 2328 quod
1494 2247 1701 2329 passio
1728 2247 1961 2310 dicitur
2005 2245 2242 2328 justifl-

704 2373 880 2433 σαι-ο,
912 2354 977 2419 id
1016 2358 1112 2418 est
1138 2352 1420 2418 Christus
1446 2354 1723 2436 patiens,
1755 2355 1979 2419 eadem
2003 2354 2249 2418 ratione

706 2467 772 2525 et
823 2460 1172 2525 ambulatio
1189 2509 1205 2537 ‚
1257 2463 1321 2524 et
1364 2460 1727 2543 praedicatio
1777 2460 2092 2525 diceretur
2135 2478 2252 2524 nos

701 2569 1050 2651 justificare
1074 2617 1089 2644 ‚
1140 2571 1203 2632 et
1247 2576 1501 2652 peccata
1539 2573 1756 2633 nostra
1801 2568 2010 2632 delere
2031 2616 2048 2644 ‚
2098 2567 2253 2650 quia

710 2676 996 2741 Christus
1031 2675 1366 2739 ambulans
1391 2679 1455 2740 et
1488 2675 1843 2759 praedioans
1868 2694 1987 2740 nos
2015 2676 2254 2758 justifl-

708 2781 895 2861 cavit‚
927 2785 989 2846 et
1016 2786 1269 2865 peccata
1294 2787 1512 2847 nostra
1539 2782 1809 2848 delevit:
1841 2784 2013 2866 quod
2040 2787 2256 2847 tamen

708 2907 838 2954 non
875 2891 1263 2955 conceditur.
1298 2890 1408 2955 Est
1451 2910 1609 2973 ergo
1647 2892 1951 2973 quaestio,
1986 2891 2259 2973 qualiter

709 2996 937 3061 Christi
972 2998 1183 3080 passio
1228 3003 1321 3062 est
1352 3017 1544 3063 causa
1584 3004 1821 3065 nostrae
1856 2999 2260 3081 justificatio-

713 3105 833 3171 nis,
866 3104 943 3169 Et
980 3106 1033 3170 si
1066 3108 1138 3170 tu
1173 3106 1343 3170 dicas
1371 3107 1542 3189 quod
1570 3125 1685 3191 per
1712 3107 1978 3172 modum
2007 3106 2257 3183 meriti,

714 3218 867 3276 tunc
893 3217 991 3276 est
1013 3213 1315 3296 quaestio,
1347 3215 1619 3297 qualiter
1646 3214 2027 3278 resurrectio
2059 3216 2265 3296 potest

715 3338 850 3384 esse
877 3338 1070 3385 causa
1093 3326 1327 3385 nostrae
1343 3322 1837 3404 justificationiS,
1868 3339 2019 3386 cum
2047 3321 2263 3385 Chris-

718 3432 823 3493 tus
847 3446 976 3491 non
1004 3428 1312 3491 meruerit
1337 3427 1751 3508 resurgendo.
1784 3426 1861 3491 Et
1899 3428 1954 3490 si
1991 3432 2264 3510 utraque

720 3540 814 3599 est
840 3554 1053 3612 causa,
1094 3535 1329 3600 scilicet
1364 3540 1497 3600 tam
1538 3536 1768 3619 passio,
1800 3553 1995 3618 quam
2041 3554 2267 3599 resur-

717 3639 941 3718 rectio,
973 3640 1289 3721 quaeritur
1316 3641 1417 3704 cui
1446 3658 1560 3722 per
1594 3641 1772 3723 prius
1806 3641 2173 3718 conveniat,
2204 3644 2268 3704 et

720 3746 1152 3831 principalius.

1279 3993 1719 4060 CONCLUSIO.

719 4190 1044 4259 Justificatio
1079 4189 1264 4243 nostra
1299 4185 1628 4241 attribuitur
1647 4188 1896 4257 passioni
1936 4185 2143 4243 Christi
2171 4204 2274 4260 per

793 4279 1007 4335 modum
1034 4278 1220 4332 meriti
1233 4296 1251 4343 ς
1279 4276 1370 4332 sed
1389 4290 1490 4347 per
1516 4274 1728 4330 modum
1764 4278 2063 4345 quietantis
2099 4281 2272 4335 αἰετέ-

798 4369 986 4424 buitur
1011 4368 1389 4423 resurrectioni
1397 4383 1415 4432 ς
1462 4367 1679 4435 utrique
1706 4369 1886 4421 autem
1918 4378 2020 4437 per
2062 4366 2274 4424 modum

801 4457 1100 4513 excitantis
1125 4459 1173 4511 et
1203 4457 1525 4526 reputantis.

807 4618 994 4702 Resp.
1022 4619 1101 4683 ad
1131 4636 1272 4699 arg.
1305 4616 1403 4681 Ad
1436 4616 1887 4699 praedictorum
1915 4616 2279 4700 intelligen-

727 4731 883 4795 tiam
912 4732 1008 4792 est
1036 4727 1423 4805 notandum,
1459 4725 1632 4808 quod
1672 4729 1885 4790 nostra
1906 4727 2280 4808 Justisscatio

726 4835 1098 4901 attribuitur
1159 4839 1293 4897 tam
1351 4833 1648 4916 passioni,
1706 4851 1904 4915 quam
1957 4852 2280 4897 resurrec-

725 4944 906 5021 tioni,
951 4943 1117 5006 sicut
1160 4941 1431 5004 habetur
1476 4941 1544 5003 in
1585 4944 1797 5018 textu,
1841 4944 1906 5004 et
1954 4939 2171 5005 Glossa
2214 4940 2282 5005 in

725 5051 1015 5135 pluribus
1032 5048 1206 5112 locis,
1224 5047 1399 5115 Unde
1411 5065 1601 5131 super
1616 5047 1773 5112 illud
1791 5047 1882 5113 ad
1895 5048 2209 5114 Romanos
2225 5055 2242 5090 ¹
2262 5070 2277 5112 ε

724 5160 1015 5225 Mortuus
1033 5164 1414 5238 estpropter
1459 5161 1684 5223 nostra
1714 5155 1968 5234 delicta,
2010 5160 2156 5232 etc„
2200 5156 2279 5247 (a)

726 5265 957 5329 dicitur
1011 5288 1026 5329 :
1090 5287 1120 5323 α
1169 5263 1449 5345 Utraque
1483 5311 1500 5341 ‚
1568 5262 1802 5327 scilicet
1851 5281 2025 5326 mors
2074 5267 2139 5326 et
2189 5281 2287 5327 re·

729 5371 1039 5437 surrectio
1085 5370 1338 5448 Christi,
1385 5370 1613 5435 delicta
1652 5372 1868 5435 nostra
1908 5369 2183 5449 tollunt,
2223 5371 2286 5434 et

798 5496 812 5529 ¹
834 5497 991 5558 Rom„
1020 5507 1092 5555 ιν,
1116 5498 1196 5545 25.
1226 5522 1285 5533 —
1303 5495 1358 5546 Ἰ
1386 5494 1544 5557 Petu,
1568 5507 1628 5556 11,
1650 5498 1727 5544 21.
1753 5520 1812 5531 -
1830 5494 1852 5529 ⁸
1874 5494 2033 5554 Rom„
2063 5506 2135 5554 vx,
2167 5498 2217 5545 5.

1816 494 2444 563 SENTENTIARUM
2483 496 2634 561 Lm.
2674 495 2784 563 111.

2338 637 2609 715 utraque
2635 632 3012 715 justificant.
3043 654 3074 693 n
3111 633 3409 698 Attamen
3435 631 3679 716 neutri,
3710 636 3774 702 id
3798 649 3892 713 est

2339 758 2457 803 nec
2480 740 2925 805 resurrectioni
2943 789 2961 819 ‚
2989 758 3108 804 nec
3149 740 3424 824 passioni
3467 741 3732 809 attribui
3775 760 3888 827 po·

2340 851 2462 912 test
2519 847 2770 930 proprie
2821 847 3161 913 causalitas
3196 848 3667 932 justificationis
3689 898 3707 931 ,
3753 851 3892 917 sive

2343 956 2567 1022 deletio
2606 956 2834 1040 culpae,
2865 956 3019 1038 quia
3066 974 3198 1021 non
3240 956 3569 1022 invenitur
3607 957 3698 1022 ibi
3742 975 3895 1041 pro·

2344 1064 2479 1148 prie
2524 1064 2779 1147 aliquod
2828 1082 3038 1146 genus
3086 1083 3318 1144 causae,
3369 1064 3532 1130 sicut
3577 1066 3648 1130 in
3693 1084 3895 1151 oppo-

2345 1173 2554 1237 nendo
2590 1177 2920 1237 ostensum
2960 1175 3076 1237 est.
3108 1171 3356 1238 Habent
3395 1178 3615 1238 tamen
3659 1174 3896 1240 nihilo-

2345 1281 2561 1345 minus
2603 1281 2890 1363 aliquam
2939 1280 3374 1346 causalitatem
3419 1282 3488 1345 in
3530 1282 3681 1361 hoe,
3721 1281 3898 1365 quod

2346 1388 2586 1452 habent
2611 1389 2893 1472 aliquam
2931 1406 3142 1452 causae
3179 1389 3633 1474 proprietatem
3666 1410 3682 1453 ε
3712 1390 3894 1454 attri-

2351 1497 2571 1560 buitur
2604 1497 2778 1560 enim
2824 1495 2924 1560 his
2955 1497 3325 1579 justificatio
3359 1500 3576 1562 nostra
3617 1516 3730 1581 per
3759 1514 3900 1562 mo-

2349 1604 2501 1667 dum
2572 1603 2780 1667 meriti
2834 1604 3315 1669 intervenientis
3330 1652 3348 1684 ‚
3405 1605 3572 1687 quod
3636 1605 3899 1688 quidem

2350 1711 2542 1775 habet
2563 1710 2989 1793 dispositionis
3017 1711 3354 1792 rationem,
3376 1717 3440 1775 et
3466 1712 3683 1778 reduci
3711 1711 3904 1776 habet

2350 1816 2430 1881 ad
2459 1836 2716 1881 causam
2744 1818 3137 1884 materialem
3164 1840 3181 1896 ;
3232 1837 3346 1902 per
3386 1819 3654 1885 modum
3685 1838 3902 1883 exem·

2352 1924 2439 2006 pli
2475 1925 2878 2007 provocantis
2920 1929 2984 1990 et
3022 1926 3388 2006 excitantis,
3424 1926 3600 2009 quod
3641 1926 3903 2010 quidem

2353 2031 2542 2096 habet
2583 2031 2801 2095 reduci
2836 2032 2916 2097 ad
2962 2051 3222 2097 causam
3265 2037 3632 2098 moventem
3664 2039 3728 2098 et
3764 2034 3905 2099 effl-

2355 2138 2661 2217 cientem;
2691 2157 2806 2222 per
2829 2139 3096 2204 modum
3118 2138 3501 2222 exemplaris
3525 2140 3904 2223 regulantis,

2356 2247 2527 2328 quod
2562 2245 2821 2329 quidem
2863 2245 3051 2310 habet
3093 2245 3310 2311 reduci
3347 2248 3427 2310 ad
3475 2266 3733 2313 causam
3773 2248 3907 2313 ror-

2361 2354 2631 2433 malem;
2690 2372 2805 2437 per
2876 2353 3142 2419 modum
3209 2354 3469 2418 termini
3530 2356 3900 2437 quietantiis,

2358 2460 2530 2544 quod
2576 2460 2838 2544 quidem
2882 2460 3075 2525 habet
3099 2460 3319 2526 reduci
3347 2463 3427 2526 ad
3459 2482 3718 2527 causam
3743 2465 3908 2528 fina-

2360 2571 2509 2634 lem.
2555 2568 2634 2632 Et
2669 2569 2759 2632 ita
2784 2568 2884 2632 his
2921 2568 3173 2633 duobus
3209 2570 3576 2635 attribuitur
3596 2571 3911 2653 justifica-

2362 2678 2449 2741 tio
2477 2675 2828 2741 secundum
2860 2677 3312 2759 proprietatem
3340 2677 3679 2759 cuiuslibet
3712 2694 3908 2758 gene-

2362 2784 2453 2847 ris
2487 2801 2717 2847 causae.
2753 2783 3054 2847 Attamen
3095 2784 3257 2848 ratio
3301 2785 3588 2849 merendi
3606 2785 3913 2867 Justiflca·

2364 2891 2602 2955 tionem
2629 2890 2998 2954 attribuitur
3024 2890 3142 2954 soli
3191 2890 3497 2973 passioni,
3528 2909 3660 2955 non
3699 2909 3918 2955 resur-

2365 2997 2651 3061 rectioni.
2686 2996 2866 3060 Ratio
2893 3014 3047 3061 vero
3075 2997 3460 3062 terminandi
3494 3003 3558 3062 et
3591 2998 3919 3082 quietandi

2367 3102 2737 3168 attribuitur
2763 3104 3238 3185 resurrectioni,
3256 3106 3338 3172 ad
3363 3124 3563 3189 quam
3591 3106 3920 3172 ordinatur

2360 3212 2777 3293 justificati03
2824 3229 2957 3275 non
3003 3213 3300 3295 passioni.
3339 3213 3478 3277 Duo
3519 3232 3674 3279 vero
3719 3196 3922 3279 inter-

2371 3319 2611 3398 media,
2643 3319 2877 3383 scilicet
2903 3320 3197 3383 excitatio
3211 3368 3231 3399 ‚
3266 3326 3330 3384 et
3363 3320 3710 3402 regulatio,
3741 3320 3924 3385 attri-

2372 3427 2662 3490 buuntur
2689 3426 2947 3508 utrique
2979 3449 2995 3490 ι
3024 3446 3178 3491 nam
3207 3427 3414 3510 passio
3441 3428 3673 3492 excitat
3698 3445 3818 3492 nos
3842 3427 3924 3492 ad

2374 3532 2482 3597 Dei
2521 3532 2956 3613 dilectionem,
3007 3537 3073 3598 et
3108 3534 3379 3600 ulterius
3416 3533 3698 3599 insinuat
3739 3534 3928 3599 nobis

2373 3646 2648 3728 qualiter
2688 3646 2854 3710 mori
2892 3645 3235 3710 debeamus
3275 3645 3545 3730 peccatis
3586 3669 3600 3707 ε
3632 3650 3695 3711 et
3723 3646 3813 3711 ita
3834 3650 3930 3711 est

2375 3752 2748 3836 exemplum
2791 3769 3147 3835 provocans
3169 3801 3187 3831 ‚
3242 3756 3306 3817 et
3351 3753 3678 3837 exemplar
3728 3772 3931 3836 regu-

2378 3858 2535 3922 lans.
2588 3858 2668 3922 Et
2715 3858 2884 3941 quod
2933 3859 3015 3922 sit
3064 3861 3474 3942 exemplum,
3525 3861 3801 3926 habetur
3846 3880 3931 3927 ex

2378 3968 2590 4049 prima
2628 3967 2794 4032 Petri
2825 3967 2899 4049 (b)
2925 3967 2948 4001 ¹
2997 3985 3014 4029 ε
3062 3967 3359 4036 Christus
3400 3985 3638 4052 passus
3677 3977 3771 4037 est
3810 3985 3931 4053 pro

2378 4075 2596 4155 nobis,
2627 4075 2806 4142 vobis
2834 4075 3198 4159 relinquens
3228 4078 3610 4160 exemplum.
3645 4076 3827 4155 Quod
3853 4079 3936 4142 sit

2381 4184 2738 4267 exemplar,
2770 4184 3043 4248 habetur
3081 4183 3171 4250 ad
3209 4185 3525 4252 Romanos
3559 4190 3582 4225 ⁸
3611 4204 3635 4250 .·
3666 4185 3742 4251 Si
3765 4200 3932 4251 com-

2381 4292 2663 4374 plantati
2700 4308 2922 4358 sumus
2952 4292 3382 4360 similitudini
3427 4295 3655 4361 mortis
3697 4296 3929 4376 ipsius,

2384 4404 2500 4463 etc.
2534 4399 2834 4464 Similiter
2859 4404 2924 4463 et
2957 4401 3338 4465 resurreetio
3385 4400 3578 4466 habet
3615 4401 3935 4466 rationem

2385 4507 2660 4590 exempli
2684 4506 3109 4591 provocantis,
3140 4511 3203 4571 et
3228 4508 3612 4591 exemplaris
3653 4508 3937 4591 dirigen-

2388 4618 2489 4681 tis.
2549 4614 2860 4680 Provocat
2910 4613 3087 4678 enim
3137 4632 3255 4678 nos
3303 4614 3383 4679 ad
3426 4615 3777 4697 justitiam,
3827 4635 3940 4700 per

2384 4743 2580 4809 quam
2611 4722 3009 4807 acquirimus
3034 4721 3210 4786 illam
3236 4721 3510 4802 gloriam
3529 4771 3545 4799 ,
3573 4741 3770 4806 quam
3799 4742 3941 4787 cre-

2388 4833 2600 4896 dimus
2641 4830 2961 4895 Christum
2999 4828 3298 4893 habuisse
3343 4829 3414 4893 in
3457 4847 3577 4893 sua
3612 4847 3940 4894 resurrec-

2387 4940 2588 5016 tione,
2639 4941 2714 5001 ut
2757 4936 2907 5001 talia
2949 4936 3076 5000 sint
3118 4953 3384 5018 corpora
3425 4939 3678 5014 nostra,
3722 4937 3943 5019 qualia

2391 5046 2674 5110 Christus
2720 5044 2787 5108 in
2836 5063 2955 5109 sua
3001 5043 3466 5109 resurrectione
3514 5044 3935 5124 monstravit,

2391 5152 2553 5215 sicut
2584 5150 2814 5216 dicitur
2842 5151 2911 5214 in
2928 5150 3206 5233 quadam
3233 5149 3470 5215 Glossa.
3495 5149 3726 5232 Dirigit
3748 5150 3934 5216 etiam

2392 5278 2531 5337 nos,
2565 5258 2724 5324 dum
2766 5258 2848 5324 ad
2892 5259 3032 5341 ejus
3075 5257 3406 5341 exemplar
3446 5276 3762 5325 conamur
3805 5274 3932 5322 am·

2458 5423 2521 5486 (a)
2539 5422 2624 5471 Al.
2645 5422 2714 5470 ad
2729 5422 2862 5472 Rom.
2886 5419 3093 5470 dicitur:
3118 5419 3361 5483 Hor-tuus,
3382 5420 3478 5469 etc.
3503 5444 3556 5457 —-
3579 5418 3647 5479 (ὁ)
3673 5419 3795 5473 Cot.
3813 5418 3932 5472 edit.

2394 5494 2527 5545 deest
2553 5493 2705 5544 Petri.
