4185 6288
762 473 880 534 3⁵6

757 607 858 668 sto
897 603 1019 667 ruit
1060 622 1175 686 per
1215 605 1748 688 assumptionem;
1794 610 2010 671 tamen
2049 624 2183 670 non
2225 623 2304 670 eo

759 713 980 792 mod0,
1011 730 1140 796 quo
1180 714 1248 778 in
1275 714 1460 780 nobis
1502 720 1597 781 est
1625 734 1742 800 per
1782 717 2299 782 contractionem.

762 817 908 884 Ideo
935 819 1217 884 Christus
1256 821 1437 904 quasi
1480 823 1763 888 medium
1792 828 1960 889 tenet
1991 825 2157 889 inter
2185 844 2304 889 nos

758 929 824 990 et
863 930 1102 991 statum
1135 932 1384 994 naturae
1428 930 1733 996 institutae
1763 954 1779 995 ε
1813 951 1962 996 nam
2004 933 2073 996 in
2120 931 2304 995 nobis

758 1034 988 1097 natura
1007 1037 1074 1099 et
1098 1035 1395 1100 voluntas
1421 1037 1697 1119 passioni
1723 1039 1973 1117 suboet3
2002 1038 2072 1101 in
2098 1037 2304 1103 Adam

759 1159 914 1206 vero
953 1147 1087 1205 tam
1132 1147 1387 1221 natura,
1432 1163 1628 1227 quam
1672 1145 1990 1224 voluntas,
2026 1145 2318 1228 passioni,

759 1253 1075 1330 praeerat3
1121 1249 1191 1314 in
1240 1249 1487 1316 Christo
1526 1270 1682 1317 vero
1732 1252 2005 1335 passioni
2044 1252 2304 1316 suberat

759 1358 1023 1435 natura,
1065 1357 1173 1421 sed
1219 1363 1493 1440 praeerat
1537 1358 1858 1424 voluntas.
1908 1358 1986 1423 Et
2033 1357 2160 1422 hoc
2209 1361 2307 1422 est

760 1463 932 1545 quod
957 1463 1107 1528 dicit
1135 1464 1588 1544 Damascenus,
1618 1465 1790 1549 quod
1817 1466 1882 1529 in
1913 1465 2160 1530 Christo
2185 1463 2304 1529 etsi

760 1569 1085 1651 passiones
1108 1571 1347 1634 fiebant
1379 1572 1732 1636 secundum
1773 1572 1985 1654 legem
2023 1575 2300 1650 naturae,

764 1694 897 1741 non
941 1681 1158 1740 tamen
1203 1681 1446 1758 coacte,
1493 1679 1604 1742 sed
1650 1678 2031 1743 voluntarie.
2076 1678 2307 1743 Conce-

763 1780 1044 1847 dendum
1082 1787 1180 1847 est
1219 1801 1378 1867 ergo
1413 1784 1587 1866 quod
1626 1783 1694 1847 in
1740 1784 1985 1850 Christo
2026 1785 2152 1849 fuit
2189 1803 2304 1851 ne·

765 1888 1019 1953 cessitas
1041 1889 1318 1973 patiendi
1344 1893 1408 1954 et
1431 1891 1769 1971 moriendi,
1798 1911 1929 1957 non
1955 1897 2304 1972 contracta,

764 1995 874 2060 sed
930 2001 1275 2080 assumpta.
1324 1996 1748 2063 Concedendae
1798 2017 1958 2081 ergo
2009 2003 2164 2064 sunt
2208 2019 2309 2065 ra-

764 2102 968 2167 tiones
1003 2106 1068 2168 et
1113 2103 1516 2169 auctoritates
1558 2122 1710 2186 quae
1753 2109 1907 2171 sunt
1938 2105 2020 2171 ad
2061 2110 2308 2188 partem

764 2208 976 2275 istam.

848 2322 879 2380 1
892 2364 908 2379 .
929 2315 1028 2381 Ad
1052 2316 1211 2383 illud
1241 2337 1395 2385 vero
1421 2319 1592 2403 quod
1620 2319 1926 2402 objicitur
1951 2319 2021 2384 in
2048 2322 2308 2385 contra-

767 2423 941 2488 rium
970 2445 988 2488 t
1019 2427 1159 2508 Eoo
1211 2441 1378 2508 pono
1419 2430 1706 2494 animam
1752 2445 1982 2508 meam,
2010 2433 2160 2505 etc..
2206 2427 2305 2492 di-

767 2532 1039 2596 cendum
1066 2533 1239 2615 quod
1266 2532 1425 2600 illud
1452 2539 1548 2599 est
1567 2534 1841 2600 verbum
1884 2553 2174 2618 personae
2199 2533 2310 2599 Fi-

766 2639 836 2702 lii
866 2639 995 2720 Dei,
1022 2642 1208 2724 cujus
1234 2642 1509 2706 nonfuit
1534 2642 1868 2707 necessitas
1892 2641 2172 2725 patiendi
2201 2641 2304 2709 vel

768 2746 1087 2811 moriendi
1117 2766 1135 2810 ε
1165 2748 1385 2812 nullus
1432 2748 1609 2813 enim
1664 2749 1876 2832 ipsum
1922 2752 2169 2832 poterat
2194 2748 2312 2813 lae-

768 2853 940 2933 dere,
966 2853 1092 2918 nisi
1121 2855 1256 2938 ipse
1280 2855 1639 2921 voluntarie
1676 2856 2064 2940 permisisset
2097 2878 2113 2922 :
2141 2857 2311 2921 unde

770 2960 1044 3024 verbum
1069 2978 1201 3025 non
1226 2961 1528 3043 intelligit
1554 2964 1865 3042 effective,
1894 2965 2005 3030 sed
2047 2964 2312 3046 permis·

769 3066 937 3141 sive;
970 3085 1089 3132 nec
1112 3068 1392 3133 excludit
1414 3071 1850 3163 necessitatem
1874 3075 2166 3155 respectu
2192 3088 2313 3134 na-

771 3178 958 3253 turae,
990 3174 1096 3240 sed
1124 3181 1415 3258 respectu
1440 3195 1751 3260 personae.

850 3285 912 3345 2.
930 3281 1026 3346 Ad
1044 3282 1202 3348 illud
1219 3283 1566 3365 Augustini
1588 3304 1719 3368 quo
1743 3286 1820 3368 (α)
1853 3286 2104 3366 dicitur,
2138 3286 2310 3369 quod

770 3388 1116 3472 assumpsit
1169 3408 1428 3454 carnem
1482 3391 1560 3456 de
1613 3392 1948 3457 altitudine
2006 3392 2311 3459 humanae

772 3502 1045 3577 naturae,
1074 3497 1416 3562 dicendum
1453 3498 1627 3580 quod
1666 3498 1790 3563 hoc
1833 3498 2133 3583 intelligit
2176 3502 2315 3566 Au-

772 3603 1091 3684 gustinus,
1121 3605 1285 3669 sicut
1309 3607 1572 3687 exponit
1615 3604 1876 3671 Boetius
1901 3607 1945 3683 ¹,
1995 3612 2315 3689 quantum

775 3709 855 3773 ad
882 3710 1181 3793 peccandi
1203 3712 1695 3791 immunitatem,
1729 3730 1859 3777 non
1895 3718 2208 3795 quantum
2234 3714 2316 3780 ad

774 3817 1269 3901 passibilitatem.
1292 3818 1452 3882 Dicit
1475 3819 1648 3883 enim
1665 3819 1835 3884 idem
1851 3818 2127 3900 Boetius,
2145 3820 2316 3905 quod

775 3922 855 3988 de
881 3925 1052 3988 omni
1101 3929 1270 3989 statu
1321 3926 1936 4009 aliquidassumpsit
1967 3950 1983 3991 z
2024 3929 2104 3992 de
2148 3932 2319 3993 statu

776 4030 1157 4096 innocentiae
1178 4080 1197 4110 ,
1290 4033 1590 4115 peccandi
1655 4034 2168 4113 immunitatem3
2238 4036 2318 4100 de

779 4143 946 4203 statu
974 4139 1223 4222 gloriae,
1250 4140 1550 4223 peccandi
1604 4141 2208 4223 impossibilitatem;
2240 4142 2319 4208 de

780 4248 951 4311 statu
994 4250 1241 4311 naturae
1293 4246 1511 4328 lapsas,
1563 4248 2037 4330 passibilitatem
2096 4267 2115 4311 ε
2149 4249 2319 4313 unde

782 4352 1135 4417 secundum
1189 4353 1665 4436 passibilitatem
1720 4354 1867 4438 plus
1935 4355 2321 4420 assimilatur

783 4464 1034 4525 naturae
1058 4459 1274 4542 lapsae,
1303 4478 1501 4542 quam
1521 4464 1771 4524 naturae
1800 4460 2132 4527 institutas.

867 4569 906 4630 3
963 4570 1027 4630 et
1068 4570 1131 4630 4.
1188 4567 1287 4630 Ad
1339 4565 1496 4630 illud
1537 4566 1825 4631 Anselmi
1871 4567 1950 4633 de
1996 4569 2324 4635 voluntate

786 4672 1041 4751 christi,
1066 4674 1154 4737 ita
1204 4678 1375 4756 patet
1416 4675 1745 4756 responsio
1778 4696 1796 4738 ε
1826 4695 1959 4741 non
2004 4679 2180 4743 enim
2208 4697 2321 4745 ex-

789 4778 987 4846 cludit
1009 4780 1445 4845 necessitatem
1475 4781 1840 4864 simpliciter
1858 4829 1880 4862 ‚
1911 4783 2019 4848 sed
2047 4785 2326 4849 necessi-

789 4891 984 4951 tatem
1010 4892 1297 4972 respectu
1328 4887 1674 4952 voluntatis
1697 4888 1957 4953 divinae.
1986 4889 2065 4954 Et
2078 4908 2191 4972 per
2205 4891 2327 4955 boc

790 4997 962 5076 patet
1013 4994 1341 5077 responsio
1378 4994 1460 5058 ad
1495 5014 1766 5077 sequens
1785 4995 1957 5080 quod
2002 4997 2324 5080 objicitur,

792 5097 964 5182 quod
986 5101 1198 5164 omnis
1223 5102 1557 5165 necessitas
1586 5106 1698 5165 aut
1723 5108 1817 5166 est
1859 5102 2327 5186 prohibitionis,

795 5208 911 5270 aut
956 5207 1338 5272 coactionis:
1380 5208 1718 5273 dicendum
1764 5209 1939 5273 enim
1987 5210 2161 5293 quod
2208 5212 2333 5277 hoc

861 5370 881 5406 ¹
912 5370 1077 5428 Boot„
1106 5369 1168 5420 de
1189 5370 1341 5421 duab.
1377 5371 1498 5421 Nat.
1527 5374 1575 5421 et
1601 5386 1685 5424 nor.
1717 5385 1852 5437 pers.
1888 5371 2195 5423 Christi—¹
2221 5377 2327 5426 An·

799 5441 1126 5505 selmus‚cur
1157 5442 1283 5491 Deus
1308 5442 1468 5501 homo,
1491 5442 1577 5492 lib.
1612 5445 1736 5504 mc.
1763 5455 1954 5493 xvn.—
1972 5445 2040 5507 (a)
2063 5446 2150 5496 ΔΙ.
2170 5447 2327 5509 quod.

1862 469 2498 537 SENTENTIARUM
2543 470 2711 535 Lm:
2743 470 2847 536 ΙΙΙ.

2413 604 2793 686 intelligitur
2818 605 2897 670 de
2925 606 3295 672 necessitate
3318 624 3468 689 quae
3492 613 3814 690 repugnat
3838 627 3957 673 vo-

2410 709 2666 791 luntati,
2691 712 2858 777 sicut
2881 712 3032 776 dicit
3082 713 3251 778 idem
3280 713 3619 778 Anselmus
3657 713 3703 778 ¹.
3751 714 3840 779 De
3882 732 3958 779 ea

2411 823 2628 884 autem
2690 819 3077 897 necessitate,
3140 839 3288 904 quae
3339 820 3657 887 voluntati
3696 823 3953 899 subest,

2410 944 2543 992 non
2565 928 2691 991 hab
2702 932 2766 991 et
2819 929 3159 993 veritatem
3224 951 3241 992 :
3295 930 3437 994 ideo
3480 929 3643 995 ratio
3673 929 3785 994 illa
3827 947 3958 995 non

2411 1033 2660 1115 probat,
2688 1034 2857 1116 quod
2892 1035 3072 1099 nulla
3090 1035 3216 1099 fuit
3255 1036 3323 1099 in
3347 1036 3596 1100 Christo
3623 1036 3960 1101 necessitas

2412 1140 2714 1222 patiendi,
2743 1141 2854 1204 sed
2901 1142 3073 1224 quod
3101 1159 3233 1206 non
3257 1142 3379 1207 fuit
3404 1143 3623 1226 aliqua
3670 1146 3817 1225 ejus
3839 1160 3954 1208 vo-

2413 1246 2642 1310 luntati
2673 1248 3017 1313 contraria.

2493 1355 2554 1415 5.
2586 1353 2683 1416 Ad
2721 1352 2879 1417 illud
2906 1353 3077 1435 quod
3103 1353 3207 1436 obi
3215 1354 3424 1434 icitur,
3460 1354 3631 1438 quod
3670 1354 3962 1438 proprie-

2412 1463 2511 1522 tas
2556 1458 2912 1523 necessario
2947 1458 3270 1526 inhaerens
3292 1461 3506 1539 alicui,
3551 1466 3963 1544 comparatur

2413 1566 2492 1630 ad
2528 1567 2683 1629 illud
2720 1566 2885 1631 sicut
2911 1569 2993 1632 ad
3022 1569 3382 1652 subjectum
3412 1574 3475 1634 et
3503 1588 3789 1648 causam,
3818 1591 3960 1637 res-

2412 1672 2678 1756 ponderi
2720 1678 2947 1757 potest,
2973 1675 3146 1758 quod
3172 1693 3401 1741 verum
3426 1681 3543 1742 est.
3605 1676 3789 1756 Quod
3836 1697 3957 1743 au-

2412 1788 2545 1849 tem
2567 1786 2856 1865 assumit,
2889 1788 3065 1870 quod
3093 1787 3305 1869 passio
3328 1806 3460 1853 non
3485 1789 3676 1855 habet
3700 1809 3962 1855 eausam

2414 1892 2482 1955 in
2528 1889 2798 1973 Christ0‚
2825 1892 3168 1957 dicendum
3216 1895 3392 1976 quod
3432 1914 3627 1961 causa
3649 1897 3963 1979 passionis

2414 1997 2750 2082 dupliciter
2773 2004 2983 2082 potest
3008 2001 3457 2067 determinari:
3488 2003 3593 2068 vel
3619 2004 3686 2066 in
3719 2022 3962 2085 genere

2416 2106 2634 2186 moris,
2665 2107 2769 2171 vel
2793 2107 2866 2170 in
2890 2125 3127 2189 genere
3153 2109 3525 2174 naturae.1n
3549 2128 3789 2191 genere
3818 2128 3958 2175 mo·

2414 2212 2527 2292 ris,
2554 2231 2748 2278 causa
2786 2215 3099 2297 passionis
3124 2221 3218 2279 est
3276 2216 3583 2280 meritum
3623 2217 3865 2299 peccati
3892 2217 3964 2280 in

2416 2321 2641 2400 nobis;
2686 2323 2865 2386 etsie
2890 2341 3122 2388 verum
3176 2327 3296 2404 est,
3341 2325 3512 2407 quod
3551 2342 3680 2389 non
3729 2326 3855 2391 fuit
3894 2325 3966 2389 in

2417 2426 2682 2493 Christo.
2730 2428 2934 2494 Causa
2972 2448 3131 2495 vero
3175 2431 3246 2496 in
3274 2448 3512 2514 genere
3560 2436 3816 2498 naturae
3868 2435 3965 2497 est

2417 2536 2791 2619 compositio
2839 2556 2927 2602 ex
2969 2539 3302 2603 contrariis
3324 2538 3678 2603 secundum
3720 2543 3963 2604 statum

2417 2661 2660 2725 pugnae
2685 2648 2749 2709 et
2783 2645 3050 2709 actionis
3085 2651 3375 2710 mutuae:
3403 2651 3468 2711 et
3492 2646 3870 2728 hujusmodi
3895 2645 3965 2709 in

2420 2749 2663 2816 Christo
2681 2750 2802 2814 fuit
2822 2770 3001 2816 mera
3018 2752 3367 2816 voluntate.
3397 2752 3475 2816 Et
3487 2770 3602 2835 pro
3625 2752 3747 2816 hac
3768 2769 3966 2817 causa

2417 2856 2689 2921 dicimus
2715 2857 2784 2920 in
2809 2857 3053 2922 Christo
3076 2857 3272 2921 fuisse
3300 2858 3578 2940 patiendi
3629 2860 3966 2923 necessita·

2418 2967 2571 3026 tem.
2604 2961 2684 3027 Et
2706 2962 2860 3026 hinc
2885 2963 3177 3046 estquod
3204 2964 3480 3046 patiendi
3514 2964 3853 3028 necessitas
3893 2964 3965 3027 in

2419 3069 2667 3134 Christo
2696 3070 3088 3137 voluntatem
3114 3088 3247 3135 non
3273 3069 3588 3152 excludit,
3613 3071 3724 3136 sed
3749 3070 3964 3154 potius

2418 3176 2712 3241 includit.

2499 3286 2562 3348 6.
2595 3285 2693 3348 Ad
2720 3284 2877 3350 illud
2905 3285 3080 3369 quod
3094 3286 3420 3370 objicitur,
3444 3284 3620 3368 quod
3651 3283 3815 3349 illud
3840 3302 3960 3349 ne-

2419 3390 2693 3454 cessario
2745 3391 2909 3456 inest
2960 3392 3175 3470 alicui,
3229 3391 3401 3475 quod
3456 3392 3623 3455 inest
3676 3391 3758 3470 ei,
3783 3392 3961 3471 velit,

2418 3495 2601 3573 nolit,
2627 3498 2965 3563 dicendum
2993 3498 3167 3581 quod
3187 3499 3345 3563 illud
3372 3515 3503 3561 non
3518 3497 3712 3562 habet
3729 3500 3966 3563 verita-

2423 3606 2555 3666 tem
2573 3604 2698 3667 nisi
2722 3605 2801 3669 de
2829 3623 2906 3668 ea
2932 3606 3299 3670 necessitate
3324 3622 3475 3688 quae
3502 3608 3597 3668 est
3610 3608 3833 3669 contra
3858 3624 3965 3669 vo-

2421 3709 2753 3788 luntatem,
2783 3730 2915 3776 non
2941 3712 3021 3775 de
3045 3731 3122 3776 ea
3141 3730 3289 3796 quae
3305 3719 3499 3778 estex
3518 3710 3871 3789 voluntate,
3903 3716 3967 3776 et

2422 3817 2639 3881 subest
2661 3819 2976 3884 voluntati
3011 3840 3027 3882 :
3055 3823 3118 3883 et
3149 3820 3292 3884 talis
3339 3820 3680 3885 necessitas
3708 3836 3842 3883 non
3868 3818 3960 3883 di-

2424 3924 2659 3990 minuit
2692 3926 2771 3992 de
2797 3928 3041 3992 ratione
3090 3927 3327 4006 meriti,
3360 3927 3527 3991 sicut
3547 3928 3727 4009 ponit
3750 3926 3967 3990 Ansel-

2425 4050 2573 4098 mus
2592 4034 2985 4117 ‚exemplum
3039 4034 3119 4099 de
3170 4051 3248 4099 eo
3268 4081 3287 4111 ,
3328 4035 3444 4117 qui
3487 4034 3850 4099 voluntarie
3897 4051 3965 4097 se

2425 4140 2738 4221 obligavit
2780 4139 2862 4204 ad
2918 4158 3112 4223 opera
3164 4141 3760 4223 supererogationis.
3807 4140 3887 4206 Et
3909 4140 3964 4203 si

2427 4246 2784 4328 objiciatur,
2812 4244 2984 4327 quod
3009 4245 3131 4308 ista
3156 4244 3284 4309 duo
3310 4263 3440 4309 non
3475 4251 3736 4329 possunt
3765 4246 3959 4311 simul

2428 4356 2616 4432 stare,
2646 4352 2819 4435 quod
2844 4351 3085 4434 aliquid
3102 4351 3184 4417 sit
3206 4353 3634 4417 necessarium
3652 4357 3716 4417 et
3742 4354 3965 4418 volun-

2429 4460 2689 4539 tarium,
2714 4476 2864 4523 cum
2890 4458 3326 4523 voluntarium
3354 4460 3554 4542 possit
3578 4459 3670 4523 sic
3692 4462 3758 4524 et
3786 4461 3967 4524 aliter

2431 4583 2499 4627 se
2524 4564 2781 4642 habere,
2817 4564 3248 4629 necessarium
3266 4583 3421 4630 vero
3450 4566 3736 4646 minime,
3751 4568 3965 4632 dicen-

2430 4669 2588 4736 dum
2615 4673 2788 4756 quod
2816 4673 2976 4737 illud
3000 4690 3234 4738 verum
3257 4676 3355 4737 est
3371 4674 3450 4738 de
3467 4674 3793 4740 voluntate
3821 4693 3965 4759 quae

2433 4779 2627 4844 habet
2675 4797 2895 4844 secum
2946 4798 3267 4845 annexam
3308 4781 3816 4863 vertibilitatem3
3859 4781 3968 4848 sed

2433 4885 2511 4951 de
2564 4885 2893 4951 voluntate
2946 4887 3291 4951 invertibili
3347 4905 3482 4952 non
3528 4893 3623 4953 est
3675 4908 3903 4955 verum
3945 4911 3960 4954 :

2437 4992 2721 5058 Christus
2747 4994 2919 5058 enim
2943 4995 3304 5059 voluntarie
3322 4995 3654 5074 benefecit,
3676 5002 3740 5062 et
3756 5002 3968 5062 tamen

2436 5103 2862 5166 necessarium
2890 5102 3012 5167 fuit
3053 5102 3265 5185 ipsum
3317 5103 3682 5170 benefacere
3711 5122 3731 5169 :
3771 5105 3860 5169 sic
3907 5108 3970 5169 et

2437 5209 2794 5274 voluntarie
2844 5209 3319 5294 passibilitatem
3360 5215 3644 5277 nostram
3672 5231 3967 5295 assump-

2437 5321 2543 5402 sit,
2570 5323 2658 5387 ita
2683 5324 2855 5407 quod
2905 5322 3290 5405 impossibile
3331 5322 3452 5386 fuit
3481 5341 3635 5388 eum
3661 5325 3965 5408 poenitere

2442 5430 2520 5494 de
2548 5430 2688 5511 hoc,
2716 5431 2886 5512 quod
2913 5432 3340 5510 assumpserat
3362 5428 3677 5495 derectum
3703 5431 3912 5497 talem.
