4185 6288
254 1705 579 1765 Praeiationis
599 1705 680 1780 (a)
700 1706 831 1763 loco
859 1706 921 1763 in
943 1704 1089 1762 hanc
1118 1702 1349 1760 alteram
1369 1707 1576 1775 partem
1601 1701 2119 1758 Commentariorum
2145 1704 2316 1759 sancti
2345 1705 2750 1761 Beneventum.
2775 1706 2972 1762 lterum
3000 1703 3441 1762 commendantur

323 1806 728 1864 commentam
773 1805 959 1862 sancti
1006 1805 1395 1860 Bonaventurae
1436 1802 1493 1858 in
1529 1807 1762 1874 quatuor
1804 1799 1967 1858 libros
2007 1802 2426 1859 Sententiarum.
2461 1803 2566 1875 (Ex
2611 1801 2895 1859 Prodi-omo
2936 1801 3013 1859 ad
3047 1800 3223 1874 Opera
3259 1804 3440 1859 omnia

323 1905 385 1962 S.
412 1907 843 1973 sommam,
878 1902 983 1960 col.
1014 1905 1119 1959 5¹6
1145 1906 1202 1959 et
1226 1915 1363 1974 ειη,
1388 1901 1638 1970 Bessan„
1672 1898 1861 1972 1767).

348 2160 383 2197 a
409 2136 545 2203 Boc
568 2140 670 2201 tot
692 2152 977 2200 numero
993 2132 1237 2199 codices
1260 2132 1701 2216 manuscripti,
1725 2134 1819 2198 tot
1834 2130 2163 2211 editiones,
2184 2136 2276 2197 tot
2303 2131 2823 2213 nomenclatores,
2850 2135 3069 2216 totque
3083 2132 3447 2217 scriptores,

258 2262 461 2326 etiam
485 2260 796 2345 aequales,
834 2263 951 2327 aut
987 2277 1314 2343 suppares,
1344 2262 1567 2325 testata
1589 2258 1853 2336 faciunt,
1879 2261 1952 2323 ut
1979 2258 2214 2323 trustra
2251 2258 2400 2341 sim,
2431 2258 2486 2323 si
2510 2259 2652 2324 baee
2674 2259 2758 2325 ad
2797 2258 2937 2343 ipsa
2983 2259 3452 2343 comprobanda

258 2380 465 2446 velim
484 2380 735 2465 aliquid
759 2380 1014 2447 addere.
1045 2379 1114 2445 Si
1138 2383 1366 2445 caetera
1407 2379 1626 2445 omnia
1661 2379 1984 2458 deforent,
2015 2397 2190 2445 unus
2218 2379 2372 2478 satis
2412 2380 2574 2445 mihi
2601 2384 2763 2447 esset
2801 2379 2908 2447 Fr.
2947 2378 3351 2448 Salimbenus
3375 2381 3455 2448 de

264 2504 531 2583 Parma,
570 2506 749 2572 testis
787 2510 1377 2589 contemporaneus,
1420 2523 1497 2570 ac
1537 2506 1732 2571 etiam
1774 2503 2062 2571 oculatus
2079 2553 2100 2585 ,
2144 2505 2260 2589 qui
2303 2505 2717 2572 disertissime
2756 2507 3108 2588 adseverat,
3154 2507 3377 2573 eadem
3410 2526 3452 2573 a

263 2636 492 2698 nostro
510 2629 959 2696 Bonaventnra
982 2630 1145 2695 facta
1169 2627 1425 2695 Parisiis
1450 2647 1624 2696 anno
1644 2632 1821 2695 1248.
1854 2627 2038 2708 Quod
2064 2610 2450 2696 tamen'cum
2476 2648 2682 2713 grano
2708 2630 2855 2698 salis
2879 2630 3315 2716 accipiendum
3333 2633 3452 2710 est,

267 2756 490 2823 dando
507 2760 699 2822 antea
723 2760 787 2821 et
810 2759 1028 2839 postea
1051 2754 1336 2820 debitum
1362 2758 1615 2840 tempus
1644 2754 1725 2822 ad
1752 2772 1914 2838 opus
1939 2754 2099 2821 adeo
2123 2755 2368 2838 grande
2404 2755 2869 2839 incipiendum,
2915 2756 3455 2841 prosequendum,

272 2880 873 2966 perficiendumque
918 2903 935 2946 ε
968 2896 1100 2945 non
1127 2880 1298 2963 quod
1324 2879 1496 2947 intra
1534 2880 1731 2946 unius
1764 2880 1918 2947 anni
1955 2879 2278 2947 millesimi
2303 2880 2721 2946 ducentesimi
2752 2880 3225 2966 quadragesimi
3250 2882 3458 2948 octavi

276 3008 629 3090 angustias
654 3006 811 3071 illud
854 3005 1233 3090 conceperit,
1257 3006 1718 3090 pepereritque.
1740 3005 1921 3086 Quod
1961 3007 2018 3072 si
2052 3005 2158 3071 vel
2180 3004 2527 3072 Salimbeni
2557 3005 2993 3073 testimonium
3022 3006 3283 3088 deesset,
3310 3007 3461 3075 satis

277 3151 519 3199 eornm
547 3135 768 3199 auctor
789 3131 1390 3217 deprehenderetur,
1424 3131 1585 3199 dum
1608 3130 1817 3216 prodit
1849 3149 2009 3212 sese,
2034 3131 2272 3199 nedum
2297 3130 2811 3214 Franciscanum,
2848 3131 3089 3199 nedum
3114 3131 3459 3199 Alexandri

285 3258 549 3323 alensis
586 3256 994 3342 discipulum,
1046 3257 1158 3326 sed
1200 3261 1264 3323 et
1327 3256 1844 3325 Bonaventnram
1888 3257 2143 3325 Parisiis
2190 3259 2594 3326 scribentem.
2638 3257 3129 3325 Franciscanum
3176 3258 3460 3343 quidem,

286 3383 454 3449 dum
479 3382 575 3448 ait
598 3382 761 3449 libro
803 3383 1118 3449 secundo¹
1151 3405 1168 3448 :
1206 3405 1239 3443 α
1279 3382 1355 3449 In
1397 3384 1629 3466 regula
1670 3383 1838 3451 beati
1875 3382 2191 3451 Francisci
2218 3382 2590 3469 simpliciter
2634 3383 3023 3467 praecipitur,
3071 3383 3248 3467 quod
3289 3382 3463 3449 illius

286 3508 549 3592 regulae
569 3508 946 3591 professores
962 3506 1123 3572 nihil
1144 3508 1411 3573 omnino
1439 3507 1719 3575 babeant
1728 3511 2060 3593 proprium
2087 3528 2281 3594 super
2307 3513 2567 3577 terram.
2590 3530 2620 3570 n
2647 3508 2989 3576 Alexandri
3004 3509 3254 3575 Alensis
3279 3509 3470 3576 disci-

286 3635 555 3719 pulnm,
583 3633 741 3698 dum
766 3633 835 3698 in
858 3633 1083 3699 eodem
1097 3632 1375 3699 secundo
1398 3632 1806 3700 librodiserte
1824 3634 2115 3701 nominat
2131 3637 2155 3671 ¹
2179 3635 2452 3700 «fratem
2470 3634 2905 3700 Alexandrum
2922 3634 3000 3701 de
3026 3633 3176 3701 Ales
3197 3636 3468 3719 patrem,

290 3762 365 3825 et
388 3757 777 3841 magistrum
800 3761 1115 3824 nostrum.
1134 3780 1168 3820 ιι
1190 3756 1361 3824 Tum
1383 3759 1580 3824 etiam
1607 3757 2144 3838 Bonaventuram,
2163 3760 2321 3826 dum
2347 3760 2511 3826 libro
2536 3762 2766 3844 quarto
2790 3759 3037 3844 inquit⁸
3066 3783 3082 3827 ε
3123 3784 3154 3825 e
3177 3759 3244 3827 Si
3273 3778 3473 3827 unam

292 3885 616 3950 haberent
641 3883 1124 3964 institutionem,
1151 3903 1360 3951 unum
1380 3888 1544 3952 esset
1575 3903 1835 3964 nomen,
1873 3886 2045 3953 sieut*
2071 3885 2197 3952 hoc
2234 3904 2470 3952 nomen
2496 3887 2968 3967 Bonaventura,
3011 3889 3133 3952 etc.
3161 3907 3193 3948 ι»
3221 3885 3477 3951 Parisiis

295 4029 560 4096 quoque
604 4011 1020 4090 scribentem3
1057 4029 1212 4076 nam
1254 4016 1488 4095 quarto
1534 4012 1702 4079 libro
1742 4030 2039 4096 quaerens
2080 4012 2445 4095 Purgatorii
2497 4011 2712 4079 locum
2762 4010 3285 4091 determinatum,
3313 4010 3479 4077 inter

296 4143 537 4204 atera
568 4138 663 4200 sic
689 4136 884 4203 habet
904 4136 928 4172 ⁸
959 4159 976 4202 ε
1014 4160 1047 4199 α
1075 4135 1140 4202 Si
1168 4137 1521 4204 dixerimus
1545 4138 1719 4223 quod
1737 4139 1852 4204 ubi
1878 4142 2339 4222 peccaverunt,
2366 4137 2524 4204 illud
2544 4137 2807 4203 omnino
2827 4136 2931 4204 vel
2959 4136 3346 4216 incredibile,
3373 4137 3479 4204 vel

303 4261 732 4350 improbabile
756 4265 873 4344 est,
896 4263 1074 4348 qnod
1095 4280 1319 4334 omnes
1340 4264 1602 4346 animae,
1621 4282 1772 4350 quae
1797 4263 2052 4330 Parisiis
2080 4267 2528 4348 peecaverunt,
2558 4261 2819 4329 Parisiis
2842 4261 3218 4347 puniantur.
3245 4284 3279 4324 n

385 4412 419 4452 ι
450 4386 623 4454 Hinc
648 4390 766 4469 est,
792 4386 969 4472 qnod
1008 4404 1202 4454 nemo
1242 4388 1349 4455 vel
1381 4406 1466 4456 ex
1505 4388 1963 4457 morosioribus
1988 4388 2243 4471 criticis,
2285 4386 2447 4454 mihi
2485 4388 2746 4473 quidem
2786 4387 3148 4471 compertis,
3182 4386 3486 4453 inventus

304 4520 402 4583 est
420 4516 764 4593 hactenns,
782 4511 901 4596 qui
926 4512 1303 4596 hujusmodi
1333 4514 1791 4582 commentaria
1811 4513 2004 4582 tuerit
2049 4532 2245 4582 ausus
2272 4515 2344 4580 in
2368 4513 2641 4580 dubium
2678 4528 3000 4580 revocare.
3030 4511 3114 4578 Ut
3143 4510 3299 4595 quid
3324 4526 3487 4593 ergo

305 4643 376 4706 in
412 4658 491 4707 re
526 4637 881 4707 meridiana
901 4638 1045 4706 luce
1069 4639 1358 4722 clariore,
1385 4645 1580 4726 atque
1598 4643 1783 4708 extra
1806 4640 2019 4708 omnis
2037 4639 2449 4707 dubitationis
2474 4639 2682 4706 aleam
2719 4639 2945 4725 posita,
2971 4642 3228 4722 tempus
3251 4635 3489 4721 pretio-

306 4766 644 4832 simimnm
667 4767 911 4831 tereret
936 4762 1147 4830 Satius
1161 4764 1355 4830 fuerit
1379 4768 1737 4848 auctorum,
1763 4766 1877 4851 qui
1910 4767 1982 4833 in
2026 4766 2342 4852 praedictis
2370 4765 2843 4833 commentariis
2878 4766 3178 4846 citantur,
3216 4761 3489 4829 indicem

308 4892 605 4977 praebere
630 4889 822 4974 paulo
842 4887 1321 4973 locupletiorem
1347 4889 1482 4972 illo,
1513 4908 1710 4975 quem
1732 4891 2007 4958 Ioannes
2028 4890 2353 4960 Balainius
2378 4890 2662 4957 Andrius
2695 4888 3161 4956 Franciscanus
3202 4887 3518 4972 digoesit,‹

310 5037 388 5085 ac
409 5015 563 5083 talis
586 5017 726 5082 est:
756 5012 1093 5096 Aloninus,
1111 5014 1475 5082 Alexander
1489 5013 1684 5101 Papa,
1701 5015 2064 5084 Alexander
2079 5016 2159 5084 de
2175 5016 2325 5085 Ales
2346 5021 2393 5098 ⁸,
2408 5014 2692 5100 Algazel,
2720 5012 3123 5095 Ambrosius,
3152 5010 3494 5080 Anacletus

378 5219 399 5255 ¹
424 5214 564 5267 nist.
590 5223 731 5277 mv,
762 5216 861 5265 art.
887 5215 940 5279 3,
969 5227 1022 5278 q.
1052 5223 1122 5275 113
1147 5224 1338 5276 supra,
1360 5214 1488 5264 tom.
1517 5213 1605 5272 11¹,
1630 5227 1686 5276 p.
1714 5216 1825 5276 655,
1854 5215 1953 5268 col.
1982 5218 2029 5268 2.
2049 5240 2113 5255 -
2136 5215 2160 5251 ⁸
2184 5215 2309 5267 Dist.
2334 5225 2488 5276 xxm,
2514 5219 2612 5265 art.
2640 5218 2689 5274 2,
2717 5227 2771 5278 q.
2796 5224 2885 5276 ¹113
2912 5211 3064 5272 ibid..
3090 5227 3146 5276 p.
3174 5214 3286 5274 ¹5¹,
3314 5209 3416 5261 eol.
3443 5213 3491 5262 2.

314 5295 565 5348 -⁸D‘nt.
596 5304 712 5357 vm,
738 5297 869 5357 part.
898 5292 965 5354 11,
992 5293 1091 5343 art.
1119 5294 1170 5355 2,
1191 5305 1243 5356 q.
1269 5304 1308 5342 11
1328 5291 1395 5344 ad
1414 5290 1607 5343 1u.-⁸
1631 5291 1756 5343 Dist.
1781 5304 1870 5356 xx,
1893 5298 2027 5358 part.
2054 5297 2096 5360 Ι,
2116 5299 2212 5348 art.
2244 5301 2450 5361 1,q.·v1.
2475 5297 2612 5345 —⁸«
2635 5294 2796 5359 nujus
2820 5292 3056 5345 meminit
3075 5293 3232 5346 etiam
3250 5290 3383 5344 libro
3403 5288 3497 5352 m,

317 5378 440 5436 dist„
462 5387 541 5442 π,
566 5373 698 5428 dub.
720 5385 805 5439 ιιι,
832 5373 1111 5440 ubiipsum
1132 5371 1351 5438 appellat
1377 5371 1514 5424 bona
1541 5374 1810 5426 morth.
1835 5392 1867 5426 s

383 5485 459 5550 (a)
490 5481 620 5535 Eme
643 5482 830 5536 omissa
855 5482 1026 5548 primo
1052 5483 1197 5531 tomo
1227 5480 1721 5532 Commentariorum
1736 5518 1756 5545 ‚
1781 5483 1901 5535 huic
1928 5484 2108 5536 saltem
2135 5485 2264 5549 parti
2289 5483 2619 5534 restituimus.

3068 5593 3111 5637 α
