4185 6288
611 494 808 575 ¹{ao

1201 742 1723 811 CONCLUSIO.

697 929 927 984 Persona
961 928 1022 1005 in
1048 927 1429 981 incarnatione
1472 927 1731 979 naturam
1776 921 2097 991 assumpsit;
2133 933 2241 972 non

771 1021 949 1071 tamen
977 1020 1053 1071 est
1080 1014 1460 1071 concedendum
1479 1027 1763 1085 personam
1789 1011 2036 1065 divinam
2062 1009 2245 1064 huma-

767 1117 895 1156 nam
922 1103 1262 1174 assumpsisse
1285 1114 1588 1171 personam.

781 1258 967 1341 Resp.
1026 1260 1108 1323 ad
1156 1277 1300 1340 arg.
1354 1256 1702 1321 Dicendum
1753 1253 1926 1336 quod
1980 1250 2246 1315 omnino

702 1362 934 1425 falsum
962 1367 1076 1436 est,
1103 1361 1275 1442 quod
1301 1377 1574 1441 persona
1599 1373 1936 1439 personam
1963 1370 2251 1433 assump-

702 1468 805 1531 sit.
837 1467 970 1531 Hoc
995 1467 1168 1532 enim
1191 1466 1519 1548 tripliciter
1546 1468 1750 1546 potest
1781 1459 2051 1540 intelligi
2088 1480 2103 1522 t
2138 1462 2253 1521 aut

704 1575 875 1658 quod
903 1575 1117 1657 ipsum
1145 1577 1548 1655 assumptum
1574 1569 1767 1633 fuerit
1801 1585 2075 1650 persona
2106 1570 2253 1629 ante

706 1683 1237 1764 assumptionem3
1285 1682 1400 1742 aut
1444 1678 1615 1758 quod
1648 1676 1841 1740 fuerit
1887 1691 2160 1756 persona
2186 1673 2254 1735 in

708 1789 1170 1871 assumptione;
1201 1792 1314 1851 aut
1354 1785 1525 1868 quod
1570 1784 1759 1848 fuerit
1805 1800 2074 1866 persona
2117 1784 2257 1863 post

708 1896 1230 1978 assumptionem.
1264 1893 1557 1970 Quolibet
1583 1891 1856 1954 istorum
1887 1890 2085 1952 trium
2114 1906 2256 1951 mo-

710 2005 942 2070 dorum
969 2007 1226 2084 sumpta
1261 1999 1576 2064 sententia
1614 1997 1900 2080 praedicti
1945 1996 2259 2060 sermonis

710 2116 805 2176 est
829 2111 1004 2174 falsa.
1039 2109 1202 2173 Nam
1222 2109 1468 2190 primus
1483 2108 1806 2188 repugnat
1835 2103 2083 2167 veritati
2114 2121 2259 2166 con-

712 2219 1055 2300 ceptionis;
1102 2216 1443 2293 secundus,
1472 2212 1727 2276 veritati
1768 2207 2255 2290 assumptionis;

713 2331 776 2390 et
805 2325 1057 2401 tertius,
1090 2323 1339 2386 veritati
1369 2320 1649 2384 unionis,
1684 2317 1936 2381 Primus
1984 2332 2262 2396 namque

715 2434 827 2517 qui
880 2432 1000 2495 hoc
1048 2432 1254 2513 ponit,
1319 2429 1490 2511 quod
1550 2430 1697 2490 ante
1760 2423 2263 2505 assumptionem

716 2541 907 2604 fuerit
947 2558 1244 2621 persona,
1286 2536 1540 2600 veritati
1582 2530 2013 2615 conceptionis
2067 2547 2258 2610 repu-

718 2653 917 2729 gnat:
950 2647 1004 2709 si
1032 2647 1207 2709 enim
1234 2645 1360 2706 fuit
1384 2647 1530 2706 ante
1562 2658 1855 2724 persona,
1891 2654 2087 2719 quam
2107 2638 2270 2698 esset

722 2755 907 2834 DeuS,
937 2755 1126 2833 virgo
1156 2752 1351 2815 Maria
1384 2770 1518 2813 non
1567 2748 1854 2829 concepit
1894 2745 2127 2820 Deum,
2158 2744 2270 2808 sed

721 2861 1049 2925 hominem
1078 2877 1354 2941 purum;
1389 2857 1558 2941 quod
1588 2861 1682 2919 est
1708 2859 1928 2918 contra
1967 2852 2270 2929 Evange-

722 2967 886 3030 lium
935 2971 998 3029 et
1041 2965 1470 3047 conceptionis
1526 2961 1891 3026 articulum.
1942 2958 2275 3022 Secundus

726 3092 879 3137 vero
906 3073 1156 3150 moduS,
1192 3073 1300 3154 qui
1329 3071 1511 3154 ponit
1539 3069 1866 3132 hominem
1896 3066 2080 3129 illum
2103 3070 2270 3128 tem·-

731 3200 885 3263 pore
910 3180 1363 3262 assumptionis
1407 3177 1598 3242 fuisse
1630 3193 1990 3257 personam,
2024 3171 2277 3238 veritati

732 3286 1187 3368 assumptionis
1213 3288 1573 3368 repugnat:
1598 3283 1650 3344 si
1679 3282 1855 3345 enim
1882 3280 1951 3342 in
1975 3295 2277 3359 assump-

731 3395 908 3459 tione
953 3392 1077 3455 fuit
1118 3410 1422 3475 persona,
1475 3393 1541 3454 et
1592 3393 1732 3472 post
1777 3386 2279 3467 assumptionem

734 3501 922 3566 desiit
953 3517 1086 3563 esse
1133 3517 1436 3581 persona,
1491 3496 1702 3579 potius
1737 3495 1806 3557 in
1846 3492 2281 3573 assumptione

735 3609 874 3691 ipsa
896 3624 1165 3688 persona
1207 3603 1725 3679 consumebatur,
1766 3618 1963 3683 quam
2003 3616 2285 3661 assume-

737 3717 928 3779 batur
976 3737 991 3777 :
1032 3733 1164 3776 non
1205 3730 1361 3793 ergo
1405 3711 1523 3774 fuit
1568 3710 1674 3772 illa
1709 3726 1862 3771 vera
1907 3706 2281 3788 assumptio,

737 3823 844 3886 sed
877 3822 1084 3902 magis
1113 3819 1534 3902 consumptio.
1574 3816 1825 3881 Tertius
1863 3833 2015 3878 vero
2059 3816 2288 3878 modus

643 3921 644 3924 ’
738 3923 1180 4006 intelligendi,
1232 3924 1403 4004 quod
1448 3920 1640 3984 fuerit
1693 3937 1965 4001 persona
2005 3922 2146 3999 post
2185 3937 2288 3979 as-

739 4034 1172 4112 sumptionem
1242 4028 1399 4091 illud
1473 4027 1642 4108 quod
1704 4029 2109 4106 assumptum
2171 4027 2285 4101 est,

741 4139 996 4204 veritati
1013 4136 1269 4201 unionis
1282 4139 1602 4217 repugnat
1635 4157 1649 4197 :
1683 4134 1736 4195 si
1764 4134 1937 4196 enim
1956 4148 2293 4194 assumens

742 4246 955 4312 differt
970 4246 1049 4308 ab
1064 4246 1413 4326 assumpt0‚
1432 4246 1494 4305 et
1510 4241 1662 4305 illud
1672 4289 1688 4318 ,
1707 4239 1878 4322 quod
1891 4243 2293 4321 assumptum

747 4358 866 4432 est,
889 4359 983 4417 est
998 4371 1302 4437 persona;
1325 4350 1517 4431 etqui
1535 4347 1877 4430 assumpsit
1894 4346 2183 4409 similiter
2202 4349 2298 4408 est

749 4481 1060 4546 persona:
1086 4478 1243 4540 ergo
1262 4459 1331 4521 in
1352 4455 1600 4520 Christo
1631 4458 1783 4518 sunt
1808 4454 1956 4518 duae
1983 4471 2292 4535 personae,

751 4576 815 4635 et
841 4571 986 4634 duae
1016 4567 1263 4647 suntin
1291 4565 1511 4629 eodem
1541 4567 1790 4626 naturae
1826 4584 1842 4625 :
1871 4562 1992 4625 hoc
2029 4562 2296 4636 constat,

754 4701 828 4746 ac
855 4699 969 4763 per
1013 4681 1137 4743 hoc
1179 4676 1357 4740 nulla
1395 4679 1492 4738 est
1535 4674 1628 4737 ibi
1672 4672 1830 4735 unio
1882 4694 1896 4734 :
1947 4675 2010 4734 et
2053 4672 2107 4732 si
2152 4671 2297 4748 hoc,

756 4787 935 4851 nulla
958 4792 1053 4849 est
1078 4786 1167 4848 ibi
1198 4782 1572 4859 incarnatio,
1605 4798 1721 4842 nec
1746 4777 2019 4842 humani
2045 4777 2303 4858 generis

755 4894 1072 4974 reparatio
1096 4915 1110 4955 ε
1136 4891 1304 4974 quod
1324 4890 1481 4953 adeo
1497 4892 1593 4951 est
1618 4885 1991 4963 absurdum,
2016 4889 2090 4947 ut
2110 4884 2304 4946 totius

758 5000 907 5064 fidei
949 5001 1311 5064 christianas
1349 4997 1622 5080 perimat
1667 4993 2180 5057 fundamentum.
2232 4989 2305 5052 In

761 5104 935 5169 hunc
963 5113 1177 5171 autem
1207 5121 1490 5169 errorem
1515 5101 1866 5185 pessimum
1893 5098 2116 5161 incidit
2142 5095 2305 5162 Nes-

763 5212 988 5289 toriuS,
1018 5217 1090 5276 ut
1117 5212 1270 5275 dicit
1295 5210 1552 5275 Boetius
1577 5214 1622 5284 ¹,
1651 5226 1768 5284 pro
1794 5225 1871 5271 eo
1910 5205 2080 5288 quod
2108 5205 2317 5269 nesci-

830 5384 849 5417 ¹
881 5383 1047 5446 Boet.‚
1068 5381 1129 5430 de
1150 5382 1313 5430 Duab.
1340 5382 1460 5430 Nat.
1485 5382 1538 5429 in
1564 5394 1664 5429 una
1692 5392 1825 5444 pers.
1858 5377 2079 5437 Christi,
2122 5391 2167 5427 e.
2199 5388 2228 5424 v
2254 5376 2308 5425 in

764 5453 1002 5518 princip.,
1029 5457 1081 5501 et
1100 5468 1145 5501 c.
1163 5451 1308 5513 v1,in
1335 5451 1452 5500 fine.

1814 477 2429 548 SENTENTIARUM
2476 475 2626 541 LlB.
2673 475 2780 539 111.

2343 613 2439 676 vit
2467 612 2862 691 distinguere
2888 608 3055 672 inter
3078 622 3415 690 personam
3461 608 3525 667 et
3563 607 3895 668 naturam.

2350 720 2470 785 Pro
2498 738 2573 785 eo
2608 719 2781 783 enim
2804 717 2977 799 quod
3002 715 3160 780 vidit
3190 715 3258 778 in
3291 712 3534 777 Christo
3571 711 3902 793 duplicem

2348 850 2484 895 esse
2509 835 2829 908 naturam,
2861 827 3175 892 intellexit
3213 825 3527 908 duplicem
3571 842 3705 887 esse
3752 840 3906 903 per-

2350 958 2595 1003 sonam.
2626 937 2941 1019 Eutyches
2966 952 3122 998 vero
3154 952 3235 996 ex
3258 932 3479 995 eadem
3505 948 3695 993 causa
3719 947 3901 993 erra-

2352 1048 2465 1122 vit,
2496 1046 2605 1109 sed
2634 1063 2768 1108 non
2796 1043 3017 1106 eodem
3065 1040 3254 1104 modo
3299 1061 3312 1102 ε
3360 1039 3511 1119 quia
3556 1037 3735 1100 enim
3764 1053 3911 1099 nes-

2355 1148 2508 1211 civit
2538 1148 2894 1211 discernere
2930 1146 3096 1207 inter
3121 1159 3461 1225 personam
3488 1144 3549 1202 et
3574 1143 3907 1213 naturam,

2356 1259 2420 1317 et
2444 1255 2603 1318 vidit
2629 1253 2800 1336 quod
2830 1254 2900 1316 in
2929 1251 3174 1315 Christo
3199 1266 3330 1311 non
3350 1248 3596 1329 poterat
3614 1262 3757 1308 esse
3787 1242 3910 1305 nisi

2357 1381 2489 1425 una
2516 1379 2804 1443 persona,
2845 1378 2928 1421 ex
2970 1342 3092 1420 hoc
3136 1354 3505 1436 compulsus
3546 1356 3642 1416 est
3668 1367 3914 1433 ponere

2360 1469 2531 1550 quod
2559 1469 2627 1531 in
2655 1467 2901 1531 Christo
2927 1483 3059 1529 non
3087 1469 3180 1527 est
3212 1463 3333 1525 nisi
3369 1479 3502 1524 una
3542 1464 3808 1522 natura.
3839 1456 3917 1521 Et

2362 1575 2525 1655 ideo,
2556 1575 2717 1637 sicut
2762 1574 2890 1637 duo
2928 1574 3192 1635 fuerunt
3237 1585 3484 1632 errores
3528 1567 3595 1629 in
3642 1564 3913 1639 divinis,

2363 1683 2602 1746 scilicet
2628 1681 2762 1744 Arii
2785 1685 2848 1744 et
2872 1679 3145 1754 Sabellii,
3171 1694 3289 1760 pro
3311 1694 3388 1741 eo
3414 1675 3586 1759 quod
3613 1673 3917 1738 nescive-

2364 1793 2518 1852 runt
2538 1788 2936 1868 distinguere
2955 1786 3122 1849 inter
3141 1789 3438 1848 naturam
3456 1786 3521 1847 et
3538 1799 3914 1865 personam,

2366 1894 2457 1958 sic
2483 1894 2611 1958 duo
2636 1895 2898 1957 fuerunt
2935 1910 3183 1956 errores
3208 1893 3375 1955 circa
3402 1890 3917 1954 incarnationem

2370 2003 2619 2080 Christi,
2651 2001 2941 2065 videlicet
2962 2000 3268 2083 Eutychis
3284 2004 3348 2063 et
3366 1997 3418 2062 N
3422 1997 3661 2061 aetorii.
3694 1996 3917 2059 Catho-

2367 2110 2490 2174 lica
2515 2128 2670 2174 vero
2698 2109 2973 2173 Ecclesia
3000 2125 3114 2191 per
3155 2107 3441 2170 medium
3484 2107 3760 2169 istorum
3812 2121 3918 2168 er·-

2370 2235 2591 2282 rorum
2616 2216 3001 2298 pertransiit,
3049 2216 3263 2279 dicens
3308 2216 3378 2277 in
3430 2213 3663 2277 deitate
3708 2212 3925 2295 plures

2372 2341 2508 2387 esse
2561 2340 2863 2404 personas
2886 2371 2903 2400 ,
2960 2327 3023 2386 et
3072 2341 3270 2386 unam
3333 2325 3630 2384 naturam
3658 2343 3675 2398 ;
3739 2325 3803 2383 et
3856 2321 3921 2382 in

2374 2428 2621 2501 Christo
2648 2430 2865 2511 plures
2890 2434 3173 2506 naturas,
3205 2434 3269 2492 et
3312 2447 3512 2491 unam
3556 2445 3918 2510 personam.

2376 2536 2455 2600 Et
2498 2537 2642 2600 ideo
2683 2537 3056 2620 simpliciter
3101 2535 3385 2601 concedit
3425 2554 3772 2618 personam
3824 2552 3924 2597 as-

2376 2645 2723 2726 sumpsisse
2750 2648 3049 2708 naturam
3070 2692 3087 2724 ,
3130 2649 3194 2708 et
3233 2646 3428 2724 negat
3453 2660 3799 2725 personam
3825 2660 3921 2704 as-

2377 2756 2724 2838 sumpsisse
2752 2774 3112 2837 personam,
3144 2757 3307 2819 sicut
3344 2754 3654 2836 Magister
3688 2755 3837 2817 dicit
3862 2753 3924 2816 in

2377 2862 2607 2928 littera.
2640 2862 2815 2928 Unde
2843 2863 3121 2926 rationes
3162 2866 3315 2926 sunt
3363 2862 3786 2926 concedendae
3831 2860 3925 2924 in-

2380 2970 2588 3034 ductae
2613 2988 2731 3052 pro
2755 2971 2875 3033 ista
2899 2974 3101 3053 parte.

2464 3079 2522 3141 1.
2546 3077 2643 3140 Ad
2667 3076 2821 3140 illud
2844 3078 3014 3160 quod
3038 3077 3383 3161 opponitur
3418 3077 3485 3140 in
3509 3076 3920 3155 contrarium,

2384 3185 2555 3267 qnod
2583 3203 2854 3265 persona
2903 3190 2998 3248 est
3065 3184 3394 3248 rationalis
3449 3189 3704 3262 naturae
3761 3183 3926 3246 indi-

2386 3291 2583 3355 vidua
2632 3281 2982 3356 substantia
3005 3340 3022 3371 ,
3076 3291 3419 3355 dicendum
3473 3291 3650 3374 quod
3700 3289 3926 3354 indivi-

2386 3399 2589 3463 duum
2619 3397 2686 3460 in
2712 3398 3134 3463 notificatione
3160 3416 3452 3480 personae
3480 3398 3795 3480 triplicem
3819 3396 3928 3457 im-

2391 3509 2596 3585 portat
2619 3504 3108 3580 distinctionem,
3135 3504 3429 3568 videlicet
3448 3501 3922 3584 singularitatis,

2389 3611 3146 3688 incommunicabilitatiS,
3177 3615 3241 3673 et
3269 3610 3802 3693 supereminentis
3827 3609 3925 3672 di-

2393 3719 2674 3799 gnitatis.
2722 3717 3080 3783 Indivisum
3114 3719 3287 3782 enim
3328 3718 3596 3797 dicitur,
3631 3717 3796 3800 quod
3840 3718 3926 3778 est

2393 3826 2466 3889 in
2514 3844 2581 3888 se
2633 3824 3066 3903 individuum,
3112 3828 3176 3887 et
3224 3826 3319 3888 ab·
3356 3825 3497 3888 aliis
3537 3825 3920 3889 distinctum.

2396 3932 2874 3996 Distinctionem
2910 3931 3373 4012 singularitatis
3396 3950 3556 3996 voco
3571 3980 3587 4008 ,
3618 3931 3785 4015 quod
3818 3928 3926 3993 ali-

2398 4040 2552 4122 quid
2581 4058 2711 4104 non
2738 4040 2818 4103 sit
2837 4057 3185 4103 commune
3210 4039 3289 4104 ad
3318 4039 3526 4122 plura,
3560 4040 3670 4104 sed
3696 4039 3928 4103 dicatur

2400 4149 2477 4212 de
2494 4165 2627 4218 uno
2642 4147 2775 4210 solo
2793 4164 2810 4208 t
2828 4151 3086 4230 propter
3105 4146 3279 4228 quod
3300 4145 3591 4211 Socrates
3613 4151 3694 4228 (a)
3714 4144 3930 4209 dicitur

2388 4254 2806 4320 individuum
2827 4301 2843 4331 ,
2869 4254 3064 4317 homo
3103 4271 3259 4317 vero
3291 4272 3425 4317 non
3450 4254 3684 4318 dicitur
3707 4248 3928 4315 indivi-

2404 4360 2632 4424 duum.
2688 4360 3167 4424 Distinctionem
3217 4354 3928 4424 incommunicabilitatis

2405 4468 2567 4543 dico,
2597 4468 2854 4549 quando
2895 4466 3137 4548 aliquid
3167 4485 3296 4529 non
3340 4471 3436 4530 est
3461 4467 3731 4549 alicujus
3772 4479 3924 4546 pars,

2315 4610 2336 4637 0
2406 4575 2541 4638 sive
2578 4573 2836 4637 veniens
2862 4573 2933 4636 in
2961 4573 3485 4655 compositionem
3528 4572 3695 4637 tertii
3727 4594 3742 4634 ε
3773 4567 3928 4633 unde
4010 4573 4019 4590 ⁴

2408 4700 2520 4764 pes
2545 4681 2650 4745 vel
2686 4698 2914 4744 manus
2949 4679 3264 4759 hominis,
3300 4679 3555 4762 proprie
3588 4675 3924 4761 loquendo,

2408 4806 2540 4852 non
2559 4787 2789 4851 dicitur
2810 4785 3241 4850 individuum.
3271 4785 3740 4850 Distinctionem
3763 4797 3929 4863 supe·
3971 4794 4091 4867 indefi-

2409 4893 2783 4958 reminentis
2829 4892 3158 4973 dignitatis
3199 4892 3490 4974 intelligo
3538 4893 3745 4968 illam,
3796 4902 3926 4970 quae
3949 4874 4109 4970 ωῆξέο,

2412 5002 2717 5084 accipitur
2751 5019 2792 5063 a
2834 5000 3117 5081 digniori
3160 5001 3566 5083 proprietate.
3603 4999 3734 5063 Hoc
3770 4994 3923 5060 enim

2414 5127 2671 5186 nomen,
2720 5122 3027 5190 persona,
3084 5111 3414 5189 sumptum
3470 5113 3564 5172 est
3613 5127 3651 5172 a
3695 5102 3926 5185 dignio-

2413 5214 2595 5278 ribus
2623 5236 2639 5277 :
2674 5214 2840 5277 unde
2876 5230 3004 5277 non
3033 5212 3350 5294 reperitur
3374 5214 3500 5278 nisi
3528 5215 3599 5278 in
3624 5207 3928 5278 individuo

2414 5319 2827 5384 nobilissimae
2862 5323 3193 5395 creaturae,
3233 5299 3456 5402 utpote
3499 5317 3830 5394 rationalis,
3870 5313 3925 5373 et

2482 5444 2549 5506 (a)
2567 5443 2692 5494 Coee.
2713 5443 2834 5493 edit.
2859 5445 3056 5495 Sortes.
