4185 6288
1432 463 1806 531 ms‘rmc'r.
1850 464 2036 530 xvn.
2080 464 2263 530 ΛΒΤ.
2307 464 2355 530 1.

293 598 485 663 altera
521 607 682 666 vero
717 597 1171 676 sensualitatis,
1201 617 1399 683 quam
1440 599 1604 665 ratio
1628 601 1835 684 subji-

293 706 493 772 ciebat
518 707 837 772 voluntati
860 705 1095 772 divinae
1114 755 1131 783 ,
1159 707 1305 773 licet
1340 709 1482 792 ipsa
1521 707 1835 774 sensuali-

291 816 392 877 tas
432 813 825 878 contrarium
867 816 1191 895 appeteret
1221 837 1237 879 ε
1270 819 1334 879 et
1374 816 1491 895 ita,
1537 814 1837 898 quamvis

294 938 427 985 non
470 925 609 985 erat
656 920 910 999 similis,
956 925 1094 985 erat
1142 925 1357 986 tamen
1400 922 1683 1006 subjecta
1705 971 1723 999 ,
1764 941 1838 986 ac

295 1046 412 1111 per
436 1029 559 1092 hoc
582 1047 715 1092 non
741 1030 876 1092 erat
907 1029 1245 1092 contraria.

377 1140 438 1200 2.
490 1135 589 1200 Ad
631 1134 790 1200 illud
833 1134 1180 1218 Augustini
1221 1155 1350 1219 quo
1392 1137 1624 1201 dicitur
1666 1136 1839 1220 quod

296 1243 593 1307 voluntas
621 1243 909 1307 humana
948 1242 1020 1305 in
1061 1241 1304 1307 Christo
1344 1242 1612 1308 distabat
1655 1262 1693 1308 a
1721 1262 1839 1308 vo-

296 1351 539 1415 luntate
566 1349 816 1430 divina,
843 1350 1183 1415 dicendum
1223 1352 1392 1434 quod
1439 1353 1839 1434 Augustinus

293 1457 565 1521 intendit
605 1457 694 1521 ibi
740 1475 976 1541 ponere
999 1457 1369 1523 distantiam
1398 1464 1712 1542 quantum
1759 1461 1839 1526 ad

292 1562 729 1628 diversitatem
783 1564 1185 1630 voluntatum
1208 1614 1226 1645 ,
1260 1568 1347 1630 'et
1397 1571 1711 1650 quantum
1759 1568 1837 1630 ad

293 1671 661 1734 distantiam
697 1670 1064 1751 volitorum,
1103 1690 1231 1736 non
1271 1677 1487 1737 autem
1524 1677 1839 1756 quantum

294 1777 383 1841 ad
408 1777 819 1861 subjectionis
843 1778 1136 1843 ordinem
1162 1779 1228 1842 in
1257 1779 1529 1845 volendo
1561 1802 1576 1842 z
1608 1783 1671 1844 et
1698 1780 1841 1846 ideo

295 1883 412 1947 illa
438 1884 736 1948 distantia
759 1902 891 1949 non
918 1885 1097 1969 ponit
1121 1888 1638 1952 controversiam.

384 1995 443 2055 3.
473 1990 569 2054 Ad
612 1992 772 2058 illud
799 1993 970 2075 quod
996 1993 1326 2076 objicitur,
1358 1995 1530 2077 quod
1557 1994 1841 2062 Christus

294 2098 556 2162 nolebat
610 2097 1003 2165 Hierusalem
1048 2099 1289 2165 destrui
1338 2103 1662 2168 voluntate
1714 2105 1843 2170 hu-

295 2222 513 2284 mana,
543 2204 886 2271 dicendum
911 2208 1105 2290 quod,
1136 2208 1298 2273 sicut
1327 2210 1517 2291 Hugo
1540 2211 1711 2291 dicit,
1734 2212 1843 2277 illa

294 2316 437 2375 erat
479 2311 777 2376 voluntas
803 2315 1050 2397 pietatis
1066 2363 1085 2394 ,
1130 2335 1259 2398 qua
1302 2317 1381 2400 (a)
1429 2318 1571 2382 ideo
1612 2319 1803 2383 flebat
1820 2370 1837 2400 ,

297 2418 476 2502 quod
493 2419 994 2486 misericordiam
1019 2422 1325 2504 diligebat
1363 2447 1377 2488 ε
1413 2429 1477 2489 et
1497 2427 1652 2509 quia
1676 2428 1843 2492 Deus

297 2524 394 2589 sic
413 2524 668 2590 volebat
692 2544 844 2592 eum
875 2528 946 2610 (b)
980 2529 1159 2607 velle,
1187 2529 1329 2595 ideo
1353 2531 1588 2597 divinae
1618 2535 1842 2599 volun-

296 2632 417 2696 tati
440 2649 573 2697 non
609 2636 1015 2716 repugnabat
1043 2658 1058 2699 ε
1091 2638 1426 2702 eratenim
1463 2639 1551 2702 ibi
1591 2643 1838 2707 consor-

299 2739 490 2804 mitas
520 2741 588 2805 in
610 2742 853 2807 ratione
892 2744 1169 2822 volendi,
1199 2748 1496 2828 quamvis
1522 2768 1651 2814 non
1682 2758 1844 2817 essct

297 2846 374 2910 in
389 2847 607 2913 volito,
639 2848 823 2926 Quod
848 2850 1020 2915 enim
1045 2853 1135 2917 sic
1165 2853 1384 2933 vellet,
1415 2855 1537 2921 hoc
1571 2856 1844 2923 habebat

300 2972 342 3017 a
368 2954 518 3034 De0,
549 2960 613 3020 et
639 2957 808 3022 Deus
832 2959 1085 3023 volebat
1109 2978 1261 3025 eum
1289 2962 1380 3026 sic
1405 2963 1592 3028 velle.

384 3066 445 3124 4.
473 3062 573 3127 Ad
599 3062 759 3127 illud
786 3066 960 3147 quod
986 3065 1317 3150 objicitur,
1349 3070 1520 3153 qnod
1549 3073 1844 3138 voluntas

301 3171 723 3235 sensualitatis
765 3179 1084 3256 repugnat
1116 3176 1345 3241 rationi
1358 3226 1376 3258 ,
1405 3179 1558 3262 quia
1593 3180 1842 3245 volebat

303 3276 699 3341 contrarium
715 3326 736 3357 ,
767 3277 1108 3345 dicendum
1133 3284 1303 3365 quod
1329 3286 1738 3351 contrarietas
1762 3305 1842 3351 ex

304 3385 485 3465 parte
508 3384 688 3448 voliti
725 3403 857 3450 non
890 3387 1041 3452 dicit
1074 3392 1579 3456 contrarietatem
1607 3392 1674 3457 in
1721 3412 1842 3457 vo-

306 3491 548 3555 luntate
564 3539 581 3569 ,
613 3491 739 3555 nisi
768 3493 895 3556 sint
919 3495 1075 3560 taloe
1100 3496 1458 3563 voluntates
1473 3547 1491 3577 ,
1522 3517 1670 3582 quae
1709 3518 1843 3565 non

305 3602 556 3662 tantum
584 3599 712 3664 sint
742 3601 815 3683 (ο)
844 3605 1014 3666 natae
1040 3602 1424 3668 conformari
1449 3623 1565 3689 per
1592 3606 1844 3690 subjec-

304 3704 566 3784 tionem,
604 3707 716 3772 sed
740 3708 931 3773 etiam
976 3728 1090 3793 per
1128 3711 1518 3777 identitatem
1546 3731 1630 3778 ex
1666 3718 1844 3796 parte

302 3810 506 3876 voliti.
564 3861 577 3875 .

386 3922 445 3981 5.
471 3918 567 3984 Ad
597 3919 756 3985 illud
782 3921 955 4005 quod
976 3922 1295 4005 objicitur,
1314 3925 1486 4008 qnod
1511 3926 1844 3992 contrariis

301 4024 743 4090 affectionibus
786 4027 1303 4111 disponebantur,
1343 4035 1561 4113 utpote
1602 4032 1847 4097 securi-

302 4135 428 4195 tate
453 4136 518 4197 et
541 4131 625 4214 (d)
664 4132 917 4214 timore,
956 4137 1196 4217 gaudio
1234 4142 1297 4203 et
1324 4129 1601 4217 tristitia,
1629 4138 1843 4203 dicen-

300 4239 456 4303 dum
474 4240 647 4323 quod
674 4260 805 4306 una
831 4242 1089 4308 illarum
1117 4246 1523 4311 affectionum
1561 4247 1846 4329 subjecta

298 4351 438 4410 erat
460 4346 668 4427 alteri,
710 4351 773 4412 et
799 4350 1078 4430 quodam
1120 4353 1308 4418 modo
1361 4352 1701 4417 materialis
1723 4352 1846 4417 fuit

298 4452 385 4517 ad
420 4453 709 4532 alteram,
757 4455 920 4520 sicut
961 4457 1200 4523 dictum
1244 4460 1363 4525 ruit
1403 4478 1618 4544 supra,
1670 4460 1844 4543 quod

299 4560 620 4641 gaudium
657 4561 727 4623 in
760 4561 1006 4628 Christo
1051 4584 1183 4631 non
1226 4567 1729 4631 contrariabatur
1767 4567 1836 4647 (e)

302 4666 527 4746 dolori,
556 4669 711 4753 quia
734 4671 1059 4752 gaudebat
1081 4674 1163 4739 de
1191 4676 1330 4758 ipso
1354 4674 1569 4740 dolore
1601 4697 1616 4739 ε
1653 4674 1744 4738 sic
1769 4677 1843 4737 et

306 4778 377 4841 in
404 4780 724 4864 proposito
751 4781 1247 4866 intelligendum
1274 4790 1388 4851 est.

390 4890 447 4950 6.
499 4887 594 4953 Ad
642 4886 800 4955 illud
850 4892 1022 4972 quod
1073 4892 1369 4975 objicitur
1390 4941 1408 4973 ,
1465 4892 1638 4977 quod
1681 4890 1843 4955 ratio

3369 472 3485 532 375

1940 599 2374 664 consentiebat
2415 598 2802 663 sensualitati
2820 648 2838 678 ,
2884 604 2998 663 aut
3040 599 3483 683 dissentiebat,

1939 705 2282 772 dicendum
2308 706 2481 788 quod
2508 704 2787 789 quodam
2816 705 3007 770 modo
3034 709 3483 790 consentiebat,

1941 814 2219 898 quodam
2246 814 2436 878 modo
2466 813 2903 891 dissentiebat,
2932 832 3124 879 secun
3132 814 3287 880 dum
3315 819 3485 900 quod
3576 844 3593 860 ·

1943 921 2174 1005 aliquis
2234 926 2437 1004 potest
2479 921 2668 986 alicui
2720 921 3052 1003 dupliciter
3099 925 3483 1009 consentire,

1944 1034 2054 1093 aut
2095 1026 2364 1092 volendo
2405 1027 2576 1092 idem
2621 1027 2791 1110 quod
2836 1028 2968 1110 ipse
3008 1029 3172 1109 vult,
3222 1034 3333 1095 aut
3368 1051 3486 1097 vo-

1943 1136 2133 1201 lendo
2157 1136 2373 1218 ipsum
2400 1135 2492 1198 sic
2514 1135 2700 1200 velle.
2730 1134 2910 1201 Ratio
2936 1140 3153 1201 autem
3183 1139 3485 1204 sensuali·

1943 1242 2089 1307 tatis
2129 1242 2558 1306 consentiebat
2599 1242 2869 1307 volendo
2908 1261 3052 1307 eam
3100 1246 3340 1309 moveri
3374 1265 3392 1310 ε
3423 1250 3487 1313 et

1944 1349 2067 1414 hoc
2113 1348 2281 1413 idem
2334 1353 2469 1414 erat
2509 1350 2757 1414 licitum
2801 1350 3191 1415 sensualitati
3243 1373 3259 1414 ε
3313 1352 3486 1418 unde

1945 1475 2078 1521 non
2119 1456 2368 1520 volebat
2405 1456 2527 1520 nisi
2569 1456 2852 1537 licitum3
2897 1476 3028 1521 non
3075 1462 3289 1522 autem
3332 1478 3485 1524 con-

1944 1563 2253 1628 sentiebat
2297 1562 2492 1628 volito
2514 1611 2531 1640 ,
2576 1564 2640 1628 id
2685 1568 2778 1628 est
2823 1564 2897 1628 in
2942 1564 3155 1647 ipsum
3204 1565 3271 1628 in
3314 1567 3486 1648 quod

1944 1671 2319 1736 sensualitas
2349 1689 2364 1734 :
2397 1670 2519 1735 hoc
2547 1670 2719 1734 enim
2746 1675 2908 1735 esset
2936 1669 3227 1735 illicitum
3254 1671 3484 1736 volun-

1944 1777 2059 1842 tati
2110 1777 2400 1853 rationis,
2451 1781 2515 1840 et
2564 1775 2688 1840 hoc
2734 1794 2867 1840 non
2912 1777 3183 1858 ponebat
3228 1796 3486 1844 carnem

1946 1884 2387 1967 concupsscere
2413 1883 2719 1948 adversus
2744 1882 3043 1966 spiritum
3065 1931 3084 1961 ,
3111 1882 3245 1948 sive
3282 1886 3488 1949 rebel-

1944 1992 2182 2057 lionem
2226 1990 2649 2056 sensualitatis
2682 1990 2762 2053 ad
2797 1990 3110 2053 rationem
3123 2039 3140 2070 ‚
3170 1990 3279 2054 illa
3312 1992 3484 2055 enim

1947 2102 2204 2167 rebellio
2249 2098 2427 2183 ponit
2469 2102 2821 2180 utrumque
2871 2096 3244 2160 dissensum.
3308 2097 3486 2162 Unde

1947 2209 2301 2274 notandum
2345 2205 2516 2288 quod
2559 2204 2879 2268 dissensus
2917 2207 3119 2287 potest
3165 2222 3302 2268 esse
3347 2224 3487 2270 sen-

1947 2315 2256 2380 sualitatis
2282 2314 2361 2377 ad
2389 2312 2700 2377 rationem
2743 2315 2808 2374 et
2849 2313 3163 2392 quantum
3209 2311 3288 2375 ad
3316 2311 3486 2377 voli·
3529 2371 3545 2388 ,

1948 2427 2112 2498 tum,
2139 2425 2204 2484 et
2227 2423 2544 2503 quantum
2587 2419 2667 2483 ad
2696 2421 2910 2482 actum
2946 2416 3199 2481 volendi
3230 2436 3246 2478 ε
3277 2421 3342 2481 et
3364 2419 3487 2484 hoc

1946 2529 2207 2612 quidem
2270 2526 2544 2610 pertinet
2598 2526 2678 2590 ad
2729 2530 3026 2589 naturam
3079 2525 3317 2606 lapsam
3371 2544 3486 2608 per

1948 2653 2204 2719 poenam
2228 2638 2291 2699 et
2314 2633 2586 2716 culpam.
2621 2632 2697 2696 Et
2722 2635 2814 2696 est
2843 2649 3075 2715 ponere
3101 2649 3482 2697 consensum

1947 2748 2261 2826 quantum
2290 2741 2370 2805 ad
2397 2743 2767 2821 utrumque,
2802 2739 2890 2801 ita
2913 2738 3083 2820 quod
3110 2739 3485 2804 sensualitas

1947 2851 2274 2932 subjaceat
2297 2847 2524 2912 rationi
2559 2869 2574 2911 ε
2606 2851 2671 2911 et
2709 2845 2834 2911 hoc
2869 2846 3143 2928 pertinet
3173 2845 3252 2909 ad
3289 2850 3483 2910 natu-

1948 2975 2088 3020 ram
2127 2956 2506 3020 institutam.
2539 2954 2615 3019 Et
2662 2956 2757 3018 est
2796 2970 3030 3036 ponere
3057 2951 3365 3032 medium,
3397 2952 3487 3017 ita

1948 3064 2120 3149 quod
2164 3062 2512 3128 consentiat
2559 3061 2720 3125 ratio
2766 3059 3157 3125 sensualitati
3196 3064 3487 3143 respectu

1948 3176 2125 3238 actus
2164 3170 2440 3250 volendi,
2483 3169 2592 3235 aed
2636 3185 2767 3233 non
2811 3173 3100 3251 respectu
3139 3168 3319 3235 voliti
3366 3191 3382 3232 z
3425 3171 3488 3232 et

1947 3280 2072 3345 hoc
2097 3278 2367 3361 pertinet
2393 3277 2474 3342 ad
2510 3281 2801 3341 naturam
2847 3276 3189 3340 habentem
3234 3294 3487 3358 poenam

1948 3388 2190 3471 absque
2235 3387 2439 3470 culpa,
2478 3385 2684 3469 qualis
2719 3384 2841 3449 fuit
2882 3378 3114 3448 natura
3157 3401 3198 3447 a
3244 3383 3487 3448 Christo

1947 3499 2273 3579 assumpta
2297 3542 2315 3574 ,
2374 3510 2524 3576 quae
2579 3491 2822 3575 aliquid
2860 3489 3091 3555 habuit
3134 3489 3215 3553 de
3260 3491 3489 3553 natura

1950 3602 2258 3681 instituta,
2288 3599 2532 3683 aliquid
2555 3599 2632 3664 de
2654 3601 2885 3663 natura
2908 3597 3105 3679 lapsa.
3169 3674 3180 3690 l

2409 3814 2896 3886 ARTICULUS
2941 3816 3024 3883 11.

2031 4030 2498 4112 Gonsequenter
2532 4025 2844 4110 quaeritur
2885 4025 2963 4090 de
2991 4025 3274 4089 oratione
3307 4023 3491 4088 Chri-

1950 4139 2070 4217 sti;
2129 4142 2192 4202 et
2244 4136 2412 4200 circa
2457 4135 2579 4199 hoc
2621 4136 3002 4216 quaeruntur
3048 4132 3171 4196 tria
3222 4150 3239 4195 :
3282 4131 3490 4215 primo

1950 4244 2268 4329 quaeritur
2307 4246 2529 4308 utrum
2572 4240 2852 4305 decuerit
2900 4238 3225 4303 Christum
3265 4255 3485 4315 orare;

1950 4353 2228 4418 secundo
2255 4349 2567 4433 quaeritur
2605 4352 2828 4413 utrum
2876 4347 2949 4410 in
2986 4346 3162 4412 omni
3209 4345 3492 4410 oratione

1950 4480 2067 4525 sua
2094 4458 2287 4524 fuerit
2310 4456 2647 4523 exauditus
2670 4478 2686 4534 ;
2718 4453 2902 4518 tertio
2929 4453 3242 4535 quaeritur
3269 4456 3490 4515 utrum

1951 4568 2061 4632 illa
2103 4567 2303 4633 oratio
2318 4615 2336 4645 ,
2386 4585 2518 4648 qua
2559 4563 2766 4629 oravit
2808 4563 2877 4625 in
2923 4559 3213 4643 passione
3232 4606 3249 4638 ,
3297 4556 3492 4623 tuerit

1949 4672 2394 4749 sensualitatis,
2425 4675 2537 4735 aut
2561 4668 2845 4733 rationis.

2013 4838 2076 4901 (α)
2110 4838 2232 4889 coet.
2253 4836 2374 4886 edit.
2404 4850 2535 4901 quae.
2564 4862 2622 4873 —
2656 4834 2720 4899 (ὁ)
2743 4846 2940 4883 eam.-
2964 4808 3027 4895 (c)
3057 4832 3192 4882 sunt.
3213 4858 3262 4867 -
3303 4830 3372 4895 (d)
3402 4831 3488 4883 Al.

1950 4909 2085 4960 deest
2110 4913 2177 4961 et.
2206 4935 2267 4946 —
2293 4908 2358 4972 (e)
2386 4905 2807 4959 contrariebatur.
