4185 6288
1290 406 1487 473 msT.
1531 406 1609 472 V.
1652 404 1838 473 ΛΒΤ.
1880 406 1934 474 1.
1975 407 2276 487 QUAEST.
2321 410 2398 477 V.

292 534 791 620 incarnationem,
848 540 974 605 nisi
1017 541 1538 624 praeintellexerit
1584 561 1808 626 perso-

291 661 491 707 narum
516 642 1011 713 distinctionem.
1037 648 1519 716 Concedendum
1539 656 1634 716 est
1650 670 1810 733 ergo

291 750 455 831 quod,
482 753 957 839 circumscripta
999 760 1444 840 personalitate
1475 779 1515 823 a
1552 760 1674 823 fide
1705 761 1811 824 de·

289 858 634 937 terminata,
689 864 812 927 etsi
867 868 1063 947 possit
1109 867 1379 949 intelligi
1431 867 1804 949 assumptio,

290 981 398 1027 non
422 968 629 1031 tamen
659 969 754 1033 ita
779 989 1067 1053 congrue
1087 992 1105 1052 ;
1124 974 1302 1037 omui
1323 992 1480 1038 vero
1505 992 1809 1056 persona-

287 1075 437 1141 litate
474 1078 955 1166 circumscripta
999 1102 1132 1149 non
1188 1086 1501 1166 contingit
1525 1106 1564 1149 a
1590 1086 1809 1150 divina

287 1187 492 1249 natura
515 1190 760 1253 assumi
788 1189 1168 1256 humanam.
1193 1191 1371 1256 Unde
1388 1193 1807 1257 concedendae

288 1298 415 1355 sunt
453 1296 731 1362 rationes
758 1300 840 1364 ad
880 1301 1065 1365 istam
1096 1306 1340 1385 partem
1360 1351 1376 1381 ,
1409 1320 1556 1384 quae
1589 1321 1805 1385 proce-

289 1399 426 1465 dunt
447 1405 803 1470 secundum
835 1407 1024 1471 istam
1051 1408 1247 1472 viam.

357 1513 411 1587 1,
436 1513 494 1588 2,
516 1515 554 1573 3
578 1514 646 1575 et
660 1516 726 1576 4.
755 1513 852 1577 Ad
874 1514 1033 1579 illud
1061 1533 1240 1593 vero,
1260 1515 1433 1598 quod
1461 1518 1810 1599 opponitur

289 1613 347 1677 in
372 1618 775 1698 contrarium,
805 1621 977 1704 quod
1000 1619 1218 1687 divina
1244 1626 1497 1698 natura,
1529 1624 1810 1690 abstrac-

289 1721 359 1783 tis
386 1726 680 1806 personis,
733 1728 1117 1809 intelligitur
1164 1733 1236 1794 ut
1278 1748 1530 1795 summe
1557 1735 1803 1815 potens,

293 1834 356 1892 ut
380 1848 617 1898 summe
653 1834 931 1917 sapiens,
984 1839 1047 1900 et
1087 1840 1158 1900 ut
1197 1855 1452 1901 summe
1494 1837 1684 1916 bona,
1734 1844 1811 1904 ut

295 1943 700 2005 creaturarum
728 1960 922 2007 causa
949 1942 1275 2024 effectiva3
1310 1944 1390 2008 ad
1421 1964 1644 2011 omues
1671 1946 1811 2012 illas

296 2046 537 2112 rationes
575 2051 944 2134 responderi
996 2056 1200 2135 potest
1243 2052 1700 2130 interimendo,
1753 2055 1818 2135 si,

299 2152 659 2236 intelligatur
700 2158 877 2240 qnod
931 2160 1046 2222 ssat
1105 2158 1447 2223 abstractio
1499 2162 1581 2226 ab
1631 2164 1807 2227 omni

298 2263 612 2343 supposito.
691 2263 1058 2330 Necessario
1127 2267 1303 2332 enim
1376 2269 1492 2350 qui
1572 2272 1810 2353 cogitat

298 2361 504 2444 Deum,
545 2371 783 2452 cogitat
834 2371 1116 2454 aliquem
1172 2376 1246 2437 ut
1289 2373 1630 2439 habentem
1681 2376 1808 2440 dei-

298 2474 465 2537 tatem
480 2523 498 2554 ,
527 2476 659 2543 sive
712 2481 1017 2544 naturam
1069 2479 1560 2544 intellectualem
1594 2503 1610 2546 :
1658 2483 1811 2547 alio-

300 2580 432 2659 quin
487 2601 614 2648 non
667 2586 908 2667 cogitat
961 2605 1114 2651 eum
1168 2592 1244 2652 ut
1299 2589 1571 2669 perfecte
1623 2591 1691 2653 in
1741 2608 1809 2654 se

303 2694 512 2767 entem,
541 2697 602 2756 et
630 2712 753 2757 nec
782 2700 859 2758 ut
886 2695 1161 2777 perfecte
1198 2700 1519 2779 potentem
1540 2745 1558 2774 ‚
1589 2716 1709 2763 nec
1738 2702 1811 2762 ut

305 2811 520 2863 summe
545 2802 918 2883 sapientem.
945 2802 1146 2867 Aliter
1170 2804 1362 2867 etiam
1391 2807 1484 2868 oet
1511 2805 1598 2868 ibi
1631 2805 1812 2870 intel-

305 2901 494 2987 lectus,
520 2910 671 2992 quia
708 2910 792 2975 ad
840 2911 1344 2994 assumptionem
1385 2932 1520 2977 non
1559 2919 1808 2979 tantum

305 3015 611 3097 requiritur
654 3036 850 3082 causa
892 3019 1196 3099 efficiens,
1240 3020 1349 3085 sed
1393 3021 1587 3085 etiam
1627 3020 1803 3101 illud,

305 3123 362 3187 in
398 3147 515 3211 quo
552 3132 663 3196 flat
698 3130 882 3196 unio.
927 3129 1008 3196 Et
1054 3131 1196 3198 ideo
1236 3135 1372 3197 esto
1412 3132 1582 3216 quod
1631 3133 1809 3199 omni

308 3238 707 3313 personalitate
768 3238 1248 3322 circumscripta
1307 3240 1813 3306 consideraretur

307 3339 497 3408 divina
540 3353 767 3413 natura
810 3347 882 3411 in
928 3347 1173 3412 ratione
1217 3348 1489 3431 perfecte
1539 3351 1813 3432 potentis

308 3453 360 3512 et
387 3453 660 3535 sapientis
683 3505 702 3537 ‚
743 3474 877 3521 non
917 3459 1134 3521 tamen
1174 3457 1445 3538 cogitari
1491 3463 1699 3540 posset
1743 3459 1813 3523 in

308 3556 512 3625 ratione
541 3563 953 3644 assumentis,
984 3564 1139 3646 quia
1163 3583 1296 3629 non
1327 3569 1535 3647 posset
1562 3566 1649 3630 ibi
1678 3584 1813 3632 esse

309 3658 620 3732 intellectus
644 3669 1063 3736 unibilitatis.

798 3909 1158 3988 QUAESTIO
1198 3910 1273 3977 V.

313 4039 949 4122 Anhoecsit'oomamda
986 4082 1008 4122 .·
1059 4067 1322 4123 «Divina
1348 4070 1554 4124 maara
1581 4071 1813 4125 carcar-o

891 4156 1046 4225 tacta
1073 4157 1112 4208 ¹.
1151 4177 1181 4207 n

141 4320 193 4365 ιι
217 4337 296 4382 m.
383 4306 586 4377 Utrum
612 4315 752 4379 haec
776 4314 858 4379 sit
884 4313 1326 4380 concedenda:
1372 4338 1405 4377 α
1435 4316 1666 4382 Divina
1692 4334 1817 4381 na-

317 4415 447 4478 tura
475 4424 558 4482 est
594 4440 734 4488 caro
767 4422 965 4500 factm
997 4445 1029 4482 υ
1078 4426 1143 4487 et
1179 4423 1351 4505 quod
1391 4424 1520 4503 sic,
1563 4424 1819 4489 videtur

317 4538 422 4600 per
451 4523 734 4595 loannem
776 4528 1270 4608 Damascenum‚
1313 4535 1377 4595 et
1420 4530 1695 4596 habetur
1739 4533 1818 4597 in

317 4625 500 4695 littera
516 4638 564 4699 ²:
591 4660 620 4696 ι
640 4637 872 4701 Aimus
897 4654 1156 4701 omnem
1180 4642 1243 4701 et
1268 4638 1611 4720 perfectam
1636 4642 1821 4702 natu-

320 4749 445 4798 ram
462 4739 683 4808 deitatis
699 4745 770 4808 in
785 4761 989 4808 unam
1007 4744 1402 4827 hypostasim
1424 4745 1819 4809 incarnatam

324 4861 459 4910 esse.
482 4870 510 4907 n
541 4849 653 4916 Sed
680 4853 1005 4917 incarnari
1031 4871 1165 4917 non
1191 4860 1287 4918 est
1317 4852 1489 4918 aliud
1516 4853 1639 4917 nisi
1677 4872 1818 4917 car·

328 4967 452 5014 nem
481 4955 637 5022 fleri:
674 4977 837 5040 ergo
875 4958 932 5023 ai
966 4958 1109 5023 haec
1148 4964 1243 5024 est
1280 4978 1476 5024 vera:
1518 4983 1550 5021 α
1592 4960 1821 5024 Divina

332 5061 519 5126 natura
564 5070 652 5130 est
705 5068 1036 5131 incarnata
1055 5116 1072 5144 ‚
1113 5089 1145 5127 n
1198 5072 1262 5132 et
1309 5068 1449 5132 haec
1467 5115 1486 5147 ‚
1542 5067 1815 5132 scilicet:

339 5184 364 5220 c
380 5162 573 5237 Divina
590 5179 817 5239 natura
843 5177 941 5238 est
960 5193 1109 5238 caro
1133 5175 1322 5238 sacta.
1344 5195 1376 5233 n

393 5278 444 5341 2.
464 5277 604 5346 Item
627 5282 791 5348 nihil
814 5282 988 5348 aliud
1012 5286 1107 5346 est
1122 5281 1331 5347 dicere
1353 5286 1407 5346 ⁸:
1440 5280 1707 5349 Verbum
1728 5285 1825 5348 est

377 5402 479 5467 ¹0(-
495 5409 658 5470 Steph.
684 5406 994 5470 Brulet.,111
1027 5406 1191 5469 Seni„
1219 5406 1337 5456 dist.
1362 5418 1416 5466 v,
1435 5420 1488 5471 q.
1510 5419 1581 5457 iv.
1601 5407 1700 5446 -—¹
1726 5408 1822 5457 Da-
1897 5407 1902 5411 ’

3346 420 3466 484 125

1913 560 2062 612 caro
2107 546 2379 627 Iactum,
2410 565 2606 630 quam
2635 570 2651 613 ε
2710 571 2741 610 α
2777 547 3077 614 Humana
3103 554 3336 616 natura
3363 571 3467 618 as·-

1916 656 2173 734 sumpta
2218 660 2311 718 est
2355 673 2395 719 a
2428 653 2672 720 Verbo:
2702 678 2733 716 a
2770 656 2879 721 sed
2912 658 3198 724 humana
3232 662 3464 725 natura

1915 765 2010 823 aet
2040 767 2371 844 assumpta
2396 780 2527 826 non
2557 763 2765 827 solum
2793 782 2830 826 a
2861 761 3069 827 Verbo
3088 811 3105 839 ‚
3137 764 3242 827 sed
3273 766 3465 829 etiam

1916 884 1957 930 a
1987 866 2207 931 divina
2223 873 2475 947 natura,
2501 869 2667 932 sicut
2692 872 3021 933 ostensum
3047 869 3168 933 ruit
3194 873 3462 952 supra⁴2

1916 991 2076 1054 ergo
2091 976 2529 1059 videturquod
2545 977 3095 1042 divinanaturasit
3112 996 3261 1042 caro
3278 979 3462 1044 facta.

1997 1088 2056 1145 3.
2109 1082 2267 1146 Item
2311 1083 2472 1146 nihil
2517 1083 2692 1148 aliud
2740 1086 2836 1148 est
2876 1080 3159 1147 Verbum
3206 1102 3463 1148 carnem

1916 1190 2087 1266 fieri,
2128 1209 2325 1272 quam
2372 1191 2480 1255 Dei
2524 1190 2758 1255 Filium
2808 1209 2944 1256 esse
2983 1191 3221 1256 factum
3251 1192 3466 1258 homi-

1916 1315 2062 1359 nem
2085 1317 2109 1358 .·
2135 1298 2243 1361 sed
2286 1297 2399 1361 Dei
2442 1297 2639 1362 Filius
2676 1301 2770 1362 est
2810 1297 3028 1362 divina
3056 1304 3318 1379 natura,
3360 1300 3466 1364 vel

1915 1403 2219 1481 essentia,
2249 1408 2313 1467 et
2340 1407 2597 1486 propter
2634 1403 2942 1468 unionem
2974 1409 3065 1468 est
3104 1406 3467 1470 communi-

1915 1509 2079 1572 catio
2123 1509 2543 1574 idiomatum:
2593 1528 2751 1592 ergo
2796 1511 3049 1576 videtur
3088 1512 3263 1595 quod
3303 1512 3468 1578 sicut

1917 1615 2038 1679 ista
2082 1617 2492 1680 conceditur:
2550 1616 2821 1682 Verbum
2863 1633 3013 1684 caro
3050 1619 3293 1698 factum
3334 1627 3464 1700 est,

1915 1726 2004 1790 ita
2040 1726 2160 1790 ista
2198 1726 2457 1792 concedi
2503 1726 2732 1792 debet:
2773 1750 2804 1788 α
2848 1726 3076 1792 Divina
3104 1733 3336 1794 natura
3373 1734 3469 1795 est

1915 1833 2080 1898 facta
2108 1852 2276 1899 caro.
2310 1859 2340 1893 n

1995 1941 2119 2005 Sed
2172 1947 2439 2007 contra:
2497 1940 2804 2024 Magister
2863 1941 2928 2005 in
2985 1940 3192 2007 littera
3249 1943 3403 2009 dicit
3444 1959 3705 2007 :runa-1.

1925 2072 1955 2110 ι
1985 2047 2214 2113 Melius
2257 2049 2380 2113 hoc
2433 2053 2589 2132 puto
2641 2067 2882 2132 negare
2906 2098 2924 2130 ,
2980 2069 3179 2134 quam
3225 2056 3466 2119 temere

1915 2175 2235 2221 asserere:
2265 2179 2297 2216 n
2336 2176 2495 2238 ergo
2525 2158 2881 2223 secundum
2916 2159 3296 2224 sententiam
3332 2159 3468 2224 Ma-

1917 2264 2105 2346 gistri
2123 2264 2378 2330 videtur
2394 2266 2698 2347 praedicta
2720 2265 2958 2330 locutio
2982 2285 3119 2331 esse
3141 2268 3464 2349 neganda.

2001 2371 2158 2435 Item
2188 2372 2341 2453 quia
2368 2370 2566 2436 Filius
2591 2371 2701 2436 Dei
2731 2375 2824 2435 est
2863 2390 3011 2436 caro
3041 2372 3277 2450 factus,
3309 2392 3469 2439 oon·

1917 2478 2167 2543 ceditur
2198 2478 2372 2561 quod
2404 2478 2599 2543 Filius
2637 2478 2746 2543 Dei
2780 2478 2902 2543 fuit
2927 2498 3148 2562 passus
3190 2486 3252 2545 et
3284 2500 3468 2547 mor-

1916 2588 2071 2649 tuus
2092 2632 2111 2663 ‚
2142 2584 2250 2649 sed
2279 2602 2409 2649 non
2447 2586 2853 2650 conceditur:
2907 2608 2938 2646 α
2980 2585 3211 2652 Divina
3234 2593 3469 2654 natura

1917 2697 2012 2755 est
2037 2711 2241 2775 passa,
2274 2692 2377 2757 vel
2409 2696 2702 2758 mortua:
2734 2714 2766 2753 n
2802 2712 2960 2776 ergo
2986 2712 3106 2759 nec
3133 2696 3254 2761 ista
3281 2696 3468 2762 debet

1917 2800 2208 2865 concedi:
2249 2825 2280 2861 α
2302 2800 2528 2865 Divina
2553 2804 2786 2866 natura
2811 2806 2909 2867 est
2932 2821 3080 2867 caro
3101 2804 3282 2867 facta.
3305 2826 3336 2863 a

2002 2908 2198 2989 ltem,
2250 2909 2787 2992 quandocumque
2830 2909 3045 2993 aliqua
3088 2910 3220 2975 duo
3262 2912 3352 2976 sic
3399 2930 3468 2977 se

1920 3012 2190 3094 habent,
2234 3015 2405 3098 quod
2448 3014 2800 3080 formaliter
2842 3022 2995 3082 sunt
3038 3017 3363 3097 distincta,
3413 3019 3468 3083 si

1919 3122 2167 3189 dicatur
2230 3142 2439 3189 unum
2498 3123 2639 3188 fleri
2696 3124 2970 3189 alterum
2992 3173 3010 3204 ‚
3040 3136 3045 3143 ’
3071 3123 3471 3208 significatur

1920 3250 2132 3295 unum
2161 3232 2445 3297 converti
2474 3232 2541 3295 in
2570 3231 2867 3310 alterum,
2897 3238 3117 3317 utpote
3143 3235 3198 3298 si
3220 3235 3471 3300 dicatur

1919 3357 2089 3417 aqua
2117 3340 2280 3403 facta
2319 3339 2597 3403 vinum:
2631 3339 2739 3403 sed
2767 3340 2859 3404 sic
2884 3359 2951 3405 se
2976 3340 3170 3405 habet
3192 3360 3341 3406 caro
3358 3390 3376 3423 ‚
3405 3347 3470 3407 et

1919 3448 2139 3512 diviua
2163 3452 2429 3512 natura:
2464 3466 2614 3512 cum
2646 3465 2804 3530 ergo
2830 3448 3049 3512 divina
3078 3452 3310 3513 natura
3339 3469 3472 3514 non

1922 3555 2003 3618 sit
2037 3555 2106 3618 in
2143 3572 2401 3619 carnem
2442 3572 2779 3630 conversa,
2814 3555 3068 3619 videtur
3112 3557 3286 3639 quod
3327 3558 3469 3622 haec

1922 3678 2057 3725 non
2112 3662 2198 3725 sit
2242 3660 2684 3727 concedenda:
2748 3684 2779 3722 α
2821 3661 3049 3727 Divina
3097 3669 3331 3729 natura
3379 3670 3475 3730 est

1924 3786 2073 3833 caro
2095 3769 2279 3832 facta.
2309 3791 2340 3828 n
2378 3767 2490 3833 Est
2515 3786 2673 3850 ergo
2701 3769 2999 3851 quaestio,
3032 3787 3232 3852 quare
3262 3772 3474 3853 magis

1925 3874 2047 3940 ista
2079 3875 2484 3940 conceditur:
2530 3897 2561 3935 α
2603 3875 2832 3941 Divina
2863 3882 3098 3941 natura
3135 3882 3231 3942 est
3257 3879 3477 3942 incar-

1924 3987 2105 4063 nata,
2142 4005 2175 4042 n
2208 4001 2408 4067 quam
2435 3984 2596 4048 ista:
2636 4005 2667 4044 α
2694 3983 2923 4049 Divina
2947 3987 3182 4050 natura
3205 3991 3301 4051 est
3325 4004 3473 4051 caro

1925 4090 2111 4155 facta.
2144 4111 2176 4149 n

2473 4332 2923 4400 CONCLUSIO.

1928 4515 2056 4572 Hoec
2084 4514 2315 4571 locutio:
2342 4535 2371 4565 «ι
2392 4516 2601 4572 Divina
2627 4519 2833 4572 natura
2859 4520 2937 4573 est
2962 4531 3088 4574 caro
3106 4520 3282 4587 sacta,
3307 4538 3334 4570 »
3369 4534 3477 4576 non

2002 4608 2079 4661 est
2105 4603 2448 4660 adnuittenda
2477 4623 2496 4659 :
2528 4606 2654 4662 licet
2675 4608 2770 4679 pii
2790 4609 3002 4679 possint
3030 4622 3150 4664 eam
3182 4607 3258 4664 ad
3283 4609 3476 4666 bonum

2000 4709 2209 4751 sensum
2235 4694 2497 4751 redimere.

2011 4851 2200 4935 Resp.
2227 4853 2306 4918 ad
2343 4854 2504 4936 Arg.
2536 4854 2884 4920 Dicendum
2914 4857 3088 4938 quod
3115 4858 3236 4922 ista
3269 4858 3474 4939 debet,

1931 4964 1994 5024 et
2016 4964 2221 5043 potest
2244 4961 2537 5025 concedi:
2579 4985 2610 5022 α
2635 4961 2863 5026 Divina
2885 4968 3120 5029 natura
3142 4973 3237 5031 est
3261 4965 3475 5029 incar-

1933 5074 2113 5147 nata,
2140 5091 2172 5128 ι»
2215 5068 2370 5151 quia
2395 5067 2630 5151 scripta
2655 5068 2900 5150 legitur
2917 5118 2935 5149 ‚
2964 5090 3084 5136 nec
3108 5077 3201 5136 est
3225 5073 3478 5156 simpli-

1934 5176 2090 5240 citer
2118 5175 2489 5258 impropria.
2521 5174 2850 5258 Duplicem
2882 5179 3059 5244 enim
3098 5181 3249 5246 facit
3286 5181 3479 5247 intel-

1934 5350 2116 5400 masc„
2143 5334 2204 5386 de
2221 5335 2347 5387 Fide
2366 5335 2595 5396 Orthod„
2624 5335 2715 5387 lib.
2741 5338 2829 5403 ΙΙΙ,
2858 5354 2904 5391 c.
2931 5353 3004 5393 vr.
3024 5344 3297 5397 —⁸Joan..
3324 5355 3361 5405 1,
3387 5345 3473 5394 Η.

1934 5434 1999 5447 -
2018 5411 2041 5445 ⁸
2068 5409 2262 5469 Queat.
2289 5420 2370 5459 ιιι.
