4185 6288
1203 468 1400 536 nls'r.
1443 469 1659 535 xxm.
1703 469 1885 536 ΛΒΤ.
1935 472 2012 536 11.
2058 470 2358 550 QUAEST.
2405 471 2481 537 11.

301 605 363 665 2.
394 601 550 666 Item
589 603 995 685 Augustinus
1020 607 1040 641 ⁸
1083 628 1097 669 :
1138 628 1170 667 α
1194 603 1399 683 Quod,
1423 606 1764 684 credimuS,

220 708 529 774 debemus
555 711 914 774 auctoritati
945 729 961 774 ε
991 712 1162 794 quod
1191 712 1630 794 intelligimus,
1662 731 1767 776 ra-

220 815 403 880 tioni.
436 838 467 876 υ
500 814 624 882 Sed
657 816 942 881 doctrina
969 836 1117 901 quae
1145 819 1506 883 auctoritati
1543 820 1767 885 alienae

219 922 544 1003 innititur,
567 924 649 987 ab
664 924 788 989 alio
813 926 1201 1008 acquiritur:
1231 927 1285 989 si
1305 945 1464 1008 ergo
1482 926 1765 1008 cognitio

220 1030 371 1095 fidei
410 1030 708 1096 innititur
736 1032 1116 1111 auctoritati,
1152 1033 1405 1098 videtur
1449 1033 1620 1116 quod
1652 1051 1767 1115 per.

221 1138 703 1220 acquisitionem
730 1140 961 1204 habeat
988 1140 1057 1203 in
1083 1141 1271 1204 nobis
1297 1140 1474 1204 oriri.

304 1249 364 1310 3.
397 1245 558 1310 Item
591 1247 748 1311 alias
783 1247 1053 1313 virtutes
1092 1248 1397 1313 informes
1428 1267 1769 1331 possumus

222 1352 460 1418 habere
474 1372 590 1436 per
605 1355 1114 1437 acquisitionem,
1133 1357 1299 1422 sicut
1314 1357 1767 1421 continentiam

223 1464 289 1524 et
334 1461 650 1543 justitiam
701 1481 719 1522 z
780 1481 942 1546 ergo
993 1464 1132 1546 pari
1196 1465 1440 1529 ratione
1489 1464 1764 1541 videtur,

224 1567 399 1649 quod
445 1570 511 1632 et
534 1568 727 1633 fldem
772 1570 1109 1636 informem
1139 1590 1255 1655 per
1289 1571 1770 1653 acquisitionem

222 1674 516 1739 similiter
544 1695 885 1758 possumus
909 1680 1166 1745 habere.

307 1784 370 1846 4.
403 1781 561 1847 Item
588 1784 821 1868 aliquis
847 1788 1160 1852 transiens
1190 1787 1268 1852 de
1298 1785 1667 1851 infidelitate
1689 1783 1770 1847 ad

226 1889 549 1970 haeresim,
607 1894 806 1958 credit
854 1895 1100 1977 aliquos
1134 1895 1434 1959 articulos
1486 1892 1633 1957 fidei
1660 1908 1678 1954 ε
1709 1895 1771 1954 et

227 1998 351 2062 hoc
398 1999 659 2082 quidem
700 2002 836 2068 sine
880 2003 1097 2087 aliqua
1129 2003 1447 2068 infusione
1489 2001 1766 2077 habitus,

226 2123 380 2170 cum
407 2106 572 2172 Deus
601 2128 730 2193 non
756 2110 1050 2177 infundat
1073 2111 1397 2188 haeresim,
1413 2109 1521 2174 sed
1543 2125 1656 2191 per
1678 2123 1774 2170 so·

226 2212 358 2277 lam
387 2217 871 2298 acquisitionem
910 2219 1212 2284 doctrinae¹
1268 2241 1283 2283 ε
1339 2218 1449 2283 sed
1490 2236 1621 2300 qua
1665 2233 1772 2278 ra-

224 2321 399 2386 tione
427 2327 630 2404 potest
654 2343 1035 2408 cognoscere
1048 2346 1257 2392 unum
1273 2326 1639 2404 articulum,
1657 2340 1771 2387 ea-

227 2429 378 2494 dem
403 2432 649 2498 ratione
674 2439 879 2516 potest
904 2454 1287 2517 cognoscere
1317 2435 1590 2500 alterum
1619 2452 1634 2494 ε
1668 2448 1768 2496 er-

227 2558 318 2622 go
343 2541 399 2604 si
428 2560 545 2625 per
595 2545 1080 2627 acquisitionem
1136 2550 1339 2628 potest
1387 2560 1769 2626 cognoscere

226 2646 500 2730 aliquos,
529 2650 751 2715 eadem
778 2653 1023 2718 ratione
1061 2654 1316 2721 videtur
1362 2653 1533 2736 quod
1577 2650 1775 2735 possit

228 2770 612 2836 cognoscere
645 2777 867 2824 omnes
897 2782 914 2824 :
946 2779 1104 2843 ergo
1130 2761 1385 2826 videtur
1415 2759 1587 2843 quod
1618 2758 1775 2825 fides

230 2858 524 2926 informis
562 2864 640 2929 de
680 2867 981 2932 omnibus
1018 2868 1300 2933 articulis
1341 2885 1457 2950 per
1497 2864 1776 2948 acquisi-

229 2966 472 3032 tionem
497 2973 693 3053 possit
717 2974 959 3040 haberi.

313 3080 372 3140 5.
415 3076 594 3150 Item.
632 3081 687 3144 si
723 3082 880 3149 fides
917 3083 1209 3150 informis
1237 3085 1332 3148 est
1367 3082 1623 3148 habitus
1666 3082 1773 3146 in-

230 3182 449 3262 fusus,
480 3205 631 3251 cum
674 3188 930 3256 habitus
971 3191 1165 3255 infusi
1215 3191 1304 3255 ita
1350 3191 1776 3254 infundantur

231 3295 545 3375 parvulis,
588 3297 751 3362 sicut
788 3298 1049 3378 adultis,
1082 3300 1174 3363 ita
1198 3299 1319 3363 erit
1343 3299 1603 3363 habitus
1627 3299 1776 3364 fidei

232 3402 526 3468 informis
564 3405 634 3468 in
675 3406 945 3488 parvulo
988 3407 1331 3490 baptizato,
1378 3406 1545 3471 sicut
1577 3411 1672 3470 est
1706 3407 1777 3470 in

234 3510 589 3576 Christiano
624 3515 764 3594 jam
810 3518 1108 3595 provecto
1139 3537 1156 3579 ε
1182 3514 1290 3579 sed
1325 3514 1394 3577 in
1421 3513 1778 3578 Christiano

224 3621 371 3700 ,iam
401 3626 699 3702 provecto
725 3623 779 3686 si
803 3627 1018 3705 peccet
1044 3622 1421 3700 mortaliter,
1451 3622 1778 3687 nihilomi-

236 3744 365 3790 nus
413 3731 628 3792 tamen
682 3733 969 3794 remanet
1011 3730 1081 3793 in
1121 3740 1204 3794 'eo
1251 3730 1409 3794 fides
1461 3729 1776 3809 informia,

237 3838 373 3898 esto
393 3836 568 3917 quod
594 3835 759 3899 nihil
786 3837 955 3902 ultra
983 3837 1263 3902 addiscat
1289 3857 1305 3901 ι
1336 3855 1495 3919 ergo
1521 3837 1658 3919 pari
1682 3855 1781 3900 ra·

237 3944 412 4006 tione
457 3944 768 4025 parvulus
814 3945 872 4009 si
919 3948 1153 4027 peccet,
1200 3962 1349 4008 cum
1385 3944 1465 4008 ad
1498 3943 1782 4007 adultam

238 4052 498 4113 aetatem
544 4051 940 4131 pervenerit,
969 4051 1164 4115 fldem
1204 4051 1542 4114 informem
1583 4049 1780 4113 habe-

238 4155 369 4236 bit,
401 4157 651 4220 etiamsi
695 4157 862 4221 nihil
902 4158 984 4222 ab
1021 4157 1163 4221 aliis
1193 4158 1495 4223 doceatur
1523 4179 1538 4221 z
1571 4161 1635 4222 et
1660 4157 1784 4222 hoc

239 4269 340 4331 est
363 4267 695 4330 manifeste
723 4267 949 4332 falsum
964 4316 982 4344 ,
1014 4268 1167 4350 quia
1194 4269 1246 4331 si
1274 4266 1414 4331 talis
1439 4272 1786 4349 poneretur

243 4375 415 4438 inter
440 4373 785 4439 Saracenos
810 4380 1155 4457 antequam
1184 4374 1426 4457 aliquid
1448 4374 1783 4454 didicisset,

241 4481 410 4547 nihil
430 4480 576 4564 plus
596 4481 863 4547 haberet
887 4482 966 4547 de
990 4482 1138 4561 fide,
1157 4499 1356 4564 quam
1373 4480 1427 4544 si
1450 4499 1788 4561 nunquam

242 4590 600 4672 baptizatus
623 4591 862 4655 fuisset.

793 4758 1243 4827 CONCLUSIO.

245 4890 407 4950 Fiden
440 4891 726 4960 informis,
773 4888 1054 4945 sectandum
1082 4888 1226 4960 quod
1247 4891 1423 4945 virtus
1456 4892 1551 4956 est,
1600 4887 1795 4945 donum

520 4978 785 5035 divinitus
813 4979 1070 5035 collatum
1097 4983 1176 5035 est
1201 4978 1528 5035 censendum.

3308 482 3415 541 501

1876 606 2096 685 sione;
2129 607 2209 671 ad
2234 608 2355 671 hoc
2380 607 2552 690 quod
2574 608 2831 673 habitus
2854 611 2999 675 fidei
3026 611 3212 693 plene
3237 618 3300 676 et
3327 613 3429 674 in-

1877 716 2059 794 tegre
2085 713 2422 789 habeatur,
2453 733 2707 779 necesse
2747 720 2841 781 est
2872 719 3044 800 quod
3075 719 3427 783 intellectus

1877 818 2236 883 instruatur
2283 820 2357 884 de
2385 822 2821 903 credibilibus,
2854 829 2937 888 ut'
2954 826 3149 906 possit
3183 825 3288 888 illa
3316 843 3427 889 co-

1875 926 2105 1006 gitare,
2136 930 2200 989 et
2225 927 2566 992 inclinetur
2591 933 2668 992 ut
2693 932 2888 1011 possit
2923 932 3043 995 illis
3072 934 3377 996 assentire
3404 956 3418 995 :

1877 1035 1939 1095 et
1967 1032 2253 1114 primum
2280 1034 2541 1116 quidem
2566 1041 2664 1100 est
2696 1038 3019 1101 materiale
3047 1040 3116 1102 in
3143 1040 3291 1115 fide,
3321 1059 3425 1104 se-

1881 1138 2169 1202 cundum
2196 1160 2348 1206 vero
2391 1147 2484 1204 est
2518 1145 2801 1220 formale,
2844 1151 2906 1210 et
2942 1152 3293 1230 utrumque
3322 1166 3423 1211 re-

1878 1246 2126 1326 peritur
2172 1252 2301 1311 tam
2355 1249 2424 1312 in
2465 1250 2591 1314 fide
2632 1252 2928 1328 informi,
2964 1271 3162 1334 quam
3202 1253 3270 1315 in
3303 1254 3427 1317 fide

1892 1349 2182 1418 formata.
2238 1353 2381 1418 Non
2423 1356 2595 1420 enim
2637 1357 2867 1421 dicitur
2920 1359 3230 1438 informIS‚
3277 1361 3429 1442 quia

1890 1464 2101 1523 careat
2143 1463 2322 1526 omni
2366 1462 2605 1543 forma,
2645 1464 2755 1528 sed
2785 1465 2943 1547 quia
2977 1471 3186 1529 careat
3222 1467 3429 1531 forma

1879 1568 2110 1648 gratiae
2158 1573 2420 1650 gratum
2466 1572 2769 1635 facientis.
2804 1572 2964 1636 Cum
2991 1591 3149 1653 ergo
3184 1576 3427 1656 quaeri-

1878 1678 1988 1739 tur
2002 1681 2226 1741 utrum
2249 1676 2405 1742 fides
2431 1678 2510 1741 sit
2536 1679 2792 1743 habitus
2819 1680 3185 1763 acquisituS,
3209 1682 3314 1745 vel
3334 1682 3427 1745 in-

1881 1782 2094 1863 fusus,
2140 1786 2655 1868 respondendum
2688 1791 2782 1851 est
2816 1808 2830 1851 :
2876 1788 2930 1850 si
2969 1788 3309 1869 loquamur
3348 1789 3427 1851 de

1881 1892 2007 1956 fide
2051 1899 2368 1975 quantum
2409 1896 2490 1960 ad
2535 1895 2694 1960 illud
2717 1943 2734 1973 ,
2767 1897 2937 1978 quod
2975 1900 3070 1960 est
3103 1898 3428 1962 materiale

1882 1999 1953 2062 in
1993 2018 2106 2080 ea,
2159 2001 2448 2066 videlicet
2496 2007 2809 2084 quantum
2864 2003 2944 2067 ad
2996 2005 3426 2085 cognitionem

1880 2104 2055 2169 illam
2081 2156 2099 2185 ,
2149 2125 2280 2189 qua
2337 2110 2784 2191 cognoscimus
2834 2110 2945 2192 qui
2995 2110 3124 2173 sint
3175 2110 3426 2174 articuli

1882 2212 2065 2293 fidei,
2098 2220 2161 2278 et
2194 2216 2432 2280 scimus
2474 2216 2628 2298 quid
2672 2221 2768 2280 est
2811 2217 2980 2299 quod
3036 2236 3149 2301 per
3191 2235 3426 2282 nomen

1883 2320 2136 2397 dicitur,
2169 2322 2258 2385 sic
2294 2323 2762 2391 concedendum
2791 2327 2907 2399 est,
2943 2323 3113 2404 quod
3147 2323 3303 2386 fides
3332 2327 3428 2386 est

1883 2442 1998 2508 per
2042 2428 2335 2492 auditum
2392 2434 2454 2493 et
2508 2447 2622 2513 per
2663 2430 3146 2512 acquisitionem
3195 2420 3425 2493 secun'-

1885 2534 2039 2599 dum
2089 2538 2303 2619 legem
2356 2557 2786 2605 communem.
2840 2539 3038 2604 Nemo
3082 2540 3255 2602 enim
3282 2539 3420 2616 scit,

1884 2643 2020 2723 qui,
2053 2647 2118 2707 et
2143 2650 2300 2727 quot
2339 2646 2466 2709 sint
2490 2647 2738 2712 articuli
2779 2648 2956 2725 fidei,
2989 2646 3114 2710 nisi
3138 2646 3426 2710 didicerit

1883 2749 2181 2833 legend0,
2208 2754 2309 2818 vel
2331 2755 2682 2820 audiendo:
2714 2756 2837 2819 nisi
2863 2756 3022 2819 forte
3049 2754 3170 2818 hoc
3198 2755 3429 2817 habeat

1885 2875 2000 2941 per
2041 2860 2457 2944 privilegium
2514 2863 2802 2944 speciale.
2849 2861 2912 2926 Si
2956 2866 3173 2927 autem
3209 2861 3429 2943 loqua—

1888 2986 2037 3031 mur
2066 2970 2145 3033 de
2173 2972 2297 3035 fide
2338 2976 2653 3054 quantum
2694 2973 2771 3036 ad
2801 2972 3064 3035 formale
3087 3020 3104 3046 ,
3138 2969 3430 3035 videlicet

1886 3080 2203 3158 quantum
2233 3080 2313 3144 ad
2339 3080 2494 3144 illud
2514 3080 2683 3163 quod
2702 3080 2848 3143 facit
2865 3080 3192 3155 assentire,
3224 3078 3316 3141 sic
3337 3078 3429 3141 di-

1886 3185 2160 3249 cendum
2186 3192 2280 3251 est
2311 3187 2481 3271 quod
2508 3189 2803 3271 quaedam
2831 3189 2986 3251 fides
3013 3187 3303 3250 informis
3336 3190 3431 3250 est

1886 3310 1999 3375 per
2021 3295 2530 3376 acquisitionem,
2561 3296 2859 3378 quaedam
2887 3313 2999 3377 per
3016 3294 3424 3357 infusionem.

1888 3397 2051 3463 Nam
2083 3402 2346 3484 quidam
2371 3405 2723 3468 assentiunt
2749 3402 3003 3469 veritati
3025 3401 3257 3465 auditae
3274 3401 3430 3464 moti

1887 3506 1980 3570 hu
1988 3526 2178 3571 mana
2192 3511 2622 3592 persuasione,
2636 3514 2851 3593 utpote
2877 3512 3132 3592 propter
3143 3525 3431 3572 amorem

1888 3622 1954 3683 et
1978 3620 2401 3685 reverentiam
2417 3622 2704 3702 dicentis,
2729 3622 2832 3686 vel
2858 3625 3117 3705 propter
3148 3620 3431 3683 miracu-

1889 3725 1973 3804 la,
2005 3728 2108 3790 vel
2127 3733 2383 3811 propter
2400 3728 2675 3792 rationes
2691 3734 2754 3794 et
2766 3730 3151 3809 argumenta
3173 3749 3187 3790 z
3208 3732 3271 3790 et
3288 3726 3434 3789 talis

1888 3833 2048 3899 fides
2086 3838 2184 3898 est
2220 3835 2587 3915 simpliciter
2620 3836 2925 3918 acquisita
2964 3858 2980 3899 ι
3026 3853 3145 3899 nec
3172 3834 3434 3898 dicenda

1892 3946 1986 4005 est
2023 3942 2256 4006 habere
2303 3944 2617 4007 rationem
2663 3943 2954 4021 virtutis,
3005 3942 3156 4024 quia
3193 3940 3434 4003 nullius

1893 4053 1987 4113 est
2020 4050 2293 4131 vigoriS,
2324 4068 2442 4114 nec
2480 4051 2763 4115 roboris¹
2784 4098 2804 4129 ‚
2833 4050 3081 4114 sublata
3109 4049 3187 4111 de
3226 4046 3436 4110 medio

1894 4157 2032 4238 ipsa
2060 4158 2340 4222 humana
2369 4158 2634 4222 ratione.
2670 4156 2939 4234 Quidam
2978 4161 3193 4220 autem
3230 4173 3437 4218 assen-

1894 4264 2064 4327 tiunt
2090 4265 2341 4329 veritati
2367 4265 2515 4329 fidei
2542 4270 2797 4346 propter
2832 4265 3116 4329 divinam
3154 4263 3436 4327 illustra-

1897 4370 2140 4434 tionem
2163 4420 2180 4450 ,
2214 4372 2380 4435 sicut
2407 4372 2498 4435 illi
2524 4372 2633 4454 qui
2660 4372 3026 4435 innituntur
3065 4370 3293 4453 primae
3321 4387 3440 4435 ve-

1898 4478 2067 4545 ritati
2090 4494 2284 4563 super
2310 4477 2549 4558 omnia,
2585 4482 2648 4542 et
2664 4483 2919 4560 propter
2946 4496 3035 4557 se,
3067 4478 3232 4541 sicut
3258 4475 3443 4541 multi

1902 4590 2287 4667 Christiani,
2313 4589 2425 4669 qui
2477 4585 2856 4650 charitatem
2899 4603 3033 4649 non
3069 4585 3348 4663 habent;
3381 4587 3446 4649 et

1900 4700 1971 4763 in
2001 4698 2235 4762 talibus
2275 4695 2433 4759 fides
2471 4697 2567 4757 est
2590 4710 2705 4775 per
2740 4691 3126 4755 infusionem
3161 4713 3176 4754 ε
3210 4689 3443 4753 volun-

1903 4805 2060 4870 tarla
2104 4803 2277 4866 enim
2319 4800 2709 4878 assentiunt,
2742 4796 3201 4862 concomitante
3229 4796 3449 4860 divina

1903 4909 2409 4982 illuminationez
2441 4905 2903 4971 illuminatione
2919 4954 2940 4984 ‚
2972 4906 3235 4986 inquam
3250 4951 3268 4983 ,
3298 4920 3447 4984 quae

1904 5020 2217 5085 rationem
2273 5015 2481 5078 elevat
2531 4999 2602 5077 iri
2644 5012 2746 5076 his
2769 5060 2787 5091 ,
2846 5027 2994 5094 quae
3050 5014 3201 5074 sunt
3254 5028 3449 5093 supra

337 5125 523 5211 Resp.
552 5126 631 5191 ad
662 5144 804 5208 arg.
836 5124 931 5190 Ad
959 5124 1407 5208 praedictorum
1435 5125 1798 5207 intelligen-
1907 5128 2136 5209 ipsam.
2170 5120 2346 5185 Unde
2374 5120 2542 5184 sicut
2567 5118 3099 5184 illuminationem
3126 5117 3203 5180 ad
3237 5117 3455 5180 futura

249 5236 412 5301 tiam
438 5237 532 5298 est
556 5233 933 5310 notandum,
960 5231 1135 5315 quod
1159 5250 1310 5296 cum
1328 5232 1605 5312 credere,
1633 5232 1799 5296 sicut
1909 5227 2489 5318 praecognoscenda
2515 5225 2784 5292 dicimus
2811 5242 2947 5290 esse
2982 5224 3284 5297 infusam,
3313 5240 3457 5305 pro-

250 5341 413 5409 dicit
464 5338 898 5422 Augustinus,
935 5338 1020 5402 sit
1057 5339 1341 5420 cogitare
1385 5358 1537 5404 cum
1582 5356 1796 5403 assen-

321 5467 336 5501 ¹
364 5468 601 5530 August,
624 5464 685 5515 de
717 5462 950 5514 militate
973 5461 1129 5525 cred„
1157 5476 1203 5513 c.
1233 5474 1319 5524 xl.
1351 5476 1406 5515 n.
1427 5466 1515 5524 25;
1562 5464 1795 5523 Μίνωι,

1919 5363 2008 5413 lib.
2040 5363 2082 5423 l,
2122 5375 2166 5408 c.
2199 5369 2308 5419 xlv,
2338 5371 2392 5406 n.
2421 5360 2469 5405 3.
2504 5382 2560 5392 --
2592 5355 2614 5387 ²
2639 5353 2901 5406 consentit
2927 5353 2988 5402 iis
3023 5353 3076 5405 S.
3117 5353 3364 5412 Thomas,
3398 5351 3460 5400 de

1933 5434 2106 5495 Ver-ss„
2133 5444 2185 5494 q.
2215 5440 2361 5490 xvul,
2392 5432 2485 5478 art.
2512 5429 2562 5480 3.
