4185 6288
1296 448 1491 518 ms'r.
1538 448 1722 518 m.
1764 448 1947 515 ΛΒΤ.
1993 449 2042 514 1.
2090 447 2392 529 QUAEST.
2439 450 2549 518 111.

324 586 409 652 cit
430 609 447 651 ι
478 612 510 650 α
526 587 918 670 Fragmenta
944 591 1097 656 sunt
1112 590 1350 672 secreta
1365 586 1690 671 mysteria,
1718 601 1867 670 quae

322 697 598 780 populus
615 698 978 763 communis
996 716 1219 782 capere
1239 715 1371 763 non
1394 698 1619 780 potest.
1637 715 1669 754 u
1692 693 1867 775 Ergo

324 804 379 868 si
400 804 523 868 ista
543 808 783 870 secreta
799 806 1103 889 mysteria
1118 809 1272 871 sunt
1290 804 1574 870 maxime
1596 822 1696 882 ea,
1717 820 1865 885 quae

323 913 606 994 spectant
622 912 705 978 ad
719 912 1019 979 articulos
1036 913 1187 978 fidei
1206 911 1597 992 christianas,
1613 910 1867 975 videtur

244 1003 245 1008 ¹
323 1018 777 1102 quodpopulus
785 1022 1216 1086 nonteneatur
1225 1017 1859 1102 adeacognoscenda.

404 1123 565 1190 Item
597 1126 679 1190 ad
708 1125 833 1191 boc
871 1126 1042 1210 quod
1077 1126 1318 1209 aliquid
1344 1126 1578 1191 sciatur
1600 1124 1869 1189 scientia

322 1232 850 1311 demonstrativa,
889 1233 1126 1297 sufficit
1152 1232 1325 1316 quod
1356 1232 1595 1297 sciatur
1618 1231 1687 1296 in
1712 1231 1866 1296 uni·-

322 1338 574 1418 versali,
602 1341 667 1404 et
694 1357 827 1405 non
866 1343 1114 1424 oportet
1157 1340 1329 1422 quod
1361 1340 1597 1404 sciatur
1622 1338 1694 1402 in
1716 1355 1862 1422 par-

323 1445 594 1512 ticulari.
635 1445 705 1512 Si
748 1465 907 1530 ergo
946 1447 1230 1530 cognitio
1273 1446 1423 1512 fidei
1450 1448 1747 1512 contenta
1773 1450 1869 1511 oet

323 1553 560 1619 minori
594 1554 993 1635 certitudine,
1022 1572 1222 1638 quam
1240 1554 1321 1619 sit
1341 1553 1650 1619 certitudo
1672 1553 1868 1618 scien-

323 1660 431 1726 tiae
457 1661 992 1743 demonstrativae,
1025 1662 1282 1728 videtur
1298 1661 1471 1744 quod
1496 1678 1630 1726 non
1656 1664 1868 1725 tenea-

322 1770 433 1834 tur
470 1769 616 1852 quis
655 1786 773 1852 per
803 1768 999 1835 fldem
1034 1769 1291 1834 credere
1319 1785 1544 1835 omnes
1567 1766 1868 1833 articulos

324 1875 636 1958 explicite.

405 1983 563 2050 Item
589 1985 779 2068 pauci
812 1986 995 2062 sunt,
1032 1982 1157 2047 nisi
1196 1983 1322 2047 sint
1362 1984 1527 2048 bene
1568 1983 1761 2067 periti
1797 1983 1866 2047 in

323 2091 671 2173 theologia,
699 2091 813 2175 qui
840 2091 1044 2155 sciant
1065 2090 1368 2156 articulos
1387 2090 1673 2174 Symboli
1700 2091 1865 2157 bene

322 2199 715 2281 distinguere
729 2247 751 2279 ,
795 2202 859 2263 et
901 2215 1267 2264 numerare.
1306 2197 1378 2263 Si
1430 2215 1590 2280 ergo
1642 2216 1868 2265 omnes

319 2308 691 2371 tenerentur
722 2323 902 2370 nunc
940 2324 1163 2370 omncs
1196 2306 1494 2371 articulos
1521 2306 1672 2371 fidei
1704 2307 1865 2373 scire

318 2399 607 2479 distincte
622 2415 687 2478 et
706 2412 1022 2496 explicite,
1039 2415 1226 2496 pauci
1244 2413 1668 2493 salvarentur,
1687 2413 1864 2497 quod

317 2523 412 2586 est
436 2519 623 2587 valde
645 2519 899 2585 crudele
925 2519 1153 2585 dicere.

396 2626 584 2707 Item,
641 2627 695 2691 si
757 2645 983 2692 omnes
1042 2631 1411 2693 tenerentur
1467 2646 1644 2694 nunc
1704 2629 1864 2694 scire

318 2751 543 2799 omnes
583 2733 883 2799 articulos
921 2734 1072 2800 fidei
1107 2734 1429 2819 explicite,
1461 2753 1610 2801 cum
1642 2736 1713 2801 in
1747 2755 1864 2803 ve-

314 2840 436 2906 teri
468 2839 868 2906 Testamento
899 2859 1031 2906 non
1059 2846 1449 2922 tenerentur,
1476 2843 1641 2908 sicut
1665 2862 1863 2928 supra

313 2947 655 3030 probatum
688 2952 814 3027 ost,
851 2948 1110 3015 videtur
1143 2951 1314 3034 quod
1355 2950 1561 3015 multo
1596 2951 1861 3033 gravior

210 3121 213 3124 .
314 3053 397 3119 sit
435 3054 543 3119 lex
585 3053 974 3137 Evangelica
997 3103 1014 3133 ,
1056 3074 1252 3140 quam
1281 3055 1576 3123 Mosaica.
1608 3056 1677 3123 Si
1705 3076 1865 3141 ergo

316 3163 773 3230 inconveniens
825 3168 921 3231 est
959 3166 1084 3232 hoc
1136 3166 1344 3231 dicere
1364 3215 1382 3245 ,
1439 3169 1632 3231 restat
1686 3168 1862 3250 quod

315 3288 450 3337 non
496 3275 796 3339 tenentur
832 3290 1058 3339 omnes
1095 3273 1177 3339 ad
1217 3274 1605 3341 credendum
1631 3275 1863 3358 singu-

315 3377 413 3445 los
438 3380 739 3448 articulos
768 3381 1084 3465 explicite,
1116 3385 1179 3447 et
1204 3381 1516 3448 distincte.

834 3579 1287 3648 CONCLUSIO.

314 3739 678 3799 Necessarium
705 3741 782 3796 est
803 3741 927 3813 post
955 3737 1243 3795 adventum
1269 3738 1500 3810 Christi,
1524 3740 1729 3798 credere
1755 3757 1863 3799 non

386 3829 823 3902 modoimplicite
846 3844 1020 3885 omnes
1045 3829 1333 3894 animnos,
1358 3830 1628 3887 sedetiam
1650 3832 1863 3903 aliquos

386 3920 645 3992 mplicite
670 3938 690 3991 3
732 3919 856 3976 licet
893 3918 1147 3992 afficite
1181 3934 1263 3975 eos
1297 3934 1473 3976 omnes
1511 3920 1715 3977 credere
1758 3935 1863 3979 non

386 4013 462 4069 sit
484 4010 729 4068 omnibus
756 4008 1025 4081 (maxime
1045 4008 1411 4081 simplicibus)
1443 4014 1813 4069 necessarium.

392 4142 578 4226 Roep.
634 4139 716 4205 ad
779 4156 923 4221 arg.
983 4136 1337 4204 Dicendum
1403 4139 1575 4222 quod
1640 4159 1864 4209 omnes

312 4247 652 4317 Christiani
692 4249 837 4330 post
878 4245 1227 4312 adventum
1287 4244 1514 4311 Christi
1564 4249 1865 4315 tenentur

311 4358 569 4423 credere
610 4371 833 4422 omnes
872 4350 1193 4418 articulos,
1225 4349 1358 4416 Hoc
1399 4356 1616 4419 autem
1647 4355 1861 4439 tripli-

313 4466 471 4531 citer
494 4466 864 4547 potestesse
897 4483 913 4525 :
941 4463 1052 4525 aut
1091 4477 1315 4525 omnes
1359 4460 1614 4527 credere
1647 4463 1863 4547 impli-

315 4572 458 4653 cite,
488 4573 603 4636 aut
628 4585 850 4635 omnes
876 4567 1129 4632 credere
1164 4565 1486 4650 explicite,
1515 4570 1627 4632 aut
1664 4587 1864 4652 quos-

317 4681 466 4747 dam
506 4676 848 4761 implicite,
887 4675 1198 4758 quosdam
1238 4673 1554 4758 explicite.
1600 4674 1862 4743 Credere

317 4804 542 4854 omnes
599 4783 904 4867 implicite
969 4786 1065 4847 est
1114 4781 1262 4847 fidei
1315 4780 1670 4847 diminutae.
1723 4782 1864 4848 Non

318 4895 492 4960 enim
519 4892 754 4958 sufficit
794 4889 983 4955 modo
1023 4888 1252 4969 alicui,
1279 4888 1393 4971 qui
1435 4888 1627 4954 habet
1669 4908 1864 4955 usum

314 5001 579 5068 rationis
595 5049 613 5081 ,
645 4999 718 5063 in
744 4996 1032 5081 generali
1058 4995 1312 5061 credere
1350 4996 1860 5078 Redemptorem,

315 5113 380 5175 et
403 5110 954 5173 remuneratorem
991 5125 1009 5168 :
1040 5103 1199 5169 adeo
1227 5101 1400 5168 enim
1426 5102 1651 5168 notitia
1699 5122 1866 5186 quo-

319 5216 619 5282 rumdam
667 5211 1087 5278 articulorum
1131 5198 1468 5276 manifesta
1510 5212 1605 5274 est
1623 5257 1645 5289 ‚
1692 5211 1865 5293 quod

315 5324 534 5389 nullus
577 5322 821 5388 habens
857 5337 1053 5386 usum
1096 5318 1361 5385 rationis
1408 5320 1697 5401 ignoret,
1744 5319 1870 5385 nisi

242 5472 247 5477 -
318 5431 589 5498 omnino
610 5428 902 5513 negligat
927 5433 991 5494 et
1021 5429 1388 5494 contemnat
1430 5426 1541 5496 Dei
1580 5426 1825 5506 cultum
1843 5476 1863 5509 ,

3401 455 3521 518 553

1973 588 2039 650 et
2076 584 2349 650 salutem
2395 603 2602 652 suam.
2656 585 2922 654 Credere
2949 590 3165 653 autem
3210 588 3523 671 quosdam

1973 689 2302 775 implicite,
2334 694 2647 775 quosdam
2672 693 2991 777 explicite,
3016 695 3139 759 hoc
3159 697 3255 761 est
3278 695 3359 760 ad
3375 695 3525 760 fidei

1974 801 2250 866 salutem
2276 803 2728 869 necessarium.
2760 802 2972 868 Potest
3004 801 3178 867 enim
3202 802 3353 869 fidei
3377 803 3526 868 sim-

1974 907 2239 990 plicium
2285 909 2600 976 sufficere.
2643 909 2743 976 Ad
2779 909 2919 976 illos
2970 913 3188 975 autem
3229 914 3527 976 tenentur

1974 1015 2270 1098 explicite
2296 1016 2664 1097 credendos,
2695 1034 2858 1101 quos
2883 1016 3249 1084 manifestat
3273 1018 3367 1082 eis
3391 1035 3526 1083 non

1973 1121 2184 1188 solum
2219 1123 2587 1207 praedicatio
2605 1173 2623 1205 ,
2666 1124 2777 1189 sed
2832 1124 3024 1189 etiam
3070 1124 3528 1190 ecclesiasticus

1972 1247 2157 1307 usus,
2184 1232 2248 1294 et
2274 1230 2670 1296 consuetudo
2698 1249 2716 1295 ε
2746 1231 2910 1296 sicut
2933 1235 3027 1295 est
3042 1231 3120 1296 de
3151 1231 3400 1297 unitate
3421 1281 3441 1312 ,
3464 1237 3529 1297 et

1972 1335 2279 1403 Trinitate
2292 1386 2315 1418 ,
2340 1356 2538 1422 quam
2565 1343 2833 1423 possunt
2866 1356 3052 1404 nosse
3096 1357 3179 1405 ex
3214 1339 3353 1422 ipso
3381 1343 3527 1404 actu

1974 1444 2477 1527 consignationis
2509 1469 2525 1510 ι
2555 1446 2936 1528 consignant
2973 1445 3148 1510 enim
3185 1463 3253 1510 se
3299 1445 3369 1508 in
3405 1463 3528 1509 no-

1974 1555 2149 1622 mine
2172 1554 2376 1620 Patris
2390 1604 2413 1636 ,
2446 1558 2511 1620 et
2538 1556 2717 1634 Filii,
2749 1559 2813 1622 et
2852 1556 3128 1639 Spiritus
3175 1556 3374 1622 sancti
3413 1577 3429 1621 t
3462 1559 3527 1622 et

1973 1661 2139 1727 sicut
2172 1667 2268 1727 est
2305 1663 2385 1729 de
2434 1663 2765 1730 nativitate
2790 1711 2811 1742 ,
2841 1662 3131 1747 passione
3152 1711 3171 1743 ‚
3200 1679 3524 1728 resurrec-

1972 1769 2170 1849 tione,
2201 1772 2264 1833 et
2287 1773 2690 1852 peccatorum
2718 1769 3092 1836 remissione
3109 1818 3131 1851 ,
3161 1788 3324 1854 quos
3361 1787 3524 1853 cog-

1972 1893 2235 1942 noscere
2262 1881 2529 1959 possunt
2556 1893 2637 1941 ex
2652 1877 2807 1959 ipsis
2821 1876 3326 1958 solennitatibus,
3357 1896 3523 1961 quas

1973 1983 2251 2050 Ecclesia
2296 1984 2600 2063 celebrat,
2647 1986 2712 2050 et
2766 1984 3011 2050 actibus
3073 1985 3518 2051 sacerdotum:

1970 2091 2115 2158 ideo
2148 2095 2229 2158 ab
2258 2092 2498 2158 horum
2535 2092 2902 2175 cognitione
2936 2096 3002 2158 et
3039 2093 3263 2158 notitia
3306 2092 3525 2158 nullus

1971 2200 2219 2265 ratione
2240 2203 2427 2265 utens
2456 2199 2774 2283 excipitur
2795 2248 2813 2280 ,
2840 2218 2962 2265 nec
2998 2201 3363 2282 ignorantia
3408 2220 3522 2266 ex-

1972 2312 2254 2388 cusatur,
2285 2309 2440 2391 quia
2466 2326 2598 2372 non
2626 2311 2831 2392 potest
2857 2326 2992 2373 esse
3018 2308 3161 2374 talis
3207 2310 3523 2392 ignoran-

1971 2416 2061 2481 tia
2109 2416 2248 2480 sine
2306 2414 2711 2497 negligentia
2770 2421 2833 2480 et
2895 2420 3288 2500 contemptu.
3349 2417 3524 2483 Alios

1970 2523 2165 2589 etiam
2193 2521 2495 2590 articulos
2522 2524 2769 2589 nonita
2818 2525 3183 2589 manifestos
3226 2528 3525 2591 tenentur

1970 2632 2194 2714 utique
2248 2632 2504 2697 credere
2557 2631 2885 2716 implicite.
2939 2631 3248 2715 Implicite
3305 2637 3524 2700 autem

1971 2756 2132 2806 voco
2159 2738 2436 2819 credere,
2467 2739 2633 2805 utin
2659 2737 2946 2821 generali
2973 2738 3236 2805 credant
3260 2742 3522 2808 univer-

1975 2846 2192 2912 saliter
2212 2865 2424 2926 omne,
2455 2847 2627 2930 quod
2656 2847 2854 2913 credit
2880 2852 3280 2913 sacrosancta
3319 2852 3525 2915 mater

1974 2954 2273 3032 Ecclesia,
2302 2955 2393 3019 ita
2420 2955 2592 3038 quod
2619 2955 2687 3018 in
2714 2954 3085 3039 particulari
3112 2973 3151 3020 a
3175 2955 3357 3021 nullo
3381 2957 3521 3021 illo-

1969 3080 2120 3127 rum
2155 3062 2566 3142 dissentiant,
2605 3081 2726 3128 nec
2769 3063 3052 3148 aliquem
3100 3063 3521 3129 articulorum

1970 3173 2344 3266 discredant.
2380 3173 2645 3241 Credere
2693 3177 2916 3241 autem
2957 3193 3181 3240 omnes
3221 3175 3519 3241 articulos

1971 3284 2261 3351 distincte
2309 3289 2373 3350 et
2417 3285 2719 3367 „explicite
2741 3333 2759 3365 ,
2818 3287 2914 3349 est
2967 3284 3115 3350 fidei
3174 3287 3314 3366 Jam
3363 3303 3519 3368 pro—

1969 3394 2195 3457 vectae.
2223 3391 2360 3457 Hoc
2403 3391 2577 3456 enim
2617 3408 2749 3456 non
2791 3394 2886 3456 oet
2925 3391 3006 3457 de
3041 3390 3327 3474 generali
3370 3391 3519 3457 fidei

1968 3499 2337 3564 necessitate
2368 3520 2385 3564 ε
2414 3498 2539 3579 ,κά
2583 3499 2638 3563 si
2678 3498 3108 3564 necessarium
3149 3502 3245 3564 est
3289 3498 3480 3563 alicui
3497 3546 3516 3576 ,

1969 3606 2095 3670 illis
2118 3611 2214 3671 est
2237 3607 2670 3672 necessarium
2686 3655 2705 3686 ,
2734 3606 2848 3689 qui
2878 3606 2949 3670 in
2974 3604 3340 3687 cognitione
3370 3603 3520 3670 fidei

1971 3713 2397 3795 profecerunt,
2428 3718 2492 3778 et
2513 3713 2639 3778 illis
2664 3713 3011 3796 potissime,
3031 3711 3144 3795 qui
3158 3712 3353 3776 fidem
3376 3708 3520 3775 aliis

1971 3821 2290 3904 explicare
2317 3826 2381 3885 et
2405 3822 2809 3886 manifestare
2842 3824 3163 3900 tenentur,
3195 3820 3300 3885 vel
3324 3819 3519 3885 etiam

1971 3927 2084 4010 qui
2143 3928 2427 3994 officium
2480 3928 2743 3992 docendi
2800 3932 2860 3992 et
2905 3925 3291 4010 praedicandi
3337 3943 3518 3991 assu-

1973 4039 2181 4114 munt,
2213 4036 2377 4099 sicut
2404 4040 2556 4100 sunt
2570 4036 2879 4100 habentes
2889 4051 3113 4100 curam
3130 4034 3517 4114 animarum,

1971 4147 2036 4209 et
2060 4142 2502 4226 praedicatores
2536 4143 2719 4212 verbi
2747 4142 2884 4224 Dei,
2914 4145 2978 4208 et
3003 4142 3288 4207 doctores
3322 4156 3520 4205 sacras

1973 4249 2318 4336 Scripturae
2332 4299 2351 4331 ‚
2380 4240 2579 4317 etalii
2610 4268 2893 4335 quorum
2937 4249 3330 4315 conversatio
3372 4266 3521 4314 ver-

1938 4361 2152 4424 -satur
2178 4359 2347 4425 circa
2370 4359 2521 4425 fidei
2555 4358 2911 4426 veritatem.
2945 4357 3078 4422 Hoc
3133 4360 3347 4420 tamen
3389 4373 3519 4421 non

1972 4466 2160 4533 credo
2184 4485 2319 4531 esse
2344 4469 2779 4552 opportunum
2802 4464 3120 4544 omnibus,
3138 4463 3252 4547 qui
3272 4462 3523 4529 salvan-

1972 4576 2102 4641 tur.
2159 4575 2342 4641 Multi
2393 4576 2568 4642 enim
2607 4578 2762 4641 sunt
2802 4574 2956 4641 boni
2998 4571 3350 4655 simplices,
3407 4569 3522 4653 qui

1973 4683 2271 4766 quamvis
2295 4685 2422 4747 sint
2447 4700 2663 4766 parvae
2696 4681 3097 4765 cognitionis,
3127 4681 3278 4744 sunt
3303 4684 3521 4743 tamen

1973 4804 2234 4868 magnae
2256 4786 2609 4852 devotionis
2637 4804 2655 4850 τ
2685 4790 2749 4851 et
2768 4786 2925 4850 tales
2950 4784 3132 4868 pium
3153 4786 3249 4848 est
3269 4782 3522 4848 credere

1973 4894 2055 4958 ad
2080 4893 2366 4980 salutem
2407 4894 2765 4977 pervenire.
2818 4892 2896 4956 Et
2930 4897 3263 4976 propterea
3290 4906 3523 4954 conce-

1973 4998 2257 5065 dendum
2284 5002 2399 5078 est,
2431 4999 2604 5083 quod
2629 4999 2779 5064 licet
2801 5001 3236 5083 opportunum
3272 4997 3353 5062 sit
3373 5012 3522 5062 om-

1974 5107 2165 5171 nibus
2208 5124 2341 5170 non
2379 5106 2590 5171 solum
2651 5106 2904 5171 credere
2943 5122 3165 5171 omnes
3223 5102 3522 5170 articulos

1973 5213 2277 5298 implicite
2303 5260 2323 5294 ,
2356 5213 2467 5279 sed
2506 5212 2700 5279 etiam
2729 5213 3039 5297 quosdam
3064 5210 3355 5296 explicite
3382 5213 3523 5295 post

1973 5322 2325 5389 adventum
2363 5321 2620 5400 Christi;
2653 5337 2786 5387 non
2822 5324 3043 5387 tamen
3093 5324 3188 5388 est
3230 5337 3520 5388 necessa-

1973 5429 2149 5498 rium
2170 5428 2496 5509 omnibus,
2522 5428 2806 5498 maxime
2822 5428 3245 5519 simplicibus,
3267 5426 3522 5496 credere
