4185 6288
1292 487 1491 557 DIST.
1516 482 1746 554 XXIV.
1788 478 1972 553 ΛΒΤ.
2015 481 2095 552 11.
2140 473 2438 565 QUAEST.
2484 477 2591 549 ΙΙΙ.

435 626 495 686 3.
545 621 705 688 Item
747 623 1004 689 animus
1029 626 1241 689 noster
1264 624 1444 690 nullo
1470 624 1660 690 modo
1689 625 1893 707 potest

352 726 681 795 dissentire
706 731 788 795 ab
813 749 889 795 eo
914 733 1087 815 quod
1122 732 1304 798 novit
1327 731 1556 797 habitu
1581 730 1886 809 scientiae,

350 852 484 901 non
520 837 692 901 enim
733 842 935 922 potest
972 857 1102 903 non
1128 839 1383 904 credere
1403 839 1574 922 quod
1604 838 1892 919 triangu-

350 940 453 1007 lus
479 961 610 1008 non
631 945 860 1011 habeat
886 949 1016 1010 tres
1043 946 1319 1036 angulos
1341 946 1621 1029 aequales
1638 944 1888 1010 duobus

349 1049 565 1129 rectis,
623 1053 676 1114 si
723 1054 837 1117 scit
880 1053 1036 1118 illud
1074 1054 1507 1118 demonstrare
1543 1075 1559 1117 t
1592 1052 1702 1116 sed
1741 1070 1888 1134 quae

349 1155 473 1221 fide
499 1159 867 1240 creduntur,
895 1160 1257 1227 voluntarie
1292 1160 1675 1239 creduntur3
1712 1163 1774 1224 et
1798 1158 1885 1222 si-

349 1268 458 1328 cut
498 1269 762 1347 possunt
806 1268 975 1333 credi
998 1315 1014 1344 ,
1061 1268 1152 1332 ita
1192 1270 1256 1334 et
1291 1270 1556 1351 possunt
1571 1264 1836 1331 discredi
1866 1285 1882 1326 ε

348 1388 507 1453 ergo
530 1372 783 1438 videtur
817 1375 987 1456 quod
1015 1375 1274 1441 scientia
1299 1374 1540 1439 notitiae
1569 1391 1697 1437 non
1733 1389 1889 1455 pos·

347 1477 428 1541 sit
454 1479 650 1545 simul
675 1485 842 1546 stare
868 1482 1035 1547 circa
1058 1483 1229 1548 idem
1255 1502 1405 1548 cum
1427 1484 1566 1566 ipsa
1590 1482 1737 1547 fide.

426 1592 488 1650 4.
520 1586 677 1653 Item
704 1607 851 1671 quae
885 1590 1145 1656 scientia
1184 1594 1661 1672 cognoscuntur
1685 1637 1703 1669 ,
1733 1588 1887 1652 sub-

342 1695 554 1774 jacent
571 1695 845 1761 rationi:
875 1697 984 1762 sed
1011 1716 1159 1780 quae
1187 1698 1312 1762 ssde
1340 1697 1706 1774 creduntur,
1732 1696 1887 1759 sunt

347 1818 545 1882 supra
586 1801 898 1867 rationem
914 1850 931 1880 ‚
959 1804 1263 1887 quoniam
1313 1804 1469 1869 fides
1506 1807 1600 1868 est
1641 1803 1886 1869 illumi-

349 1910 523 1974 natio
549 1911 864 1977 rationem
910 1911 1167 1978 elevans
1211 1930 1407 1994 supra
1456 1930 1526 1976 se
1564 1935 1579 1976 :
1626 1930 1784 1993 ergo
1829 1911 1885 1973 si

350 2015 522 2082 idem
543 2035 678 2083 non
710 2021 915 2101 potest
940 2036 1076 2083 esse
1101 2019 1268 2084 infra
1302 2019 1614 2083 rationem
1628 2068 1647 2098 ,
1684 2023 1747 2082 et
1773 2035 1887 2081 su·

346 2140 464 2205 pra
486 2124 821 2205 rationem,
843 2144 976 2190 non
1000 2125 1255 2192 videtur
1275 2126 1446 2209 quod
1472 2125 1666 2207 possit
1690 2123 1887 2189 simul

346 2231 645 2312 cognosci
666 2250 786 2314 per
810 2232 1163 2311 scientiam,
1194 2238 1257 2298 et
1288 2232 1502 2297 tidem.

851 2474 1373 2542 CONCLUSIO.

342 2648 497 2706 Fides
515 2692 532 2716 ,
577 2653 630 2707 et
670 2653 898 2708 scientia
945 2669 1061 2725 quoe
1101 2669 1210 2709 non
1245 2656 1320 2711 sit
1371 2654 1843 2726 comprehensionis
1862 2696 1882 2719 ,

410 2740 502 2797 sed
518 2755 622 2812 per
645 2742 1117 2799 manuductionem
1139 2745 1456 2808 ratiocinii,
1469 2747 1693 2816 possunt
1718 2745 1881 2799 simul

411 2834 584 2903 stare,
606 2831 731 2887 licet
756 2846 864 2889 non
886 2834 961 2888 sit
978 2833 1267 2890 secundum
1293 2833 1436 2890 idem
1455 2833 1583 2904 fides
1597 2874 1615 2903 ,
1647 2837 1700 2889 et
1719 2837 1886 2890 scien-

417 2924 517 2977 tia.

422 3080 608 3165 Resp.
641 3082 721 3148 ad
750 3101 890 3166 arg.
910 3082 1008 3149 Ad
1031 3084 1487 3168 praedictorum
1517 3083 1881 3167 intelligen-

341 3190 498 3256 tiam
526 3195 620 3256 est
646 3191 1033 3270 notandum,
1066 3193 1239 3275 quod
1267 3193 1506 3276 duplex
1532 3197 1626 3257 est
1653 3193 1876 3274 cogni·

340 3298 433 3364 tio
476 3298 810 3364 scientialia
850 3300 929 3367 de
966 3299 1095 3365 Deo
1116 3346 1134 3377 ‚
1168 3300 1402 3366 scilicet
1431 3319 1472 3363 a
1498 3305 1676 3383 parte
1700 3318 1881 3365 com-

342 3406 797 3490 prehensionis,
813 3410 877 3474 et
893 3427 934 3472 a
947 3408 1024 3491 (a)
1037 3408 1535 3474 manuductione
1543 3408 1884 3473 ratiocina-

342 3514 555 3579 tionis.
587 3496 655 3580 Si
679 3515 1023 3598 loquamur
1057 3514 1134 3580 de
1165 3515 1426 3579 scientia
1451 3535 1491 3579 a
1516 3522 1694 3597 parte
1716 3534 1884 3581 com-

342 3623 800 3705 prehensionis,
827 3642 958 3706 quo
983 3623 1174 3689 modo
1197 3624 1600 3706 cognoscitur
1627 3623 1795 3689 Deus
1810 3625 1881 3689 in

342 3730 568 3811 patria,
597 3730 689 3794 sic
713 3749 844 3796 non
868 3731 1251 3813 compatitur
1277 3749 1497 3797 secum
1534 3731 1730 3796 fidem
1753 3781 1772 3811 ,
1804 3735 1883 3797 ut

341 3837 535 3901 simul
561 3837 731 3902 idem
769 3837 851 3901 sit
883 3837 1116 3904 scitum
1135 3883 1153 3916 ,
1184 3840 1248 3900 et
1280 3836 1593 3901 creditum
1613 3885 1631 3916 ,
1662 3855 1777 3920 pro
1805 3854 1882 3903 eo

342 3946 510 4027 quod
532 3946 674 4009 talis
696 3946 980 4027 cognitio
1000 3945 1367 4028 simpliciter
1380 3946 1660 4011 excludit
1676 3946 1881 4027 aenig-

342 4070 492 4117 ma:
542 4059 605 4116 et
643 4053 762 4118 hoc
811 4053 1041 4118 melius
1086 4054 1415 4137 apparebit
1460 4053 1625 4118 infra
1647 4056 1691 4134 ¹,
1730 4072 1875 4119 cum

337 4164 570 4243 agetur
595 4162 674 4226 de
705 4162 1119 4227 evacuatione
1144 4162 1461 4228 virtutum
1478 4210 1496 4241 ,
1530 4181 1730 4245 quare
1772 4164 1877 4229 vi-

335 4267 595 4348 delicet,
626 4272 689 4333 et
715 4268 987 4351 qualiter
1011 4268 1161 4334 fidei
1203 4272 1381 4333 actus
1413 4287 1525 4351 per
1561 4270 1876 4336 visionem

336 4374 709 4440 excludatur
729 4378 795 4440 et
818 4378 1164 4441 evacuetur
1191 4375 1291 4459 (b).
1322 4374 1401 4440 Et
1422 4377 1501 4441 de
1525 4376 1646 4441 hac
1671 4378 1878 4443 scien-

335 4482 428 4547 tia
467 4487 831 4548 sanctorum
871 4485 1275 4549 auctoritates
1315 4484 1566 4565 dicunt,
1596 4490 1661 4550 et
1693 4503 1871 4552 com·-

341 4590 554 4655 munis
597 4590 812 4673 opinio
849 4592 1311 4672 magistrorum
1349 4594 1521 4658 tenet
1564 4594 1687 4658 hoc
1740 4612 1877 4660 esse

340 4714 570 4763 verum
591 4745 609 4776 ‚
638 4697 811 4781 quod
836 4698 1006 4763 idem
1029 4698 1224 4764 simul
1245 4717 1377 4766 non
1406 4703 1502 4764 est
1529 4700 1784 4781 scitum,
1815 4706 1878 4766 et

341 4805 673 4870 creditum.
723 4805 791 4871 Si
844 4811 1061 4872 autem
1105 4807 1448 4891 loquamur
1491 4809 1569 4873 de
1612 4809 1877 4875 scientia

301 4948 313 4964 ·
342 4927 487 4994 quae
517 4917 614 4976 est
639 4931 679 4975 a
704 4913 1201 4978 manuductione
1226 4914 1719 4982 ratiocinationis
1739 4962 1758 4992 ,
1786 4917 1879 4980 sic

346 5020 567 5085 volunt
602 5020 866 5104 quidam
907 5020 1115 5086 dicere
1161 5020 1371 5088 adhuc
1417 5040 1553 5087 esse
1599 5041 1831 5089 verum
1855 5070 1876 5102 ‚

338 5127 512 5209 quod
534 5144 668 5193 non
698 5130 903 5210 potest
925 5126 1119 5192 simul
1147 5132 1315 5193 stare
1340 5146 1492 5195 cum
1516 5129 1642 5195 fide
1672 5148 1692 5195 ε
1729 5130 1879 5213 quia

401 5328 418 5363 ¹
432 5327 561 5378 Dizt.
577 5338 724 5393 xxxl,
744 5332 836 5380 art.
854 5332 904 5377 Ξ.
921 5328 1019 5366 -2
1040 5330 1190 5391 Aug„
1209 5327 1270 5379 de
1289 5330 1490 5391 Trina„
1509 5330 1601 5381 lib.
1623 5332 1817 5391 xmo.
1836 5344 1876 5396 1,

336 5412 388 5451 n.
416 5402 465 5451 3.
483 5400 586 5439 -·-⁸
614 5401 632 5451 1
658 5400 796 5467 Cor„
816 5413 913 5466 ιιι,
935 5403 980 5452 8.
1006 5427 1069 5438 -
1087 5402 1154 5464 (α)
1182 5402 1321 5455 Edit.
1353 5402 1617 5453 Vemdeest
1639 5419 1687 5455 a.
1721 5432 1774 5442 -
1804 5404 1874 5469 (b)

336 5476 632 5525 evacuatur.
657 5498 719 5511 -
740 5473 804 5536 (c)
829 5471 964 5523 deest
985 5486 1068 5522 ex.

3413 471 3530 545 531

2000 638 2117 704 per
2139 619 2332 699 talem
2359 618 2687 684 scientiam
2726 614 2986 682 assentit
3025 613 3384 681 intellectus
3411 615 3535 698 ipsi

2001 728 2092 793 rei
2125 727 2402 810 cognitae
2428 728 2687 810 propter
2712 724 2918 809 ipsam
2957 722 3270 818 rationem
3297 722 3535 806 princi-

2000 835 2267 917 paliter3
2298 834 2559 900 assentit
2602 832 2795 900 etiam
2840 831 3233 910 necessari03
3277 828 3536 895 assentit

1999 940 2190 1005 etiam
2217 942 2381 1008 sicut
2402 941 2499 1005 rei
2524 957 2673 1023 quae
2698 943 2794 1004 est
2828 939 2995 1004 infra
3017 956 3086 1003 se
3117 958 3134 1003 :
3168 940 3356 1020 cujus
3382 954 3538 1001 con-

1998 1048 2269 1114 trarium
2299 1049 2618 1131 reperitur
2643 1047 2714 1110 in
2742 1046 2868 1110 ssde
2883 1094 2901 1124 ,
2932 1062 3080 1128 quae
3120 1044 3379 1109 assentit
3403 1043 3534 1127 pri·

2000 1172 2126 1219 mae
2155 1155 2406 1220 veritati
2443 1158 2701 1238 propter
2740 1172 2808 1218 se
2823 1201 2845 1233 ,
2878 1157 2942 1217 et
2974 1150 3330 1217 voluntarie
3347 1198 3366 1230 ,
3410 1149 3536 1215 ele-

1998 1261 2209 1327 vando
2251 1261 2564 1326 rationem
2600 1276 2794 1343 super
2837 1277 2926 1323 se.
2957 1257 3038 1323 Et
3063 1258 3205 1324 ideo
3236 1257 3537 1323 dixerunt

1997 1369 2294 1434 habitum
2333 1369 2513 1449 fidei,
2543 1372 2606 1433 et
2638 1367 2917 1433 scientiae
2937 1415 2957 1447 ,
2988 1370 3216 1431 mutuo
3249 1383 3385 1431 sese
3418 1383 3533 1429 ex-

1998 1480 2274 1558 cludere,
2297 1478 2651 1544 secundum
2669 1476 2841 1560 quod
2867 1475 3141 1540 charitas
3157 1474 3341 1540 illum
3361 1492 3535 1539 amo-

1998 1604 2138 1652 rem
2159 1586 2470 1665 excludit,
2502 1604 2634 1668 quo
2659 1585 2804 1667 quis
2845 1588 3018 1648 amat
3043 1582 3248 1647 Deum
3277 1585 3534 1665 propter

1997 1694 2372 1778 temporalia
2416 1691 2867 1776 principaliter.
2901 1689 3193 1754 Aliorum
3233 1707 3390 1753 vero
3415 1706 3529 1771 po-
3560 1688 3775 1746 Opinio!-

1997 1802 2142 1866 sitio
2168 1805 2283 1880 est,
2306 1800 2476 1882 quod
2508 1799 2585 1862 de
2615 1816 2746 1863 uno
2777 1800 2841 1861 et
2868 1795 3092 1861 eodem
3119 1794 3313 1859 simul
3331 1797 3535 1877 potest

1995 1904 2219 1972 haberi
2239 1906 2502 1970 scientia
2519 1904 3013 1970 manuductione
3038 1901 3536 1966 ratiocinationis

1998 2031 2149 2078 cum
2183 2012 2408 2077 habitu
2451 2011 2629 2089 fidei,
2654 2012 2846 2095 juxta
2885 2009 3054 2092 quod
3097 2009 3244 2074 dicit
3266 2009 3535 2090 Augus-

1996 2118 2175 2182 tinus
2191 2125 2216 2159 ¹
2236 2115 2373 2182 XIV
2389 2116 2467 2183 de
2499 2118 2838 2195 Trinitate,
2861 2132 3184 2198 exponens
3198 2113 3357 2179 illud
3371 2114 3536 2196 Apo-

1996 2226 2140 2291 stoli
2158 2227 2181 2262 ⁸
2216 2248 2232 2287 :
2267 2223 2406 2292 Alii
2433 2223 2630 2292 datur
2660 2240 2777 2306 per
2817 2222 3146 2305 Spiritum
3180 2237 3383 2288 sermo
3423 2237 3531 2288 sa·

1991 2334 2300 2415 pientiae,
2332 2331 2457 2399 alii
2482 2346 2682 2398 sermo
2712 2331 3037 2396 scientiae:
3078 2351 3109 2388 α
3139 2327 3305 2392 Huic
3322 2328 3534 2393 scien-

1995 2438 2103 2504 tiae
2136 2439 2348 2504 tribuo
2369 2437 2552 2516 illud,
2577 2455 2706 2520 quo
2730 2437 2887 2500 fides
2917 2434 3358 2514 saluberrima,
3381 2451 3534 2516 quae

1996 2546 2077 2610 ad
2103 2564 2325 2611 veram
2350 2544 2807 2609 beatitudinem
2834 2542 3029 2618 ducit,
3060 2541 3382 2623 gignitur,
3413 2560 3532 2608 nu-

1993 2654 2185 2718 tritur
2205 2701 2224 2734 ,
2256 2654 2614 2719 defenditur
2633 2701 2650 2730 ,
2681 2653 3021 2743 roboratur
3053 2674 3068 2715 ε
3100 2655 3228 2733 q'ua
3267 2652 3530 2718 scientia

1992 2779 2126 2827 non
2170 2760 2409 2843 pollent
2455 2761 2716 2844 plurimi
2758 2759 2973 2825 fideles
3001 2808 3019 2836 ,
3063 2760 3209 2824 licet
3253 2759 3531 2826 habeant

1991 2868 2208 2933 fldem.
2256 2890 2287 2928 n
2336 2866 2414 2934 Et
2461 2867 2813 2932 Richardus
2857 2867 2936 2931 de
2979 2864 3045 2932 S.
3087 2867 3337 2932 Victore
3382 2866 3533 2932 dicit

1992 2975 2164 3058 quod
2189 2975 2265 3040 ad
2295 2992 2371 3040 ea
2397 2990 2542 3058 quae
2567 2974 2716 3039 fidei
2745 2976 2927 3050 sunt,
2957 2991 3090 3038 non
3113 2978 3367 3037 tantum
3388 2990 3533 3058 pos-

1992 3071 2147 3149 sunt
2172 3081 2395 3148 haberi
2435 3083 2712 3149 rationes
2753 3082 3109 3166 probabiles
3129 3129 3148 3164 ,
3188 3082 3297 3148 sed
3335 3081 3528 3148 etiam

1991 3193 2363 3258 necessariae
2382 3239 2401 3273 ,
2463 3192 2607 3258 licet
2665 3209 2771 3257 eas
2822 3191 3142 3257 interdum
3200 3193 3531 3273 contingat

1990 3322 2109 3369 nos
2133 3305 2351 3370 latere.
2386 3303 2567 3369 Unde
2610 3303 2839 3386 aliquis
2873 3304 3134 3371 credens
3160 3304 3364 3369 Deum
3393 3322 3529 3369 esse

1991 3428 2200 3476 unum
2237 3412 2596 3477 Creatorem
2626 3411 2921 3476 omnium
2934 3459 2951 3490 ,
2983 3411 3040 3474 si
3066 3429 3148 3475 ex
3174 3410 3529 3475 rationibus
3647 3420 3650 3425 ·

1987 3518 2357 3585 necessariis
2399 3518 2658 3601 incipiat
2698 3519 2912 3601 ipsum
2946 3518 3115 3583 idem
3143 3535 3330 3583 nosse
3351 3567 3369 3599 ,
3395 3537 3528 3584 non

1988 3629 2248 3709 propter
2261 3626 2385 3691 hoc
2399 3625 2630 3691 desinit
2646 3625 2841 3692 fldem
2859 3626 3118 3691 habere.
3128 3624 3243 3692 Vel
3259 3626 3317 3691 si
3333 3627 3527 3692 etiam

1988 3732 2168 3816 prius
2186 3733 2420 3813 noscit,
2442 3733 2598 3799 tides
2618 3732 3073 3817 superveniens
3090 3734 3283 3798 talem
3309 3736 3526 3818 cogni-

1986 3837 2230 3905 tionem
2255 3858 2387 3906 non
2413 3839 2699 3923 expellit,
2730 3839 2892 3906 sicut
2927 3857 3042 3922 per
3069 3840 3526 3923 experientiam

1986 3949 2179 4029 patet.
2210 3947 2390 4013 Ratio
2418 3950 2629 4013 autem
2661 3964 2859 4030 quare
2884 3946 3028 4010 talis
3054 3946 3313 4012 scientia
3331 3947 3527 4014 simul

1985 4057 2335 4137 potestesse
2347 4054 2649 4121 deeodem
2662 4072 2813 4121 cum
2824 4053 3117 4137 ipsaflde,
3132 4057 3195 4121 et
3205 4055 3382 4138 quod
3394 4072 3525 4121 una

1986 4164 2267 4244 cognitio
2291 4163 2558 4229 alteram
2585 4181 2719 4228 non
2736 4162 3014 4245 expellit,
3034 4165 3129 4228 est
3146 4163 3297 4246 quia
3317 4164 3526 4229 scien-

1984 4271 2076 4336 tia
2102 4289 2184 4335 ex
2208 4271 2278 4354 (c)
2301 4270 2798 4336 manuductione
2833 4269 3350 4352 ratiocinationis,
3379 4271 3528 4336 licet

1984 4378 2266 4462 aliquam
2303 4378 2745 4444 certitudinem
2797 4378 2982 4443 faciat
3024 4381 3089 4442 et
3135 4376 3524 4444 evidentiam

1984 4485 2153 4550 circa
2173 4483 2392 4552 divina
2408 4532 2429 4563 ,
2455 4484 2568 4550 illa
2589 4489 2802 4550 tamen
2828 4484 3138 4550 certitudo
3172 4488 3236 4549 et
3261 4485 3521 4550 eviden-

1985 4592 2074 4657 tia
2098 4609 2230 4656 non
2258 4596 2355 4656 est
2377 4592 2643 4656 omnino
2661 4590 2853 4669 clara,
2873 4590 3184 4673 quamdiu
3209 4608 3437 4657 sumus
3453 4592 3524 4656 in

1987 4701 2115 4765 via.
2151 4698 2457 4777 Quamvis
2482 4700 2656 4765 enim
2690 4699 2920 4782 aliquis
2948 4699 3146 4782 possit
3169 4699 3523 4765 rationibus

1983 4807 2354 4872 necessariis
2380 4807 2649 4889 probare
2666 4805 2870 4871 Deum
2888 4824 3046 4884 esse,
3076 4809 3139 4871 et
3164 4824 3300 4871 esse
3317 4805 3521 4872 Deum

1985 4932 2230 4994 unum;
2258 4919 2476 4980 tamen
2501 4933 2760 4981 cernere
2786 4915 3001 4997 ipsum
3028 4913 3328 4982 divinum
3354 4933 3519 4998 esse,

1986 5026 2051 5088 et
2075 5022 2280 5106 ipsam
2299 5023 2411 5088 Dei
2434 5023 2743 5088 unitatem
2761 5068 2782 5099 ‚
2801 5027 2865 5087 et
2884 5022 3158 5105 qualiter
3179 5022 3289 5089 illa
3313 5022 3524 5090 unitas

1984 5149 2120 5196 non
2149 5128 2446 5195 excludat
2467 5148 2886 5214 personarum
2915 5130 3366 5215 pluralitatem,
3390 5151 3523 5200 non

1986 5240 2233 5321 potest,
2279 5236 2401 5301 nisi
2432 5253 2550 5321 per
2568 5238 2884 5321 justitiam
2924 5238 3077 5304 fidei
3112 5240 3519 5309 emundetur.

1986 5345 2165 5412 Unde
2188 5344 2576 5411 illuminatio
2615 5350 2682 5411 et
2722 5346 3036 5412 certitudo
3063 5347 3210 5413 talis
3244 5348 3524 5417 scientiae

1985 5476 2120 5525 non
2159 5462 2255 5524 est
2292 5461 2468 5523 tanta
2491 5507 2513 5540 ,
2554 5460 2725 5542 quod
2770 5459 2987 5526 habita
3023 5460 3135 5527 illa
3173 5460 3529 5546 superfluat
