4185 6288
788 445 908 506 582

790 601 1205 669 consequens.
1256 585 1569 663 Quoniam
1606 601 1764 665 ergo
1792 600 1908 665 per
1930 598 2332 664 consequen-

792 691 879 755 tia
920 692 986 754 in
1032 693 1170 775 ipso
1230 694 1310 758 ad
1370 692 1661 776 opposita
1713 694 2073 773 sequuntur
2132 706 2329 772 oppo-

791 798 928 862 sitae
947 800 1387 881 proprietates,
1420 817 1533 883 per
1577 816 1739 881 quas
1788 797 2027 861 habent
2065 815 2333 878 cognos-

789 906 878 983 ci,
940 908 1040 984 ut,
1094 907 1148 970 si
1193 907 1413 971 album
1461 906 1817 986 disgregat,
1866 904 2135 984 nigrum
2179 922 2331 967 con-

790 1019 1063 1096 gregat3
1115 1015 1267 1079 hinc
1317 1017 1454 1092 est,
1503 1011 1672 1095 quod
1712 1029 1884 1075 unus
1940 1013 2145 1092 potoet
2197 1029 2332 1075 esse

789 1121 1047 1186 habitus
1113 1121 1476 1204 cognitivus
1538 1120 1972 1201 oppositorum
2005 1166 2024 1195 ,
2095 1136 2329 1199 quam-

790 1231 893 1295 vis
949 1249 1080 1295 non
1130 1231 1213 1293 sit
1261 1229 1521 1293 habitus
1565 1244 1736 1291 unus
1778 1225 2132 1289 affectivuS.
2192 1224 2333 1287 Alia

791 1340 983 1402 etiam
1028 1335 1471 1402 dissimilitudo
1517 1338 1649 1413 est,
1696 1332 1849 1415 quia
1893 1332 2170 1415 potentia
2222 1349 2327 1395 co-

790 1447 1037 1530 gnitiva
1084 1443 1400 1510 consimili
1436 1446 1581 1506 actu
1625 1446 1689 1506 et
1729 1439 2040 1504 consimili
2084 1440 2333 1503 ratione

791 1553 1105 1636 negotiari
1133 1556 1340 1635 potest
1377 1568 1571 1633 super
1609 1547 2043 1631 oppositorum
2069 1552 2329 1611 utrum-

789 1680 951 1744 que;
994 1660 1239 1743 judicat
1279 1659 1452 1723 enim
1479 1657 1556 1722 de
1595 1660 1799 1733 recto,
1830 1658 1894 1718 et
1919 1652 2175 1736 obliquo
2220 1672 2333 1736 per

791 1769 1104 1832 rationem
1132 1766 1332 1849 ipsius
1357 1764 1509 1829 recti
1543 1785 1558 1826 ε
1592 1762 1698 1826 sed
1727 1761 2017 1825 affectiva
2045 1778 2178 1823 non
2204 1761 2328 1838 sic;

790 1874 922 1938 imo
948 1874 1002 1937 si
1032 1872 1272 1956 appetit
1296 1888 1503 1936 unum
1523 1868 1985 1952 oppositorum,
2007 1867 2332 1950 reliquum

790 1983 1031 2067 respuit
1048 2005 1065 2061 ;
1098 1983 1151 2045 si
1179 1985 1354 2044 amat
1392 1997 1596 2044 unum
1620 2027 1638 2059 ,
1685 1976 2008 2059 reliquum
2037 1976 2191 2052 odit,
2222 1996 2336 2059 per

789 2110 857 2154 se
892 2089 1231 2173 loquendo.
1272 2087 1352 2153 Et
1390 2087 1551 2151 ratio
1584 2086 1785 2168 hujus
1824 2089 1940 2163 est,
1967 2084 2120 2167 quia
2142 2085 2328 2156 affec-

792 2200 923 2263 tiva
950 2197 1160 2279 magis
1188 2195 1331 2260 unit
1358 2194 1476 2277 ipsi
1503 2192 1851 2271 aflectihili,
1879 2210 2079 2274 quam
2109 2193 2332 2273 cogni-

791 2307 924 2371 tiva
972 2303 1384 2386 cognoscibili
1427 2324 1442 2366 :
1487 2302 1658 2366 unde
1705 2318 1888 2365 amor
1926 2299 2337 2363 transformat

790 2417 1114 2479 amantem
1143 2413 1213 2476 in
1247 2414 1532 2476 amatum
1569 2431 1583 2473 z
1621 2412 1683 2473 et
1711 2411 2041 2490 propterea
2068 2425 2201 2470 non
2230 2423 2335 2469 se-

789 2521 1033 2603 quitur,
1063 2518 1235 2601 quod
1272 2519 1324 2581 si
1352 2536 1487 2581 una
1522 2516 1715 2600 possit
1744 2533 1879 2580 esse
1907 2515 2192 2595 cognitio
2221 2532 2336 2596 op-

793 2628 1147 2710 positorum
1173 2674 1189 2703 ‚
1236 2625 1591 2688 secundum
1618 2623 1787 2705 quod
1818 2617 2134 2706 opposita,
2165 2621 2336 2704 quod

793 2739 1048 2818 propter
1096 2733 1219 2796 hoc
1263 2730 1696 2814 oppositorum
1738 2729 1968 2793 habeat
1990 2746 2128 2792 esse
2154 2729 2339 2792 affec-

796 2843 882 2905 tio
910 2859 1065 2920 una,
1096 2839 1197 2905 vel
1224 2839 1416 2904 etiam
1455 2857 1589 2902 una
1629 2836 1837 2902 virtus
1863 2835 2214 2901 affectionis
2241 2835 2340 2900 di-

796 2951 1054 3015 rectiva.

879 3061 939 3122 3.
984 3057 1081 3122 Ad
1123 3055 1280 3120 illud
1319 3055 1487 3137 quod
1533 3053 1834 3135 objicitur
1876 3071 1994 3135 per
2037 3052 2243 3117 simile
2270 3052 2339 3116 in

797 3165 1166 3241 moralihuS‚
1207 3163 1376 3246 quod
1400 3163 1675 3227 duarum
1704 3162 2182 3226 extremitatum
2210 3179 2342 3225 una

796 3279 892 3339 est
944 3273 1282 3351 medietas,
1330 3270 1671 3336 dicendum
1721 3270 1893 3351 quod
1947 3287 2178 3335 verum
2223 3274 2338 3349 est,

798 3381 967 3465 quod
995 3399 1125 3447 una
1156 3374 1592 3444 est‘medietas
1628 3377 1939 3460 punctalis
1967 3399 1982 3441 ε
2015 3378 2126 3441 sed
2163 3376 2344 3457 large

799 3492 1053 3571 accepta
1071 3487 1405 3551 medietate
1424 3504 1552 3549 non
1572 3484 1763 3550 habet
1790 3484 2149 3565 veritatem,
2180 3502 2342 3568 quo-

800 3600 977 3664 niam
1022 3598 1201 3663 inter‘
1233 3598 1364 3663 duo
1404 3609 1690 3660 extrema
1732 3595 2010 3659 multum
2048 3595 2346 3660 distantia

801 3708 1017 3790 plures
1044 3708 1310 3790 possunt
1331 3722 1469 3768 esse
1497 3702 1884 3781 medietates,
1906 3703 1994 3766 ita
2009 3704 2181 3785 quod
2209 3723 2342 3768 una

802 3814 1268 3900 appropinquat
1313 3812 1430 3878 uni
1469 3815 1786 3891 extremo,
1840 3814 1904 3875 et
1947 3810 2146 3875 altera
2192 3811 2298 3876 alii
2315 3835 2334 3892 ;

803 3927 867 3989 et
911 3923 1001 3986 sic
1034 3923 1239 4004 potest
1274 3937 1410 3984 esse
1449 3918 1520 3982 in
1546 3918 1775 3982 timore
1800 3922 1865 3982 et
1888 3936 2023 4001 spe,
2053 3923 2345 4002 respectu

804 4026 1322 4115 praesumptionis
1363 4030 1427 4093 et
1470 4025 1943 4109 desperationis,
1977 4027 2131 4109 quia
2156 4028 2350 4091 timor

806 4137 1015 4219 magis
1053 4133 1457 4220 approximat
1493 4133 1577 4198 ad
1618 4132 2088 4197 extremitatem
2133 4134 2349 4216 despe-

805 4244 1069 4310 rationis
1088 4291 1110 4323 ,
1157 4260 1300 4324 spes
1331 4245 1545 4306 autem
1572 4239 1651 4304 ad
1679 4240 2146 4304 extremitatem
2176 4258 2349 4324 prae-

805 4348 1210 4435 sumptionis.
1259 4348 1459 4412 Aliter
1497 4346 1691 4412 etiam
1729 4349 1935 4428 potest
1982 4344 2107 4410 dici
2125 4394 2146 4427 ,
2177 4348 2350 4428 quod

806 4458 975 4523 istud
1022 4455 1404 4538 intelligitur
1428 4455 1506 4519 de
1531 4453 1887 4532 medietate,
1921 4471 2071 4536 quae
2098 4456 2352 4518 confici-

807 4572 916 4633 tur
941 4585 1025 4631 ex
1050 4569 1322 4646 utroque
1352 4566 1671 4641 extremO,
1700 4560 1864 4624 sicut
1888 4560 2154 4643 largitas
2183 4562 2352 4627 inter

809 4672 1320 4758 prodigalitatem
1346 4673 1409 4734 et
1434 4668 1771 4733 avaritiam
1799 4666 2030 4731 dicitur
2056 4686 2193 4732 esse
2220 4687 2351 4733 me-

760 4789 764 4794 ’
809 4785 1028 4851 dietas.
1058 4782 1214 4867 Spoe
1239 4787 1456 4847 autem
1478 4786 1541 4845 et
1567 4779 1758 4843 timor
1783 4796 1916 4842 non
1942 4784 2092 4843 sunt
2114 4779 2350 4862 hujus-

810 4888 982 4953 modi
1009 4885 1398 4964 medietates‚
1427 4883 1589 4949 sicut
1605 4901 1687 4948 ex
1712 4882 2215 4966 praecedentibus
2241 4902 2379 4966 pa·-¹

809 4999 920 5060 tet.
968 4994 1182 5060 Posset
1234 4993 1425 5057 etiam
1473 4990 1837 5074 responderi
1886 5007 2000 5072 per
2049 4989 2355 5053 interem-

809 5102 1093 5184 ptionem
1106 5148 1127 5181 ,
1156 5099 1311 5182 quia
1336 5100 1528 5163 timor
1551 5101 1616 5162 et
1629 5113 1771 5180 spes
1796 5112 1928 5161 non
1950 5098 2103 5159 sunt
2127 5095 2358 5163 medie·

811 5209 971 5272 tates
995 5209 1472 5274 extremitatum
1503 5202 1900 5283 earumdem,
1930 5203 2041 5268 sed
2065 5203 2354 5268 diversa-

813 5330 986 5377 rum.
1015 5313 1168 5395 Spes
1193 5315 1365 5379 enim
1407 5312 1691 5379 medium
1727 5314 1903 5375 tenet
1942 5310 2112 5373 inter
2134 5310 2356 5393 despe-

813 5418 1129 5487 rationem
1192 5427 1255 5485 et
1320 5418 1884 5509 praesumptionem
1927 5438 1944 5496 ;
1995 5417 2106 5481 sed
2158 5419 2352 5493 timor

1905 442 2527 513 SENTENTIARUM
2567 449 2716 515 LIB.
2759 451 2870 549 Ill.

2440 583 2605 648 inter
2648 588 3071 655 temeritatem
3088 638 3111 669 ,
3139 595 3205 655 et
3228 593 3671 674 timiditatem,
3703 595 3841 660 sive
3866 616 3974 679 pn-

2436 691 2935 759 sillanimitatem
2966 717 2983 761 :
3014 703 3078 763 et
3103 699 3194 763 sic
3218 718 3353 765 non
3385 706 3638 785 oportet
3684 703 3860 785 quod
3908 705 3980 766 ti-

2438 817 2581 862 mor
2606 804 2671 864 et
2690 820 2833 883 spes
2852 806 3234 871 conveniant
3269 808 3340 871 in
3368 809 3709 874 medietate
3736 811 3981 874 virtutis

2434 904 2682 969 unitate
2707 906 3079 975 affectionis.

2515 1015 2577 1075 4.
2620 1012 2716 1077 Ad
2765 1014 2924 1079 illud
2969 1020 3141 1099 quod
3187 1021 3486 1104 objicitur
3529 1040 3645 1103 per
3686 1022 3897 1085 simile
3923 1023 3982 1084 in

2437 1117 2582 1197 fide,
2632 1119 2973 1186 dicendum
3021 1128 3196 1206 quod
3229 1146 3362 1193 non
3383 1131 3479 1192 est
3504 1129 3742 1208 simile,
3775 1148 3894 1211 pro
3917 1148 3982 1194 eo

2436 1225 2607 1306 quod
2655 1225 2800 1291 licet
2841 1229 2996 1293 tides
3039 1232 3119 1294 sit
3168 1234 3490 1299 malorum
3533 1240 3599 1299 et
3641 1235 3979 1309 bonorum,

2438 1335 2656 1396 tamen
2701 1339 2796 1399 est
2832 1337 2954 1401 sub
3004 1340 3193 1405 unica
3238 1341 3505 1418 ratione,
3550 1342 3853 1406 videlicet
3877 1343 3983 1404 suh

2438 1441 2682 1504 ratione
2745 1444 2902 1508 veri.
2971 1444 3297 1511 Praeterea.
3337 1449 3493 1513 fides
3560 1453 3658 1511 est
3740 1449 3984 1512 habitus

2437 1552 2723 1630 spectans
2752 1551 2832 1615 ad
2860 1554 3314 1635 cognitionem,
3358 1556 3472 1639 qui
3507 1574 3643 1619 non
3696 1556 3985 1620 diversifi-

2437 1661 2618 1721 catur
2659 1664 2915 1742 propter
2974 1662 3372 1745 objectorum
3429 1664 3980 1741 contrarietatem;

2437 1780 2582 1844 spes
2622 1770 2839 1830 autem
2895 1770 2959 1832 et
3006 1769 3198 1834 timor
3223 1774 3377 1834 sunt
3399 1771 3665 1835 habitus
3695 1772 3981 1850 effectivi,

2437 1871 2551 1953 qui
2601 1890 2731 1935 non
2780 1874 3129 1957 respiciunt
3174 1876 3417 1940 bonum
3463 1881 3529 1940 et
3580 1878 3834 1944 malum
3880 1880 3984 1942 sub

2439 1996 2576 2041 una
2615 1980 2861 2045 ratione
2898 2002 2912 2045 ε
2945 1982 3054 2046 sed
3096 2002 3239 2065 spes
3292 1984 3550 2066 respicit
3580 1987 3711 2048 sub
3756 1988 3985 2050 ratione

2438 2087 2901 2168 convenientis,
2951 2089 3145 2154 timor
3193 2092 3313 2155 sub
3357 2093 3607 2157 ratione
3666 2093 3986 2158 disconve-

2443 2194 2677 2259 nientis
2709 2219 2724 2260 ε
2772 2196 2913 2261 ideo
2951 2216 3085 2263 non
3123 2203 3217 2262 est
3261 2200 3465 2263 simile
3515 2200 3674 2264 hinc
3695 2249 3713 2277 ‚
3741 2209 3807 2265 et
3831 2201 3980 2266 inde.

2441 2300 2509 2366 Si
2537 2307 2609 2365 tu
2637 2304 2918 2386 objicias,
2951 2306 3122 2388 quod
3150 2307 3604 2389 principiatum
3632 2308 3828 2373 debet
3853 2310 3988 2372 assi-

2446 2408 2652 2471 milari
2701 2405 2821 2475 suo
2869 2413 3223 2495 principioj‚
3253 2413 3602 2480 dicendum
3639 2418 3820 2499 quod
3846 2417 3985 2482 illud

2441 2519 2536 2578 est
2558 2535 2784 2581 verum
2811 2518 2879 2581 in
2905 2521 3316 2600 generatione
3334 2522 3628 2586 univoca.
3667 2522 3856 2599 Quod
3883 2542 3986 2588 an·

2446 2625 2575 2686 tem
2602 2623 2833 2689 dicitur
2857 2626 3012 2690 fides
3030 2646 3340 2710 generare
3369 2648 3551 2711 spem
3578 2634 3643 2694 et
3674 2633 3985 2705 timorem,

2445 2729 2568 2794 hoc
2579 2749 2712 2795 non
2721 2734 3175 2798 estsecundum
3191 2736 3744 2814 univocationem,
3761 2739 3872 2802 sed
3883 2739 3991 2801 hoc

2445 2844 2541 2902 est
2555 2855 2667 2921 per
2685 2840 3542 2924 quamdam-dispositionem,
3563 2863 3682 2927 per
3696 2864 3895 2928 quam
3910 2846 3992 2907 di·

2448 2946 2676 3027 cimuS,
2695 2947 2864 3029 quod
2881 2948 3136 3013 habitus
3148 2951 3517 3031 cognitivus
3535 2958 3813 3033 generat
3825 2954 3990 3016 affec-

2449 3056 2614 3132 tum,
2646 3055 2800 3137 quia
2828 3055 2906 3118 ad
2932 3055 3147 3137 ipsum
3175 3063 3492 3140 praeparat
3520 3065 3586 3122 et
3609 3059 3914 3141 disponit.

2532 3164 2593 3224 5.
2643 3162 2737 3225 Ad
2780 3161 2936 3225 illud
2977 3162 3150 3245 quod
3193 3165 3492 3246 objicitur
3539 3185 3655 3248 per
3680 3167 3888 3231 Simile
3931 3166 3988 3229 in

2452 3268 2862 3333 conversione
2906 3273 2968 3332 et
3016 3271 3377 3350 aversione,
3435 3271 3786 3338 dicendum
3834 3274 3992 3355 quod

2453 3374 2701 3439 aversio
2760 3379 2825 3439 et
2870 3379 3201 3441 conversio
3244 3396 3377 3442 uno
3421 3379 3613 3443 modo
3666 3381 3996 3443 nominant

2454 3486 2656 3561 actuS,
2702 3482 2831 3546 alio
2871 3483 3061 3547 modo
3115 3484 3452 3549 nominant
3498 3486 3999 3550 circumstantias

2455 3590 2625 3653 circa
2679 3593 2915 3654 actum.
2983 3590 3350 3656 Secundum
3417 3593 3588 3675 quod
3667 3594 3999 3658 nominant

2456 3700 2697 3777 actum,
2729 3697 2818 3762 sic
2844 3703 2997 3763 sunt
3013 3699 3248 3764 diversi
3277 3702 3525 3765 motus:
3556 3700 3682 3765 alia
3711 3703 3888 3765 enim
3912 3708 4002 3765 εἰ

2458 3806 2704 3869 affectio
2749 3810 3146 3888 contemptus
3168 3854 3188 3886 ,
3241 3826 3370 3888 qua
3428 3808 3646 3871 anima
3695 3812 4000 3873 avertitur

2457 3911 2538 3974 ab
2557 3928 2711 3988 un0,
2737 3915 2800 3974 et
2817 3911 3064 3975 affectio
3086 3913 3420 3995 appetitu3‚
3452 3930 3581 3996 qua
3607 3918 4000 3979 convertitur

2458 4020 2537 4085 ad
2565 4019 2910 4101 reliquum.
2943 4007 3310 4085 Secundum
3344 4024 3561 4084 autem
3587 4021 3764 4103 quod
3793 4023 3995 4087 nomi-

2457 4130 2616 4191 nant
2657 4127 3159 4191 circumstantias
3183 4177 3202 4207 ‚
3259 4128 3396 4191 sive
3446 4126 3789 4193 relationes
3839 4132 4002 4194 circa

2459 4239 2696 4313 actum,
2725 4234 2815 4297 sic
2834 4239 3100 4317 possunt
3125 4253 3258 4299 esse
3294 4235 3466 4299 circa
3485 4253 3698 4299 unum
3719 4244 3788 4301 et
3813 4257 4001 4303 eum·

2459 4343 2606 4407 dem
2650 4345 2865 4405 actum
2888 4388 2905 4416 ‚
2936 4346 3000 4404 et
3038 4340 3204 4404 circa
3246 4340 3415 4405 idem
3462 4345 3827 4423 peccatum,
3855 4346 4003 4427 quia

2460 4467 2664 4513 unum
2710 4453 2774 4512 et
2818 4448 2988 4511 idem
3036 4451 3238 4530 potest
3273 4447 3466 4512 simul
3492 4453 3557 4512 et
3581 4451 3779 4513 semel
3811 4452 3888 4514 ad
3919 4452 4005 4514 di-

2460 4576 2646 4623 versa
2673 4557 3067 4639 comparari,
3100 4559 3163 4619 et
3191 4555 3456 4621 diversis
3483 4558 3903 4622 relationibus
3928 4558 4002 4623 ad

2460 4665 2579 4728 ista
2616 4663 2835 4728 referri
2870 4684 2887 4726 ε
2917 4667 2981 4726 et
3010 4662 3098 4725 sic
3136 4680 3269 4725 non
3310 4665 3406 4726 est
3448 4663 3654 4728 simile
3690 4664 3773 4728 de
3808 4665 4003 4729 affec-

2461 4772 2634 4836 tione
2674 4770 2922 4835 timoris
2948 4772 3012 4832 et
3042 4768 3207 4851 spei,
3242 4768 3393 4850 quia
3422 4788 3551 4834 non
3577 4773 3784 4852 potest
3812 4772 4007 4836 simul

2463 4884 2526 4947 et
2568 4878 2766 4943 semel
2806 4895 2940 4942 una
2982 4874 3267 4959 potentia
3289 4923 3308 4954 ,
3343 4895 3460 4941 nec
3487 4895 3622 4941 uno
3647 4884 3799 4943 actu
3840 4880 4005 4943 eim

2462 4990 2714 5054 diversa
2754 4990 2818 5051 et
2864 4984 3180 5050 contraria
3222 4984 3390 5048 affici
3435 5006 3450 5048 :
3497 4988 3835 5068 propterea
3875 5005 4002 5051 non

2463 5097 2755 5180 sequitur
2775 5143 2793 5176 ‚
2822 5093 2992 5177 quod
3020 5092 3076 5156 si
3104 5091 3351 5157 aversio
3388 5095 3453 5155 et
3480 5094 3816 5157 conversio
3857 5112 4005 5176 pos·

2463 5207 2614 5268 sunt
2651 5220 2787 5267 esse
2832 5201 2996 5265 circa
3036 5217 3235 5263 unam
3265 5198 3581 5265 actionem
3607 5204 3674 5264 et
3704 5201 3997 5277 formam,

2465 5310 2634 5394 quod
2688 5309 2976 5372 similiter
3015 5306 3205 5369 timor
3251 5309 3315 5369 et
3352 5324 3496 5387 spes
3549 5307 3832 5374 habeant
3871 5325 4003 5374 esse

2463 5418 2628 5489 circa
2654 5433 2851 5483 unam
2877 5419 2940 5477 et
2965 5411 3253 5482 eamdem
3281 5410 3712 5481 affectionem.
