4185 6288
1331 511 1526 579 nls‘r.
1568 508 1704 576 xn.
1750 508 1934 577 ΛΒΤ.
1979 509 2060 575 ῙῙ.
2107 507 2405 589 QUAEST.
2451 510 2530 576 n.

337 667 472 714 nem
507 651 697 716 :ideo
743 652 978 719 dicitur
1023 651 1196 738 quod
1238 647 1358 714 sibi
1400 649 1584 714 fleret
1620 647 1875 731 aliquod

338 757 590 840 speciale
616 758 1070 842 privilegium,
1100 763 1175 824 ut
1204 759 1366 822 esset
1389 756 1456 820 in
1484 773 1560 819 eo
1595 753 1878 818 liberali-

334 869 419 928 tas
449 865 742 949 obsequii
783 867 922 933 sine
952 865 1356 933 vertibilitate
1393 861 1675 939 arbitrii,
1713 860 1878 925 sicut

335 976 390 1037 et
411 972 479 1035 in
508 972 734 1039 divina
757 975 1086 1040 voluntate
1113 974 1411 1040 videmus
1441 970 1609 1056 quod
1640 971 1878 1035 libera-

331 1080 469 1145 liter
507 1081 697 1146 nobis
737 1083 908 1148 bona
948 1082 1260 1166 impendit
1302 1085 1365 1145 et
1408 1080 1586 1158 facit,
1629 1077 1876 1143 nullam

329 1192 542 1253 tamen
581 1188 651 1252 in
697 1206 775 1254 eo
814 1193 910 1254 est
957 1207 1193 1273 ponere
1233 1185 1713 1252 vertibilitatem
1755 1206 1770 1246 :
1813 1188 1878 1248 et

329 1299 584 1378 propter
603 1295 752 1376 hoc,
772 1296 1048 1361 verbum
1069 1295 1226 1359 illud
1253 1290 1626 1374 Augustini,
1655 1308 1877 1355 secun-

329 1402 482 1466 dum
510 1404 683 1486 quod
716 1402 1063 1471 liberaliter
1090 1404 1270 1467 notat
1296 1398 1769 1466 vertibilitatem
1795 1397 1873 1462 ad

329 1510 718 1574 contrarium
736 1559 753 1590 ,
801 1528 935 1576 non
973 1528 1041 1574 se
1087 1507 1371 1575 extendit
1404 1506 1482 1571 ad
1525 1505 1872 1570 meliorita-

325 1620 454 1680 tem
470 1665 489 1696 ,
520 1634 669 1699 quae
706 1617 1055 1682 attenditur
1084 1614 1436 1681 secundum
1462 1612 1874 1696 privilegium

326 1724 630 1807 speciale,
660 1725 771 1789 sed
797 1723 1152 1789 secundum
1188 1722 1401 1804 legem
1440 1737 1870 1785 communem.

325 1830 392 1896 Si
421 1831 567 1914 quis
593 1835 809 1895 autem
852 1830 1007 1896 velit
1032 1831 1242 1896 dicere
1255 1877 1276 1908 ‚
1309 1828 1481 1911 quod
1518 1827 1606 1891 ibi
1641 1826 1875 1892 intelli-

324 1938 502 2021 gitur
528 1937 907 2018 liberaliter,
939 1938 1004 2003 id
1036 1941 1130 2003 aet
1157 1935 1544 2013 voluntarie,
1572 1933 1791 2000 obviat
1812 1934 1875 1999 ei

322 2045 532 2110 littera
590 2064 860 2129 sequens
880 2095 902 2125 ,
959 2049 1022 2110 et
1074 2044 1237 2109 ratio
1286 2040 1682 2126 pmponendi
1727 2060 1876 2107 ver-

321 2153 481 2216 bum
517 2174 532 2215 :
568 2152 725 2236 quia
761 2151 1169 2234 Augustinus
1215 2151 1336 2216 hoc
1378 2147 1651 2214 verbum
1694 2147 1869 2229 dicit,

324 2263 397 2322 ut
436 2258 660 2323 reddat
694 2258 1011 2322 rationem
1053 2275 1253 2340 quare
1294 2255 1458 2320 Deus
1495 2255 1689 2320 talem
1730 2254 1877 2319 fecit

321 2366 678 2443 hominem,
710 2369 783 2430 ut
809 2369 1019 2449 posset
1049 2363 1215 2430 male
1242 2365 1466 2428 facere.

406 2474 466 2535 3.
498 2469 596 2534 Ad
635 2469 795 2533 illud
841 2469 1011 2552 quod
1055 2469 1355 2552 objicitur
1398 2469 1476 2533 de
1512 2466 1869 2545 Bernardo,

321 2577 497 2661 quod
522 2577 844 2642 descendit
869 2581 1185 2660 quantum
1215 2576 1589 2641 descendere
1632 2575 1870 2658 potuit,

325 2686 673 2750 dicendum
711 2687 882 2770 quod
909 2685 1295 2767 intelligitur
1337 2686 1414 2749 de
1455 2684 1736 2767 potentia
1760 2701 1875 2747 or-

319 2793 574 2873 dinata,
606 2812 753 2875 quae
790 2793 1094 2877 supponit
1130 2792 1624 2858 condecentiam.
1656 2790 1875 2855 Decuit

320 2899 497 2965 enim
543 2899 750 2964 Deum
798 2901 1173 2966 descendere
1217 2899 1296 2964 ad
1351 2899 1714 2976 miseriam;
1765 2898 1874 2962 sed

319 3007 504 3073 nullo
550 3007 741 3072 modo
785 3007 998 3073 decuit
1043 3006 1417 3074 descendere
1470 3003 1551 3070 ad
1593 3005 1867 3087 culpam.

320 3114 485 3181 Nam
511 3115 626 3180 etsi
656 3113 915 3180 miseria
954 3114 1115 3179 Filio
1157 3114 1267 3179 Dei
1297 3131 1427 3178 non
1468 3115 1782 3196 competat
1806 3112 1873 3175 in

321 3243 386 3289 se
412 3273 430 3301 ,
466 3228 684 3288 tamen
712 3224 1012 3307 competit
1039 3227 1113 3288 ut
1138 3226 1232 3287 est
1256 3222 1547 3287 ordinata
1571 3220 1651 3285 ad
1676 3222 1873 3283 finem

322 3333 557 3395 nostrae
597 3329 1075 3413 redemptionis.
1107 3329 1308 3412 Culpa
1352 3332 1569 3393 autem
1582 3375 1599 3406 ,
1629 3326 1731 3391 vel
1766 3344 1874 3390 or-

323 3439 564 3504 dinatio
591 3437 673 3502 ad
700 3437 979 3520 culpam,
1010 3438 1083 3502 in
1107 3441 1256 3501 actu
1282 3436 1385 3501 vel
1414 3434 1664 3513 habitu,
1694 3432 1872 3497 nullo

322 3546 594 3612 istorum
639 3546 983 3610 modorum
1018 3544 1320 3628 competit
1361 3543 1481 3606 sibi
1528 3564 1544 3605 z
1586 3541 1730 3606 ideo
1757 3540 1870 3605 de-

324 3660 538 3721 eenter
571 3672 706 3720 non
743 3654 953 3738 potuit
987 3672 1055 3718 se
1096 3652 1444 3718 humiliare
1462 3699 1479 3728 ,
1509 3652 1668 3714 adeo
1692 3653 1768 3714 ut
1794 3648 1872 3712 ad

324 3766 560 3827 statum
606 3761 844 3844 peccati
887 3760 1241 3825 secundum
1289 3762 1505 3822 actum
1540 3756 1643 3822 vel
1688 3756 1871 3821 habi—

325 3875 461 3936 tum
488 3889 558 3935 se
587 3869 756 3935 Deus
796 3869 1151 3935 inclinaret.
1183 3866 1310 3932 Nec
1346 3867 1512 3931 valet
1550 3866 1721 3948 quod
1754 3864 1875 3929 ob-

320 3981 542 4062 jicitur
566 3977 647 4043 de
674 3977 1081 4061 passibilitate
1099 4025 1118 4055 ,
1148 3974 1319 4058 quod
1354 3973 1694 4056 respondet
1729 3989 1877 4037 ver-

325 4086 606 4152 tibilitati
648 4085 882 4149 animae
915 4105 929 4148 ε
960 4083 1304 4149 dicendum
1348 4085 1441 4146 est
1484 4081 1661 4145 enim
1704 4080 1875 4163 quod

327 4173 445 4259 boc
468 4211 710 4259 verum
735 4197 832 4257 est
869 4191 1225 4257 secundum
1244 4188 1561 4273 ,iustitiam
1584 4205 1874 4251 commu-

329 4319 517 4380 nem;
564 4300 678 4365 sed
717 4299 1000 4365 Christus
1044 4297 1483 4381 passibilitates
1522 4295 1732 4359 carnis
1773 4313 1874 4358 as-

330 4409 606 4493 sumpsit
642 4407 1096 4491 dispensative,
1135 4406 1298 4471 sicut
1335 4403 1603 4468 inferius
1624 4403 1642 4438 ¹
1681 4421 1878 4486 appa-

330 4516 511 4581 rehit.

407 4629 468 4689 ι.
500 4622 603 4687 Ad
627 4621 789 4687 mua
824 4619 995 4703 quod
1030 4619 1366 4703 ominium,
1398 4619 1568 4702 quod
1594 4598 1881 4684 aiax-istus

333 4737 465 4796 erat
500 4731 573 4795 in
619 4734 790 4793 statu
832 4727 1119 4806 viatoris,
1159 4726 1499 4791 dicendum
1545 4726 1719 4810 quod
1763 4726 1880 4790 etsi

334 4844 465 4905 erat
506 4839 581 4903 in
622 4840 796 4901 statu
819 4833 1082 4900 viatoris
1099 4883 1116 4914 ,
1161 4852 1297 4898 non
1320 4839 1534 4897 tamen
1561 4833 1827 4899 omnino
1859 4856 1875 4898 t

333 4948 558 5013 habuit
583 4947 759 5011 enim
798 4943 1036 5027 aliquid
1064 4943 1142 5007 de
1176 4947 1347 5007 statu
1386 4943 1883 5026 comprehenso-

335 5056 440 5119 ris.
491 5054 672 5119 Unde
711 5052 973 5118 Boetius
1001 5051 1152 5116 dicit
1179 5051 1233 5131 ⁸,
1264 5051 1432 5133 quod
1477 5050 1760 5115 Christus
1803 5051 1880 5116 de

338 5163 509 5226 omni
535 5164 708 5226 statu
741 5158 983 5241 aliquid
1017 5158 1359 5241 assumpsit
1389 5180 1404 5220 :
1434 5158 1513 5222 de
1546 5162 1723 5242 statu⁴
1757 5177 1881 5223 au-

406 5289 420 5320 ¹
446 5286 594 5346 nist„
623 5295 711 5350 ιν,
746 5287 843 5334 art.
875 5285 920 5334 1.
946 5283 1047 5319 —2
1069 5284 1237 5346 Boet.,
1259 5282 1318 5331 de
1355 5282 1515 5333 Duab.
1557 5284 1676 5334 Nat.
1707 5286 1755 5333 et
1783 5298 1882 5332 una

340 5370 467 5418 pen.
487 5357 701 5419 Christi,
718 5369 767 5407 c.
784 5365 878 5405 vn.
899 5353 993 5393 --⁸
1010 5355 1092 5417 Cf.
1111 5353 1255 5405 Alex.
1277 5353 1498 5417 Alensis,
1515 5370 1565 5418 p.
1586 5356 1678 5416 ιιι,
1693 5369 1743 5419 q.
1769 5367 1879 5416 xiv,

341 5428 607 5491 memb.1;
634 5425 946 5485 Richardus,
966 5425 1030 5474 1¹1
1062 5425 1220 5487 Seni„
1246 5424 1364 5475 dist.
1403 5437 1508 5488 ιιι,
1538 5430 1635 5475 art.
1664 5429 1710 5488 2,
1738 5440 1790 5489 q.
1810 5437 1878 5488 113

343 5498 515 5552 Thom-
535 5504 768 5567 Argentu,
798 5499 867 5548 ΙΙΙ
897 5495 1059 5557 Seni„
1089 5496 1209 5547 dist.
1231 5509 1327 5561 xn,
1347 5510 1397 5564 q.
1431 5508 1479 5561 1,
1498 5501 1594 5548 art.
1625 5500 1681 5559 33
1703 5497 1881 5561 steph.

3411 509 3532 579 267

1985 652 2115 713 tem
2144 649 2292 711 ante
2332 650 2661 729 peecatum
2698 646 3044 728 assumpsit
3077 645 3531 728 innocentiam,

1985 755 2062 819 de
2106 757 2274 818 statu
2318 756 2459 837 post
2493 756 2822 835 peccatum
2868 754 3212 835 assumpsit
3249 771 3530 836 poenam,

1984 863 2061 928 de
2116 866 2287 927 statu
2355 863 2907 945 comprehensoris
2963 861 3533 945 impossibilitatem

1984 971 2306 1056 peccandi.
2350 970 2512 1048 Quia
2536 960 2714 1052 ‘ergo
2757 969 3041 1035 Christus
3085 988 3288 1052 purus
3329 971 3535 1035 viator

1983 1101 2118 1147 non
2167 1086 2323 1162 erat,
2368 1082 2510 1147 ideo
2553 1100 2688 1146 non
2727 1081 3016 1164 sequitur
3059 1080 3232 1163 quod
3276 1099 3536 1163 peccare

1982 1189 2283 1274 potuerit,
2316 1189 2484 1254 sicut
2507 1193 2773 1272 possunt
2799 1187 2906 1253 alii
2931 1189 3227 1254 viatores,

2063 1305 2124 1364 5.
2163 1299 2261 1364 Ad
2306 1300 2468 1364 illud
2508 1299 2678 1382 quod
2726 1299 3059 1381 objicitur,
3109 1299 3278 1382 quod
3322 1299 3537 1364 nullus

1980 1407 2283 1473 laudatur
2307 1408 2377 1470 in
2406 1408 2507 1471 his
2534 1424 2682 1490 quae
2710 1407 3066 1471 necessario
3101 1405 3285 1485 facit,
3316 1406 3536 1470 dicen-

1982 1514 2139 1579 dum
2166 1512 2339 1596 quod
2368 1517 2462 1577 est
2497 1513 2835 1578 necessitas
2878 1530 3026 1595 quae
3068 1515 3388 1595 repugnat
3427 1530 3537 1577 vo-

1981 1620 2210 1686 luntati
2231 1669 2247 1698 ,
2277 1621 2440 1685 sicut
2476 1619 2817 1685 necessitas
2843 1618 3181 1684 coactionis
3201 1669 3217 1696 ,
3248 1638 3395 1702 quae
3429 1638 3538 1684 ve-

1981 1727 2076 1790 nit
2103 1727 2184 1791 ab
2212 1728 2598 1805 extrinseco;
2625 1730 2689 1791 et
2713 1730 2809 1790 est
2828 1726 3165 1790 neeessitas
3192 1744 3338 1809 quae
3361 1726 3539 1792 venit

1981 1852 2065 1898 ex
2127 1833 2476 1898 voluntatis
2541 1832 3079 1897 immutabilitate.
3150 1831 3310 1898 Cum
3378 1851 3536 1916 ergo

1980 1940 2131 2005 dicit
2157 1940 2330 2024 quod
2358 1942 2498 2006 laus
2525 1959 2657 2006 non
2683 1945 2779 2005 est
2820 1939 2890 2004 in
2917 1940 3216 2023 operibus
3253 1941 3533 2006 necessi-

1981 2048 2147 2128 tatis,
2178 2047 2523 2114 dicendum
2550 2048 2722 2131 quod
2749 2065 2980 2113 verum
3022 2052 3118 2112 est
3160 2048 3239 2112 de
3266 2048 3535 2114 necessi-

1979 2158 2110 2220 tate
2136 2156 2345 2238 primo
2374 2153 2562 2219 modo
2589 2155 2775 2233 dicta,
2812 2154 2921 2218 sed
2947 2172 3079 2218 non
3110 2155 3408 2220 secundo,

2059 2265 2122 2325 6.
2170 2261 2268 2325 Ad
2312 2260 2471 2325 illud
2520 2260 2691 2342 quod
2737 2260 3058 2342 objicitur,
3105 2259 3277 2343 quod
3328 2263 3537 2343 potuit

1979 2369 2253 2433 scienter
2274 2369 2481 2433 dicere
2503 2367 2889 2432 locutionem
2915 2366 3164 2444 falsam,
3192 2368 3534 2432 dicendum

1981 2477 2153 2559 quod
2181 2476 2386 2541 dicere
2413 2480 2509 2540 est
2543 2474 2802 2558 duplex.
2835 2474 2974 2539 Uno
3017 2475 3207 2539 modo
3245 2475 3415 2539 idem
3441 2480 3534 2539 est

1979 2584 2155 2666 quod
2180 2601 2291 2647 ore
2318 2582 2599 2666 proferre
2630 2605 2646 2645 :
2678 2586 2741 2645 et
2776 2583 2899 2646 hoc
2925 2582 3117 2645 modo
3143 2582 3383 2664 absque
3409 2582 3530 2646 du-

1980 2692 2088 2755 bio
2124 2691 2331 2774 potuit
2367 2689 2646 2772 proferre
2681 2688 3068 2753 locutionem
3093 2689 3354 2769 falsam,
3384 2690 3534 2772 quia

1980 2799 2123 2862 talis
2151 2797 2423 2882 prolatio
2449 2801 2544 2861 est
2570 2797 2990 2879 perfectionis
3027 2797 3167 2861 Alio
3213 2799 3404 2861 modo
3431 2798 3534 2862 di-

1980 2924 2124 2970 cere
2149 2906 2321 2969 idem
2349 2903 2644 2986 estquod
2673 2921 2977 2980 asserere,
3008 2904 3144 2969 sive
3171 2904 3526 2970 affirmare:

1981 3017 2045 3076 et
2089 3012 2214 3077 hoc
2259 3012 2450 3077 modo
2493 3029 2626 3075 non
2671 3012 2878 3094 potuit
2903 3061 2920 3089 ,
2974 3013 3128 3094 quia
3169 3013 3404 3104 veritas
3452 3014 3532 3077 ad

1981 3120 2316 3186 falsitatem
2353 3118 2669 3183 declinare
2700 3137 2834 3183 non
2869 3120 3076 3202 potuit
3105 3138 3122 3184 ε
3155 3124 3219 3186 et
3245 3120 3366 3185 hoc
3393 3121 3532 3203 qui—

1983 3229 2129 3293 dem
2156 3245 2287 3292 non
2312 3226 2432 3290 fuit
2457 3225 2881 3309 impotentiae,
2909 3228 3042 3293 imo
3071 3229 3282 3311 magis
3304 3233 3530 3311 poten-

1980 3338 2111 3402 tiae.

2513 3536 2875 3616 QUAESTIO
2919 3537 2997 3604 Il.

2042 3715 2138 3770 An
2165 3713 2404 3771 Christus
2428 3715 2777 3787 ammpsefft
2798 3716 3106 3787 potentiam
3126 3715 3390 3787 peccandi
3415 3715 3457 3773 ⁸.

2064 3872 2294 3937 Utrum
2338 3873 2623 3939 Christus
2667 3874 3013 3956 potentiam
3067 3874 3370 3957 peccandi
3414 3874 3534 3939 ha·
3562 3912 3771 3959 mmm,

1965 3980 2197 4083 xbuerit
2213 4029 2234 4060 ,
2259 3980 2363 4045 vel
2408 3983 2860 4065 assumpserit;
2895 3986 2957 4045 et
2982 3982 3154 4063 quod
3194 3982 3284 4045 sic
3300 4030 3317 4061 ,
3348 3981 3532 4046 vide-

1983 4090 2113 4165 tur.
2142 4087 2605 4152 Damascenus*
2634 4110 2649 4151 ε
2690 4111 2721 4148 α
2745 4087 2994 4167 Omnia,
3027 4107 3174 4171 quae
3204 4087 3273 4152 in
3306 4093 3534 4153 natura

1981 4179 2202 4275 ‘nostra
2242 4194 2551 4276 plantavit
2592 4194 2758 4285 Deus
2774 4244 2792 4272 ,
2835 4196 3179 4278 assumpsit
3222 4194 3331 4259 Dei
3374 4193 3534 4260 Ver-

1984 4284 2166 4360 b'um.
2210 4318 2240 4356 n
2278 4296 2344 4361 Si
2383 4315 2541 4378 ergo
2582 4299 2931 4380 potentiam
2952 4348 2967 4377 ‚
3000 4317 3127 4381 qua
3169 4316 3528 4381 peccamus,

1987 4405 2050 4465 et
2092 4403 2256 4467 bene
2304 4403 2574 4468 facimus
2591 4453 2609 4481 ,
2657 4403 2825 4469 Deus
2869 4407 2950 4469 ab
2999 4404 3181 4469 initio
3225 4405 3297 4468 in
3352 4405 3535 4468 nobis

1987 4508 2318 4593 plantavit,
2351 4512 2607 4577 videtur
2631 4511 2805 4594 quod
2827 4530 2970 4576 eam
2997 4530 3078 4576 ex
3102 4515 3389 4594 tempore
3426 4510 3533 4575 Dei

1989 4620 2271 4686 Verbum
2302 4622 2667 4705 assumpsit.

2071 4727 2229 4793 Item
2256 4730 2687 4794 Damascenus
2707 4729 2730 4765 ⁸
2756 4750 2772 4797 ,ι
2807 4727 3087 4793 «Totum
3113 4745 3217 4791 me
3247 4745 3535 4811 assump-

1988 4836 2105 4912 sit,
2135 4839 2209 4900 ut
2234 4854 2340 4900 me
2365 4840 2573 4900 totum
2603 4836 2941 4899 redimeret
2970 4855 2985 4897 ε
3017 4856 3048 4894 n
3087 4853 3246 4916 ergo
3276 4853 3534 4900 omnem

1989 4948 2275 5007 nostram
2304 4944 2753 5022 substantiam,
2792 4948 2857 5006 et
2880 4942 3090 5005 omnis
3114 4946 3347 5006 nostrae
3381 4944 3533 5007 sub-

1989 5050 2236 5113 stantiae
2282 5049 2651 5131 potentiam.
2717 5047 2837 5112 Sed
2893 5048 3174 5130 potentia
3229 5049 3535 5131 peccandi

1991 5162 2083 5221 est
2108 5157 2388 5239 potentia
2415 5156 2743 5221 rationalis
2768 5155 3026 5237 animae,
3059 5172 3209 5239 quae
3248 5174 3381 5220 non
3409 5174 3535 5238 po·-

1991 5355 2201 5418 Brulet‘„
2238 5356 2301 5406 ΙΙΙ
2334 5355 2494 5416 Seni„
2528 5353 2648 5404 dist.
2682 5364 2778 5418 ιιι,
2820 5367 2872 5418 q.
2905 5366 2965 5405 111
2976 5370 2993 5417 ;
3025 5353 3323 5405 Guilielmus
3353 5353 3532 5420 Voril.,

1991 5428 2053 5477 ΙΙι
2075 5428 2235 5491 Seni„
2264 5427 2379 5478 dist.
2408 5437 2507 5490 111,
2536 5439 2589 5490 q.
2619 5426 2770 5475 1.—⁸
2796 5427 3055 5489 Damaso„
3083 5425 3144 5476 de
3170 5425 3300 5479 Fide
3315 5424 3532 5490 orthod„

1990 5499 2080 5550 lib.
2103 5498 2191 5562 lV,
2219 5512 2264 5550 c.
2290 5494 2653 5558 v1.—⁸1bid.,
2679 5494 2769 5548 lib.
2803 5497 2888 5560 111,
2914 5510 2959 5548 c.
2990 5507 3065 5549 1¹.
