4185 6288
737 463 859 525 242

708 610 857 675 quae
902 611 1037 658 non
1078 596 1283 675 potest
1322 599 1676 679 competere
1716 595 1811 660 rei
1837 597 2085 658 creatae.
2124 590 2252 682 Nec

709 700 879 765 valet
915 701 1036 764 ista
1080 699 1379 766 instantia
1409 725 1425 767 ε
1460 705 1574 768 Ex
1616 705 1757 784 ipso
1802 707 1958 768 sunt
1998 701 2249 774 omnia,

708 810 855 887 etc.,
896 807 1114 871 omnia
1156 808 1386 872 scilicet
1428 810 1632 887 facta3
1677 808 1831 891 quia
1870 809 2090 874 omnia
2136 823 2252 887 pro

707 896 1117 977 universitate
1162 933 1381 979 rerum
1423 916 1768 993 distribuit,
1812 919 1876 977 et
1916 913 2081 978 Deus
2123 929 2252 974 non

705 1023 799 1082 est
842 1019 921 1082 de
962 1019 1298 1098 universo,
1346 1022 1456 1085 sed
1503 1040 1698 1104 snpra
1728 1022 2130 1086 universum.
2177 1017 2255 1081 Et

704 1124 844 1189 ideo
886 1144 1018 1188 non
1048 1128 1369 1208 sequitur,
1401 1128 1571 1211 quod
1610 1128 1692 1191 sit
1737 1127 1918 1191 nihil.
1972 1125 2067 1189 Ad
2098 1123 2251 1188 illud

703 1231 876 1312 quod
909 1233 1249 1314 oincitur,
1282 1236 1453 1317 quod
1480 1253 1612 1298 non
1639 1234 1808 1300 valet
1839 1234 1919 1298 ad
1961 1232 2254 1316 proposi-

701 1345 866 1420 tum,
897 1343 1235 1408 dicendum
1265 1345 1434 1426 quod
1466 1345 1755 1411 Christus
1783 1344 2074 1409 nominat
2105 1361 2249 1426 per-

701 1465 923 1513 sonam
953 1448 1142 1513 Verbi
1186 1451 1354 1514 utin
1379 1452 1630 1516 duabus
1658 1452 1906 1516 naturis
1959 1474 1973 1513 ε
2008 1454 2072 1514 et
2099 1450 2255 1534 quia

701 1573 939 1619 nomen
1001 1556 1373 1639 impositum
1420 1564 1515 1622 est
1566 1577 1856 1642 personae
1914 1558 2060 1622 Filii
2105 1558 2249 1634 Dei,

658 1690 665 1698 ·
700 1663 852 1744 quia
899 1660 1057 1726 Filio
1111 1663 1222 1727 Dei
1268 1670 1628 1746 repugnat,
1687 1669 2012 1747 repugnat
2057 1665 2254 1728 etiam

703 1769 946 1834 Christo
979 1791 994 1832 z
1027 1775 1090 1833 et
1116 1770 1257 1834 ideo
1294 1773 1639 1836 auctoritas
1676 1772 1936 1836 inducta
1954 1820 1972 1851 ‚
2004 1775 2068 1835 et
2112 1771 2253 1834 aliae

702 1881 1036 1959 sequentes
1083 1877 1162 1940 ad
1211 1879 1612 1960 propositum
1654 1878 1914 1961 quidem
1965 1878 2247 1956 faciunt,

702 1984 814 2048 sed
851 1985 972 2047 hoc
998 1989 1093 2047 est
1133 2002 1247 2066 per
1290 1986 1601 2051 accidens.
1650 1985 1794 2049 Alio
1833 1985 2027 2048 etiam
2061 1983 2253 2048 modo

701 2091 945 2156 faciunt
970 2091 1049 2155 ad
1078 2092 1499 2174 propositum,
1527 2093 1681 2175 quia
1713 2091 2118 2155 auctoritates
2145 2091 2250 2154 in-

700 2198 908 2263 ductae
937 2200 1182 2262 suntin
1211 2199 1443 2279 littera,
1476 2219 1623 2282 quae
1650 2203 1804 2264 sunt
1829 2203 2050 2262 contra
2076 2217 2252 2262 erro·

700 2325 838 2370 rem
868 2308 1256 2372 Arianorum
1295 2309 1372 2390 (a)
1412 2332 1426 2372 ε
1463 2313 1526 2373 et
1563 2308 1871 2391 quoniam
1914 2308 2256 2389 praedictus

700 2432 909 2477 sermo
977 2414 1369 2497 simpliciter,
1414 2420 1477 2480 et
1535 2416 1670 2479 sine
1731 2412 2255 2477 determinatione

702 2519 985 2602 prolatus
1039 2522 1320 2585 sermoni
1362 2521 1500 2584 Arii
1550 2521 1622 2603 (b)
1678 2524 1772 2584 est
1818 2519 2216 2603 propinquus
2237 2565 2254 2594 ,

701 2624 845 2690 ideo
872 2628 1057 2708 quasi
1105 2646 1186 2692 ex
1226 2627 1678 2709 consequentia
1703 2627 2111 2691 auctoritates
2152 2627 2255 2689 in-

705 2731 914 2796 ductae
933 2734 1199 2798 obviant
1215 2735 1514 2817 praedicto
1529 2734 1831 2811 sermoni,
1845 2737 1908 2797 et
1925 2735 2259 2815 propterea

709 2837 926 2904 valent
946 2844 1079 2905 tam
1119 2842 1191 2904 in
1211 2860 1279 2906 se
1304 2859 1503 2924 quam
1526 2842 1607 2905 ad
1634 2841 2050 2924 propositum.

1347 3050 1486 3096 DUB.
1531 3049 1601 3094 11.

706 3156 811 3210 Etsi
828 3172 951 3222 ergo
967 3156 1198 3209 Christus
1217 3161 1500 3209 secundum
1515 3158 1781 3209 bominem
1795 3157 1981 3209 dicitur
1999 3159 2232 3207 creatura
2240 3192 2257 3220 ‚

905 3243 1012 3279 non
1037 3232 1211 3279 tamen
1239 3229 1537 3294 simpliciter
1568 3230 1930 3294 praedicandus
1963 3232 2057 3277 est.

782 3379 1012 3444 Contra
1044 3402 1059 3442 z
1092 3377 1273 3456 Quod
1314 3399 1464 3445 vere
1509 3380 1588 3445 de
1621 3380 1820 3445 altero
1869 3379 2257 3462 praedicatur

702 3508 856 3553 cum
892 3490 1417 3555 determinatione
1458 3509 1592 3555 non
1631 3490 2055 3567 diminuente‚
2105 3505 2257 3550 vere

704 3596 1088 3680 praedicatur
1127 3598 1204 3661 de
1242 3599 1379 3681 ipso
1425 3598 1794 3681 simpliciter
1842 3619 1858 3662 ε
1907 3596 2019 3660 sed
2058 3595 2256 3660 bomo

703 3723 835 3769 non
878 3705 1186 3769 diminuit
1235 3706 1315 3770 de
1360 3707 1606 3770 ratione
1652 3704 1883 3770 Christi
1936 3726 1952 3767 :
1999 3720 2159 3784 ergo
2204 3702 2259 3764 si

705 3812 950 3895 aliquid
987 3812 1224 3876 dicitur
1261 3813 1338 3877 de
1380 3812 1625 3877 Christo
1655 3811 2008 3876 secundum
2046 3809 2261 3874 homi-

703 3938 892 3998 nem,
944 3919 1198 3984 videtur
1241 3900 1410 4001 quod
1467 3919 1838 4002 simpliciter
1885 3918 2134 3981 dicatur
2182 3918 2259 3981 de

705 4026 866 4109 ipso.
899 4025 1057 4090 Item
1098 4026 1355 4108 quando
1401 4026 1641 4109 aliquid
1678 4028 1904 4089 natum
1933 4029 2028 4089 est
2054 4026 2261 4088 inesse

706 4134 915 4199 solum
960 4134 1316 4198 secundum
1362 4116 1595 4217 corpus
1617 4182 1635 4210 ,
1685 4150 1836 4196 vere
1892 4132 2124 4195 dicitur
2181 4132 2261 4196 de

708 4247 840 4307 toto
885 4243 1180 4325 simplici,
1231 4244 1286 4307 si
1325 4247 1645 4326 quantum
1687 4242 1767 4306 ad
1811 4258 2047 4324 corpus
2091 4240 2261 4304 dica·

710 4355 818 4414 tur
849 4368 867 4413 ε
902 4368 1062 4432 ergo
1097 4351 1236 4434 pari
1263 4351 1508 4414 ratione
1535 4349 1590 4412 si
1633 4348 1871 4430 aliquid
1912 4352 2142 4412 natum
2167 4352 2266 4412 est

676 4539 680 4543 ·
710 4457 917 4521 inesse
965 4457 1212 4522 ChrIsto
1262 4457 1617 4522 secundum
1662 4455 2021 4519 humanam
2067 4460 2265 4519 natu-

711 4584 875 4642 ram,
903 4566 1160 4630 videtur
1189 4565 1361 4648 quod
1387 4564 1744 4629 necessaria
1767 4565 1849 4627 sit
1878 4582 2266 4648 consequen-

714 4674 821 4751 tia,
853 4673 1026 4755 quod
1053 4675 1113 4737 ei
1157 4673 1560 4756 simpliciter,
1607 4674 1671 4736 et
1697 4671 1984 4738 absolute
2025 4691 2266 4737 conve-

714 4780 872 4843 niat.

799 4887 986 4970 Resp.
1017 4887 1366 4953 Dicendum
1394 4887 1566 4971 quod
1596 4905 1749 4951 cum
1777 4886 2015 4969 aliquid
2043 4887 2122 4951 de
2148 4885 2268 4950 ali·

718 5013 847 5077 quo
891 4995 1126 5059 dicitur
1169 4997 1538 5079 simpliciter
1583 5001 1648 5060 et
1691 4996 1829 5059 sine
1878 4995 2269 5060 determina-

721 5102 926 5181 tione,
978 5101 1100 5165 hoc
1142 5107 1347 5186 potest
1386 5121 1521 5167 esse
1572 5102 1908 5185 dupliciter
1960 5120 1976 5163 :
2019 5108 2136 5166 aut
2183 5103 2271 5166 ita

723 5209 894 5291 quod
961 5211 1326 5293 simpliciter
1388 5212 1630 5277 dictum
1678 5229 1811 5274 non
1857 5213 2038 5293 ponit
2079 5212 2270 5276 latius

725 5334 864 5379 rem
905 5335 1111 5396 suam,
1142 5337 1338 5402 quam
1380 5336 1530 5382 cum
1571 5319 1829 5401 ponitur
1862 5313 2026 5382 'cum
2060 5319 2268 5384 deter-

789 5439 856 5503 (a)
887 5438 1012 5491 Goet.
1037 5441 1163 5492 edit.
1211 5442 1561 5493 Arrianomm.
1589 5469 1653 5482 --
1674 5441 1744 5506 (ὁ)
1778 5441 1933 5493 Arrii.
1959 5468 2020 5484 -
2045 5442 2112 5508 (c)
2143 5444 2266 5496 Cat.

1827 454 2457 525 SENTENTIARUM
2496 455 2647 524 LIB.
2693 457 2802 522 111.

2364 592 2734 668 minatione,
2755 597 2819 656 et
2846 597 3003 656 tunc
3026 589 3171 654 licet
3197 590 3430 657 inferre
3444 615 3461 670 ;
3489 600 3601 659 aut
3630 595 3721 661 ita
3741 599 3920 679 quod

2361 698 2553 764 latius
2614 702 2807 782 ponat
2877 717 3014 762 rem
3078 716 3261 762 suam
3327 705 3648 781 quantum
3695 709 3793 767 est
3840 704 3921 770 de

2362 824 2555 869 sensu
2580 855 2597 884 ,
2653 824 2847 888 quem
2902 805 3099 868 verba
3153 806 3600 888 praetendunt,
3651 814 3715 873 et
3765 815 3921 876 tunc

2363 913 2815 995 consequentia
2862 916 3065 995 potest
3119 912 3367 993 negari.
3418 911 3595 977 Sicut
3640 935 3771 981 non
3817 937 3921 981 se-

2362 1021 2583 1102 quitur
2621 1021 2671 1083 si
2709 1021 3020 1084 inferatur
3052 1041 3067 1082 z
3120 1042 3151 1078 α
3183 1019 3292 1083 Ille
3337 1025 3432 1084 est
3472 1022 3653 1086 albus
3682 1044 3918 1089 secun-

2363 1125 2519 1188 dum
2550 1128 2799 1209 pedem,
2832 1145 2987 1208 ergo
3011 1125 3116 1190 ille
3145 1130 3239 1189 est
3265 1126 3450 1190 albus
3484 1150 3498 1191 ε
3529 1151 3560 1186 ι)
3595 1149 3709 1211 per
3736 1130 3915 1195 hunc

2364 1233 2626 1296 modum
2651 1251 2782 1296 non
2811 1233 3101 1314 sequitur
3128 1232 3297 1315 quod
3329 1232 3614 1297 Christus
3634 1236 3718 1299 sit
3742 1254 3914 1299 crea-

2362 1341 2509 1401 tura
2534 1338 2925 1421 simpliciter,
2954 1355 3036 1402 ex
3063 1356 3138 1406 co
3162 1339 3331 1420 quod
3360 1340 3430 1421 (c)
3464 1359 3599 1404 esse
3623 1345 3915 1406 creatura

2362 1445 2714 1509 secundum
2746 1446 3076 1509 hominem
3116 1446 3487 1510 attribuitur
3523 1447 3771 1512 Christo
3807 1468 3911 1511 ra-

2364 1553 2533 1617 tione
2595 1556 2844 1617 naturae
2885 1557 3253 1634 assumptas.
3316 1552 3639 1617 Prolatum
3697 1559 3914 1619 autem

2360 1660 2731 1740 simpliciter
2772 1659 3027 1724 videtur
3073 1659 3133 1723 ei
3188 1660 3529 1725 convenire
3578 1661 3846 1728 omnino
3899 1686 3913 1726 :

2363 1772 2739 1831 consuetum
2796 1767 2969 1831 enim
3019 1772 3114 1830 est
3158 1768 3422 1831 nomine
3475 1773 3787 1834 creaturae
3844 1791 3917 1837 ea

2364 1874 2669 1954 intelligi,
2711 1892 2857 1956 quae
2894 1875 3159 1937 omnino
3200 1873 3455 1937 inducta
3497 1881 3649 1939 sunt
3678 1878 3757 1941 de
3788 1897 3917 1942 non

2364 2001 2496 2047 esse
2526 1983 2594 2046 in
2621 2001 2778 2046 esse.
2801 1982 2877 2046 Et
2903 1983 2993 2046 sic
3020 1985 3191 2064 patet
3218 1984 3542 2064 responsio
3565 1985 3646 2048 ad
3674 1990 3913 2051 utram-

2363 2108 2489 2170 que
2517 2089 2850 2153 rationem.
2877 2088 2993 2152 Vel
3023 2090 3293 2168 dicatur,
3325 2091 3490 2154 sicut
3516 2111 3713 2175 supra
3733 2097 3749 2128 ¹
3781 2095 3918 2159 dic-

2363 2199 2504 2258 tum
2548 2196 2667 2259 suit
2712 2196 2789 2259 de
2835 2196 3386 2277 praedestinatione
3425 2198 3691 2278 Christi,
3743 2202 3916 2283 quod

2362 2324 2495 2369 non
2544 2306 2833 2387 sequitur
2878 2327 2893 2368 :
2938 2329 2969 2365 α
3012 2306 3120 2370 Est
3161 2308 3644 2390 praedestinatus
3687 2332 3916 2376 secun-

2363 2413 2521 2477 dum
2545 2413 2900 2492 hominem,
2933 2432 3091 2496 ergo
3127 2419 3223 2478 est
3250 2417 3733 2497 praedestinatus
3758 2420 3913 2484 sim·

2364 2519 2611 2602 pliciter
2660 2536 2677 2580 t
2721 2542 2751 2578 ο
2800 2538 2933 2583 non
2978 2521 3131 2602 quia
3174 2520 3371 2586 homo
3416 2524 3754 2604 diminuit,
3806 2529 3916 2592 sed

2363 2628 2517 2709 quia
2550 2627 2837 2691 variatur
2866 2628 3192 2692 attributio
3232 2630 3589 2711 praedicati,
3628 2637 3703 2697 ut
3746 2636 3920 2715 quod

2364 2735 2734 2799 attribuitur
2771 2735 2949 2818 prius
2984 2736 3288 2801 humanae
3318 2743 3601 2818 naturae,
3632 2746 3922 2823 postmo-

2363 2841 2523 2906 dum
2571 2842 2940 2906 attribuitur
2984 2843 3223 2908 divinae
3266 2862 3555 2927 personae
3607 2869 3623 2910 z
3676 2852 3739 2911 et
3775 2848 3921 2913 ideo

2363 2947 2507 3011 talis
2542 2949 2773 3014 modus
2818 2950 3204 3032 praedicandi
3247 2952 3490 3017 inducit
3516 2956 3805 3020 accidens
3848 2956 3921 3020 in

2369 3056 2694 3137 aliquibus
2721 3052 3112 3139 praedicatis,
3143 3077 3291 3141 quae
3321 3078 3434 3142 per
3478 3080 3664 3126 suam
3711 3067 3922 3126 extra·

2371 3165 2674 3230 neitatem
2728 3166 3240 3232 concomitantur
3265 3217 3283 3246 ,
3331 3187 3450 3233 nec
3496 3170 3712 3234 inferri
3766 3189 3922 3253 pos-

2365 3276 2541 3336 sunt.

3012 3441 3154 3487 DUB.
3198 3441 3288 3487 111.

2419 3585 2597 3635 Nitens
2624 3599 2716 3649 per
2742 3585 2843 3636 hoc
2875 3586 3382 3650 probare·Christum
3408 3602 3521 3639 esse
3550 3588 3740 3654 aliquid
3765 3604 3873 3642 non

3017 3658 3269 3709 divinum.

2454 3809 2712 3874 Videtur
2756 3810 2927 3891 quod
2975 3808 3276 3891 Magister
3320 3809 3553 3875 habeat
3588 3811 3745 3889 illud
3788 3832 3911 3896 pro

2367 3916 2840 3981 inconvenienti
2871 3936 2887 3979 :
2931 3918 3039 3981 sed
3073 3917 3194 3981 hoc
3233 3918 3488 3981 nullum
3530 3919 3782 3984 videtur
3810 3922 3915 3985 in-

2366 4026 2754 4090 conveniens
2795 4047 2811 4088 ε
2861 4026 3019 4107 quia
3064 4044 3214 4089 cum
3264 4024 3548 4091 Christus
3580 4027 3664 4090 sit
3716 4027 3931 4093 Domi-

2368 4153 2515 4214 nuS,
2545 4134 2685 4198 haec
2709 4150 2840 4196 non
2866 4133 3207 4215 recipitur:
3233 4155 3265 4193 α
3288 4130 3576 4198 Christus
3601 4139 3698 4199 est
3722 4134 3929 4200 homo

2369 4243 2732 4307 dominicus
2764 4260 2781 4304 ε
2813 4263 2844 4302 n
2879 4259 3040 4322 ergo
3068 4241 3207 4323 pari
3233 4241 3506 4320 ratione,
3536 4261 3687 4306 cum
3713 4242 3931 4308 Chris-

2370 4354 2472 4414 tus
2497 4351 2579 4414 sit
2616 4350 2784 4415 Deus
2802 4396 2819 4425 ,
2851 4348 2993 4413 haec
3035 4367 3170 4414 non
3198 4349 3454 4415 videtur
3479 4349 3874 4416 admittenda
3902 4375 3923 4415 :

2380 4481 2411 4518 α
2437 4457 2721 4521 Christus
2746 4462 2842 4520 est
2866 4457 3107 4540 aliquid
3136 4457 3433 4520 divinum
3469 4478 3484 4521 ε
3513 4478 3544 4515 n
3578 4475 3740 4537 ergo
3781 4460 3932 4540 ejus

2371 4564 2660 4647 opposita
2685 4567 2781 4627 est
2808 4581 2961 4628 vera
2975 4610 2996 4642 ,
3021 4564 3257 4628 scilicet
3283 4586 3297 4628 :
3330 4586 3362 4624 α
3380 4562 3664 4629 Christus
3686 4567 3780 4628 est
3802 4565 3934 4629 ali-

2373 4673 2528 4754 quid
2556 4690 2687 4735 non
2712 4670 3032 4735 divinum.
3064 4691 3095 4729 n
3125 4669 3286 4736 Item
3315 4670 3594 4749 videtur,
3615 4670 3785 4752 quod
3817 4690 3934 4735 ar-

2373 4779 2776 4863 gumentatio
2802 4775 2915 4840 illa
2939 4777 3023 4840 sit
3047 4775 3422 4854 necessaria,
3439 4778 3493 4841 si
3519 4778 3804 4843 Christus
3831 4785 3935 4844 est

2374 4888 2588 4969 aliqua
2614 4884 2963 4950 substantia
2993 4902 3126 4947 non
3155 4884 3395 4964 divina,
3436 4885 3608 4967 quod
3639 4883 3934 4950 Christus

2376 4994 2458 5057 sit
2489 4992 2731 5075 aliquid
2755 5008 2888 5055 non
2924 4989 3217 5054 divinum
3253 5012 3267 5053 z
3300 4991 3380 5055 ad
3410 5009 3544 5055 esse
3573 4991 3748 5054 enim
3775 4992 3935 5056 sub-

2375 5100 2673 5165 stantiam
2717 5096 3071 5162 necessario
3121 5096 3410 5179 sequitur
3469 5116 3605 5162 esse
3659 5099 3930 5182 aliquid.

2377 5207 2554 5273 Sicut
2578 5224 2735 5288 ergo
2761 5204 3088 5287 sequitur:
3118 5226 3149 5263 α
3175 5203 3286 5268 Est
3313 5205 3508 5269 homo
3529 5205 3737 5284 albus,
3767 5224 3937 5288 ergo

2377 5370 2519 5424 Edit.
2555 5369 2731 5419 deuant
2757 5366 2988 5418 Christus
3013 5364 3079 5415 sit
3103 5368 3335 5415 creatura
3354 5402 3373 5428 ,
3404 5363 3713 5429 simpliciter
3747 5380 3815 5417 ex
3862 5382 3936 5420 eo

2380 5442 2533 5508 quod.
2558 5468 2612 5480 ·-
2639 5442 2656 5475 ²
2690 5441 2820 5490 Dist.
2850 5449 2947 5501 vn,
2975 5441 3073 5487 art.
3101 5440 3154 5500 2,
3181 5450 3235 5499 q.
3263 5448 3302 5486 1.
