4185 6288
601 4357 645 4400 u
650 4368 773 4399 ooooo

574 4418 730 4473 duplex
749 4449 761 4468 ‚

559 4485 602 4525 et
616 4492 774 4541 merce·

588 4545 733 4576 narnus

607 4595 725 4637 item.

760 458 880 519 616

768 613 800 650 ι
821 588 950 653 Etsi
978 589 1116 653 sine
1142 587 1411 672 praemio
1431 605 1564 651 non
1585 587 1785 670 possit
1813 587 2063 666 serviri,
2085 591 2300 650 tamen

758 696 897 761 sine
923 695 1164 759 intuitu
1188 693 1439 778 praemii
1466 693 1693 758 serviri
1719 692 1923 758 debet.
1954 716 1984 754 ι)
2013 693 2092 758 Et
2109 691 2300 775 paulo

760 806 902 887 post
930 821 946 866 ε
990 801 1403 867 «serviamus
1429 800 1556 865 Deo
1586 801 1658 864 in
1684 800 2011 880 charitate,
2040 817 2188 882 quae
2214 799 2301 862 ti-

760 931 1007 978 morem
1036 911 1332 995 expellit,
1380 911 1664 976 laborem
1705 930 1837 975 non
1880 910 2090 990 sentit,
2139 927 2304 992 prae·

762 1021 968 1085 mium
997 1037 1129 1085 non
1150 1018 1441 1102 requirit,
1466 1018 1922 1084 meritum‘non
1937 1018 2248 1083 intuetur.
2264 1038 2295 1076 ι

764 1127 834 1192 Si
878 1143 1040 1207 ergo
1078 1125 1289 1191 omnis
1345 1125 1776 1189 mercenarius
1817 1124 2087 1208 requirit
2134 1141 2302 1207 prae-

764 1234 971 1298 mium
991 1282 1010 1313 ,
1054 1237 1118 1297 et
1156 1233 1429 1297 charitas
1465 1250 1597 1296 non
1634 1233 1902 1314 requirit
1934 1233 2303 1316 praemium,

764 1358 934 1422 ergo
948 1343 1161 1405 motus
1188 1339 1515 1406 charitatis
1542 1358 1675 1404 non
1703 1344 1907 1423 potest
1950 1357 2084 1404 esse
2136 1357 2308 1404 mer-

766 1447 1083 1514 cenarius.

848 1560 907 1620 3.
963 1554 1122 1620 Item
1165 1569 1346 1620 amor
1381 1554 1704 1619 charitatis
1768 1558 1864 1619 est
1916 1571 2100 1618 amor
2157 1571 2311 1636 gra-

767 1663 971 1728 tuitus
1002 1684 1017 1728 :
1053 1663 1162 1729 sed
1188 1662 1571 1743 gratuitum,
1600 1666 1664 1727 et
1689 1663 2157 1727 mercenarium
2179 1709 2200 1740 ‚
2228 1680 2312 1725 ex

770 1769 1058 1853 opposito
1103 1768 1515 1850 dividuntur,
1557 1771 1710 1852 qnia
1750 1770 1920 1852 quod
1965 1771 2040 1833 fit
2084 1769 2308 1852 gratis,

771 1895 902 1942 non
957 1877 1030 1939 nt
1081 1893 1162 1939 ex
1207 1876 1642 1940 mercimonia.
1693 1876 1760 1941 Si
1815 1894 1973 1958 ergo
2018 1876 2313 1940 charitati

773 1983 1102 2048 essentiale
1143 1986 1239 2046 est
1269 2000 1404 2047 esse
1442 1983 1823 2064 gratuitum,
1850 1983 2107 2049 videtur
2142 1982 2314 2066 quod

775 2093 986 2156 motus
1006 2092 1147 2173 ejus
1173 2094 1236 2155 et
1261 2094 1443 2155 actus
1481 2090 1661 2155 nullo
1710 2090 1898 2155 modo
1945 2090 2142 2172 possit
2180 2108 2317 2154 esse

775 2197 1233 2263 mercenarius,

857 2312 920 2372 4.
977 2306 1133 2371 Item
1179 2307 1374 2372 timor
1415 2305 1528 2388 qui
1580 2305 2012 2390 principaliter
2053 2305 2317 2370 oculum

780 2412 970 2478 hahet
995 2412 1073 2477 ad
1101 2429 1382 2495 poenam,
1412 2415 1509 2476 est
1537 2410 1731 2477 timor
1756 2411 2029 2488 serviliS,
2056 2412 2321 2494 quinon

778 2524 873 2585 est
895 2520 1023 2585 Deo
1048 2524 1342 2603 acceptus
1373 2540 1391 2584 t
1422 2535 1584 2602 ergo
1613 2523 1676 2584 et
1697 2520 1837 2603 pari
1864 2519 2108 2583 ratione
2138 2536 2322 2582 amor

780 2629 896 2712 qui
919 2627 1111 2692 habet
1135 2627 1396 2691 oculum
1438 2627 1518 2694 ad
1562 2627 1931 2710 praemium,
1960 2644 2094 2690 non
2120 2630 2325 2710 potest

782 2752 917 2800 esse
937 2734 1344 2799 meritorius:
1380 2734 1491 2799 sed
1526 2734 1671 2799 talis
1710 2737 1806 2798 est
1840 2734 2317 2799 mercenarius:

784 2841 992 2907 omnis
1018 2844 1234 2905 autem
1258 2840 1524 2907 affectus
1567 2840 1891 2905 charitatis
1935 2844 2029 2905 est
2063 2840 2326 2906 merito-

784 2951 920 3015 rius
947 2968 965 3013 ε
992 2966 1151 3030 ergo
1178 2948 1398 3013 nullus
1439 2951 1649 3030 potest
1691 2966 1825 3012 esse
1869 2949 2320 3014 mercenarius.

1332 3213 1776 3283 CONGLUSIO.

786 3386 1086 3446 charitatis
1123 3386 1297 3440 motus
1324 3382 1399 3439 ad
1421 3384 1764 3456 temporalem
1789 3383 2071 3440 mercedem
2098 3400 2207 3440 non
2227 3399 2332 3457 po-

853 3480 953 3533 test
977 3475 1262 3547 respicere,
1293 3474 1386 3530 sed
1413 3474 1538 3531 bene
1569 3472 1644 3529 ad
1667 3476 1922 3530 oeaernam
1956 3475 2119 3531 illam
2155 3480 2207 3530 et
2239 3477 2332 3530 in-

855 3568 1120 3629 creatam3
1148 3578 1239 3619 nec
1260 3566 1337 3618 est
1363 3563 1638 3634 aliquibus
1662 3578 1976 3635 repuqnans
1996 3605 2016 3627 ,
2049 3568 2115 3619 ut
2137 3564 2216 3621 sic
2243 3562 2332 3619 di-

857 3657 1013 3711 catur
1030 3654 1402 3710 mercenarius,

871 3813 1056 3896 Resp.
1100 3813 1181 3877 ad
1227 3830 1369 3893 arg.
1434 3812 1532 3876 Ad
1586 3811 2039 3896 praedictorum
2101 3813 2332 3877 intelli-

795 3920 1082 4003 gentiam
1117 3921 1210 3984 est
1257 3919 1613 3984 notandum
1635 3967 1654 3998 ,
1691 3919 1866 4002 quod
1911 3921 2341 3985 mercenarius

794 4027 1027 4093 dicitur
1053 4026 1183 4105 ille,
1233 4026 1345 4108 qui
1383 4024 1814 4107 principaliter
1861 4026 2052 4090 habet
2076 4027 2338 4092 oculum

795 4135 874 4199 ad
924 4132 1306 4200 mercedem.
1363 4130 1526 4196 Nam
1565 4132 1619 4196 si
1672 4149 1814 4197 eam
1858 4134 2168 4217 aspiceret
2208 4151 2342 4200 non

798 4241 1245 4326 principaliter,
1275 4258 1410 4304 non
1450 4245 1716 4324 propter
1746 4240 1868 4305 hoc
1909 4243 2342 4307 mercenarius

800 4352 982 4416 esset.
1034 4348 1398 4415 Secundum
1478 4347 1602 4412 hoc
1664 4347 2154 4430 intelligendum
2208 4352 2338 4431 est,

801 4458 971 4541 quod
1002 4457 1241 4539 duplex
1270 4459 1363 4519 est
1385 4472 1658 4536 merces»,
1689 4455 1982 4522 videlicet
2023 4460 2234 4522 creata
2280 4462 2344 4523 et

799 4567 1101 4641 increata,
1126 4562 1494 4646 temporalis
1511 4566 1576 4627 et
1596 4567 1854 4629 aeterna.
1882 4563 1960 4628 Et
1986 4565 2341 4629 secundum

794 4674 917 4740 hoc
943 4678 1039 4738 est
1061 4672 1300 4755 duplex
1327 4671 1779 4752 mercenarius,
1799 4670 2091 4736 videlicet
2107 4673 2338 4754 boum,

795 4786 859 4848 et
885 4780 1136 4846 malus:
1168 4783 1232 4845 et
1257 4778 1494 4861 duplex
1533 4778 1946 4842 mercimonia
1964 4826 1981 4857 ,
2027 4796 2160 4842 una
2194 4778 2343 4843 lau-

795 4889 1041 4967 dabilis,
1073 4887 1196 4951 alia
1223 4884 1682 4969 vituperabilis.
1737 4884 1898 4949 Nam
1944 4886 2057 4966 qui
2098 4885 2342 4968 princi-

794 4997 1019 5080 paliter
1072 4994 1327 5077 respicit
1378 4994 1459 5058 ad
1514 4992 1875 5057 mercedem
1943 4997 2221 5057 creatam
2279 4997 2343 5059 et

793 5101 1209 5185 temporalem
1236 5146 1257 5179 ,
1316 5100 1525 5164 malus
1595 5101 2026 5165 mercenarius
2092 5104 2218 5180 est;
2279 5103 2342 5166 et

795 5210 969 5275 hunc
989 5208 1309 5291 vituperat
1330 5207 1637 5273 Dominus
1662 5208 1875 5273 dicens
1899 5208 1916 5244 ¹
1952 5228 1967 5271 ε
2006 5209 2340 5275 Mercenn-

797 5318 938 5381 rius
964 5321 1179 5383 autem
1203 5318 1399 5397 rugit,
1425 5318 1586 5399 quia
1612 5318 2040 5384 mercenarius
2067 5322 2180 5383 est.
2234 5316 2342 5381 Ille

862 5441 880 5476 ¹
899 5442 1063 5501 loun„
1090 5453 1140 5502 x,
1173 5443 1247 5491 ¹2.
1269 5465 1328 5483 -·-
1351 5442 1373 5476 ¹
1391 5441 1534 5505 Gen„
1555 5453 1641 5506 xv,
1665 5442 1816 5492 1.--⁸
1835 5440 2095 5504 Ambros„
2125 5441 2178 5490 in
2203 5442 2340 5506 Luc„

1898 443 2524 518 SENTENTIARUM
2566 445 2713 513 Lm.
2758 447 2867 515 111.

2409 601 2585 664 vero,
2612 584 2724 667 qui
2753 584 3004 669 respicit
3028 587 3462 670 principaliter
3488 589 3573 655 ad
3597 593 3950 660 mercedem

2411 692 2739 771 aeternam,
2814 694 2893 758 de
2941 712 3075 777 qua
3128 694 3360 760 dicitur
3411 702 3438 738 ⁸
3487 718 3507 763 ε
3555 698 3795 766 Merces
3845 706 3950 769 tua

2412 816 2649 883 maqna
2672 803 2873 869 nimis
2893 826 2919 876 ,-
2961 803 3173 868 bonus
3211 806 3645 872 mercenarius
3690 813 3788 874 est
3832 830 3848 874 ε
3893 817 3951 875 et

2412 908 2517 972 hic
2583 911 3020 975 mercenarius
3098 911 3373 993 panibus
3426 914 3714 982 abundat
3785 918 3948 998 fidei,

2414 1016 2547 1099 spei
2573 1020 2638 1082 et
2686 1018 3033 1098 charitatis,
3093 1019 3255 1084 sicut
3309 1020 3463 1085 dicit
3507 1023 3889 1090 Ambrosius
3929 1030 3951 1066 ⁸

2415 1141 2609 1206 super
2661 1123 2818 1189 illud
2877 1145 2895 1190 t
2956 1126 3201 1200 Quanti
3244 1131 3650 1208 mercenarii,
3700 1135 3823 1196 etc.
3871 1132 3954 1198 De

2417 1231 2622 1314 prima
2674 1233 3091 1299 mercimonia
3144 1235 3556 1318 intelligendo
3587 1287 3607 1318 ,
3682 1256 3819 1304 non
3867 1246 3957 1304 est

2417 1338 2712 1418 dubium,
2741 1340 2913 1422 quod
2958 1344 3175 1407 motus
3213 1341 3539 1408 charitatis
3586 1363 3708 1409 nec
3759 1352 3957 1429 potest

2418 1463 2555 1511 esse
2600 1451 3060 1528 mercenarius;
3105 1451 3260 1534 quia
3298 1452 3405 1516 illa
3448 1471 3567 1517 nec
3606 1458 3703 1518 aet
3742 1474 3782 1519 a
3819 1456 3957 1520 cha-

2419 1554 2626 1635 ritate,
2652 1574 2770 1621 nec
2798 1575 2949 1621 cum
2976 1558 3314 1639 charitate,
3345 1578 3495 1625 cum
3528 1562 3821 1626 charitati
3854 1581 3953 1627 ne—

2419 1665 2689 1746 pugnet.
2747 1663 2833 1728 De
2882 1667 3159 1732 secunda
3226 1668 3644 1734 mercimonia
3696 1670 3952 1735 dubium

2421 1775 2535 1850 est,
2569 1789 2684 1854 pro
2714 1789 2789 1836 eo
2825 1773 3001 1855 quod
3041 1773 3150 1837 illa
3186 1778 3391 1857 potest
3434 1793 3573 1840 esse
3613 1794 3765 1842 cum
3806 1776 3954 1841 cha-

2422 1878 2641 1956 ritate;
2721 1896 2853 1943 non
2920 1883 3133 1944 tamen
3198 1884 3294 1945 est
3356 1882 3625 1947 omnino
3696 1888 3953 1962 certum,

2423 1988 2646 2049 utrum
2672 1986 2754 2050 sit
2780 2004 2820 2050 a
2845 1986 3171 2050 charitate.
3224 1986 3388 2053 Nam
3431 1990 3703 2071 quidam
3751 1990 3954 2055 volue-
3978 1992 4122 2048 09⁰⁵*

2423 2098 2581 2156 runt
2619 2093 2863 2173 dicere,
2911 2095 3085 2178 quod
3127 2113 3258 2162 non
3300 2101 3394 2160 est
3432 2116 3471 2160 a
3508 2098 3958 2174 charitate‚sed

2424 2200 2636 2283 potius
2662 2200 2745 2264 ab
2773 2200 3008 2266 affectu
3034 2205 3285 2267 naturae
3311 2203 3622 2269 charitate
3648 2207 3954 2272 concomi-

2426 2311 2619 2371 tante.
2650 2309 2851 2372 Amor
2873 2309 3046 2373 enim
3075 2309 3417 2387 charitatiS‚
3445 2315 3522 2375 ut
3543 2311 3789 2383 dicunt.
3825 2331 3959 2377 cum

2426 2419 2508 2482 sit
2531 2437 2713 2483 amor
2740 2420 3081 2500 gratuitnS,
3114 2438 3248 2486 non
3273 2421 3563 2487 intuetur
3582 2424 3958 2504 praemium:

2428 2527 2559 2591 imo
2601 2527 2944 2592 liberaliter
2990 2527 3259 2592 omnino
3304 2529 3453 2593 facit
3480 2530 3820 2594 hominem
3852 2549 3965 2595 ser·

2431 2633 2567 2698 vire
2590 2633 2738 2714 Deo,
2768 2635 2933 2700 sicut
2968 2634 3143 2699 filius
3178 2636 3342 2719 patri
3383 2655 3527 2700 suo.
3569 2637 3733 2702 Aliis
3767 2642 3963 2703 autem
3983 2642 4121 2699 offla

2431 2741 2717 2821 videtur,
2776 2741 2948 2824 quod
3002 2742 3142 2806 talis
3211 2742 3478 2808 affectus
3549 2748 3966 2810 mercenariis

2433 2848 2630 2932 possit
2683 2864 2819 2912 esse
2871 2867 2911 2911 a
2964 2848 3292 2913 charitate.
3346 2848 3747 2915 Desiderium
3818 2851 3966 2915 enim

2438 2955 2754 3021 habendi·
2778 2959 3088 3021 aeternam
3160 2957 3517 3021 mercedem
3531 3005 3550 3036 ,
3622 2962 3687 3021 et
3739 2957 3968 3023 stuencli

2441 3068 2682 3127 aeterno
2710 3063 2880 3126 bono
2899 3111 2916 3141 ,
2963 3065 3059 3126 est
3114 3062 3498 3128 desiderium
3554 3065 3828 3146 gratim
3873 3082 3972 3128 nec

2438 3174 2533 3235 est
2557 3171 2795 3235 amoris
2821 3171 3164 3250 naturaliS,
3207 3189 3328 3236 nec
3362 3170 3688 3254 acquisiti,
3738 3174 3847 3237 sed
3873 3191 3970 3256 po-

2437 3278 2569 3340 tius
2593 3277 2831 3341 amoris
2858 3277 3155 3357 gratuiti3
3189 3278 3507 3360 praecipue
3552 3277 3718 3343 illud
3762 3279 3971 3344 deside-

2439 3384 2632 3463 rium,
2658 3401 2788 3466 quo
2831 3384 3076 3448 dicebat
3101 3384 3440 3467 Apostolus
3472 3390 3494 3424 ⁸
3554 3406 3571 3448 ε
3619 3384 3826 3468 Cupio
3861 3386 3975 3452 dis-

2439 3492 2624 3568 solvi,
2653 3497 2865 3557 ecesse
2890 3508 3036 3557 cum
3067 3492 3337 3559 Christo,
3369 3491 3464 3555 Ad
3489 3492 3794 3557 affectum
3821 3494 3975 3558 enim

2443 3598 2762 3662 charitatis
2787 3616 2919 3662 non
2947 3601 3204 3662 tantum
3252 3602 3492 3681 spectat
3533 3617 3759 3664 amare
3795 3600 3977 3664 Deum

2442 3722 2660 3768 amore
2697 3704 3024 3783 amicitiem
3073 3705 3207 3769 imo
3259 3705 3452 3769 etiam
3494 3723 3718 3771 amore
3759 3725 3979 3771 concu-

2444 3811 2790 3894 piscentiae.
2818 3810 2977 3875 Frui
3003 3813 3181 3876 enim
3206 3819 3230 3853 ²
3259 3816 3353 3876 est
3380 3830 3601 3877 amore
3625 3814 3975 3879 inhaerere:

2444 3922 2508 3983 et
2532 3923 2774 3983 constat
2793 3920 2966 4001 quod
2994 3920 3121 3983 frui
3143 3918 3271 3983 Deo
3297 3923 3392 3983 est
3416 3938 3534 4002 per
3559 3920 3931 3986 charitatem
3960 3941 3975 3985 :

2446 4028 2508 4091 et
2530 4025 2670 4090 ideo
2692 4025 3039 4091 voluerunt
3060 4027 3164 4090 isti
3191 4027 3420 4105 dicere,
3468 4032 3531 4092 et
3571 4028 3729 4092 satis
3754 4030 3977 4112 proba·-

2446 4134 2655 4198 hiliter
2676 4182 2694 4213 ,
2745 4138 2818 4198 ut
2861 4135 3148 4213 videtur,
3192 4134 3368 4217 quod
3408 4139 3627 4199 motus
3669 4136 3984 4201 charitatis

2447 4241 2797 4309 secundum
2826 4242 3081 4324 aliquod
3114 4259 3325 4323 genus
3366 4242 3809 4308 mercimoniae
3858 4263 3985 4328 pos-

2448 4349 2528 4412 sit
2555 4366 2688 4413 esse
2713 4338 3162 4427 mercenariuS,
3199 4349 3435 4414 scilicet
3449 4351 3811 4415 secundum
3824 4351 3982 4435 quod

2449 4456 2770 4520 constituit
2797 4457 3154 4521 mercedem
3181 4475 3368 4520 suam
3404 4458 3570 4521 circa
3618 4458 3869 4523 honum
3898 4460 3985 4521 in-

2450 4567 2731 4627 creatum
2754 4610 2772 4643 ,
2819 4563 2899 4627 ad
2969 4562 3140 4646 quod
3201 4564 3404 4628 tendit
3454 4563 3619 4628 sicut
3666 4564 3756 4629 ad
3812 4565 3984 4628 finale

2447 4668 2814 4751 praemium,
2847 4672 2913 4733 et
2949 4669 3261 4734 desiderat
3300 4673 3607 4752 tanquam
3650 4688 3853 4736 omne
3890 4673 3986 4734 bo·

2449 4793 2630 4840 num.
2667 4775 2735 4840 Si
2780 4776 2954 4841 enim
3019 4776 3189 4841 hanc
3244 4777 3625 4860 positionem
3683 4780 3985 4843 sustinere

2450 4883 2722 4948 velimus
2746 4887 3052 4966 tanquam
3081 4883 3505 4965 prohabilem,
3535 4885 3691 4949 satis
3731 4886 3985 4951 faciliter

2448 4990 2884 5057 dissolvuntur
2908 4992 3206 5070 rationes,
3250 5008 3399 5074 quae
3440 4996 3596 5057 sunt
3628 4993 3713 5058 ad
3749 4992 3987 5078 opposi-

2449 5103 2582 5163 tam
2605 5102 2872 5182 partem.

2531 5212 2560 5270 1
2574 5254 2589 5269 .
2620 5206 2717 5271 Ad
2768 5205 2922 5270 illud
2976 5205 3150 5270 enim
3186 5204 3361 5287 quod
3404 5205 3616 5289 primo
3664 5207 3981 5291 objicitur,

2449 5370 2539 5422 lib.
2564 5370 2674 5433 vn,
2698 5382 2753 5418 n.
2778 5370 2885 5419 220.
2916 5368 3008 5403 -δ
3025 5365 3239 5430 Philip..
3266 5377 3307 5429 1,
3335 5369 3415 5418 23.
3437 5392 3503 5406 -
3532 5370 3551 5401 ⁸
3581 5372 3740 5439 Aug„
3768 5369 3833 5420 de
3857 5369 3981 5418 met.

2449 5441 2647 5503 christ„
2676 5439 2763 5490 lib.
2794 5440 2834 5503 1,
2862 5452 2907 5489 c.
2942 5449 3008 5502 w,
3036 5451 3089 5487 n.
3120 5441 3162 5491 4.
