4185 6288
1215 459 1593 527 DISTINCT.
1632 459 1843 527 xxiv.
1885 459 2066 526 ΛΒΤ.
2114 459 2138 524 1
2181 457 2500 538 ,QUAEST.
2539 460 2587 526 1.

864 722 1227 803 QUAESTIO
1268 723 1318 789 1.

316 880 408 939 An
435 883 695 955 objectum
721 885 850 958 fidei
871 889 948 942 sit
970 889 1057 943 ita
1083 902 1293 956 verum,
1324 887 1466 959 quod
1491 889 1542 943 ei
1567 903 1675 944 non
1687 890 1860 961 possit

838 976 1044 1033 subesse
1069 977 1271 1045 salsum
1301 976 1343 1030 ¹.

49 1150 136 1191 Aa
162 1163 285 1206 opp.
396 1133 626 1200 Utrum
650 1135 799 1201 fidei
827 1136 1150 1219 objectum
1174 1135 1255 1200 sit
1273 1134 1365 1200 ita
1385 1153 1617 1202 verum
1638 1183 1655 1216 ‚
1686 1135 1857 1218 quod

312 1241 375 1307 ei
408 1260 540 1307 non
568 1242 764 1324 possit
789 1243 1047 1307 subesse
1086 1241 1360 1321 falsum3
1393 1246 1458 1306 et
1496 1242 1670 1326 quod
1708 1241 1859 1306 fidei

308 1350 509 1434 possit
546 1351 802 1415 subesse
842 1350 1073 1416 falsum
1090 1398 1111 1429 ,
1145 1350 1423 1415 videtur.
1454 1349 1847 1432 Cuicumque

309 1456 528 1520 subest
568 1458 945 1540 contingens
964 1506 985 1537 ,
1028 1460 1234 1540 potest
1275 1457 1533 1522 subesse
1577 1455 1806 1520 falsum
1833 1503 1852 1536 ,

308 1564 460 1648 quia
489 1582 682 1629 omne
727 1566 1106 1647 contingens
1145 1566 1349 1647 potest
1390 1581 1526 1627 esse
1566 1562 1798 1627 falsum
1834 1584 1852 1628 t

305 1673 418 1737 sed
468 1672 616 1738 fidei
668 1673 881 1738 subest
928 1689 1163 1738 verum
1213 1672 1591 1752 contingens
1631 1692 1647 1734 ε
1693 1688 1855 1752 ergo

305 1781 456 1847 fidei
481 1784 684 1864 potest
705 1780 963 1846 subesse
989 1781 1241 1846 falsum.
1275 1779 1478 1863 Major
1501 1780 1848 1863 propositio

304 1907 421 1973 per
461 1908 529 1953 se
556 1889 888 1954 manifesta
913 1892 1043 1968 est;
1070 1890 1282 1953 minor
1308 1889 1618 1972 probatur
1647 1906 1664 1952 ε
1696 1889 1853 1972 quia

304 1997 462 2064 fides
482 1998 604 2063 fuit
630 1998 709 2063 de
745 1998 1034 2080 passione
1074 1997 1303 2062 Christi
1321 2045 1340 2078 ,
1370 2003 1436 2063 et
1460 1997 1851 2062 incarnatio-

303 2123 426 2171 ne:
456 2110 519 2171 et
544 2109 894 2189 utrumque
920 2106 1042 2171 fuit
1071 2106 1485 2186 contingens3
1515 2125 1648 2171 non
1674 2106 1849 2171 enim

302 2214 442 2277 erat
464 2213 893 2278 necessarium
920 2211 1243 2281 Christum
1269 2213 1565 2293 interfici,
1589 2232 1707 2277 nec
1732 2213 1844 2277 Dei

301 2319 540 2385 Filium
562 2320 909 2400 incarnari,
940 2339 1092 2385 cum
1128 2320 1253 2385 alio
1281 2322 1469 2387 modo
1501 2326 1710 2405 posset
1735 2339 1852 2403 ge-

301 2445 430 2492 nus
470 2427 836 2493 humanum
864 2428 1123 2493 liberari
1154 2449 1172 2493 2
1201 2430 1393 2493 restat
1435 2447 1595 2510 ergo
1616 2477 1635 2510 ,
1679 2430 1851 2512 quod

301 2533 631 2600 conclusio
659 2537 756 2598 est
775 2552 955 2600 vera.
991 2522 1004 2533 ’

382 2647 445 2707 2.
477 2640 639 2706 Item
665 2640 923 2706 habitus
942 2642 1376 2708 conformatur
1399 2643 1683 2725 subjecto
1703 2660 1844 2725 su0‚

299 2753 469 2817 circa
498 2753 673 2835 quod
714 2756 1009 2817 versatur
1041 2773 1058 2817 ε
1091 2754 1146 2816 si
1190 2771 1349 2835 ergo
1392 2752 1651 2819 habitus
1699 2754 1849 2820 fidei

298 2864 595 2925 versatur
637 2860 804 2924 circa
849 2859 1144 2925 credibile
1157 2909 1175 2940 ‚
1220 2859 1415 2926 habet
1456 2860 1548 2924 illi
1594 2861 1849 2926 confor-

299 2967 465 3033 mari
488 2990 504 3032 z
526 2967 635 3032 sed
654 2967 909 3050 aliquod
938 2967 1255 3048 credibile,
1276 2970 1497 3050 utpote
1523 2967 1846 3033 Christum

297 3091 437 3141 esse
460 3092 836 3159 passurum,
867 3075 1076 3160 potuit
1103 3075 1455 3156 falsificari,
1490 3093 1642 3140 cum
1683 3080 1850 3141 esset

297 3183 676 3266 contingens
705 3202 723 3247 z
769 3200 930 3265 ergo
972 3181 1232 3248 habitus
1274 3183 1470 3261 fidei,
1510 3200 1640 3265 quo
1688 3183 1849 3249 illud

297 3289 695 3371 credebatur,
760 3290 1081 3355 falsificari
1115 3289 1324 3375 potuit
1370 3310 1388 3354 ε
1436 3293 1641 3373 potest
1686 3308 1848 3372 ergo

296 3399 448 3464 fidei
473 3399 734 3464 subesse
759 3399 1014 3463 falsum.

379 3511 440 3573 3.
471 3507 632 3572 Item
656 3507 864 3572 simus
885 3506 953 3568 in
972 3505 1185 3571 medio
1207 3509 1492 3589 tempore
1514 3507 1656 3589 post
1677 3524 1844 3572 mor-

295 3620 429 3682 tem
455 3614 755 3696 Abrahae‚
778 3617 841 3679 et
861 3619 1009 3679 ante
1038 3615 1540 3681 incarnationem
1569 3615 1835 3682 Christi:

294 3724 366 3788 in
410 3722 521 3788 illo
561 3725 849 3806 tempore
896 3724 1327 3789 necessarium
1372 3729 1468 3788 est
1515 3724 1838 3789 Abraham

293 3830 630 3896 credidisse
664 3831 985 3896 Christum
1026 3847 1163 3895 esse
1212 3848 1595 3914 passurum3
1638 3831 1843 3915 possi-

300 3938 429 4003 bile
455 3937 651 4002 etiam
675 3941 810 4003 erat
837 3938 1155 4004 Christum
1185 3955 1319 4003 non
1344 3940 1476 4021 pati
1510 3962 1526 4000 :
1555 3940 1665 4004 sed
1691 3956 1839 4022 pos·

199 4097 218 4104 -
294 4044 479 4111 sibile
505 4045 889 4128 compatitur
914 4063 983 4110 se
1023 4063 1172 4110 cum
1220 4047 1398 4110 omni
1440 4048 1836 4113 necessario:

292 4170 456 4236 ergo
482 4155 602 4218 ista
631 4154 760 4220 duo
784 4155 1078 4238 poterant
1102 4153 1299 4220 simul
1320 4158 1519 4234 stare,
1548 4155 1844 4220 videlicet

292 4260 467 4344 quod
517 4260 844 4326 Abraham
897 4260 1260 4326 credidisset
1307 4262 1630 4327 Christum
1708 4281 1843 4327 esse

293 4385 670 4450 passurum,
696 4374 760 4434 et
785 4370 959 4452 quod
991 4368 1275 4435 Christus
1319 4388 1451 4434 non
1494 4374 1659 4435 esset
1695 4388 1840 4453 pas-

295 4491 492 4539 surus
515 4495 532 4539 t
562 4479 626 4540 et
642 4476 697 4539 si
720 4475 865 4556 hoc,
898 4479 1054 4540 tunc
1078 4476 1226 4541 fidei
1254 4476 1546 4542 subesset
1569 4476 1799 4541 falsum
1822 4500 1837 4541 ε

292 4600 453 4664 ergo
479 4600 630 4647 cum
668 4582 962 4666 possibile
1003 4587 1141 4648 erat
1180 4586 1351 4648 tunc
1397 4583 1548 4648 fidei
1587 4585 1844 4649 subesse

292 4690 528 4754 salsum
543 4736 562 4768 ‚
591 4689 849 4754 videtur
873 4690 1014 4773 pari
1051 4691 1303 4755 ratione
1337 4690 1509 4773 quod
1553 4694 1616 4755 et
1643 4708 1839 4758 nunc.

293 4796 482 4877 Quod
506 4798 720 4861 autem
749 4814 867 4879 pro
899 4797 1007 4861 illo
1030 4801 1316 4880 tempore
1354 4798 1649 4880 possibile
1677 4803 1840 4864 esset

291 4907 616 4975 Christum
656 4924 791 4973 non
835 4909 993 4991 pati,
1041 4908 1452 4974 manifestum
1493 4912 1629 4988 est,
1689 4911 1845 4992 quia

293 5016 679 5098 contingens
704 5021 841 5082 erat
874 5032 1024 5081 eum
1059 5016 1223 5099 pati,
1256 5034 1403 5080 cum
1429 5017 1731 5100 penderet
1759 5035 1842 5082 ex

294 5124 624 5191 voluntate
645 5108 1167 5188 interficientium
1187 5142 1204 5188 ε
1221 5126 1291 5188 et
1308 5124 1537 5205 regula
1553 5126 1650 5189 est
1669 5124 1843 5206 quod

360 5250 377 5283 ¹
412 5249 494 5312 Cf.
525 5248 769 5299 Alexand.
799 5247 1015 5308 Alensis,
1038 5261 1091 5311 p.
1131 5248 1219 5309 III,
1248 5262 1299 5312 q.
1325 5260 1526 5316 tumn,
1566 5248 1760 5299 memb.
1791 5250 1840 5312 7,

295 5323 430 5371 art.l
456 5336 474 5384 ;
500 5327 551 5371 et
574 5321 741 5383 Ceut„
760 5335 813 5384 p.
835 5320 921 5383 111,
942 5318 1273 5382 c011.xxx111,
1297 5324 1395 5370 art.
1419 5325 1470 5384 ις
1498 5321 1677 5383 S.Th.,
1702 5320 1841 5381 ΙΙ-ΙΙ,

297 5406 351 5456 q.
381 5405 420 5457 1,
444 5396 538 5442 art.
567 5393 628 5455 33
657 5397 708 5441 et
735 5392 800 5440 ΙΙΙ
833 5392 991 5453 sent„
1015 5389 1133 5439 dist.
1158 5401 1307 5454 xxiv,
1328 5404 1379 5456 q.
1419 5404 1451 5454 1,
1483 5396 1576 5441 art.
1614 5398 1630 5441 1
1654 5407 1670 5454 ;
1703 5395 1755 5442 et
1783 5390 1845 5440 de

298 5464 429 5524 Pot„
454 5477 504 5527 q.
531 5475 598 5526 iv,
621 5465 717 5513 art.
742 5460 1076 5525 I;Richard.,
1103 5461 1168 5511 Ill
1188 5461 1478 5524 Sent.,dist.
1501 5474 1644 5524 xxiv,
1675 5477 1725 5525 q.
1757 5473 1841 5522 ιη

3402 473 3521 532 517

1951 634 1955 638 -
1977 596 2343 678 oppositum
2359 597 2789 679 contingentis
2806 603 2901 664 est
2920 601 3319 684 contingens.
3337 602 3518 680 Quod

1971 703 2213 768 iterum
2264 704 2694 770 necessarium
2743 710 2908 772 esset
2964 708 3136 790 quod
3187 708 3515 776 Abraham

1972 811 2362 887 credidisset,
2394 813 2804 879 manifestum
2826 818 2952 896 est,
2978 815 3132 898 quia
3162 834 3355 882 omne
3381 818 3515 883 dic-

1970 920 2115 984 tum
2136 919 2597 985 affirmativum
2623 919 2703 986 de
2729 923 3074 1005 praeterit0‚
3101 927 3197 988 est
3228 942 3513 991 necessa-

1968 1025 2165 1090 rium.
2188 1024 2353 1092 Situ
2380 1028 2550 1093 dicas
2575 1029 2747 1112 quod
2770 1031 2895 1094 hoc
2920 1048 3154 1096 verum
3182 1035 3299 1113 est,
3319 1051 3518 1116 quan-

1968 1132 2051 1197 do
2080 1150 2215 1199 non
2239 1134 2472 1217 pendet
2498 1155 2582 1201 ex
2607 1135 2852 1216 future,
2878 1138 3231 1205 ostenditur
3258 1141 3349 1205 sic
3376 1158 3510 1207 esse

1966 1238 2038 1303 in
2076 1240 2399 1324 proposito
2428 1264 2444 1306 ε
2498 1242 2656 1325 quia
2693 1244 2949 1310 credere
2998 1263 3130 1310 non
3189 1251 3285 1311 est
3337 1248 3514 1315 aliud

1965 1364 2165 1430 quam
2189 1349 2473 1431 cogitare
2493 1367 2645 1415 cum
2662 1351 3062 1418 assensione:
3085 1355 3150 1418 et
3175 1357 3511 1437 postquam

1965 1455 2293 1521 Abraham
2337 1457 2643 1539 cogitavit
2681 1458 2761 1525 de
2799 1458 2923 1524 hoc
2955 1459 3120 1526 dicto
3141 1509 3162 1541 ,
3190 1461 3513 1526 Christum

1966 1578 2102 1627 esse
2128 1564 2597 1630 incarnandum
2618 1614 2638 1644 ‚
2669 1566 3099 1632 necessarium
3144 1568 3266 1632 fuit
3313 1567 3391 1633 de
3433 1586 3510 1634 eo

1964 1670 2276 1753 cogitasse
2318 1693 2335 1733 ε
2385 1674 2449 1736 et
2494 1677 2832 1756 postquam
2876 1674 3176 1755 assensit,
3219 1694 3515 1743 necessa-

1963 1776 2141 1843 rium
2178 1779 2301 1843 fuit
2343 1779 2560 1862 ipsum
2613 1781 2949 1846 assensisse
2986 1804 3002 1845 :
3064 1784 3128 1847 et
3175 1786 3513 1866 postquam

1963 1884 2164 1949 exivit
2201 1885 2271 1948 in
2315 1891 2532 1950 actum
2575 1887 3224 1971 fidei‚·necessarium
3259 1890 3383 1955 fuit
3408 1889 3513 1975 ip-

1963 2008 2113 2056 sum
2146 1992 2352 2057 exisse
2385 2014 2401 2056 :
2433 2010 2597 2074 ergo
2624 1994 2879 2060 videtur
2920 1997 3093 2079 quod
3141 1997 3512 2081 simpliciter

1961 2099 2394 2164 necessarium
2418 2100 2540 2165 fuit
2564 2102 2780 2184 ipsum
2802 2104 3142 2168 credidisse
3173 2124 3189 2171 τ
3222 2123 3509 2172 necessa·

1961 2206 2136 2272 rium
2178 2223 2341 2288 ergo
2370 2207 2655 2288 videtur,
2693 2210 2865 2292 quod
2892 2211 3041 2277 fidei
3082 2211 3359 2278 Abrahae
3390 2230 3504 2297 po-

1963 2313 2164 2379 tuerit
2185 2315 2444 2379 subesse
2469 2315 2725 2382 falsum.

2037 2426 2101 2487 4.
2126 2419 2283 2486 Item
2302 2439 2492 2487 omne
2510 2423 2681 2506 quod
2690 2422 2905 2488 subest
2914 2425 3067 2508 spei,
3088 2427 3303 2492 subest
3319 2428 3511 2493 etiam

1957 2532 2111 2598 fidei
2144 2554 2160 2598 ι
2189 2532 2297 2596 sed
2328 2532 2462 2615 spei
2491 2536 2696 2615 potest
2724 2534 2979 2600 subesse
3008 2536 3268 2617 falsum,
3299 2543 3374 2603 ut
3396 2557 3513 2623 pa-

1957 2639 2048 2700 tet
2088 2653 2241 2700 cum
2282 2635 2514 2718 aliquis
2564 2638 2889 2719 praescitus
2911 2687 2929 2718 ‚
2974 2638 3044 2701 in
3088 2641 3295 2721 gratia
3339 2643 3510 2707 exis·

1955 2740 2121 2820 tens,
2151 2741 2362 2822 sperat
2406 2757 2474 2803 se
2515 2737 2888 2804 habiturum
2915 2740 3117 2805 vitam
3150 2747 3460 2809 aeternam
3489 2767 3506 2812 ε

1957 2863 2116 2928 ergo
2133 2844 2488 2912 necessario
2504 2846 2794 2929 sequitur
2812 2849 2984 2930 quod
3003 2849 3151 2914 fidei
3169 2850 3509 2935 aliquando

1956 2954 2174 3018 subest
2193 2953 2453 3018 falsum.

2036 3066 2098 3125 5.
2133 3061 2292 3126 Item
2327 3064 2508 3126 actus
2552 3060 2877 3128 charitatis
2919 3067 3359 3151 praesupponit
3397 3086 3502 3135 ac·-

1956 3172 2098 3233 tum
2120 3170 2266 3235 ssdei
2298 3191 2314 3234 ε
2341 3171 2452 3236 sed
2475 3169 2644 3236 actui
2670 3170 2994 3238 charitatis
3018 3176 3221 3256 potest
3245 3176 3509 3244 subesse

1953 3278 2190 3344 falsum
2224 3299 2242 3342 ε
2277 3295 2436 3360 ergo
2462 3280 2527 3342 et
2548 3277 2717 3343 actui
2744 3278 2916 3345 fidei.
2946 3279 3149 3364 MaJor
3175 3283 3508 3351 manifesta

1955 3395 2092 3470 est;
2126 3391 2339 3454 minor
2367 3389 2673 3473 probatur
2697 3408 2813 3473 per
2837 3390 2986 3472 hoc,
3026 3393 3200 3476 quod
3235 3395 3504 3479 Aposto-

1951 3498 2055 3562 lus
2081 3516 2165 3564 ex
2189 3498 2490 3563 charitate
2516 3497 2721 3562 voluit
2745 3498 2840 3563 ire
2880 3499 2961 3564 ad
2995 3498 3308 3583 Hispanos
3324 3553 3346 3584 ‚
3376 3523 3507 3589 quo

1952 3607 2172 3669 tamen
2214 3622 2345 3668 non
2396 3603 2534 3670 ivit.
2592 3603 2671 3668 Et
2715 3621 2840 3685 ego
2880 3623 2964 3669 ex
3008 3606 3313 3674 charitate
3357 3612 3507 3678 volo

1952 3714 2327 3797 proximum
2356 3729 2577 3777 meum
2618 3728 2755 3777 esse
2792 3711 3039 3779 bonum
3056 3763 3077 3795 ,
3127 3716 3241 3798 qui
3291 3720 3504 3786 tamen

1952 3838 2086 3885 non
2130 3824 2226 3883 est
2254 3820 2465 3883 bonus
2498 3840 2514 3884 ε
2547 3820 2729 3884 etsie
2755 3820 2928 3886 actui
2960 3821 3282 3890 charltatis
3303 3829 3506 3909 potest

1952 3933 2212 3998 subesse
2239 3932 2494 3997 falsum.

2033 4045 2095 4105 6.
2123 4039 2281 4104 Item
2328 4042 2510 4106 actus
2552 4039 2940 4105 adorationis
2972 4046 3067 4106 est
3093 4046 3271 4107 actus
3299 4043 3447 4110 fidei
3482 4067 3498 4109 z

1952 4165 2111 4229 ergo
2139 4147 2309 4230 quod
2336 4147 2759 4213 substernitur
2790 4148 3180 4229 adorationi,
3213 4150 3503 4217 subster-

1952 4256 2131 4320 nitur
2178 4255 2298 4338 ipsi
2340 4255 2489 4318 fidei
2532 4273 2549 4318 ε
2607 4253 2716 4317 sed
2774 4254 3090 4336 contingit
3158 4256 3501 4340 aliquando

1951 4363 2302 4428 adorationi
2330 4362 2605 4443 alicujus
2632 4360 2832 4426 fidelis
2856 4362 3114 4429 subesse
3139 4364 3393 4444 falsum,
3418 4364 3501 4430 si-

1952 4475 2062 4536 cut
2092 4472 2346 4554 quando
2369 4471 2590 4535 adorat
2614 4469 2886 4534 hostiam
2909 4488 3040 4534 non
3074 4475 3499 4538 consecratam

1951 4597 2068 4663 pro
2097 4583 2460 4643 consecrata
2477 4626 2499 4658 ,
2531 4578 2814 4644 adhibita
2834 4595 2990 4643 vera
3018 4582 3082 4645 et
3109 4579 3318 4645 debita
3356 4581 3500 4646 dili·

1952 4685 2171 4768 gentia
2206 4706 2221 4751 ε
2268 4688 2333 4750 et
2374 4685 2518 4750 talis
2562 4685 2847 4750 adoratio
2893 4686 3220 4752 meritoria
3256 4690 3390 4768 est,
3437 4691 3502 4754 et

1951 4793 2041 4857 ita
2066 4796 2281 4857 ortum
2307 4792 2502 4857 habet
2535 4811 2575 4856 a
2606 4792 2731 4857 fide
2762 4795 2825 4857 et
2851 4810 2890 4856 a
2918 4793 3224 4858 charitate
3271 4815 3288 4859 ε
3339 4812 3499 4877 ergo

1951 4902 2007 4964 si
2034 4900 2092 4964 ei
2118 4900 2336 4964 subest
2358 4898 2612 4979 falsum,
2640 4900 2896 4964 videtur
2923 4901 3095 4983 quod
3120 4903 3184 4965 et
3206 4899 3374 4966 fidei.

2034 5004 2263 5070 Contra
2293 5028 2309 5069 ε
2340 5005 2514 5070 Illius
2540 5008 2738 5072 solius
2773 5009 2868 5071 est
2903 5007 3061 5071 fides
3100 5007 3171 5070 in
3204 5006 3351 5088 via,
3382 5027 3496 5075 cu·
3527 5052 3741 5096 Fundam.

1945 5117 2056 5197 ,ius
2084 5114 2204 5178 erit
2227 5113 2393 5179 visio
2419 5115 2487 5178 in
2513 5115 2719 5198 patria
2747 5136 2764 5180 :
2801 5114 2911 5179 sed
2937 5114 3174 5180 visioni
3199 5115 3269 5179 in
3289 5114 3498 5198 patria

1953 5310 2243 5370 Durandus‚
2273 5310 2339 5359 111
2369 5310 2527 5375 Seni„
2556 5310 2674 5372 dist.
2703 5322 2849 5376 xx1v,
2877 5312 3225 5376 q.11;Thom.
3253 5315 3496 5388 argent„

1955 5385 2020 5434 III
2038 5383 2197 5446 Seni„
2211 5381 2326 5431 dist.
2344 5393 2490 5447 xx1v,
2512 5397 2565 5446 q.
2583 5395 2621 5445 1,
2634 5386 2731 5432 art.
2752 5386 2782 5433 2
2794 5383 2998 5448 ;Steph.
3018 5385 3226 5443 Brulef..
3248 5387 3309 5436 ΙΙΙ
3330 5388 3491 5450 sent„

1954 5454 2070 5507 dist.
2094 5465 2237 5514 xxw,
2255 5467 2306 5516 q.
2331 5465 2350 5503 1
2360 5468 2378 5517 ς
2398 5453 2586 5505 Mersit.
2607 5456 2844 5519 Inguen„
2862 5455 2927 5507 Ill
2951 5456 3174 5522 sent.,q.
3197 5470 3304 5518 xiv,
3330 5462 3430 5510 art.
3444 5461 3492 5508 2.
