4185 6288
1022 503 1222 571 DIST.
1268 503 1375 571 111.
1417 502 1651 572 PART.
1693 508 1742 573 1.
1791 505 1973 575 ΛΒΤ.
2019 509 2101 574 11.
2145 507 2446 589 QUAEs'r.
2491 506 2600 575 111.
3330 509 3409 571 73

237 633 418 698 turmis
455 633 651 721 Filio,
682 658 888 724 quem
926 640 1171 724 genuit.
1209 641 1282 707 ln
1318 643 1527 726 prima
1559 661 1746 708 nam-

242 764 337 827 que
354 748 849 813 sanctificatione
871 748 1017 814 data
1038 753 1134 814 est
1158 750 1219 814 ei
1243 755 1519 833 potestas
1543 755 1607 816 et
1643 751 1748 815 ta-

236 852 397 917 cultas
418 856 664 932 vitandi
692 874 889 921 omne
917 861 1245 938 peecatum
1272 857 1569 937 mortale,
1600 858 1747 929 data

236 966 306 1024 est
340 962 521 1025 etiam
565 963 840 1027 facultas
877 964 1119 1028 vitandi
1162 965 1585 1047 frequentiam
1638 984 1746 1030 ve·

234 1067 482 1148 nialium,
508 1069 659 1134 data
685 1075 783 1135 est
808 1072 1001 1136 etiam
1029 1071 1453 1137 nibilominus
1481 1073 1746 1138 facultas

231 1177 435 1240 vitandi
462 1194 655 1242 omne
694 1184 1022 1262 peccatum
1041 1228 1058 1256 ,
1091 1199 1224 1244 non
1255 1186 1507 1246 tantum
1539 1182 1742 1264 parti-

231 1284 486 1350 culariter
504 1334 525 1366 ‚
554 1288 669 1353 sed
697 1288 894 1353 etiam
938 1289 1406 1355 universaliter.
1441 1290 1519 1356 Et
1544 1292 1614 1355 in
1643 1291 1743 1354 bis

229 1392 401 1456 tribus
426 1396 738 1477 gradibus
777 1400 995 1480 patent
1020 1402 1151 1461 tres
1191 1398 1434 1479 gradus
1460 1397 1743 1462 sanctiti-

232 1502 515 1567 eationum
537 1551 557 1582 ,
590 1503 888 1569 videlicet
912 1503 1175 1569 Joannis
1209 1505 1506 1588 Baptistae
1524 1554 1542 1585 ,
1567 1505 1743 1571 Jere-

230 1610 371 1690 miae,
399 1616 458 1675 et
483 1611 728 1678 Mariae.
761 1611 923 1678 Nam
949 1615 1159 1698 prima
1184 1615 1462 1679 conditio
1488 1615 1612 1680 ruit
1633 1614 1744 1680 Je-

231 1719 442 1798 remiae3
467 1721 753 1785 secunda
779 1739 934 1786 vero
953 1720 1252 1800 Joannis;
1274 1722 1385 1787 sed
1414 1722 1534 1786 ista
1557 1722 1744 1788 tertia

231 1825 466 1908 virginis
510 1827 768 1908 Mariae,
798 1847 947 1911 quae
992 1828 1138 1912 plus
1174 1830 1253 1894 ad
1297 1830 1439 1894 Filii
1484 1831 1745 1895 accessit

231 1935 531 2016 puritatem
560 1956 681 2021 per
704 1940 859 2005 vitae
888 1940 1213 2003 meritum.
1240 1937 1361 2002 Sed
1382 1958 1531 2003 cum
1553 1938 1745 2004 Sanc·

232 2044 349 2105 tum
372 2042 747 2111 Sanctorum
779 2046 1054 2129 gestavit
1079 2047 1148 2111 in
1174 2053 1358 2112 utero
1384 2066 1501 2111 suo
1526 2097 1542 2125 ,
1588 2051 1744 2112 tunc

233 2149 584 2216 sanctificata
623 2153 750 2217 fuit
793 2154 1203 2219 conformiter
1229 2154 1388 2218 Filio
1432 2173 1580 2236 suo,
1612 2172 1744 2220 non

235 2257 454 2320 tantum
476 2262 799 2342 quantum
827 2260 907 2325 ad
945 2261 1384 2344 impotentiam
1411 2261 1490 2326 ad
1517 2278 1742 2345 pecca-

237 2364 373 2440 tum,
407 2367 511 2430 sed
554 2369 750 2432 etiam
783 2373 1102 2452 quantum
1142 2369 1224 2431 ad
1271 2368 1743 2452 impossibilita-

239 2472 348 2534 tem
365 2471 610 2539 labendi
631 2475 700 2539 in
719 2475 980 2558 aliquod
1005 2479 1358 2558 peccatum.
1387 2475 1562 2540 Unde
1582 2476 1746 2541 sicut

241 2577 586 2661 impossibile
617 2583 740 2648 fuit
781 2589 1042 2668 propter
1078 2585 1392 2650 honorem
1433 2584 1576 2649 Filii
1603 2585 1705 2649 sui
1723 2633 1743 2662 ,

243 2690 305 2749 ut
343 2687 528 2752 alium
587 2690 854 2755 haberet
912 2691 1159 2772 filium3
1209 2691 1300 2756 sic
1359 2693 1746 2776 impossibile

245 2790 370 2873 tuit,
397 2801 466 2861 ut
488 2816 774 2880 unquam
802 2799 1072 2863 ulterius
1097 2798 1363 2865 haberet
1389 2804 1741 2883 peccatum.

251 2895 391 2965 Sicut
410 2904 597 2969 etiam
623 2905 1013 2989 impossibile
1037 2906 1180 2987 suit,
1212 2912 1287 2972 ut
1311 2910 1523 2973 carnis
1547 2909 1746 2992 virgi·

251 3006 384 3071 nitas
398 3010 763 3090 violaretur,
792 3013 862 3077 in
890 3031 1018 3097 qua
1048 3015 1247 3080 Filius
1274 3014 1381 3081 Dei
1409 3017 1746 3083 habitave-

254 3118 357 3195 rat3
382 3120 463 3184 sic
487 3119 874 3204 impossibile
900 3123 1053 3200 fuit,
1088 3127 1164 3189 ut
1190 3126 1424 3189 mentis
1452 3125 1748 3191 sanctitas

254 3223 426 3307 aliqua
445 3229 626 3314 culpa
656 3231 1110 3297 macularetur.
1133 3232 1232 3297 Ad
1257 3235 1360 3315 cuj
1370 3252 1444 3297 us
1471 3235 1748 3299 testimo-

253 3331 402 3398 ninm
423 3339 618 3417 valet,
649 3339 823 3422 quod
867 3340 1126 3423 quidam
1166 3340 1376 3407 Judaei
1419 3349 1744 3424 asserunt,

254 3436 350 3503 hoc
376 3443 604 3509 mirum
648 3446 844 3510 fuisse
884 3447 954 3510 in
998 3446 1265 3530 Virgine
1308 3448 1537 3530 Maria,
1575 3452 1746 3534 quod

256 3563 373 3611 cum
396 3557 548 3616 esset
571 3553 1004 3637 pulcherrima
1024 3602 1041 3630 ,
1073 3559 1290 3620 tamen
1331 3576 1370 3621 a
1415 3557 1595 3622 nullo
1624 3577 1749 3622 un-

257 3670 416 3735 quam
435 3661 571 3725 viro
597 3662 793 3726 fuerit
816 3662 1172 3745 concupita.
1203 3662 1330 3728 Nec
1358 3664 1751 3748 vilipenden-

257 3758 380 3828 dum
403 3774 487 3833 est
509 3769 661 3834 illud
683 3770 1044 3835 infidelium
1060 3771 1500 3836 testimonium
1528 3790 1750 3856 :opor-

258 3872 327 3932 tet
358 3875 510 3939 enim
538 3879 554 3912 ¹
601 3878 1037 3944 testimonium
1072 3879 1298 3946 habere
1339 3880 1417 3946 ab
1457 3881 1600 3959 his,
1632 3884 1750 3964 qui

257 3974 387 4052 {oris
416 3989 576 4049 sunt.
622 3984 1050 4050 Concedendae
1086 3990 1238 4050 sunt
1282 4005 1440 4068 ergo
1475 3988 1750 4052 rationes

261 4077 631 4170 ostendentest,
683 4093 854 4177 quod
899 4093 1081 4159 beata
1124 4095 1321 4177 Virgo
1366 4098 1562 4160 Maria
1607 4100 1750 4180 post

261 4187 372 4258 Filii
408 4197 503 4263 Dei
528 4201 1005 4284 conceptionem
1042 4221 1301 4285 peccare
1341 4221 1471 4268 non
1507 4205 1743 4289 potuit,

261 4315 361 4364 non
383 4313 623 4390 propter
646 4308 838 4390 alicuj
849 4327 924 4372 us
963 4309 1265 4392 potentiae
1300 4311 1706 4378 amissionem
1725 4361 1744 4394 ,

262 4409 343 4473 sed
364 4422 600 4498 propter
623 4418 926 4500 potentiae
954 4418 1501 4485 confirmationem
1530 4425 1592 4486 et
1632 4422 1747 4488 de-

261 4512 838 4591 tectnsablafionem:

322 4631 371 4690 1.
401 4631 487 4696 Ad
512 4633 668 4700 illud
702 4652 863 4718 ergo
904 4633 1072 4717 quod
1120 4636 1329 4719 primo
1367 4639 1745 4720 opponitur,

262 4737 395 4811 quod
418 4739 591 4805 beata
612 4740 816 4824 Virgo
842 4742 965 4806 ruit
988 4744 1380 4826 perturbata,
1409 4745 1749 4810 dicendum

262 4844 396 4919 quod
414 4846 798 4914 immensitas
823 4849 931 4914 illa
953 4849 1185 4915 doloris
1212 4869 1347 4917 non
1372 4853 1644 4917 refertur
1669 4854 1750 4919 ad

264 4955 460 5025 partem
493 4958 723 5022 animae
766 4956 1174 5037 rationalem,
1203 4959 1315 5024 sed
1358 4960 1743 5026 sensibilem.

263 5045 400 5120 Unde
420 5060 622 5126 anima
647 5065 773 5126 stat
818 5060 912 5124 ibi
955 5078 1075 5143 pro
1115 5061 1224 5125 illa
1267 5068 1480 5145 parte,
1528 5045 1750 5128 secun·

260 5154 382 5225 dum
403 5182 578 5246 quam
604 5167 1009 5233 convertitur
1029 5166 1112 5231 ad
1138 5186 1402 5251 corpus:
1424 5171 1598 5235 unde
1618 5189 1749 5235 non

259 5263 354 5330 fuit
373 5277 711 5354 perturbata
752 5272 1114 5341 secundum
1141 5275 1315 5358 quod
1358 5278 1750 5359 perturbatio

261 5370 379 5439 dicit
398 5379 924 5452 deordinationem
954 5382 1026 5447 in
1053 5386 1236 5466 parte
1261 5386 1574 5450 rationali.

310 5490 364 5554 (⁰)
390 5493 490 5551 Cet.
513 5501 643 5566 edit„
671 5500 968 5564 lei-emine,
999 5499 1262 5551 mendose.

1937 650 1997 709 2.
2031 644 2129 711 Ad
2160 645 2319 711 illud
2349 648 2521 729 quod
2550 647 2896 731 opponitur
2925 647 3005 711 de
3034 645 3411 711 auctoritate

1862 755 2289 828 Quoeuionum
2350 756 2516 824 Novi
2571 764 2628 824 et
2675 757 2927 824 Veteris
2985 756 3405 834 Testamenti,

1855 861 2027 944 quod
2055 864 2239 927 beata
2267 862 2466 945 Virgo
2492 863 2836 940 dubitavit,
2863 864 3204 929 dicendum
3233 863 3407 946 quod

1855 987 1990 1033 non
2037 973 2282 1035 constat
2332 971 2573 1036 librum
2616 971 2801 1036 illum
2843 989 2978 1035 esse
3018 971 3404 1053 Augustini,

1854 1081 2114 1158 propter
2156 1077 2278 1142 boc
2309 1079 2599 1161 quodibi
2642 1080 2845 1143 multa
2889 1086 3039 1142 sunt
3076 1096 3227 1161 quae
3273 1097 3406 1144 non

1856 1183 2156 1249 videntur
2190 1205 2327 1251 esse
2366 1188 2565 1252 verba
2606 1187 2955 1267 Augustini
3006 1209 3021 1250 ε
3075 1192 3402 1252 verumta-

1855 1307 2004 1355 men
2032 1310 2116 1356 ne
2139 1292 2363 1375 fugam
2396 1298 2609 1377 petere
2636 1295 2992 1373 videamur,
3025 1294 3147 1359 dici
3174 1298 3400 1377 potest,

1854 1399 2026 1481 quod
2051 1405 2149 1464 est
2174 1400 2485 1466 dubitatio
2524 1404 2908 1485 proveniens
2934 1421 3016 1467 ex
3044 1403 3188 1468 ssdei
3223 1401 3403 1466 debi-

1854 1505 2047 1587 litate,
2082 1513 2146 1574 et
2185 1514 2281 1574 est
2319 1510 2617 1592 quaedam
2662 1510 2971 1575 dubitatio
3018 1510 3400 1594 proveniens
3430 1537 3648 1583 numm,

1854 1632 1935 1677 ex
1987 1615 2425 1681 admirationis
2479 1617 2903 1683 immensitate
2931 1665 2948 1694 ,
2991 1635 3122 1700 qua
3171 1616 3403 1680 dicitur
3428 1605 3650 1712 Pfffissf·

1853 1720 2050 1786 bomo
2095 1722 2385 1788 dubitare
2424 1743 2577 1789 cum
2612 1725 2951 1809 stupescit,
2994 1729 3056 1789 et
3102 1723 3282 1807 quasi
3328 1722 3405 1784 fit

1854 1831 2024 1892 totus
2052 1834 2236 1895 extra
2266 1849 2334 1895 se
2360 1850 2442 1896 ex
2474 1833 2714 1897 intuitu
2739 1832 2831 1897 rei
2863 1830 3254 1895 admirabilis
3287 1853 3302 1893 ι
3343 1836 3405 1896 et

1854 1934 1976 1999 hoc
1998 1937 2191 2001 modo
2217 1937 2710 2020 intelligendum
2741 1944 2836 2003 est
2862 1938 3193 2019 Virginem
3224 1938 3406 2002 dubi·

1852 2046 2040 2121 tasse,
2088 2062 2221 2108 non
2261 2051 2519 2128 propter
2558 2046 2873 2110 derectum
2917 2044 3089 2109 fidei.
3138 2045 3403 2111 Indubi-

1855 2153 2061 2214 tanter
2118 2151 2292 2215 enim
2352 2152 2739 2217 credendum
2792 2155 2887 2216 est
2907 2198 2925 2226 ,
2974 2152 3147 2234 quod
3202 2150 3403 2234 Virgo

1856 2254 2058 2321 Maria
2082 2276 2335 2341 semper
2361 2259 2429 2323 in
2457 2259 2582 2323 fide
2608 2259 2778 2325 stetit
2808 2279 2825 2322 ε
2858 2257 3028 2321 unde
3056 2258 3123 2322 in
3152 2275 3228 2323 ea
3245 2257 3404 2321 ssdes

1854 2363 1976 2428 sibi
2030 2364 2282 2430 invenit
2336 2366 2611 2431 solidum
2656 2366 3171 2431 fundamentum.
3221 2364 3400 2429 Unde
3458 2384 3619 2428 ειιιιι.

1854 2472 2180 2556 discipulis
2206 2493 2337 2538 non
2377 2474 2779 2539 credentibus
2816 2478 2881 2539 et
2917 2472 3355 2539 dubitantibus
3375 2521 3395 2553 ‚
3430 2451 3650 2553 ,5¹:22

1855 2578 1993 2662 ipsa
2033 2581 2159 2646 fuit
2199 2583 2269 2646 in
2307 2600 2438 2665 qua
2471 2581 2628 2646 tides
2672 2580 2966 2647 Ecclesiae
3006 2585 3399 2647 remanserat
3493 2583 3587 2615 “¹¹²

1856 2688 2055 2753 solida
2092 2694 2158 2753 et
2204 2691 2622 2754 inconcussa:
2657 2694 2723 2754 et
2759 2691 2903 2755 ideo
2941 2691 3111 2756 diem
3152 2688 3399 2756 sabbati
3444 2632 3638 2751 {33:¹⁸

1856 2794 2226 2861 solemnizat
2265 2797 2332 2861 in
2359 2797 2670 2862 bonorem
2698 2800 2839 2879 ejus
2864 2798 3074 2862 omnis
3100 2798 3397 2864 Ecclesia.
3443 2754 3639 2862 ⁰⁶23*

1936 2909 1997 2969 3.
2038 2904 2137 2970 Ad
2176 2904 2333 2968 illud
2373 2904 2543 2986 quod
2570 2903 2935 2988 opponitur,
2984 2905 3155 2987 quod
3202 2903 3411 2988 potuit

1859 3013 2046 3091 mori,
2078 3011 2418 3076 dicendum
2445 3012 2614 3095 quod
2643 3030 2772 3075 non
2800 3015 2896 3075 est
2923 3012 3158 3091 simile,
3190 3031 3305 3096 pro
3333 3031 3408 3079 co

1857 3120 2029 3203 quod
2075 3138 2205 3184 non
2254 3118 2377 3184 fuit
2434 3119 2661 3184 decens
2710 3117 2950 3184 Filium
2996 3118 3105 3185 Dei
3147 3120 3382 3186 babere

1859 3233 2132 3292 matrem
2162 3227 2613 3306 immortalem,
2641 3246 2788 3291 cum
2819 3228 2954 3310 ipse
2982 3234 3144 3293 esset
3171 3234 3406 3294 morta-

1863 3336 1969 3412 lis;
2004 3337 2111 3401 sed
2140 3336 2326 3401 valde
2351 3334 2648 3398 indecens
2677 3338 2863 3414 esset,
2889 3336 2943 3398 si
2973 3336 3238 3401 baberet
3267 3357 3407 3403 ma-

1860 3450 2026 3509 trem
2080 3442 2494 3526 peccatricem
2552 3463 2568 3505 z
2626 3440 2922 3524 quamvis
2980 3441 3411 3526 Hieronymus

1862 3551 2091 3629 dicat¹,
2121 3550 2292 3633 quod
2323 3549 2533 3613 solum
2577 3549 2953 3630 peccatrices
2983 3556 3410 3616 numerantur

1860 3657 1928 3721 in
1959 3656 2340 3739 genealogia
2367 3655 2713 3719 Salvatoris
2746 3676 2760 3718 ε
2790 3655 2911 3719 boc
2939 3656 3112 3720 enim
3149 3677 3282 3723 non
3317 3665 3411 3725 est

1861 3767 2119 3847 propter
2146 3769 2472 3846 peccatum
2493 3809 2511 3840 ,
2543 3764 2651 3827 sed
2681 3767 2937 3847 propter
2974 3764 3233 3847 aliquod
3260 3782 3405 3849 spe·

1861 3872 2016 3937 ciale
2038 3871 2303 3950 tactum,
2333 3874 2593 3954 propter
2614 3870 2786 3953 quod
2814 3870 2940 3934 inae
2969 3873 3268 3936 mulieres
3299 3892 3410 3939 ex-

1858 3975 2231 4057 primuntur
2254 3975 2321 4036 in
2354 3972 2681 4055 Scriptura
2703 4021 2720 4052 ‚
2752 3976 2817 4036 et
2842 3957 3195 4057 completur
3221 3976 3291 4040 in
3318 3977 3410 4042 eis

1861 4082 1970 4147 illa
1989 4081 2326 4165 prophetia
2343 4087 2402 4145 *ε
2432 4082 2670 4147 Emitte
2696 4098 2955 4164 aqnum,
2989 4082 3272 4165 Domine,
3300 4085 3409 4152 do-

1861 4192 2267 4266 minatorem,
2297 4194 2443 4268 ete.,
2469 4189 2643 4272 quod
2665 4189 2745 4254 de
2772 4188 2943 4254 Ruth
2972 4190 3236 4273 exponit
3260 4192 3409 4259 Hie-

1858 4316 2173 4382 ronymus
2205 4298 2308 4380 (a).
2345 4297 2524 4362 Unde
2549 4316 2662 4381 per
2684 4304 2933 4379 petram
2958 4298 3204 4366 deserti
3226 4300 3409 4366 intel-

1857 4407 2084 4488 ligitur
2113 4405 2308 4481 Ruth,
2330 4409 2405 4470 ut
2429 4404 2579 4468 dicit
2606 4404 3058 4488 Hieronymus.
3083 4405 3404 4490 Quidquid

1856 4520 2074 4579 tamen
2102 4512 2182 4577 sit
2198 4512 2277 4579 de
2303 4511 2672 4596 parentibus
2693 4515 2977 4593 remotis,
2996 4514 3159 4578 nulli
3189 4519 3405 4581 tamen

1858 4626 2130 4691 dubium
2161 4630 2254 4689 est
2279 4625 2356 4688 de
2385 4624 2584 4689 Matre
2614 4624 2759 4705 Dei,
2786 4626 2944 4708 quin
2981 4626 3124 4691 talis
3165 4627 3405 4695 debue-

1859 4732 1943 4797 rit
1966 4751 2125 4814 esse,
2156 4750 2304 4816 quae
2335 4750 2465 4796 non
2492 4732 2771 4816 potuerit
2807 4733 3111 4816 redargui
3146 4723 3225 4799 de
3251 4755 3404 4819 pec-
3503 4769 3512 4787 ·

1859 4846 2021 4917 cato,
2051 4842 2204 4923 quia
2231 4840 2449 4906 suisset
2474 4841 2553 4905 ad
2581 4841 3044 4924 improperium
3071 4843 3321 4911 Christi.

1940 4953 2002 5013 4.
2048 4948 2147 5013 Ad
2193 4949 2349 5013 illud
2392 4947 2567 5032 quod
2606 4948 2954 5031 opponitur
3000 4949 3077 5014 de
3105 4951 3402 5036 impossi-

1859 5056 2101 5122 bilitate
2127 5054 2450 5140 peccandi,
2479 5054 2820 5120 dicendum
2838 5056 3006 5138 quod
3034 5075 3265 5125 verum
3289 5067 3404 5144 est,

1860 5167 2179 5248 quantum
2221 5165 2317 5226 est
2354 5162 2434 5227 de
2485 5161 2629 5243 lege
2672 5162 3051 5228 communi:
3096 5165 3208 5231 sed
3246 5168 3406 5232 nihil

1862 5269 2129 5353 impedit
2151 5269 2312 5351 quin
2333 5268 2414 5334 de
2437 5267 2645 5351 gratia
2662 5268 2979 5351 spirituali
2996 5272 3192 5353 possit
3213 5273 3406 5340 alicui

1918 5432 1974 5483 ¹1
2003 5431 2149 5495 Tim„
2188 5441 2268 5496 ut,
2293 5433 2423 5480 7.-
2445 5430 2470 5466 ²
2498 5430 2730 5497 Hieron„
2772 5433 3047 5487 Commeat.
3097 5437 3151 5487 ιἰι
3197 5435 3402 5500 Manli..

1861 5504 2260 5568 c.1.-⁸lsai.‚
2282 5515 2391 5570 xvi,
2423 5510 2470 5557 t.
