4185 6288
538 886 605 927 An
619 882 734 925 Deus

531 945 719 998 potuerit

521 1069 690 1111 homine

520 1132 534 1172 i
537 1143 694 1174 ιιιιιι

558 3007 728 3055 Divisio.

758 489 882 552 260

1865 479 2489 549 SENTENTIARUM
2529 479 2678 546 Lm.
2723 481 2833 546 111.

756 620 839 690 de
865 618 1097 713 capite,
1126 640 1260 687 non
1287 631 1383 687 est
1409 630 1876 711 transqressus,
1907 626 1974 686 et
1995 639 2130 686 non
2147 617 2314 709 fecit
2340 616 2601 684 malum
2628 640 2657 699 ‚·
2695 615 2776 685 de
2824 617 3156 705 membris,
3172 600 3405 712 potuit
3432 619 3834 713 transqredi,
3867 629 3937 689 et

750 738 978 829 facere
1000 736 1280 804 malum.

852 853 1033 922 Solet
1057 852 1254 920 etiam
1282 851 1512 943 quaeri‚
1551 850 1855 942 quamvis
1877 850 2156 935 curiose,
2186 873 2224 917 a
2265 849 2606 918 nonnullis
2627 904 2645 937 ‚
2696 851 2752 918 si
2789 850 2965 919 Deus
2990 851 3351 922 humanam
3379 862 3686 923 naturam
3725 853 3943 945 potuit

520 1018 735 1049 „mmm
763 991 1093 1038 assumere
1136 967 1498 1064 secundum
1547 967 1940 1036 muliebrem
1992 989 2249 1034 sexum.
2307 965 2591 1047 Quidam
2638 966 3044 1035 arbitrantur
3087 991 3239 1038 eum
3291 971 3581 1062 potuisse
3608 992 3941 1038 assumere

694 1082 733 1110 ¹¹¹
763 1084 1097 1154 hominem
1128 1083 1200 1151 in
1225 1083 1508 1151 femineo
1536 1105 1722 1167 sexu,
1759 1090 1835 1150 ut
1862 1082 2214 1173 assumpsit
2240 1081 2311 1149 in
2353 1081 2567 1167 virili3
2615 1082 2725 1150 sed
2754 1085 3191 1173 opportunius
3216 1094 3416 1177 atque
3443 1086 3942 1155 convenientius

761 1202 1007 1270 factum
1037 1207 1155 1283 est,
1209 1209 1285 1266 ut
1332 1197 1714 1267 de‘femina
1772 1205 2172 1282 nasceretur,
2229 1205 2294 1265 et
2346 1197 2565 1265 virum
2622 1206 3004 1285 assumeret,
3066 1209 3141 1268 ut
3194 1201 3287 1269 ita
3341 1202 3688 1293 utriusque
3745 1223 3943 1269 sexus

758 1316 1058 1385 liberatio
1084 1315 1556 1386 ostenderetur.
1589 1313 1780 1382 Unde
1807 1313 2250 1404 Augustinus»,
2282 1313 2354 1381 in
2382 1313 2554 1382 libro
2580 1314 2951 1383 LXXXIII
2984 1318 3437 1400 Quaestionum
3466 1327 3484 1361 ¹
3518 1344 3538 1386 .·
3576 1345 3610 1385 α
3637 1318 3944 1386 Hominis

757 1432 1057 1502 liberatio
1085 1432 1155 1499 in
1181 1427 1463 1523 utroque
1510 1453 1669 1499 sexu
1714 1429 1944 1499 debuit
1987 1452 2327 1522 apparere.
2375 1430 2550 1519 Ergo
2594 1432 2754 1522 quia
2794 1432 3015 1501 virum
3061 1434 3401 1525 oportebat
3441 1434 3792 1526 suscipere,
3821 1434 3944 1525 qui

759 1572 954 1617 sexus
971 1546 1416 1617 honorabilior
1443 1556 1561 1629 est,
1585 1535 1990 1639 consequens
2021 1555 2162 1614 erat
2188 1554 2254 1614 et
2279 1545 2546 1614 feminei
2577 1569 2771 1616 sexus
2798 1547 3123 1618 liberatio.
3155 1549 3326 1618 Hinc
3354 1559 3623 1642 apparet
3648 1551 3761 1642 (α),
3781 1550 3946 1643 quia

759 1664 875 1733 ille
905 1665 1005 1732 vir
1056 1662 1137 1732 de
1183 1662 1429 1732 femina
1477 1669 1676 1731 natus
1721 1666 1839 1730 est.
1868 1669 1891 1702 ²
1918 1662 2256 1754 Sapientia
2304 1685 2460 1752 ergo
2506 1663 2650 1749 Dei,
2702 1688 2853 1758 quae
2895 1666 2974 1757 (b)
3027 1666 3267 1736 dicitur
3293 1667 3676 1757 unigenitus
3700 1667 3941 1755 Filius,

760 1779 1027 1850 homine
1052 1787 1374 1870 suscepte,
1400 1779 1471 1846 in
1499 1786 1687 1847 utero
1726 1786 1791 1846 et
1823 1778 1904 1846 de
1941 1786 2130 1847 utero
2166 1778 2464 1868 Virginis
2497 1780 2606 1870 (c),
2637 1779 3093 1851 liberationem
3120 1783 3413 1851 hominis
3438 1782 3777 1853 indicavit.
3810 1809 3847 1849 ι)

1023 1971 1028 1976 ’
1143 2000 1551 2067 EXPOSITIO
1592 1999 1919 2064 ‘rnx‘rns

867 2177 1009 2229 Solet
1030 2177 1184 2227 etiam
1209 2174 1368 2240 quaeri
1390 2177 1562 2224 utrum
1588 2173 1743 2224 alium
1771 2171 2034 2222 hominem
2057 2206 2069 2232 ,
2100 2174 2200 2221 etc.

847 2330 921 2394 In
972 2327 1470 2411 praecedentibus
1514 2324 1958 2389 determinavit
2006 2322 2310 2404 Magister

768 2440 846 2504 de
874 2436 1304 2500 incarnatione
1327 2431 1517 2499 Verbi
1544 2433 1611 2496 in
1634 2451 1731 2510 se;
1755 2432 1819 2493 in
1843 2430 1964 2494 hac
1990 2434 2170 2513 parte
2195 2430 2307 2494 de-

766 2547 1067 2612 terminat
1092 2545 1170 2609 de
1204 2544 1343 2626 ipsa
1375 2541 1808 2606 incarnatione
1832 2543 2023 2621 prout
2049 2539 2305 2603 ordina-

766 2665 875 2724 tur
920 2659 1002 2723 ad
1050 2661 1336 2722 nostram
1389 2653 1888 2735 redemptionem
1947 2672 1961 2714 ε
2018 2655 2082 2715 et
2120 2651 2309 2716 durat

766 2767 905 2831 haec
932 2778 1079 2848 pars
1101 2783 1141 2828 a
1170 2761 1480 2845 principio
1506 2761 1708 2843 hujus
1729 2757 2145 2823 distinctionis
2167 2757 2303 2839 XII,

766 2895 971 2958 usque
1014 2875 1095 2939 ad
1137 2874 1283 2938 dist.
1326 2869 1550 2950 xxm,
1583 2870 1973 2934 et'continet
2009 2869 2307 2934 undecim

765 2986 1224 3064 distinctiones,
1254 2984 1418 3047 sicut
1452 2985 1514 3045 et
1536 2998 1684 3064 pars
1710 2981 2092 3063 praecedens.
2125 2980 2305 3044 Divi-

764 3096 937 3162 ditur
965 3099 1181 3161 autem
1208 3092 1346 3157 haec
1386 3108 1534 3173 pars
1580 3090 1652 3154 in
1687 3089 1886 3170 dua-S,
1911 3088 1981 3152 in
2024 3105 2306 3172 quarum

764 3205 973 3288 prima
1014 3180 1149 3283 agit
1183 3200 1261 3264 de
1301 3197 1438 3277 his,
1486 3196 1838 3260 secundum
1885 3213 2035 3277 quae
2077 3194 2305 3259 Christi

763 3309 1116 3375 incarnatio
1160 3305 1493 3370 ordinatur
1550 3304 1632 3368 ad
1676 3306 1962 3368 nostram
2005 3301 2310 3383 redempa

763 3417 1043 3497 tionem;
1090 3415 1158 3478 in
1195 3411 1475 3497 secunda
1512 3429 1667 3476 vero
1709 3411 1847 3492 agit
1891 3409 1970 3473 de
2022 3409 2161 3490 ipsa
2202 3426 2304 3471 re·

762 3523 1146 3606 demptione,
1174 3537 1319 3602 quae
1343 3519 1505 3582 facta
1530 3524 1624 3582 est
1650 3536 1764 3601 per
1790 3516 2170 3600 passionem,
2200 3515 2306 3579 in-

760 3602 857 3695 fra
885 3633 907 3669 ⁸
931 3628 966 3694 ἐ
1009 3630 1192 3696 Nunc
1248 3643 1392 3711 erqo
1444 3641 1807 3709 quaeramus
1851 3622 2160 3716 quomodo
2198 3638 2309 3704 per

760 3742 1023 3805 mortem
1046 3738 1259 3819 ipsius
1285 3781 1305 3811 ,
1353 3738 1472 3799 etc.
1519 3733 1599 3797 Et
1640 3733 1949 3817 quoniam
1993 3730 2308 3795 ordinatio

761 3844 1212 3910 incarnationis
1246 3842 1328 3907 ad
1377 3845 1661 3905 nostram
1706 3836 2210 3918 redemptionem
2239 3835 2307 3897 in

763 3956 1039 4035 quatuor
1086 3948 1396 4028 consistit,
1457 3946 1692 4009 scilicet
1742 3944 1811 4007 in
1867 3941 2307 4007 conformitate

762 4061 1037 4137 naturae,
1078 4057 1148 4120 in
1185 4052 1578 4139 plenitudine
1613 4050 1840 4132 gratiae
1867 4053 1933 4113 et
1952 4048 2303 4131 sapientise,

763 4168 832 4230 in
862 4166 1108 4230 defectu
1132 4161 1556 4248 passibilitatis
1571 4208 1589 4238 ,
1637 4160 1704 4222 et
1741 4159 1813 4221 in
1848 4175 1975 4220 usu
2004 4155 2301 4233 virturis3

764 4272 908 4337 ideo
932 4289 1079 4355 pars
1103 4271 1224 4335 ista
1259 4269 1449 4333 habet
1480 4270 1755 4349 quatuor
1780 4268 2012 4348 partes,
2044 4263 2112 4325 in
2139 4280 2309 4344 qua-

765 4401 917 4450 rum
952 4382 1160 4466 prima
1200 4377 1577 4445 determinat
1618 4375 1919 4457 Magister
1951 4373 2030 4438 de
2073 4384 2312 4455 genere

766 4493 1019 4557 naturae
1051 4491 1425 4570 assumptae,
1463 4488 1684 4550 utrum
1724 4482 1920 4547 fuerit
1957 4480 2036 4545 de
2073 4498 2313 4562 genere

769 4600 960 4679 Adae3
1007 4600 1077 4664 in
1119 4596 1398 4663 secunda
1437 4612 1594 4659 vero
1637 4574 1776 4674 agit
1812 4591 1890 4655 de
1920 4589 2314 4674 plenitudine

769 4708 997 4790 gratiae
1016 4710 1081 4771 et
1105 4703 1456 4788 sapientias,
1478 4700 1645 4765 infra
1667 4698 1690 4734 ⁸
1718 4716 1736 4761 z
1769 4696 2086 4762 Proeterea
2109 4697 2314 4761 scien-

770 4814 930 4880 dum
957 4819 1070 4891 est,
1103 4810 1422 4878 Christum
1435 4804 1785 4873 secundum
1804 4804 2146 4881 hominem,
2164 4808 2308 4880 etc.;

772 4921 843 4985 in
869 4919 1056 4985 tertia
1087 4935 1243 4982 vero
1271 4917 1408 4997 agit
1443 4913 1520 4977 de
1560 4912 1804 4976 defectu
1840 4911 2181 4993 passionis,
2219 4910 2315 4973 in-

770 5029 869 5092 fra
903 5029 924 5062 ⁸
972 5049 988 5091 ε
1034 5024 1207 5092 Illud
1242 5038 1484 5107 quoque
1524 5016 2138 5105 praetermittendum
2191 5032 2314 5081 non

772 5141 886 5212 est,
919 5138 1065 5211 etc.;
1081 5133 1150 5195 in
1177 5134 1405 5214 quarta
1425 5143 1580 5191 vero
1605 5127 1744 5209 agit
1769 5125 1848 5190 de
1875 5143 2002 5188 usu
2026 5122 2309 5201 virtutis,

834 5330 900 5394 (a)
921 5328 1067 5380 Edit.
1094 5328 1299 5390 Gaume,
1322 5322 1578 5375 Liberatio
1599 5321 1720 5371 binc
1738 5323 2092 5391 appareret.—
2117 5316 2188 5382 (ὁ)
2206 5316 2311 5382 qui.

770 5426 835 5439 —
858 5402 923 5466 (c)
955 5401 1048 5451 flae
1089 5411 1270 5459 vocet,
1299 5398 1352 5445 in
1387 5398 1530 5445 utero
1563 5398 1615 5443 et
1639 5392 1700 5442 de
1733 5395 1875 5441 utero
1910 5390 2137 5453 Virqinis
2154 5426 2173 5454 ,
2205 5402 2313 5440 non

770 5472 1010 5537 leguntur
1035 5470 1090 5519 in
1117 5468 1357 5532 operibus
1392 5466 1554 5531 ipsius
1582 5463 1868 5528 Augustini.

2419 2002 2583 2066 infra
2607 2003 2629 2037 ⁸
2665 2023 2681 2067 ε
2728 2004 2876 2071 Post
2920 2005 3237 2087 praedicta
3290 2007 3690 2073 considerari
3724 2013 3965 2089 oportet

2416 2117 2636 2177 utrum
2680 2112 2990 2192 Christus,
3037 2119 3157 2177 etc.
3207 2111 3423 2178 Prima
3479 2133 3626 2196 pars
3673 2115 3965 2180 continet

2417 2223 2796 2299 praesentem
2815 2220 3304 2300 distinctionem,
3326 2227 3390 2286 et
3417 2221 3720 2286 dividitur
3737 2221 3812 2285 in
3839 2226 3966 2285 ω

2416 2330 2648 2407 parteS,
2678 2326 2745 2389 in
2776 2345 3055 2408 quarum
3080 2328 3291 2410 prima
3329 2327 3632 2409 Magister
3660 2327 3965 2391 determi-

2417 2437 2528 2495 nat
2542 2432 2619 2496 de
2639 2433 2996 2498 conditione
3015 2439 3262 2502 naturae
3281 2439 3626 2516 assumptas
3640 2437 3964 2515 quantum

2415 2539 2497 2603 ad
2519 2557 2759 2621 genus;
2785 2541 2856 2604 in
2882 2541 3182 2620 secunda,
3215 2542 3293 2606 de
3318 2541 3674 2605 conditione
3709 2545 3966 2605 naturae

2417 2654 2760 2732 assumptae
2804 2656 3120 2733 quantum
3159 2652 3240 2715 ad
3281 2651 3553 2716 liberum
3592 2649 3963 2728 arbitrium,

2418 2756 2503 2819 ihi
2525 2779 2539 2820 :
2566 2756 2714 2824 Ideo
2739 2773 2870 2823 non
2888 2760 3205 2825 immerito
3220 2763 3531 2841 quoeritur
3544 2762 3764 2823 utrum
3782 2758 3962 2825 homo

2416 2863 2524 2929 ille
2543 2911 2565 2942 ,
2598 2869 2743 2944 etc.;
2773 2865 2842 2928 in
2880 2866 3068 2931 tertia
3102 2884 3264 2930 vero
3301 2865 3440 2948 agit
3479 2865 3558 2929 de
3596 2865 3965 2929 conditione

2417 2975 2667 3035 naturae
2694 2978 3038 3055 assumptae
3063 2978 3379 3055 quantum
3405 2973 3486 3037 ad
3511 2992 3741 3037 sexum
3759 3019 3781 3050 ,
3824 2973 3915 3037 ibi
3945 2990 3973 3037 t·

2418 3078 2594 3144 Solet
2634 3080 2830 3147 eciam
2865 3083 3072 3163 quoeri
3092 3129 3110 3161 ,
3172 3083 3468 3163 quamvis
3510 3082 3798 3161 curiose,
3843 3085 3963 3146 etc.

2418 3185 2634 3251 Prima
2681 3206 2828 3270 pars
2868 3187 3060 3251 habet
3108 3187 3268 3251 duas
3315 3210 3331 3251 ε
3382 3188 3450 3252 in
3494 3189 3705 3283 prima
3742 3192 3966 3253 movet

2417 3294 2858 3377 quaestionem,
2890 3298 2955 3359 et
2974 3294 3381 3373 determinat;
3410 3296 3478 3358 in
3501 3297 3782 3360 secunda
3807 3315 3961 3362 vero

2415 3401 2784 3465 auctoritate
2810 3404 3167 3481 confirmat,
3198 3402 3290 3464 ibi
3323 3423 3338 3464 ε
3383 3402 3459 3469 Ut
3490 3404 3663 3468 enim
3688 3406 3791 3470 ait
3824 3405 3961 3469 Au-

2416 3509 2740 3588 ωιετίηαε,
2764 3514 2883 3574 etc.
2928 3508 3232 3573 Similiter
3265 3508 3542 3573 secunda
3579 3528 3728 3593 pars
3770 3511 3965 3575 habet

2418 3614 2577 3679 duas
2632 3638 2647 3680 ε
2691 3617 2761 3679 in
2803 3616 3013 3699 prima
3055 3616 3437 3679 determinat
3477 3616 3854 3695 veritatem;
3895 3618 3963 3681 in

2417 3722 2695 3786 secunda
2734 3722 3018 3787 dissolvit
3056 3722 3425 3805 sophisticas
3460 3723 3776 3801 rationes,
3820 3724 3910 3788 ibi
3942 3746 3957 3787 ε

2420 3825 2696 3905 Quidam
2719 3834 2930 3895 tamen
2955 3829 3221 3913 probare
3251 3837 3588 3909 conantur,
3618 3834 3737 3894 etc.
3774 3828 3964 3895 Simi-

2416 3935 2561 3999 liter
2582 3936 2770 4000 tertia
2786 3955 2932 4020 pars
2956 3936 3148 4000 habet
3173 3937 3333 4000 duas
3357 3959 3372 4000 ε
3398 3937 3466 4000 in
3492 3938 3703 4020 prima
3726 3939 3965 4020 quaerit

2414 4043 2832 4124 quffitionem
2855 4092 2873 4121 ‚
2934 4047 2999 4107 et
3054 4043 3469 4122 determinat;
3543 4045 3614 4108 in
3684 4044 3967 4109 secunda

2408 4151 2751 4214 'confirmat
2769 4198 2787 4229 ,
2833 4152 2898 4213 et
2941 4148 3066 4214 hoc
3100 4150 3191 4215 ibi
3239 4173 3256 4215 ι
3312 4149 3483 4216 Unde
3527 4152 3963 4232 Anaustimoe,

2418 4255 2578 4323 libro
2603 4255 2933 4321 LXXXIII
2965 4257 3110 4335 Qu„
3137 4262 3258 4323 ete.

3064 4492 3204 4539 mm.
3249 4493 3295 4539 1.

2838 4642 2930 4694 Hic
2954 4642 3279 4697 distinctione
3309 4609 3437 4709 opus
3463 4646 3560 4694 est.

2502 4797 2766 4863 Videtur
2786 4799 2957 4881 quod
2982 4798 3298 4864 distinctio
3324 4796 3433 4860 illa
3462 4794 3643 4860 nulla
3679 4796 3786 4874 sit,
3816 4798 3965 4879 quia

2421 4922 2505 4969 ex
2530 4924 2659 4987 quo
2704 4910 2939 4969 natura
2979 4906 3088 4969 illa
3130 4905 3249 4969 fuit
3288 4905 3491 4983 unita,
3533 4921 3795 4985 peccare
3835 4921 3963 4967 non

2421 5012 2629 5094 potuit
2662 5035 2676 5076 :
2710 5030 2868 5094 ergo
2894 5032 3025 5078 non
3052 5013 3308 5078 videtur
3332 5010 3502 5094 quod
3528 5010 3748 5093 aliquo
3779 5011 3962 5075 modo

2422 5138 2681 5202 peccare
2717 5120 3014 5202 potuerit.
3056 5118 3213 5185 Item
3249 5118 3469 5183 anima
3503 5118 3615 5182 illa
3639 5118 3824 5183 beata
3847 5121 3959 5193 est,

2489 5319 2505 5350 ¹
2520 5318 2671 5381 Aug„
2691 5318 2751 5366 de
2770 5316 2876 5367 div.
2893 5316 3149 5368 LXXXIII
3171 5318 3374 5381 Quaest„
3386 5334 3437 5386 q.
3459 5316 3624 5374 xt.-⁸
3641 5320 3791 5385 thid„
3809 5314 3958 5384 paulo

2423 5387 2757 5511 angarii-uia·-
2772 5387 2795 5424 ⁸
2816 5388 2944 5440 Dist.
2971 5400 3083 5439 xix.
3099 5415 3164 5433 -ι
3181 5390 3201 5425 ⁸
3221 5390 3347 5444 Dist-
3376 5405 3495 5446 xm.
3516 5421 3578 5434 —
3604 5398 3628 5433 ⁸
3656 5395 3784 5449 Dist-
3811 5402 3960 5443 xv.—
