4185 6288
1706 417 2084 486 ms'rmcr.
2127 412 2345 486 xvnl.
3502 423 3614 485 ³8¹

1420 767 2261 864 DISTINCTIO
2349 769 2622 862 Xlll

433 1045 721 1102 Quouooo
744 1046 924 1094 vum
948 1045 1062 1094 stu
1085 1046 1319 1094 cunm!
1347 1047 1713 1095 {nomano
1739 1048 2082 1096 oxomum}
2115 1049 2196 1094 An
2217 1048 2497 1095 nosram
2525 1047 2994 1097 aromatum
3017 1048 3312 1104 Qum
3340 1049 3424 1096 At>
3453 1046 3617 1098 0811!
3649 1057 3650 1064 ’

1211 1163 1616 1228 vamum,
1649 1164 1844 1212 raom·
1870 1163 2139 1212 aasmcrr
2164 1164 2540 1213 umerum!
2566 1165 2856 1213 Mamm.

520 1363 614 1431 De
633 1362 865 1433 merito
891 1362 1088 1432 etiam
1114 1363 1355 1433 Christi
1382 1365 2010 1451 proetermittendum
2038 1388 2174 1435 non
2211 1375 2343 1435 est:
2367 1366 2448 1435 de
2474 1389 2608 1459 quo
2634 1366 2907 1460 quidam
2933 1366 3145 1436 dicere
3167 1365 3404 1452 solent,
3435 1365 3615 1458 quod
3642 1385 3840 1486 Choes„

433 1478 728 1565 nonsibi,
752 1478 1190 1549 aedmembris
1207 1487 1464 1550 tantum
1493 1480 1828 1550 meruerit.
1869 1480 2114 1550 Metuit
2129 1482 2397 1573 quidem
2412 1483 2726 1551 membris
2739 1481 3253 1574 redemptionem
3273 1481 3607 1568 adiabolo,
3640 1506 3844 1575 memora

432 1616 472 1662 a
506 1601 784 1685 peccato,
824 1617 865 1664 a
895 1617 1120 1686 poena,
1150 1603 1215 1663 et
1250 1597 1440 1685 regni
1475 1596 1965 1680 reserationem,
2002 1606 2082 1665 ut
2107 1650 2127 1684 ,
2177 1604 2396 1668 amota
2430 1598 2623 1687 ignea
2683 1597 3013 1694 romphaea
3036 1650 3055 1686 ,
3109 1597 3313 1666 libere
3363 1603 3613 1689 pateret
3638 1565 3893 1694 ‘ffiif'sss

436 1710 741 1781 introitus
783 1741 798 1794 ;
882 1711 993 1781 sed
1049 1718 1114 1779 et
1155 1711 1279 1780 sibi
1336 1713 1577 1782 meruit
1642 1712 2181 1804 impassibilitatis
2231 1722 2297 1781 et
2348 1713 2436 1781 im
2446 1712 2856 1783 mortalitatis
2926 1713 3204 1804 gloriam
3226 1765 3245 1800 ,
3298 1712 3470 1782 sicut
3519 1712 3614 1781 ait
3638 1688 3743 1807 ἓξὲξ
3752 1689 3856 1798 Ἓξ

437 1827 788 1920 Apostolus
808 1833 824 1866 ¹
856 1851 874 1895 t
909 1826 1208 1897 Christus
1242 1829 1472 1918 factus
1499 1839 1594 1897 est
1629 1850 1758 1919 pro
1803 1828 1990 1897 nobis
2035 1828 2337 1898 obediens
2375 1852 2576 1921 usque
2611 1829 2704 1898 ad
2737 1843 3044 1913 mortem,
3077 1841 3359 1898 mortem
3388 1840 3612 1897 autem
3639 1818 3722 1862 ¹²¹⁸·

438 1943 684 2012 crucis:
716 1954 992 2035 propter
1016 1941 1192 2035 quod
1216 1955 1280 2012 et
1323 1945 1496 2013 Deus
1523 1943 1847 2013 exaltavit
1872 1945 2088 2027 illum,
2140 1957 2205 2014 et
2245 1943 2427 2014 dedit
2468 1946 2575 2015 illi
2618 1968 2861 2014 nomen
2886 1944 3063 2038 quod
3077 1958 3176 2014 est
3199 1967 3393 2038 super
3418 1966 3614 2012 omne

436 2082 696 2129 nomen.
757 2060 997 2152 Aperte
1053 2059 1211 2129 dicit
1263 2059 1615 2152 Apostolus
1667 2060 2002 2130 Christum
2067 2067 2411 2153 propterea
2470 2061 2833 2131 exaltatum
2902 2082 3020 2153 per
3068 2058 3612 2153 impassibilitatis

433 2176 712 2266 gloriam
732 2227 751 2262 ,
822 2176 981 2269 quia
1034 2184 1130 2247 est
1176 2176 1567 2247 humiliatus
1619 2200 1737 2269 per
1787 2177 2107 2269 passionis
2158 2177 2621 2247 obedientiam.
2672 2176 3033 2246 Humilitas
3084 2197 3241 2266 ergo
3295 2174 3618 2266 passionis

435 2292 742 2362 meritum
767 2291 896 2362 fuit
920 2292 1354 2381 exaltationis,
1384 2300 1449 2362 et
1476 2293 1784 2362 exaltatio
1802 2293 2147 2385 praemium
2173 2291 2588 2362 humilitatis.
2621 2292 2813 2362 Unde
2837 2292 3253 2382 Augustinus
3280 2312 3616 2383 exponens

437 2409 840 2500 praemissum
868 2417 1065 2502 caput
1082 2461 1103 2497 ,
1131 2409 1224 2478 ait
1248 2418 1273 2452 ¹
1302 2435 1318 2478 :
1361 2435 1395 2476 α
1431 2409 1512 2479 Ut
1537 2409 1838 2480 Christus
1862 2409 2334 2480 resurrectione
2359 2407 2864 2498 glorificaretur,
2893 2407 3079 2498 prius
3103 2406 3493 2476 humiliatus
3517 2414 3615 2475 est

433 2524 749 2614 passione.
778 2523 1140 2594 Humilitas
1173 2526 1483 2595 claritatis
1527 2534 1623 2595 est
1672 2526 2009 2611 meritum,
2060 2524 2323 2594 claritas
2365 2523 2758 2594 humilitatis
2803 2531 2898 2592 est
2925 2523 3291 2615 praemium.
3328 2522 3457 2592 Sed
3484 2521 3610 2591 hoc

433 2644 643 2708 totum
674 2639 922 2710 factum
942 2646 1040 2710 est
1063 2641 1135 2712 in
1177 2643 1390 2711 forma
1433 2641 1650 2728 servi3
1708 2642 1781 2710 in
1833 2641 2046 2710 forma
2099 2640 2277 2710 enim
2330 2639 2451 2709 Dei
2500 2661 2758 2733 semper
2807 2638 2959 2726 fuit,
3006 2648 3072 2708 et
3095 2639 3222 2708 erit
3246 2637 3528 2708 claritas.
3557 2662 3596 2704 ι

431 2753 594 2824 Item
618 2755 1031 2843 AmbrosiuS,
1052 2756 1227 2827 idem
1253 2767 1448 2849 caput
1473 2765 1781 2846 tractans,
1814 2758 1906 2827 ait
1930 2755 1952 2790 ⁸
1980 2782 1997 2825 ε
2030 2782 2067 2823 α
2099 2756 2271 2839 Quid
2299 2765 2365 2826 et
2390 2764 2716 2849 quantum
2743 2754 3088 2826 humilitas
3114 2763 3466 2841 mereatur,
3496 2753 3605 2823 hic

433 2871 818 2940 ostenditur.
856 2897 892 2938 »
921 2873 1042 2942 His
1068 2873 1454 2943 testimoniis
1480 2874 1747 2944 evidens
1778 2873 1880 2959 fit,
1919 2872 2100 2965 quod
2124 2872 2422 2942 Christus
2455 2895 2571 2964 per
2599 2872 3041 2942 humilitatem
3070 2879 3134 2942 et
3161 2871 3599 2940 obedientiam

434 2987 749 3079 passionis
792 2988 1037 3058 meruit
1074 2989 1607 3061 clarificationem
1652 2990 1983 3082 corporis;
2041 3011 2162 3058 nec
2197 2989 2265 3058 id
2292 2988 2536 3075 solum,
2592 2988 2707 3058 sed
2762 2989 2966 3059 etiam
3017 2989 3607 3082 Mpassibilitatem

434 3103 687 3175 animae.
721 3103 963 3175 Anima
983 3105 1161 3177 enim
1210 3107 1417 3200 ipsius
1452 3112 1608 3177 ante
1650 3114 1929 3177 mortem
1977 3113 2119 3176 erat
2161 3105 2508 3199 passibilis,
2559 3105 2729 3176 sicut
2771 3127 2923 3177 caro
2949 3107 3247 3177 mortalis
3273 3132 3292 3195 ;
3323 3105 3438 3177 sed
3464 3114 3611 3200 post

435 3228 737 3307 mortem,
771 3220 1003 3291 merito
1029 3221 1444 3310 humilitatis,
1487 3230 1552 3293 et
1576 3223 1800 3294 anima
1841 3222 2263 3315 impassibilis
2297 3222 2467 3291 facta
2507 3230 2629 3310 est,
2660 3231 2724 3291 et
2746 3244 2897 3292 caro
2921 3222 3335 3293 immortalis.
3366 3223 3609 3293 Utrum

435 3345 652 3406 autem
706 3337 930 3407 anima
980 3338 1066 3408 sit
1105 3338 1275 3409 facta
1324 3339 1771 3433 impassibilis,
1829 3338 2097 3431 quando
2149 3359 2299 3407 caro
2351 3337 2521 3407 facta
2576 3345 2673 3406 est
2718 3338 3137 3426 immortalis,
3192 3339 3435 3408 scilicet
3466 3338 3610 3431 ipso

434 3451 924 3521 resurrectionis
952 3462 1306 3543 momento,
1336 3456 1419 3542 de
1462 3455 1850 3526 auctoritate
1904 3453 2097 3524 nobis
2148 3460 2400 3523 certum
2428 3476 2563 3523 non
2590 3460 2726 3539 est3
2776 3454 2889 3523 sed
2916 3454 3023 3524 vel
3042 3476 3197 3525 mox
3223 3462 3370 3546 post
3393 3455 3610 3525 carnis

432 3567 905 3659 separationem
947 3569 1171 3640 anima
1225 3570 1747 3665 impassibilitate
1799 3570 2040 3641 donata
2094 3578 2191 3640 est
2206 3622 2228 3659 ‚
2297 3577 2414 3640 aut
2464 3569 2538 3638 in
2587 3570 3087 3659 resurrectione,
3138 3569 3404 3663 quando
3456 3592 3610 3640 caro

432 3683 749 3753 refloruit.

522 3798 670 3868 Non
693 3799 910 3871 solum
935 3801 1061 3871 hoc
1086 3804 1329 3874 meruit
1362 3804 1661 3875 Christus
1703 3803 1969 3896 quando
2013 3801 2196 3873 Patri
2241 3787 2550 3872 obediens
2592 3825 2855 3873 crucem
2892 3803 3120 3893 subiit,
3162 3803 3273 3873 sed
3300 3788 3498 3872 etiam
3522 3801 3607 3871 ab
3685 3812 3808 3864 mod
3824 3826 3849 3858 ι

318 3904 321 3911 ’
435 3914 575 4006 ipm
603 3917 1042 4007 conceptione,
1074 3941 1156 3988 ex
1181 3942 1316 4012 quo
1359 3921 1560 3990 homo
1586 3921 1797 3990 factus
1820 3926 1938 4007 est,
1971 3942 2088 4009 per
2114 3917 2527 4006 charitatem,
2558 3924 2625 3988 et
2641 3918 2993 4010 justitiam,
3026 3927 3090 4016 et
3115 3919 3278 3990 alias
3298 3919 3602 4006 virtutes,
3631 3880 3840 4011 οᾞῖιῗῖζ

436 4029 508 4098 in
533 4052 817 4123 quarum
846 4032 1253 4123 plenitudine
1276 4036 1405 4106 fuit
1428 4036 1792 4106 secundum
1819 4034 2158 4104 hominem
2186 4034 2514 4121 conditus,
2539 4034 2669 4103 sibi
2695 4042 2956 4106 tantum
2983 4036 3250 4121 meruit,
3279 4040 3603 4128 quantum
3631 3997 3849 4115 {2223}ss

434 4154 579 4236 post
603 4168 720 4238 per
745 4150 1047 4241 martyrii
1083 4151 1519 4223 mamutium.
1577 4153 1790 4221 Tuum
1838 4152 2016 4221 euim
2061 4152 2408 4244 plenitudo
2452 4151 2898 4244 spiritualium
2937 4150 3405 4221 charismatum
3427 4150 3501 4220 in
3527 4173 3610 4220 eu
3632 4122 3845 4240 ‘¹:32‘

436 4260 591 4349 fuit,
623 4264 800 4352 quod
826 4261 897 4333 in
923 4265 1018 4335 eis
1043 4267 1358 4359 proficere
1384 4289 1519 4340 non
1570 4269 1786 4363 potuit
1816 4294 1836 4355 3
1895 4275 1961 4338 et
2009 4267 2158 4338 ideo
2212 4268 2447 4337 melior
2488 4267 2693 4360 ipsius
2737 4268 2961 4338 anima
3001 4266 3150 4337 fieri
3198 4288 3337 4337 non
3361 4266 3601 4359 potuit,
3631 4258 3746 4290 '¹⁸¹³'

436 4398 635 4468 quam
658 4378 742 4446 ab
782 4379 977 4451 initio
1029 4404 1163 4453 suae
1212 4386 1606 4455 conditionis
1659 4385 1902 4472 extitit,
1960 4384 2122 4476 quia
2169 4385 2483 4477 proficere
2533 4384 2607 4454 in
2657 4384 2909 4455 meritis
2959 4407 3097 4454 non
3148 4384 3386 4455 valuit.
3417 4382 3611 4451 Unde

437 4489 789 4582 Gregorius
826 4496 918 4566 ait
940 4512 964 4547 ὁ
995 4523 1011 4566 :
1050 4526 1087 4568 α
1111 4499 1280 4571 Non.
1313 4503 1545 4573 habuit
1594 4502 1866 4572 omnino
1921 4500 2222 4571 Christus
2257 4500 2453 4592 juxta
2501 4501 2739 4571 animai
2766 4501 3104 4588 meritum,
3135 4523 3271 4593 quo
3296 4498 3615 4593 potuisset

436 4607 749 4697 proficere
764 4630 783 4690 ;
812 4611 885 4681 in
910 4616 1219 4687 membris
1245 4626 1493 4706 autem,
1523 4641 1674 4711 quae
1701 4640 1822 4687 nos
1874 4638 2133 4705 sumus,
2191 4616 2484 4709 quotidie
2528 4616 2810 4710 proficit.
2840 4615 2991 4687 Non
3015 4636 3173 4706 ergo
3197 4614 3351 4708 plus
3372 4615 3617 4686 meruit

436 4721 556 4791 sibi
597 4746 715 4815 per
737 4728 951 4797 crucis
975 4732 1372 4824 patibulum,
1402 4758 1604 4829 quam
1630 4759 1672 4805 a
1710 4733 2129 4826 conceptione
2173 4731 2418 4801 meruit
2457 4754 2575 4824 per
2600 4731 2880 4823 gratiam
2905 4733 3255 4802 virtutum.
3287 4729 3434 4800 Non
3454 4751 3614 4821 crgo

434 4838 700 4929 profecit
752 4847 1112 4919 secundum
1163 4850 1399 4923 animae
1452 4852 1784 4938 meritum,
1835 4856 2164 4943 quantum
2205 4847 2291 4916 ad
2333 4847 2648 4919 virtutem
2703 4847 2970 4935 meriti;
3051 4846 3323 4939 profecit
3388 4854 3609 4917 tamen

435 4962 759 5043 quantum
786 4961 868 5029 ad
901 4985 1256 5037 numerum
1309 4968 1718 5039 meritorum.
1775 4967 1982 5037 Plura
2030 4965 2211 5034 enim
2265 4964 2500 5033 habuit
2553 4964 2787 5034 merita
2820 4966 2894 5033 in
2940 4963 3270 5057 pusione,
3308 4986 3511 5056 quam
3535 4963 3608 5035 in

432 5073 846 5163 conceptione
884 5103 904 5162 ς
986 5081 1098 5150 sed
1151 5084 1416 5175 majoris
1466 5085 1731 5155 virtutis
1779 5107 1916 5156 non
1988 5081 2346 5151 extiterunt
2393 5080 2467 5148 in
2524 5080 2834 5150 merendo
2909 5080 3128 5172 plura,
3189 5101 3396 5172 quam
3450 5086 3606 5150 ante

431 5178 692 5256 fuerant
740 5193 1070 5282 pauciora.
1128 5197 1371 5269 Metuit
1423 5223 1579 5292 ergo
1632 5225 1673 5270 a
1713 5198 2131 5292 conceptione
2177 5219 2313 5266 non
2355 5196 2548 5267 modo
2588 5195 2868 5287 gloriam
2918 5196 3495 5289 impassibilitatis»,
3533 5202 3602 5265 et

493 5325 515 5361 ¹
537 5327 750 5395 Philip„
777 5343 838 5398 11,
859 5336 908 5398 8,
937 5340 985 5390 9.
1006 5364 1069 5379 -
1092 5341 1116 5375 ¹
1142 5344 1291 5407 Aug„
1320 5346 1374 5395 tn
1399 5345 1542 5396 Joan.
1570 5345 1786 5411 amq„
1813 5355 1942 5407 xm,
1980 5347 2029 5407 1,
2048 5343 2200 5393 met.
2227 5351 2332 5406 ειν,
2359 5354 2414 5390 n.
2437 5342 2485 5391 3.
2515 5365 2564 5376 ·-
2599 5340 2618 5373 ⁸
2646 5341 2707 5390 ln
2725 5340 2907 5392 eadem
2924 5339 3085 5393 verba
3102 5340 3260 5404 Epist.
3288 5338 3360 5391 od
3380 5337 3597 5406 Philip„

428 5399 491 5459 ιι
517 5398 566 5448 8.
584 5424 649 5438 -·
666 5401 692 5436 δ
713 5403 890 5471 Greg..
913 5411 971 5459 dn
995 5410 1202 5476 Rueck„
1222 5415 1375 5467 Hom.
1403 5425 1481 5476 vi,
1506 5429 1540 5467 a
1561 5416 1727 5479 princ.
