4185 6288
1553 501 1933 574 msrmc'r.
1979 503 2084 570 vt.
3306 509 3418 571 ui

239 654 372 737 tale,
400 659 464 721 et
484 644 1107 738 circumscriptibile
1138 641 1771 733 circumscriptibile,
1805 647 1871 706 et
1904 639 2583 730 incircumscriptibile
2625 638 3327 730 incircumscriptibile,
3359 647 3428 707 et

237 768 342 837 hoc
368 767 651 860 quidem
676 761 966 851 refulget
993 759 1350 827 miraculis,
1388 783 1425 823 n
1453 758 1549 826 De
1575 757 1700 825 hoc
1726 755 1923 823 etiam
1969 754 2387 844 Augustinus
2436 754 2517 824 de
2562 754 2887 825 Trinitate
2938 755 3032 823 ait
3062 757 3078 792 ¹
3110 779 3126 822 ε
3168 782 3203 819 «
3252 756 3428 838 Que-

235 881 652 953 madmodum
680 878 1047 949 secundum
1076 876 1384 944 deitatem
1412 895 1550 943 nna
1575 880 1671 940 est
1694 872 1933 957 Patris,
1964 870 2252 963 Filiique
2280 880 2544 958 natura,
2563 872 2655 940 ita
2681 872 2876 940 etiam
2898 871 3094 962 juxta
3119 871 3427 940 humani-

235 1008 418 1070 tatem
458 1000 697 1068 eadem
726 1004 823 1065 est
849 993 1080 1063 matris
1126 1001 1189 1059 et
1217 991 1341 1058 filii
1370 1013 1507 1059 una
1557 997 1817 1057 natura.
1853 988 1950 1055 Ex
1981 996 2257 1078 utraque
2287 1011 2444 1077 ergo
2470 986 2834 1056 substantia
2863 995 2927 1055 et
2972 985 3334 1056 divinitatis
3359 994 3426 1056 et

234 1113 656 1187 humanitatis
684 1134 864 1182 unus
881 1119 1078 1202 atque
1106 1107 1281 1175 idem
1303 1114 1399 1174 est
1428 1106 1626 1190 Deus,
1658 1104 1777 1171 Dei
1820 1112 1884 1171 et
1926 1103 2216 1172 hominis
2259 1103 2472 1171 Filius
2508 1102 2698 1172 Jesus
2726 1103 3062 1187 Christus,
3109 1111 3185 1171 ut
3227 1124 3426 1171 verus

233 1229 412 1319 Deus,
438 1231 538 1299 ita
567 1230 766 1299 etiam
794 1227 993 1296 homo
1019 1246 1239 1294 verus.
1269 1248 1305 1287 x»
1340 1222 1521 1289 Idem
1549 1220 1745 1288 etiam
1778 1219 1845 1286 in
1889 1218 2059 1287 libro
2103 1220 2291 1288 tertio
2337 1219 2588 1288 decimo
2640 1219 2723 1287 de
2771 1220 3095 1288 Trinitate
3119 1227 3143 1264 ¹
3182 1244 3196 1285 :
3240 1247 3273 1285 ι(
3313 1217 3424 1288 Sic

232 1344 355 1416 Deo
378 1344 704 1437 conjungi
729 1342 948 1435 potuit
971 1342 1264 1410 humana
1291 1346 1554 1422 natura,
1584 1344 1662 1405 ut
1689 1358 1770 1404 ex
1800 1335 2060 1404 duabus
2083 1335 2465 1404 substantiis
2490 1335 2677 1404 fieret
2704 1360 2841 1405 una
2867 1359 3168 1427 persona,
3196 1360 3272 1407 ac
3306 1359 3425 1427 per

235 1460 344 1531 hoc
360 1461 502 1553 jam
533 1470 631 1531 est
658 1483 736 1531 ex
763 1459 1003 1542 tribuS‚
1035 1457 1196 1541 Deo,
1227 1454 1449 1524 anima
1476 1461 1540 1522 et
1564 1474 1782 1521 carne.
1803 1478 1850 1521 ».
1874 1451 1994 1519 His
2019 1451 2298 1544 aliisque
2325 1450 2629 1543 pluribus
2657 1452 3156 1521 auctoritatibus
3182 1476 3249 1522 se
3279 1475 3425 1522 mu-

235 1578 446 1664 niunt,
473 1578 598 1670 qui
635 1576 869 1645 dicunt
911 1594 1258 1667 personam
1293 1569 1534 1641 Christi
1573 1568 1998 1661 compositam
2045 1590 2207 1654 esse,
2241 1569 2346 1637 vel
2387 1567 2657 1653 factam,
2699 1567 2836 1637 sive
2892 1577 3293 1638 constantem
3340 1592 3420 1638 ex

239 1692 481 1763 duabus
508 1693 792 1778 naturis,
823 1691 962 1761 sive
987 1709 1070 1758 ex
1099 1689 1309 1757 tribus
1335 1686 1743 1757 substantiis.

321 1809 491 1879 Sunt
517 1809 719 1879 etiam
747 1807 885 1894 alii,
914 1807 1032 1899 qui
1058 1806 1128 1873 in
1152 1802 1599 1873 incarnatione
1627 1801 1831 1870 Verbi
1862 1823 1995 1869 non
2044 1801 2261 1869 solum
2303 1824 2649 1893 personam
2687 1825 2770 1871 ex
2812 1801 3066 1871 naturis
3102 1803 3422 1894 composi-

243 1933 366 1994 tam
391 1935 662 2016 negant,
691 1946 929 1994 verum
954 1923 1153 1992 etiam
1200 1919 1537 1990 hominem
1584 1917 1900 2008 aliquem,
1944 1916 2083 1985 sive
2137 1918 2333 1986 etiam
2376 1918 2667 2010 aliquam
2722 1919 3156 1988 substantiam
3211 1919 3304 1988 ibi
3341 1942 3420 1988 ex

245 2042 450 2111 anima
473 2050 537 2111 et
564 2064 758 2110 carne
791 2038 1214 2131 compositam
1243 2036 1348 2105 vel
1376 2035 1613 2104 factam
1644 2033 2041 2120 diffitentur;
2091 2032 2201 2101 sed
2253 2033 2345 2101 sic
2385 2033 2501 2102 illa
2546 2034 2706 2120 duo,
2751 2035 2993 2104 scilicet
3036 2037 3328 2104 animam
3358 2047 3423 2106 et

246 2178 518 2243 carnem,
547 2157 754 2227 Verbi
779 2178 1070 2249 personae
1097 2153 1205 2222 vel
1233 2160 1487 2222 naturae
1516 2150 1704 2219 unita
1748 2172 1884 2217 esse
1911 2148 2126 2233 aiunt,
2157 2158 2236 2216 ut
2280 2172 2411 2217 non
2457 2172 2535 2217 ex
2581 2150 2715 2217 illis
2758 2150 3021 2220 duobus
3046 2153 3151 2221 vel
3198 2176 3278 2221 ex
3319 2153 3422 2222 his

250 2272 445 2342 tribus
468 2273 692 2364 aliqua
718 2279 961 2340 natura
985 2270 1091 2337 vel
1120 2290 1397 2360 persona
1426 2267 1613 2336 fieret
1647 2267 1785 2334 sive
1811 2276 2340 2357 componeretur,
2370 2266 2482 2335 sed
2519 2267 2652 2335 illis
2695 2268 2955 2337 duobus
2995 2270 3180 2338 velut
3229 2269 3424 2339 indu-

250 2395 457 2458 mento
477 2388 774 2458 Verbum
803 2387 924 2455 Dei
952 2386 1325 2469 vestiretur,
1359 2394 1430 2453 ut
1458 2383 1831 2451 mortalium
1854 2382 2062 2450 oculis
2087 2390 2527 2472 congruenter
2552 2392 2894 2476 appareret
2927 2409 2942 2451 ε
2975 2387 3093 2477 qui
3138 2386 3285 2456 ideo
3323 2387 3422 2456 di-

245 2504 401 2573 citur
425 2504 629 2572 factus
653 2526 853 2572 verus
878 2502 1101 2587 homo,
1127 2501 1287 2594 quia
1314 2500 1655 2568 veritatem
1694 2499 1908 2567 carnis
1935 2506 2000 2566 et
2026 2497 2264 2567 animae
2294 2501 2540 2590 accepit
2573 2523 2587 2565 ε
2622 2522 2769 2591 quae
2800 2501 2930 2569 duo
2957 2503 3153 2571 etiam
3184 2503 3254 2571 in
3283 2504 3419 2572 sin-

249 2619 644 2707 gularitatem
670 2619 778 2689 vel
806 2618 1129 2688 unitatem
1157 2638 1294 2685 suae
1321 2637 1618 2708 persona}
1644 2614 1960 2704 accepisse
1990 2614 2235 2702 legitur
2261 2640 2278 2699 ;
2322 2637 2455 2682 non
2485 2615 2644 2706 quia
2685 2615 2804 2684 illa
2841 2616 3010 2703 duo,
3047 2618 3154 2686 vel
3197 2620 3418 2711 aliqua

248 2755 337 2802 τω
361 2758 441 2803 ex
464 2735 591 2804 illis
618 2735 974 2827 composita
1000 2734 1086 2802 sit
1110 2756 1246 2802 una
1275 2753 1553 2824 persona
1582 2753 1734 2798 cum
1764 2729 2017 2813 Verbo,
2054 2730 2157 2797 vel
2185 2732 2271 2797 sit
2296 2731 2630 2819 Verbum3
2664 2732 2775 2800 sed
2812 2733 2972 2824 quia
3005 2733 3137 2802 illis
3161 2735 3422 2804 duobus

251 2850 673 2920 accedentibus
701 2851 950 2936 Verbo,
980 2873 1114 2919 non
1137 2834 1234 2919 est
1266 2869 1709 2940 personarum·
1730 2867 2050 2914 numerus
2077 2854 2334 2932 auctus,
2367 2855 2444 2915 ut
2472 2847 3075 2941 fieretquaternitas
3098 2852 3169 2919 in
3202 2852 3424 2920 Trini-

253 2970 406 3052 tate3
437 2976 493 3035 et
517 2968 674 3061 quia
700 2968 844 3061 ipsa
897 2989 1174 3058 persona
1201 2965 1436 3049 Verbi,
1472 2986 1625 3056 quae
1675 2964 1861 3055 prius
1904 2972 2042 3031 erat
2069 2962 2212 3031 sine
2263 2962 2678 3050 indument0,
2729 2969 3172 3059 assumptione
3226 2969 3423 3043 indu-

253 3081 437 3150 menti
461 3106 587 3153 non
613 3094 709 3154 est
737 3084 953 3154 divisa
979 3084 1085 3153 vel
1137 3089 1413 3168 mutata,
1444 3081 1553 3150 sed
1613 3102 1748 3149 una
1775 3078 2136 3171 eademque
2163 3079 2515 3149 immutata
2565 3084 2922 3174 permansit
2956 3083 3000 3153 ⁸.
3036 3084 3167 3167 Qui
3193 3108 3423 3156 secun-

255 3196 398 3266 dum
447 3199 739 3269 habitum
794 3201 1010 3269 Deum
1050 3198 1386 3269 hominem
1441 3197 1687 3265 factum
1734 3195 1964 3265 dicunt
1996 3220 2012 3264 z
2054 3196 2432 3288 accipiendo
2469 3199 2645 3266 enim
2689 3200 3052 3288 hominem,
3083 3203 3298 3271 dictus
3324 3213 3420 3273 est

257 3311 412 3382 Deus
429 3314 626 3386 factus
653 3338 792 3385 esse
819 3316 1059 3396 homo;
1092 3323 1157 3383 et
1183 3321 1450 3406 propter
1475 3320 1810 3404 acceptum
1857 3311 2194 3382 hominem
2241 3312 2483 3383 dicitur
2509 3314 2686 3384 Deus
2724 3339 2877 3386 vere
2923 3341 3061 3386 esse
3099 3318 3323 3404 homo,
3355 3328 3421 3389 et

260 3438 496 3521 propter
515 3438 954 3501 assumentem
983 3431 1219 3513 Deum,
1253 3428 1494 3498 dicitur
1520 3428 1719 3498 homo
1746 3451 1883 3497 esse
1925 3428 2125 3496 Deus.
2158 3428 2325 3497 Nam
2366 3429 2421 3498 si
2449 3432 2902 3519 essentialiter,
2936 3435 3252 3525 inquiunt
3287 3436 3415 3522 illi,

260 3540 416 3613 Deus
437 3558 593 3617 esset
616 3548 844 3635 homo,
870 3548 979 3616 vel
1007 3547 1205 3616 homo
1234 3569 1370 3615 esse
1394 3545 1573 3613 Deus
1600 3545 2109 3634 intelligeretur,
2141 3553 2299 3614 tunc
2322 3546 2378 3614 si
2406 3546 2581 3616 Deus
2603 3550 3055 3641 assumpsisset
3080 3551 3417 3621 hominem

261 3658 326 3727 in
350 3684 492 3732 sexu
517 3663 854 3748 muliebri,
887 3671 950 3732 et
994 3662 1234 3732 mulier
1259 3661 1687 3731 essentialiter
1720 3660 1898 3729 Deus
1933 3668 2124 3746 esset,
2156 3670 2222 3730 et
2261 3685 2297 3730 e
2337 3684 2675 3732 converso.
2722 3667 2813 3732 At
2856 3665 3071 3755 potuit
3111 3666 3287 3735 Deus
3319 3690 3420 3737 as-

267 3781 577 3871 sumpsisse
607 3781 947 3850 hominem
973 3779 1043 3849 in
1069 3803 1227 3848 sexu
1260 3777 1571 3847 muliebri
1607 3802 1622 3844 t
1654 3778 1870 3870 potuit
1896 3799 2051 3866 ergo
2081 3777 2326 3846 mulier
2354 3801 2491 3846 esse
2520 3779 2717 3867 Deus,
2744 3787 2809 3847 et
2835 3803 2870 3848 e
2896 3804 3232 3852 converso.

337 3892 420 3963 Ne
443 3904 656 3965 autem
686 3903 754 3964 et
776 3896 886 3964 isti
910 3897 992 3964 de
1019 3918 1144 3964 suo
1172 3895 1454 3963 influere
1482 3893 1859 3978 videantur,
1892 3893 2284 3962 testimoniis
2309 3894 2381 3961 in
2409 3894 2701 3963 medium
2732 3896 3089 3987 productiS,
3119 3900 3297 3991 quod
3317 3901 3415 3970 di-

3500 1856 3578 1899 ·Te
3585 1858 3662 1901 rtin

3465 1918 3646 1963 aliorum

3449 1985 3664 2027 sententia

269 4018 396 4077 eunt
414 4013 825 4082 confirmant.
854 4013 971 4080 Ait
995 4012 1173 4080 enim
1198 4010 1616 4099 Augustinus
1642 4009 1715 4077 in
1744 4009 1915 4077 libro
1943 4008 2024 4078 de
2053 4009 2296 4079 Gratia
2314 4012 2470 4078 novi
2494 4014 2894 4081 Testamenti
2911 4024 2971 4083 ⁴:
3005 4041 3039 4079 (ι
3070 4015 3256 4085 Sicut
3282 4039 3413 4085 non
3442 4062 3642 4106 Auem„-

270 4135 505 4214 augetur
527 4152 850 4198 numerus
873 4150 1330 4221 personarum,
1362 4148 1514 4194 cum
1541 4147 1692 4193 caro
1719 4124 1965 4194 accedit
1991 4125 2257 4210 animae,
2289 4134 2367 4195 ut
2409 4126 2492 4195 sit
2524 4150 2698 4196 unus
2744 4128 2940 4199 homo
2959 4184 2976 4216 ,
3010 4131 3102 4200 sic
3135 4155 3269 4202 non
3297 4158 3416 4203 au-
3442 4130 3551 4168 ‘⁸¹²⁵
3588 4129 3657 4168 ¹¹¹·

269 4249 421 4325 getur
441 4267 754 4314 numerus
784 4267 1237 4335 personarum,
1267 4265 1418 4311 cum
1448 4241 1648 4310 homo
1675 4240 1919 4309 accedit
1945 4241 2194 4327 Verbo,
2223 4249 2301 4309 ut
2328 4242 2414 4310 sit
2441 4265 2617 4313 unus
2644 4244 2844 4315 homo
2870 4246 3191 4317 Christus.
3223 4249 3417 4340 Legi-

3480 4189 3622 4242 ducit,

3476 4252 3634 4303 qunbus

3444 4313 3508 4355 hae

268 4360 353 4422 tur
374 4358 578 4452 itaque
605 4362 788 4429 Deus
814 4360 1009 4429 homo
1047 4361 1167 4449 (a),
1198 4367 1273 4428 ut
1296 4358 1747 4447 intelligamus
1769 4356 1972 4448 hujus
1999 4380 2295 4448 personae
2322 4359 2875 4448 singularitatem,
2917 4386 3051 4431 non
3085 4373 3162 4433 ut
3203 4366 3415 4457 suspi-
3442 4326 3660 4419 tenea-⁸22]

268 4489 452 4545 eemur
479 4477 547 4545 in
578 4500 846 4546 carnem
889 4484 1208 4545 mutatam
1256 4473 1692 4543 divinitatem.
1726 4500 1761 4538 1>
1813 4473 1994 4542 Idem
2024 4496 2331 4566 quoque,
2365 4482 2645 4544 tractans
2684 4477 2855 4547 illud
2892 4480 3169 4548 verbum
3208 4481 3417 4572 Apos-

267 4587 440 4657 toli⁸:
469 4593 722 4662 Habitu
747 4592 1050 4662 inventus
1082 4603 1177 4662 est
1229 4603 1306 4658 ut
1341 4590 1562 4676 homo,
1610 4590 1953 4659 manifeste
1981 4591 2266 4660 ostendit
2310 4591 2521 4660 Deum
2550 4593 2679 4661 dici
2733 4594 2980 4664 factum
3025 4619 3161 4665 esse
3203 4597 3416 4667 homi-

261 4721 408 4793 nem,
435 4710 536 4777 vel
562 4732 701 4779 esse
755 4707 1092 4777 hominem
1146 4706 1508 4775 secundum
1563 4705 1890 4791 habitum,
1936 4706 2010 4774 in
2063 4707 2235 4775 libro
2263 4709 2633 4778 LXXXIII
2660 4712 3137 4797 Quaestionum,
3170 4713 3264 4783 ita
3313 4715 3415 4782 in-

263 4819 463 4906 quiens
486 4826 510 4862 ⁸
540 4848 555 4891 t
593 4851 627 4890 «
663 4823 896 4892 Multis
929 4824 1140 4891 modis
1167 4823 1468 4891 habitum
1493 4821 1777 4890 dicimus
1806 4822 1955 4890 :vel
1986 4821 2286 4891 habitum
2312 4825 2543 4909 animi,
2574 4825 2743 4893 sicut
2765 4826 3124 4918 disciplinae
3150 4852 3412 4922 percep·

263 4931 471 5007 tionem
507 4964 632 5010 usu
659 4941 1033 5024 firmatam3
1072 4940 1176 5008 vel
1205 4938 1508 5007 habitum
1554 4937 1869 5029 corporiS,
1898 4938 2067 5007 sicut
2096 4938 2374 5007 dicimus
2414 4940 2624 5007 alium
2664 4941 2795 5009 alio
2823 4943 3254 5033 validiorem3
3303 4947 3408 5016 vel

259 5044 520 5124 habitum
547 5079 808 5144 eorum,
823 5078 976 5147 quae
1002 5054 1313 5127 membris
1338 5054 1914 5124 accommodantur
1925 5053 2353 5137 extrinsecus,
2379 5062 2457 5123 ut
2479 5077 2633 5124 cum
2650 5055 2932 5126 dicimus
2956 5059 3247 5152 aliquem
3268 5084 3412 5133 ves—

317 5229 330 5263 ¹
355 5232 450 5284 Ιωο
474 5241 647 5288 auctor
670 5251 884 5287 sermon.
905 5236 967 5286 de
987 5241 1135 5287 temo.
1159 5246 1343 5295 exem,
1366 5235 1432 5285 al.
1458 5247 1748 5300 ccxxxvm,
1781 5250 1834 5284 n.
1865 5237 1916 5298 3,
1944 5235 1998 5284 in
2018 5234 2253 5299 Append.
2278 5234 2428 5297 Oper.
2474 5235 2530 5282 S.
2559 5237 2711 5298 Aug..
2736 5237 2778 5283 t.
2799 5235 2863 5296 V,
2894 5251 2946 5299 p.
2972 5239 3084 5288 391.
3111 5266 3174 5279 -
3201 5243 3223 5276 ²
3256 5243 3410 5307 Aug„

264 5294 312 5345 ἀὲ
339 5301 515 5369 trinit„
535 5308 619 5360 lib.
656 5309 793 5373 xlll,
815 5322 863 5358 c.
884 5319 1017 5367 xvn,
1035 5292 1096 5357 ns
1120 5310 1199 5358 22.
1218 5306 1321 5344 —0
1345 5309 1523 5372 Greg.,
1552 5308 1605 5355 in
1632 5305 1830 5367 Ezech„
1866 5306 2008 5356 hom.
2038 5318 2159 5365 vm,
2186 5308 2304 5368 post
2324 5303 2463 5352 med.
2484 5330 2548 5341 —
2566 5304 2588 5339 ὅ
2618 5309 2764 5368 Aug„
2801 5306 2871 5355 ad
2900 5308 3202 5360 Honoratum
3224 5351 3241 5375 ,
3262 5315 3408 5377 epist.

265 5377 367 5431 ΩΣΧ.
388 5375 574 5442 then„
593 5394 641 5433 c.
675 5391 751 5443 Π,
791 5393 846 5429 n.
889 5383 969 5429 12.
1003 5402 1061 5415 -
1080 5378 1104 5416 Ι
1125 5377 1281 5440 Phil„
1306 5387 1368 5440 11,
1391 5377 1559 5427 7.-⁸
1575 5383 1730 5443 Aug„
1767 5376 1828 5427 de
1847 5376 2031 5426 divers.
2063 5374 2318 5427 LXXXIII
2334 5373 2536 5435 Qua-rt„
2565 5389 2617 5440 q.
2654 5387 2840 5439 num,
2864 5390 2918 5428 n.
2945 5383 2991 5428 1.

322 5485 378 5548 (⁰)
404 5489 531 5546 Edit.
557 5494 731 5549 Benaci.
759 5494 905 5559 Oper.
938 5493 993 5545 S.
1016 5494 1164 5557 Auq„
1195 5493 1369 5559 itaque
1404 5493 1617 5544 Verbum
1642 5507 1761 5544 caro
1780 5494 1974 5558 sactum
1997 5497 2089 5544 est.

3445 4440 3637 4483 bor-atur.
