4185 6288
3404 568 3475 619 n

289 699 547 768 Paulum
569 702 985 788 Gry-eoldum
1019 704 1239 773 Perus.
1282 707 1353 771 in
1394 707 1602 773 Decis.
1637 704 1756 786 fid.
1803 704 2009 773 cathol
2047 709 2110 772 et
2153 712 2360 788 apost.
2373 724 2403 788 ;
2437 708 2632 790 atque
2677 705 3033 772 Adrianum
3080 703 3474 772 Florentium

306 827 548 912 iject.
577 830 824 896 inxvu
853 832 1170 914 seruent„
1197 851 1262 916 q.
1287 831 1367 898 de
1391 834 1641 899 remiss.
1670 839 1981 915 peccator.
2004 835 2438 915 postmortem
2464 832 2507 892 ¹.

316 982 323 989 ·
382 977 409 1015 ι
437 954 560 1021 Nec
586 958 974 1039 opposueris
1006 958 1343 1041 (eumdem)
1373 958 1657 1024 docuisse
1683 957 2063 1042 Symbolum
2092 956 2146 1022 N
2151 955 2334 1021 icaeni
2360 955 2618 1020 Concilii
2648 955 2929 1039 (editum)
2963 955 3055 1022 ad
3084 957 3475 1037 mamutio-

316 1096 439 1147 παπ
460 1081 997 1149 multimodarum
1020 1082 1331 1150 hoeresum
1352 1082 1834 1165 pullulantium,
1864 1087 2056 1166 atque
2081 1082 2245 1146 inter
2273 1082 2388 1145 has
2411 1098 2937 1147 commemorasse
2962 1080 3253 1148 haeresim
3278 1083 3479 1165 Euty-

318 1206 440 1272 dtis
470 1211 534 1273 et
561 1207 869 1286 Neston'i,
893 1225 1045 1290 quse
1074 1210 1289 1272 tamen
1313 1206 1509 1289 longe
1535 1212 1752 1291 postea
1778 1207 2118 1291 pullulavit
2142 1228 2160 1286 ;
2205 1206 2270 1271 id
2297 1207 2535 1291 quippe
2577 1205 3063 1288 intelligendum
3103 1210 3197 1270 est
3221 1206 3300 1271 de
3325 1225 3478 1271 san-

318 1331 539 1395 citisin
578 1332 805 1396 eodem
830 1331 1132 1412 concilio,
1162 1348 1277 1414 per
1299 1348 1443 1414 quoe
1463 1339 1719 1415 possent
1756 1334 2024 1400 hoereses
2058 1334 2386 1413 conflatori
2405 1379 2428 1412 ‚
2474 1330 2714 1397 nedum
2752 1336 2903 1396 tunc
2943 1336 3219 1408 exortae‚
3266 1330 3376 1395 sed
3413 1334 3479 1395 et

318 1459 524 1537 postea
573 1457 946 1522 exoritura.
988 1455 1093 1521 Sic
1135 1474 1221 1521 ex
1251 1455 1498 1539 scriptis
1534 1456 1915 1522 Sanctorum
1960 1454 2225 1521 Patrum
2272 1455 2542 1520 diversae
2583 1454 2957 1519 refelluntur
2987 1454 3285 1534 haereses,
3330 1471 3479 1537 quae

320 1583 523 1643 tamen
548 1580 839 1645 nondum
864 1583 1056 1663 caput
1081 1581 1459 1660 extulerant,
1488 1562 1745 1664 quando
1774 1580 1865 1644 illi
1896 1584 2140 1645 veteres
2168 1579 2381 1644 Patres
2405 1579 2731 1662 scripsere.
2763 1578 2857 1642 Ita
2879 1596 3136 1661 quoque
3163 1577 3231 1642 in
3258 1577 3480 1642 Conci-

322 1701 401 1765 lio
423 1703 762 1786 Ephesino,
792 1722 877 1768 an
901 1708 1045 1784 431,
1076 1711 1296 1770 contra
1319 1703 1714 1787 Nestorium,
1743 1705 1899 1772 etin
1927 1705 2416 1772 chalcedonensi
2433 1754 2451 1782 ,
2478 1723 2589 1772 an.
2616 1709 2728 1770 ⁴51
2750 1753 2772 1784 ,
2802 1710 3021 1770 eontra
3044 1703 3375 1788 Eutychen
3400 1704 3481 1769 ad

327 1825 649 1893 Nicaenum
694 1828 1074 1912 Symbolum
1120 1834 1536 1912 provocatum
1574 1835 1689 1896 est.
1747 1831 1814 1896 ld
1860 1834 2168 1916 praeterea
2210 1830 2290 1895 de
2338 1829 2388 1895 N
2397 1830 2596 1895 icaeno
2636 1828 2942 1921 Symbolo
2995 1829 3481 1912 intelligendum

330 1953 665 2018 secundum
689 1970 768 2018 ea
794 1953 1223 2018 additamenta
1241 2001 1262 2034 ,
1289 1971 1438 2037 quae
1464 1956 1545 2021 ad
1572 1957 2049 2040 proscribendos
2077 1956 2290 2023 varias
2325 1956 2601 2023 haereses
2627 1960 2874 2039 postea,
2905 1956 3165 2039 majoris
3202 1956 3482 2040 explica·

332 2079 503 2143 tionis
530 2078 759 2160 gratia,
779 2079 900 2163 ipsi
925 2084 1345 2144 accesserunt.

404 2223 434 2263 ι
467 2201 640 2282 Quod
679 2203 735 2267 si
773 2203 1043 2268 ulterius
1072 2204 1340 2285 urseris,
1382 2203 1900 2273 Bonaventuram
1937 2206 2026 2271 ita
2060 2206 2436 2289 explicuisse
2486 2206 2926 2290 Apostolorum
2970 2205 3370 2291 Symbolum,
3408 2211 3484 2272 ut

341 2337 604 2419 singulos
629 2340 684 2421 ej
695 2356 771 2403 us
812 2338 1113 2403 artimiloe
1150 2339 1450 2422 apostolis
1481 2339 1754 2422 siugulis
1790 2341 2183 2417 attribuerit,
2214 2359 2287 2406 ac
2327 2340 2704 2425 Symbolum
2741 2341 3004 2425 insuper
3039 2341 3325 2406 laudasse
3362 2340 3483 2404 sub

342 2473 575 2537 nomine
611 2473 964 2540 Athanasii
999 2472 1279 2541 doctoris
1309 2475 1629 2557 prcecipai
1644 2492 1673 2557 ;
1698 2473 1821 2539 hoc
1857 2478 1992 2540 esto
2030 2476 2225 2541 breve
2258 2494 2682 2560 responsum:
2714 2476 2989 2561 idipsum
3026 2475 3182 2541 alios
3210 2475 3484 2541 illustres

349 2600 678 2681 viroe,1um
703 2601 1172 2668 Bonaventurae
1201 2621 1454 2670 eoaevos
1481 2651 1501 2684 ,
1531 2608 1673 2669 tum
1701 2604 1840 2688 ipso
1877 2605 2266 2689 antiquiores
2290 2606 2530 2687 egisse,
2560 2607 2799 2689 absque
2829 2606 2961 2671 ullo
3003 2623 3227 2671 eorum
3266 2606 3481 2671 erudi-

352 2726 518 2792 tionis
555 2747 629 2792 ac
669 2729 976 2796 doctrinae
1024 2730 1327 2795 dedecore
1359 2748 1435 2794 ac
1466 2729 1861 2813 praejudicio.
1904 2729 2225 2795 Incertum
2262 2731 2522 2813 quidem
2563 2731 2627 2795 id
2668 2749 2796 2812 cgo
2842 2750 3097 2814 quoque
3151 2747 3477 2811 agnosco:

353 2852 479 2917 novi
498 2856 705 2920 tamen
728 2855 883 2920 hinc
909 2855 1197 2938 opinioni
1237 2856 1452 2921 favere
1492 2852 1801 2920 Rufinum
1842 2854 2317 2937 Aquileiensem
2359 2831 2803 2938 presbyterum
2822 2903 2841 2934 ,
2872 2855 3054 2919 initio
3097 2855 3482 2922 Commenta·

357 2976 564 3042 riorum
588 2982 658 3045 in
677 2978 1065 3062 symbolum,
1093 2983 1283 3062 atque
1309 2977 1727 3043 Hincmarum
1755 2977 2180 3044 Rhemeusem
2217 2978 2760 3062 archiepiscopum
2794 2979 2860 3043 in
2886 2979 3149 3061 epistola
3175 2978 3483 3047 adversus

359 3103 612 3190 Episcop.
637 3104 1127 3174 Laudzmensem
1150 3126 1169 3185 ;
1195 3103 1349 3170 item
1375 3103 1444 3170 S.
1474 3101 1774 3183 Leonem,
1803 3103 1984 3188 epist.
2015 3121 2222 3184 xxvu,
2253 3103 2337 3168 al.
2365 3122 2501 3186 xm,
2531 3104 2622 3172 ad
2647 3104 3052 3173 pulcheriam
3080 3107 3434 3190 Anqustam
3456 3127 3486 3192 ,-

358 3227 699 3298 venantium
723 3231 1173 3312 Fortunatam,
1201 3231 1316 3296 lib.
1347 3230 1428 3310 11,
1458 3228 1575 3294 ubi
1599 3229 1978 3313 Symbolum
2005 3247 2332 3314 exponens
2354 3229 2578 3295 eadem
2603 3230 2734 3296 sere
2760 3231 2984 3312 habet,
3015 3249 3162 3314 quae
3188 3234 3487 3315 praefatus

358 3351 611 3435 Rufinus,
653 3362 1107 3439 auctoremque
1144 3355 1457 3421 sermonis
1482 3372 1609 3420 cxv
1635 3353 1714 3420 de
1745 3354 2038 3437 Tempore
2063 3355 2231 3420 inter
2269 3354 2336 3420 S.
2370 3354 2721 3437 Augustini
2763 3373 2955 3440 opera
2977 3405 2994 3438 ‚
3025 3359 3144 3421 etc.
3175 3357 3353 3425 Unde
3393 3359 3486 3425 nil

358 3482 561 3546 mirum
586 3482 753 3565 quod
775 3500 920 3546 eam
944 3481 1153 3563 ipsam
1180 3480 1551 3564 opinionem
1579 3479 1767 3544 suerit
1793 3478 2017 3545 Doctor
2042 3483 2258 3546 noster
2283 3480 2642 3565 amplexus,
2672 3499 2807 3546 una
2832 3500 2983 3547 cum
3011 3482 3149 3548 aliis
3173 3485 3487 3567 theologis

360 3603 635 3687 plurimis,
679 3611 758 3672 ut
793 3607 965 3671 recte
1004 3609 1223 3670 monet
1245 3603 1320 3669 P.
1365 3603 1742 3670 Franciscus
1786 3603 2011 3669 Henno
2027 3611 2072 3667 ⁹.
2106 3603 2335 3669 Contra
2374 3623 2530 3671 vero
2567 3605 3041 3672 Tillemontium
3059 3656 3077 3689 ,
3107 3608 3223 3692 qui
3247 3610 3272 3647 ⁸
3308 3609 3487 3676 nullo

360 3729 727 3796 fundamento
746 3731 969 3796 nixam
996 3733 1201 3814 putat,
1230 3728 1492 3796 videndi
1516 3728 1846 3795 clarissimi
1872 3728 2343 3795 continuatores
2368 3729 2654 3796 Bollandi
2674 3730 2719 3796 ⁸.

424 3876 452 3917 s
480 3856 803 3936 Caeterum,
831 3857 1005 3940 quod
1029 3854 1285 3940 respicit
1302 3855 1543 3939 stylum
1567 3854 1943 3938 hujusmodi
1970 3854 2608 3938 Commentariorum,
2638 3857 3046 3925 scholasticus
3069 3861 3338 3927 omnino
3365 3866 3484 3942 est,

359 4002 419 4049 ac
438 3985 629 4051 seculo
643 4034 664 4068 ,
689 4002 820 4070 quo
848 3984 918 4051 S.
947 3982 1397 4050 Bonaventura
1425 3980 1713 4066 scripsit,
1742 3981 2031 4065 apprime
2074 3981 2492 4077 conveniens,
2525 3983 2604 4047 iis
2647 3983 2841 4048 etiam
2884 3986 2967 4051 ab
3009 3986 3271 4070 antiquo
3309 3986 3487 4053 Latio

360 4108 547 4176 alienis
576 4110 907 4178 abundans
943 4108 1271 4176 vocabulis
1285 4156 1305 4189 ,
1332 4126 1482 4192 quae
1507 4125 1732 4174 ansam
1758 4108 2216 4174 recentioribus
2248 4108 2484 4173 criticis
2507 4110 2923 4193 praebuerunt
2960 4112 3314 4195 rejiciendi,
3340 4131 3488 4197 per-

356 4252 542 4318 peram
562 4243 799 4316 tamen,
827 4237 910 4302 ad
935 4235 1303 4321 apocrypha
1326 4239 1391 4302 et
1412 4235 1658 4319 spuria,
1680 4235 1985 4320 pleraque
2010 4236 2587 4316 Bonaventuriana,
2632 4238 2790 4320 puta
2818 4256 2835 4301 ε
2866 4236 3142 4315 Aliena,
3169 4237 3249 4305 de
3273 4237 3486 4319 facili,

356 4365 673 4445 rectificare
686 4411 705 4443 ‚
732 4363 1098 4444 habilitare,
1127 4362 1515 4446 ramifieare,
1542 4365 1688 4442 etc.;
1719 4380 1930 4446 neque
1956 4380 2178 4428 carens
2202 4363 2497 4448 pluribus
2524 4362 2757 4446 graecis
2785 4363 3130 4445 vocabulis,
3160 4380 3441 4446 quorum
3463 4370 3486 4406 ⁸

352 4508 423 4558 ne
443 4491 623 4561 levem
644 4490 903 4578 quidem
920 4490 1228 4577 peritiam
1250 4488 1548 4558 habuisse
1572 4488 2086 4584 Bonaventuram
2123 4490 2325 4555 critici
2357 4490 2480 4575 ipsi
2511 4488 2923 4556 contendunt.
2963 4487 3068 4554 An
3109 4491 3325 4553 noster
3360 4488 3484 4554 Bo·

351 4621 677 4684 naventma
697 4616 971 4701 loquens
997 4616 1075 4682 de
1106 4615 1507 4682 distinctione
1541 4617 1709 4682 inter
1736 4617 2098 4704 inqenitam
2125 4634 2276 4683 cum
2316 4635 2448 4683 uno
2490 4635 2566 4697 n,
2595 4621 2661 4681 et
2685 4617 3094 4699 mecanicum
3119 4632 3234 4698 per
3260 4614 3389 4681 duo
3413 4633 3484 4696 n,

345 4745 563 4830 absque
599 4744 821 4811 saltem
848 4743 975 4812 levi
1002 4758 1224 4828 σταται
1258 4744 1498 4827 linqua»
1520 4743 1789 4826 peritia,
1820 4743 2192 4811 adseverare
2223 4744 2536 4827 potuerit,
2580 4744 2754 4828 quod
2791 4744 2919 4810 ltoec
2963 4742 3331 4821 distinctio,
3364 4745 3489 4811 etsi

340 4872 535 4940 valeat
562 4870 738 4955 apud
766 4871 1032 4946 Graecos,
1051 4884 1184 4937 non
1207 4872 1413 4937 tamen
1438 4867 1620 4952 apud
1634 4870 1900 4936 Latinos
1922 4876 1968 4949 ⁶,
1998 4868 2275 4934 dixerint
2295 4869 2743 4954 sapientiores:
2773 4886 3052 4953 quorum
3081 4868 3273 4935 etiam
3288 4868 3485 4936 inter·

336 5001 450 5067 erit
478 4998 797 5084 judicare,
842 5014 929 5062 an
958 4995 1132 5061 idem
1172 4992 1622 5061 Bonaventura
1653 4995 1893 5077 absque
1930 4994 2109 5060 omni
2138 4994 2386 5077 linguae
2413 5011 2646 5077 graecae
2682 5011 2905 5076 sapore
2947 4994 3222 5060 scrihere
3259 4997 3489 5078 potue«-

329 5127 448 5193 rit²
490 5147 509 5190 ι
547 5148 579 5187 ι
618 5125 716 5191 Ab
743 5122 870 5189 hoc
908 5119 1169 5187 nomine
1205 5120 1525 5203 Prosopon
1569 5121 1742 5204 apud
1784 5119 2064 5202 Graecos,
2107 5122 2381 5186 tractum
2423 5122 2521 5187 est
2559 5120 2682 5185 hoc
2719 5136 2957 5185 nomeu
2998 5117 3279 5187 Persona
3317 5119 3490 5203 apud

392 5285 411 5320 ί
430 5280 550 5331 vid.
569 5277 847 5344 praesertim
863 5277 929 5326 D.
954 5273 1169 5338 ceillier,
1186 5274 1319 5325 Hist.
1345 5275 1457 5338 qe'n.
1481 5275 1567 5325 des
1582 5278 1688 5326 aut.
1705 5276 1895 5339 eccles„
1921 5279 2048 5326 torn.
2075 5275 2160 5339 xl,
2179 5289 2229 5339 p.
2252 5277 2363 5337 580,
2390 5273 2509 5326 edit.
2539 5273 2776 5325 Vives-
2795 5274 2988 5324 ’Tmen
3018 5274 3079 5337 ll,
3098 5273 3159 5322 de
3192 5271 3485 5338 Virtutibus,

326 5364 517 5429 disput.
547 5369 585 5424 ι,
612 5372 664 5424 q.
684 5368 755 5420 Π,
783 5359 880 5409 art.
908 5357 959 5417 7,
986 5354 1151 5407 coucl.
1173 5366 1210 5405 1.
1229 5379 1294 5391 —
1321 5352 1344 5388 ⁸
1366 5355 1627 5406 Memoim
1644 5356 1809 5408 eccles.
1835 5393 1853 5420 ,
1873 5371 1926 5420 p.
1957 5358 2066 5407 649.
2086 5381 2151 5393 —-
2176 5355 2200 5392 δ
2222 5355 2298 5406 Ad
2319 5355 2456 5406 diem
2485 5357 2541 5405 ¹5
2565 5352 2697 5418 julii,
2718 5352 2773 5404 in
2799 5355 3088 5406 comment.
3116 5352 3292 5405 histor.
3324 5352 3483 5404 critic.

324 5445 384 5495 de
406 5440 577 5495 Dim.
598 5440 773 5505 apost..
802 5451 859 5490 n.
883 5438 915 5488 6
933 5438 988 5488 et
1011 5437 1060 5487 7.
1076 5460 1140 5475 -
1165 5433 1190 5469 ⁸
1213 5433 1333 5487 Vid.
1358 5433 1657 5486 Diatrib.de
1679 5435 1865 5501 script.
1883 5438 1940 5488 S.
1961 5438 2168 5496 Bonae„
2196 5440 2322 5488 sect.
2365 5445 2444 5497 ιιι,
2471 5447 2526 5486 n.
2552 5436 2601 5496 3,
2637 5434 2789 5500 hujus
2828 5434 2950 5486 edit.
2972 5438 3100 5484 tom.
3131 5435 3171 5496 l,
3191 5446 3308 5498 pag.
3335 5444 3482 5485 um.

324 5523 425 5563 ...ο
451 5521 669 5573 snm,
698 5518 785 5571 ab,
810 5520 854 5584 ι,
873 5516 993 5572 dist.
1012 5527 1134 5581 xm,
1160 5518 1259 5570 art.
1284 5520 1331 5579 ⁵,
1351 5526 1511 5580 q.1v;
1534 5513 1681 5577 ibid„
1702 5530 1755 5582 p.
1784 5518 1895 5582 228,
1916 5516 2015 5568 col.
2038 5516 2193 5567 2.-·¹
2218 5514 2496 5582 loid.,dist.
2525 5519 2794 5581 xxm,art.
2826 5521 2871 5581 t,
2893 5530 2945 5582 q.
2976 5526 3011 5579 1,
3030 5527 3156 5581 pag.
3184 5515 3300 5582 378,
3315 5512 3415 5565 eol.
3437 5517 3484 5573 1.
