4185 6288
62 1966 129 2013 Ad
150 1979 252 2026 opp.

1207 430 1404 497 DIST.
1444 427 1685 497 xxvn.
1723 426 1906 495 ΛΒΤ.
1953 428 2032 497 11.
2077 431 2381 511 QUAEST.
2428 437 2533 503 vl.

357 571 416 631 4.
447 565 547 630 Ad
570 565 874 650 ultimum
901 566 1077 650 quod
1097 567 1398 649 objicitur
1418 565 1497 644 de
1525 582 1813 642 excessu,

278 678 448 758 patet
473 674 842 757 responsio:
872 675 1030 758 quia
1056 674 1271 757 objicit
1315 674 1394 739 de
1434 672 1625 739 modo
1645 721 1663 752 ,
1705 671 1817 756 qui

276 800 410 846 non
437 781 644 847 solum
683 785 778 846 est
824 801 908 847 ex
947 785 1129 866 parte
1165 782 1421 847 virtutis
1458 779 1772 846 moventis
1791 828 1813 858 ,

278 891 387 955 sed
432 891 625 956 etiam
670 910 753 957 ex
789 896 967 975 parte
1007 892 1238 974 objecti
1257 939 1274 969 ‚
1311 891 1426 975 qui
1458 891 1650 955 etiam
1680 907 1816 955 me-

279 996 456 1062 dium
494 997 710 1063 locum
740 1002 913 1064 tenet
950 1004 1242 1082 respectu
1279 997 1589 1080 superflui
1623 1000 1688 1061 et
1715 996 1820 1062 di-

278 1106 514 1171 minuti
542 1128 558 1171 :
589 1111 655 1171 et
696 1111 852 1171 tunc
879 1126 1008 1174 non
1054 1111 1151 1172 est
1192 1106 1469 1189 reperire
1509 1105 1676 1168 circa
1701 1121 1819 1166 ac·-

277 1215 417 1276 tum
443 1212 795 1279 dilectionis
820 1213 968 1293 Dei,
999 1214 1164 1281 sicut
1205 1215 1382 1296 prius
1411 1214 1653 1276 tactum
1679 1214 1815 1288 est,

276 1324 538 1404 propter
564 1320 1060 1387 immensitatem
1085 1321 1285 1405 ipsius
1309 1320 1565 1405 objecti.

795 1559 1154 1638 QUAESTlo
1195 1559 1302 1626 vl.

279 1714 374 1772 An
403 1721 677 1774 teneamur
707 1715 931 1788 diliqere
958 1718 1125 1772 Deum
1162 1731 1229 1772 ex
1257 1717 1367 1770 toto
1396 1714 1580 1780 corde,
1611 1729 1678 1771 a
1708 1718 1825 1770 tota

633 1807 863 1877 anima,
891 1809 944 1861 et
972 1822 1039 1862 ex
1063 1807 1211 1861 omni
1236 1808 1411 1860 mente
1436 1803 1478 1860 ¹.

363 1963 591 2028 Utrum
645 1968 980 2030 teneamur
1023 1964 1105 2028 ad
1149 1963 1338 2028 illum
1380 1963 1647 2027 modum
1696 1963 1825 2027 im·-

278 2070 585 2154 plendum
605 2119 627 2151 ‚
662 2088 854 2160 quem
892 2069 1205 2134 Dominus
1230 2070 1302 2133 in
1340 2075 1657 2152 praecepto
1701 2069 1824 2134 im-

276 2177 471 2259 plicat
493 2185 516 2218 ¹
556 2196 573 2240 ε
604 2178 853 2260 Bitiae-3
895 2179 1238 2244 Dominum
1281 2178 1485 2243 Deum
1523 2182 1703 2243 tuum
1744 2193 1828 2242 ex

279 2293 411 2356 toto
438 2287 622 2355 corde
663 2295 769 2356 tuo
791 2339 808 2368 ‚
840 2294 898 2356 et
927 2303 1012 2355 ez·
1039 2294 1174 2355 tota
1202 2289 1429 2354 anima
1453 2337 1472 2362 ,
1493 2295 1562 2354 et
1587 2304 1669 2354 ατ
1698 2293 1830 2355 τοτα

276 2402 487 2465 mente
504 2416 528 2461 :
557 2400 621 2461 et
648 2398 818 2479 quod
843 2416 998 2476 non,
1031 2396 1289 2460 videtur
1315 2396 1522 2478 primo
1561 2396 1830 2460 auctori-

275 2508 408 2569 tate
454 2504 802 2585 Augustini
841 2509 900 2582 ⁸,
943 2522 1088 2586 quae
1139 2503 1413 2567 habetur
1454 2503 1521 2566 in
1565 2503 1775 2567 littera
1808 2525 1824 2567 ε

284 2634 317 2673 ιι
353 2609 513 2675 Cum
563 2610 729 2676 inest
772 2610 1016 2692 aliquid
1060 2610 1331 2674 carnalis
1372 2612 1827 2693 concupiscen-

279 2719 389 2783 tiae
411 2770 430 2800 ,
459 2736 595 2784 non
617 2717 981 2783 omnimode
1008 2736 1091 2782 ex
1131 2721 1262 2781 tota
1298 2718 1517 2781 anima
1542 2718 1831 2801 diligitur

278 2828 472 2893 Deus,
502 2852 533 2889 n
569 2829 695 2895 Sed
729 2847 981 2893 necesse
1010 2832 1107 2892 est
1138 2828 1209 2892 in
1234 2828 1356 2892 hac
1389 2828 1525 2892 vita
1549 2846 1685 2893 esse
1712 2827 1832 2892 ali-

279 2937 442 3020 quid
481 2936 752 3016 carnalis
794 2935 1319 3018 concupiscentiae
1352 2955 1370 2998 ε
1402 2954 1561 3017 ergo
1588 2937 1825 3019 impos-

279 3045 465 3108 sibile
510 3051 606 3108 est
649 3045 915 3126 implere
956 3043 1117 3108 illud
1161 3047 1554 3125 praeceptum
1598 3042 1667 3105 in
1710 3042 1832 3107 hac

285 3151 426 3216 vita
465 3151 624 3215 :sed
672 3150 893 3215 nullus
945 3153 1200 3214 tenetur
1248 3148 1330 3212 ad
1384 3149 1827 3232 impossibile=

280 3275 446 3341 ergo
473 3275 606 3323 non
632 3261 928 3322 tenemur
953 3256 1035 3320 ad
1061 3258 1201 3338 ejus
1231 3254 1685 3338 impletionem.

368 3363 527 3429 ltem
543 3362 929 3446 impossihile
949 3368 1045 3428 est
1062 3363 1084 3396 ¹·
1105 3362 1349 3444 aliquid
1370 3362 1619 3427 moveri
1637 3362 1830 3426 simul

281 3473 349 3534 et
377 3469 573 3534 semel
600 3468 905 3552 oppositis
924 3467 1202 3532 motibus
1233 3490 1247 3531 ε
1277 3468 1386 3532 sed
1415 3469 1653 3548 anima,
1675 3469 1834 3532 dum

290 3577 481 3640 estin
507 3594 732 3655 carne,
757 3576 950 3641 habet
973 3579 1225 3640 motum
1250 3576 1566 3641 reflexum
1591 3577 1674 3641 ad
1699 3595 1834 3640 cor-

284 3702 433 3767 pus,
465 3683 893 3766 quia⁸corpus
921 3682 1093 3765 quod
1116 3685 1569 3765 corrumpitur,
1602 3698 1834 3766 αθηνα-

282 3799 400 3861 υαῑ
430 3795 719 3860 animam
746 3812 769 3856 .·
796 3810 954 3874 ergo
982 3810 1113 3856 non
1140 3796 1343 3875 potest
1382 3792 1657 3857 totaliter
1682 3791 1834 3855 ferri

283 3901 357 3964 in
385 3899 620 3975 Deum;
648 3905 712 3964 et
738 3900 828 3963 sic
858 3900 1075 3978 hom0,
1108 3899 1419 3982 quamdin
1442 3904 1535 3963 est
1563 3899 1632 3962 in
1658 3898 1793 3963 vita
1812 3945 1830 3976 ‚

282 4025 420 4072 non
465 4012 671 4091 potest
715 4007 921 4072 Deum
980 4007 1247 4088 diligere
1294 4026 1378 4071 ex
1421 4010 1554 4072 toto
1597 4007 1830 4072 corde:

285 4132 449 4196 ergo
466 4134 600 4180 non
626 4119 923 4180 tenemur
951 4114 1142 4178 modo
1175 4114 1286 4179 illo
1309 4113 1516 4179 Deum
1544 4114 1831 4195 diligere.

374 4220 534 4286 Item
569 4222 639 4285 in
677 4221 796 4285 hac
836 4221 971 4286 vita
1005 4220 1118 4285 diu
1159 4237 1296 4285 esse
1326 4239 1460 4284 non
1495 4238 1837 4304 possumus

287 4329 431 4395 sine
468 4328 705 4395 veniali
748 4331 1004 4411 peccato
1043 4351 1058 4392 ε
1101 4328 1210 4393 sed
1247 4346 1396 4392 cum
1436 4331 1651 4411 peccat
1693 4326 1839 4409 quis

289 4435 649 4516 venialiter,
672 4440 887 4519 peccat
910 4439 1092 4500 motu
1119 4435 1234 4518 qui
1257 4451 1376 4499 nec
1392 4437 1489 4497 est
1509 4433 1580 4497 in
1606 4432 1834 4511 Deum,

289 4560 416 4606 nec
455 4542 537 4617 ad
580 4542 764 4606 illum
810 4543 1141 4608 ordinatur
1184 4564 1199 4607 :
1247 4560 1405 4623 ergo
1449 4540 1839 4623 impossibile

293 4649 583 4731 estquod
604 4649 799 4714 homo
818 4650 885 4713 in
903 4649 1025 4713 hac
1050 4648 1185 4714 vita
1208 4665 1435 4713 omnes
1456 4652 1670 4712 motus
1688 4665 1839 4712 suos

292 4757 376 4822 ad
422 4756 622 4822 Deum
664 4756 895 4822 referat
933 4777 949 4822 ε
978 4756 1034 4820 si
1059 4774 1217 4837 ergo
1258 4773 1448 4835 nemo
1481 4757 1733 4820 tenetur
1758 4754 1840 4820 ad

291 4863 684 4947 impossibile
718 4911 739 4943 ,
785 4880 978 4928 nemo
1024 4866 1277 4927 tenetur
1322 4859 1404 4926 ad
1448 4861 1620 4926 illius
1665 4861 1840 4926 'modi

292 4971 756 5055 impletionem.

362 5142 379 5177 ¹
400 5141 482 5205 Cf.
514 5140 659 5193 Alex.
687 5141 905 5204 Mensis,
935 5142 1097 5204 Cant„
1127 5155 1180 5205 p.
1203 5141 1288 5195 ΙΙΙ,
1316 5140 1482 5191 collat.
1515 5152 1620 5203 mn,
1651 5144 1745 5189 art.
1776 5143 1804 5189 2
1821 5153 1834 5202 ;

295 5215 353 5267 S.
372 5214 576 5278 Thom„
600 5213 725 5274 11-11,
746 5226 798 5278 q.
817 5223 984 5277 xxvn,
1004 5216 1174 5275 art.5;
1196 5217 1247 5261 et
1265 5213 1329 5262 ΙΙΙ
1355 5212 1512 5272 8εηι.,
1533 5212 1808 5262 dist-xxvu
1821 5258 1840 5285 ‚

294 5298 348 5348 q.
379 5297 461 5347 111,
481 5292 576 5336 art.
606 5288 670 5348 ⁴3
699 5290 751 5335 et
779 5283 840 5333 de
875 5284 1048 5346 Verte„
1078 5296 1129 5347 q.
1174 5294 1235 5346 11,
1275 5287 1370 5332 art.
1413 5286 1499 5345 103
1527 5283 1839 5348 Richardus,

294 5357 363 5408 nl
397 5357 553 5421 Seni„
583 5358 696 5408 dist.
725 5367 894 5418 xxvu,
929 5357 1025 5405 art.
1065 5356 1126 5413 8,
1150 5368 1201 5418 q.
1235 5366 1312 5418 113
1335 5354 1632 5404 Guilielmua
1657 5354 1840 5415 Varii„

294 5428 362 5478 ul
397 5428 534 5479 Sent.
551 5465 570 5493 ‚
611 5428 728 5479 diat.
761 5439 933 5491 xxvn,
960 5441 1026 5490 q.
1062 5437 1105 5476 1.
1133 5451 1193 5464 —
1220 5425 1244 5459 ⁸
1269 5426 1471 5488 unuln„
1499 5437 1636 5490 1111,
1667 5427 1748 5476 37.
1778 5450 1839 5467 --

3346 447 3465 510 623

2004 567 2128 633 Sed
2181 575 2402 636 contra
2433 578 2456 613 ⁸
2504 592 2520 636 ε
2572 570 2820 654 Diliqes
2870 573 3217 641 Dominum
3264 578 3467 645 Deum
3492 593 3705 640 rnna-m·

1923 684 2138 760 tuum,
2178 686 2294 747 etc.
2342 682 2419 747 Et
2451 683 2738 766 ejusdem
2770 689 2833 746 ⁷:
2868 685 2943 750 Si
2982 689 3088 753 vis
3131 688 3223 754 ad
3265 692 3467 757 vitam

1923 791 2181 872 inm-edi
2196 841 2213 872 ‚
2257 808 2446 858 serva
2508 792 2836 858 mandata.
2889 792 3067 875 Ergo
3108 797 3163 859 si
3207 797 3330 862 hoc
3376 802 3471 862 est

1922 899 2325 982 praecipuum
2380 900 2671 964 omnium
2720 902 3168 968 mandatorum
3196 954 3214 984 ,
3273 907 3470 971 homo

1922 1007 2178 1069 tenetur
2202 1006 2522 1089 praecipue
2553 1007 2818 1073 adillud
2841 1012 3228 1076 servandum
3268 1032 3284 1076 :
3313 1031 3470 1095 ergo
3595 1037 3600 1043 ·

1924 1115 2180 1177 tenetur
2226 1114 2307 1178 ad
2350 1114 2522 1178 illius
2569 1115 2742 1180 modi
2783 1114 3242 1199 impletionem.
3291 1118 3357 1185 Si
3400 1125 3472 1184 tu

1926 1218 2097 1283 dicas
2116 1268 2134 1298 ‚
2176 1221 2348 1302 quod
2391 1222 2516 1286 hoc
2563 1241 2695 1287 non
2748 1222 2913 1288 cadit
2951 1225 3070 1289 sub
3117 1230 3468 1309 praecept03

1927 1331 2150 1391 contra
2193 1327 2316 1392 hoc
2356 1333 2485 1409 est,
2529 1331 2683 1413 quia
2725 1331 2779 1394 si
2820 1330 2941 1395 sub
2981 1339 3300 1415 praecepto
3342 1351 3475 1398 non

1928 1433 2115 1513 cadit,
2150 1452 2308 1516 ergo
2336 1437 2545 1519 potius
2571 1436 2801 1524 modus
2828 1437 2936 1502 ille
2962 1437 3150 1504 debet
3187 1441 3339 1523 poni
3370 1441 3470 1504 in-

1932 1543 2030 1604 ter
2056 1542 2321 1606 consilia
2338 1591 2356 1620 ‚
2385 1562 2582 1626 quam
2605 1546 2774 1609 inter
2795 1551 3135 1630 praecepta.

2016 1647 2175 1712 Item
2217 1668 2365 1712 cum
2399 1650 2564 1715 Deus
2603 1652 2892 1737 praecipit
2926 1654 3112 1718 alteri
3138 1654 3377 1737 aliquid
3405 1660 3477 1720 ut

1930 1757 2118 1820 faciat
2145 1756 2256 1820 tali
2285 1762 2569 1841 tempore
2588 1807 2605 1835 ‚
2636 1778 2766 1823 non
2793 1761 3003 1825 solum
3029 1765 3279 1826 tenetur
3304 1761 3385 1826 ad
3412 1761 3476 1826 id

1931 1882 2118 1946 opuS,
2151 1864 2260 1929 sed
2296 1866 2490 1929 etiam
2531 1866 2611 1930 ad
2638 1871 2935 1950 tempus;
2967 1868 3259 1933 similiter
3284 1869 3477 1933 etiam

1934 1975 2172 2034 etcum
2202 1977 2397 2037 vovet
2429 1994 2445 2036 t
2479 1991 2636 2055 ergo
2662 1973 2802 2057 pari
2825 1975 3103 2051 ratione,
3136 1994 3284 2039 cum
3311 1974 3477 2039 Deus

1931 2077 2221 2161 praecipit
2252 2078 2489 2161 aliquid
2521 2081 2662 2143 fleri
2687 2129 2703 2161 ,
2735 2080 3162 2147 determinans
3183 2082 3473 2161 modum,

1935 2202 2067 2248 non
2097 2185 2307 2249 solum
2344 2190 2597 2253 tenetur
2638 2189 2783 2271 quis
2824 2189 2904 2253 ad
2948 2194 3127 2254 actus
3152 2189 3473 2257 executio·

1934 2310 2116 2371 nem,
2147 2293 2255 2356 sed
2283 2294 2476 2357 etiam
2511 2296 2590 2359 ad
2619 2296 2789 2360 modi
2822 2296 3277 2375 impletionem.
3310 2296 3375 2361 Si
3404 2302 3478 2361 tu

1936 2398 2105 2462 dicas
2130 2448 2147 2479 ,
2203 2400 2373 2482 quod
2428 2400 2625 2465 homo
2675 2408 3017 2468 excusatur
3056 2422 3096 2467 a
3131 2405 3477 2468 tentatione

1936 2509 2195 2588 propter
2217 2507 2784 2589 impossibilitatem
2806 2511 3105 2593 praecepti
3132 2509 3470 2594 implendi;

1937 2618 2157 2677 contra
2220 2614 2341 2678 hoc
2400 2619 2496 2679 est
2551 2617 2722 2698 quod
2779 2617 2929 2681 dicit
2983 2617 3419 2701 Hieronymus
3454 2640 3469 2682 ε

1936 2744 1966 2780 n
2002 2720 2363 2786 Anathema
2390 2722 2503 2801 sit,
2541 2723 2654 2806 qui
2699 2723 2849 2787 dicit
2874 2723 3075 2789 Deum
3103 2726 3476 2809 praecepisse

1936 2828 2349 2911 impossihile.
2382 2849 2414 2887 n
2440 2829 2518 2893 Et
2545 2829 2950 2911 Augustinus
2981 2855 2995 2895 :
3029 2855 3060 2892 ‹«
3088 2831 3362 2897 Servum
3386 2832 3479 2917 pi-

1938 2954 2136 3016 grum
2162 2953 2294 2999 non
2320 2937 2685 3017 damnaret,
2716 2939 2768 3001 si
2796 2956 2873 3002 ea
2908 2957 3055 3022 quae
3082 2940 3261 3006 nullo
3287 2941 3476 3007 modo

1937 3043 2076 3107 fleri
2104 3047 2396 3126 poteraut
2416 3092 2434 3121 ‚
2464 3044 2827 3127 imperaret.
2860 3066 2891 3104 υ

2021 3146 2178 3211 Item
2223 3146 2489 3228 diligere
2524 3147 2729 3212 Deum
2756 3166 2837 3212 ex
2866 3153 2996 3213 toto
3041 3151 3263 3230 corde,
3307 3155 3369 3217 et
3395 3170 3479 3216 ex

1938 3257 2071 3318 tota
2119 3254 2366 3329 anima,
2415 3259 2478 3319 et
2521 3273 2605 3319 ex
2654 3260 2787 3319 tota
2835 3261 3077 3336 mente,
3124 3258 3478 3323 secundum

1941 3359 2340 3424 Bernardum
2365 3359 2389 3394 ⁸
2413 3365 2510 3424 est
2538 3356 2804 3444 diligere
2832 3363 3122 3445 dulciter,
3159 3365 3475 3448 sapienter

1942 3471 2006 3531 et
2045 3468 2329 3546 fortiter3
2360 3469 2713 3533 secundum
2741 3469 3186 3551 Augustinum
3213 3471 3235 3507 ⁹
3263 3475 3358 3535 est
3383 3471 3479 3536 di·
3528 3522 3545 3539 ,

1938 3573 2142 3655 ligere
2187 3575 2323 3638 sine
2366 3591 2580 3643 errore
2608 3623 2626 3652 ‚
2673 3577 2809 3641 sine
2854 3578 3342 3642 contradictione
3366 3627 3382 3656 ,
3419 3582 3485 3643 et

1941 3680 2079 3745 sine
2105 3681 2424 3747 oblivione
2460 3704 2474 3745 :
2508 3683 2617 3746 sed
2642 3682 2765 3747 hoc
2790 3687 2997 3748 totum
3032 3689 3234 3766 potest
3258 3684 3478 3766 hom0,

1942 3794 2004 3853 et
2027 3793 2281 3854 tenetur
2304 3789 2509 3854 facere
2531 3790 2599 3853 in
2617 3794 2786 3855 statu
2810 3792 2936 3855 viae
2960 3809 2977 3853 ε
3001 3810 3158 3873 ergo
3188 3796 3481 3856 tenemur

1943 3896 2023 3960 ad
2063 3895 2434 3979 hujusmodi
2480 3897 2766 3962 mandati
2803 3898 3260 3981 impletionem.
3303 3897 3371 3964 Si
3409 3902 3483 3964 tu

1944 4003 2116 4068 dicas
2132 4051 2154 4083 ,
2186 4004 2355 4086 quod
2381 4003 2787 4086 Augustinus
2821 4006 3122 4088 intelligit
3164 4025 3293 4070 non
3333 4012 3481 4070 tan-

1944 4114 2084 4175 tum
2114 4111 2425 4193 privative
2443 4160 2461 4190 ,
2492 4113 2601 4175 sed
2644 4112 2914 4194 positive
2935 4161 2953 4190 ‚
2984 4118 3059 4177 ut
3098 4113 3307 4177 omnis
3340 4131 3479 4177 mo-

1944 4225 2050 4285 tus
2074 4220 2430 4285 intellectus
2457 4226 2519 4284 et
2560 4221 2825 4285 affectus
2867 4223 3105 4286 feratur
3144 4222 3212 4285 in
3239 4220 3441 4285 Deum
3461 4269 3478 4299 ‚

1945 4328 2155 4392 adhuc
2195 4328 2447 4393 videtur
2480 4345 2662 4410 posse
2702 4328 2986 4411 impleri,
3019 4329 3171 4412 quia
3195 4347 3485 4412 praecep-

1950 4440 2089 4499 tum
2119 4435 2578 4499 affirmativum
2618 4453 2751 4499 non
2783 4436 3025 4519 obligat
3052 4455 3168 4519 pro
3197 4455 3447 4519 semper
3463 4483 3482 4513 ,

1947 4548 2011 4608 et
2054 4542 2214 4607 illud
2256 4543 2628 4626 simpliciter
2670 4543 2901 4607 dicitur
2949 4560 3139 4626 posse·
3189 4544 3441 4628 impleri
3465 4592 3483 4621 ‚

1946 4651 2117 4734 quod
2167 4655 2371 4733 potest
2413 4650 2662 4733 impleri
2709 4669 2826 4733 pro
2867 4651 3005 4715 loco
3048 4655 3112 4716 et
3149 4656 3481 4733 tempore:

1947 4759 2057 4823 sed
2085 4758 2424 4841 aliquando
2468 4762 2670 4840 potest
2714 4757 2912 4823 homo
2955 4760 3237 4840 cogitare
3280 4759 3486 4822 solum

1948 4866 2025 4929 de
2052 4883 2160 4944 eo,
2204 4871 2268 4930 et
2309 4866 2475 4928 circa
2520 4865 2732 4948 ipsum
2768 4865 2933 4928 affici
2966 4888 2981 4929 :
3031 4883 3189 4947 ergo
3233 4865 3489 4929 videtur

1946 4974 2121 5056 quod
2149 4972 2377 5037 modus
2398 4972 2503 5036 ille
2519 4972 2868 5038 dilectionis
2890 4972 2959 5036 in
2990 4972 3095 5038 via
3122 4972 3488 5055 simpliciter

1951 5137 1970 5167 ⁸
1994 5138 2228 5198 August,
2255 5136 2383 5182 cont.
2414 5130 2717 5213 Coelestium,
2741 5138 2857 5215 post
2883 5147 3015 5216 resp.
3059 5145 3162 5183 xvi.
3188 5159 3251 5169 —
3272 5134 3293 5167 ⁸
3315 5135 3485 5201 Arist„

1948 5204 2616 5337 fgffirz’liatssfj'sffiaf
2639 5205 3486 5344 Ϋὲἓῖι·ῐιὲῗ·.,ἷὲ,·ῑῑῖῗῗ’ἓεέζ;

1951 5354 2003 5401 in
2033 5351 2200 5413 Cant„
2230 5360 2383 5397 serm.
2414 5346 2617 5395 xx.—⁹
2636 5348 2785 5411 Aug„
2813 5346 2873 5396 de
2901 5347 3068 5397 Doctr.
3098 5346 3294 5413 christ„
3323 5351 3413 5401 lib.
3439 5353 3486 5415 l,

1947 5439 1993 5476 c.
2025 5435 2156 5484 xxn,
2184 5418 2352 5485 quoad
2378 5431 2604 5468 sensum.
