4185 6288
1342 516 1536 583 DIST.
1584 518 1657 581 V.
1709 518 1887 584 ΛΒΤ.
1924 520 2003 585 n.
2050 520 2350 599 QUAEST.
2398 524 2504 587 111.
3393 533 3505 593 ¹31

325 647 556 711 ratione
588 666 728 712 suae
765 648 1182 716 nobilissimae
1217 646 1636 735 proprietatis
1689 654 1861 731 Quo-
1974 673 2107 719 non
2136 658 2604 723 constituebant
2631 678 2989 743 personam,
3018 661 3127 725 sed
3154 662 3365 726 solum
3390 632 3511 728 na·-

326 755 488 818 niam
517 774 678 836 ergo
696 758 934 820 natura
954 755 1242 821 humana
1264 766 1589 842 assumpta
1615 780 1654 824 a
1683 760 1863 825 chri·
1972 759 2211 823 turam.
2262 758 2340 825 Et
2380 760 2521 825 ideo
2560 779 2689 825 non
2735 761 3045 844 sequitur,
3089 762 3261 847 quod
3304 763 3359 827 si
3400 762 3510 831 Dei

325 865 412 923 sto
440 862 736 927 ordinata
762 866 860 926 est
893 863 977 927 ad
1002 863 1381 929 nobiliorem
1408 866 1858 949 proprietatem
1971 863 2171 930 Filius
2231 869 2577 951 assumpsit
2628 869 2913 934 animam
2977 870 3154 934 carni
3218 870 3465 936 unitam
3486 920 3506 954 ,

326 968 602 1048 ejusdem
633 987 926 1052 personae
965 970 1321 1034 secundum
1364 971 1628 1037 alteram
1665 979 1859 1039 natu·
1970 974 2141 1054 quod
2172 976 2515 1058 assumpsit
2556 994 2927 1057 personam:
2973 977 3128 1060 quia
3168 996 3300 1043 non
3330 978 3511 1063 prius

326 1092 485 1155 ram3
521 1075 679 1140 hinc
715 1081 812 1141 est
850 1077 1020 1160 quod
1059 1094 1193 1141 non
1233 1081 1402 1142 tenet
1439 1076 1529 1143 ibi
1569 1082 1861 1164 proprie-
1969 1085 2256 1163 tempore
2301 1083 2420 1147 fuit
2462 1084 2579 1167 ipsi
2628 1085 2800 1148 carni
2841 1085 3056 1164 unita,
3104 1103 3300 1167 quam
3348 1091 3513 1151 esset

327 1187 510 1248 tatem
561 1185 1080 1267 personalitatis:
1140 1185 1307 1250 cadit
1357 1187 1531 1251 enim
1588 1189 1668 1252 ab
1725 1208 1859 1255 una
1969 1192 2329 1270 assumpta,
2367 1189 2674 1274 quidquid
2697 1191 2779 1254 sit
2805 1190 2883 1255 de
2910 1191 3131 1256 ordine
3157 1192 3513 1258 seeundum

330 1292 720 1374 proprietate,
745 1311 896 1376 quae
919 1292 1178 1374 quidem
1205 1296 1297 1357 est
1323 1295 1860 1376 supereminentis
1970 1300 2294 1358 naturam.

332 1398 678 1480 dignitatiS,
706 1419 746 1464 a
772 1418 900 1483 qua
936 1398 1192 1481 quidem
1224 1416 1354 1462 non
1390 1400 1555 1464 cadit
1587 1420 1858 1484 persona
2048 1405 2111 1465 4.
2165 1402 2261 1466 Ad
2314 1401 2470 1467 illud
2515 1403 2687 1485 quod
2731 1404 3066 1487 objicitur,
3111 1405 3284 1487 quod
3330 1404 3512 1471 beata

332 1504 504 1570 Verbi
547 1507 906 1571 secundum
950 1506 1237 1570 divinam
1282 1509 1604 1571 naturam.
1650 1507 1727 1573 Et
1769 1510 1858 1572 sio
1967 1507 2165 1590 Virgo
2192 1510 2422 1590 genuit
2448 1529 2807 1593 personam,
2838 1511 3180 1576 dicendum
3206 1514 3378 1598 quod
3406 1533 3514 1579 ve-

334 1618 485 1696 patet
524 1616 695 1698 quod
739 1615 1036 1680 diffinitio
1074 1633 1399 1698 personae,
1442 1619 1506 1680 et
1544 1617 1704 1680 ratio
1749 1618 1857 1681 illa
1969 1633 2115 1678 rum
2149 1622 2282 1696 est,
2312 1615 2465 1698 quia
2490 1619 2717 1699 genuit
2743 1617 2980 1682 Filium
3022 1616 3130 1682 Dei
3161 1642 3175 1684 ε
3208 1620 3312 1684 sed
3343 1639 3512 1703 quo-

333 1739 448 1785 non
497 1724 697 1803 valet,
750 1723 904 1806 quia
947 1723 1293 1787 notificatio
1346 1742 1633 1806 personae
1686 1730 1854 1788 recte
1966 1724 2143 1787 niam
2177 1742 2446 1808 persona
2488 1732 2835 1807 generatur
2866 1727 3113 1790 ratione
3140 1729 3419 1806 naturae,
3449 1731 3514 1791 et

334 1828 616 1895 intellecta
658 1849 793 1894 non
831 1829 1131 1894 convenit
1176 1829 1557 1894 humanitati
1600 1848 1851 1895 assum-
1964 1832 2203 1915 duplex
2242 1838 2337 1897 est
2379 1835 2611 1897 natura
2660 1834 2726 1896 in
2773 1833 2883 1897 illa
2927 1851 3232 1917 persona,
3279 1833 3514 1899 seilicet

336 1941 465 2017 pize.
1967 1942 2177 2002 creata
2208 1943 2269 2003 et
2294 1940 2575 2005 increata
2598 1989 2616 2020 ,
2646 1940 2788 2006 ideo
2826 1941 3070 2007 ratione
3097 1941 3366 2025 duplicis
3392 1960 3509 2021 na-

405 2048 460 2108 2.
497 2046 589 2109 Ad
613 2045 776 2111 illud
802 2045 974 2128 quod
1000 2045 1346 2128 opponitur
1372 2043 1654 2108 secundo
1672 2092 1690 2122 ,
1715 2045 1851 2125 jam
1965 2051 2131 2109 turae
2165 2046 2399 2129 duplex
2447 2047 2745 2111 eonvenit
2781 2047 2841 2112 ei
2880 2050 3232 2130 generatio,
3277 2049 3516 2116 scilieet

343 2156 487 2232 patet
506 2155 825 2237 responsio
856 2172 939 2216 ex
960 2153 1086 2217 hoe
1111 2150 1284 2234 quod
1302 2153 1442 2234 jam
1464 2150 1706 2215 dictum
1734 2156 1850 2230 est,
1965 2154 2332 2235 temporalis
2377 2159 2442 2219 et
2482 2159 2762 2219 aeterna:
2814 2157 3212 2239 temporalis,
3268 2157 3340 2221 in
3382 2175 3514 2240 qua

345 2258 474 2338 quia
497 2263 721 2323 natura
748 2264 1078 2341 assumpta
1117 2259 1186 2320 in
1222 2256 1468 2320 Christo
1494 2275 1571 2322 eo
1596 2256 1734 2340 ipso
1761 2262 1855 2322 est
1964 2259 2351 2324 assimilatur
2379 2262 2604 2339 matri;
2641 2266 2901 2342 aeterna,
2937 2263 3292 2328 seeundum
3320 2267 3512 2329 natu-

344 2366 601 2447 nobilior,
622 2368 793 2451 quod
813 2369 880 2431 in
898 2366 1194 2431 nobiliori
1213 2383 1483 2448 persona
1505 2366 1851 2443 stabilitur,
1963 2385 2102 2430 ram
2149 2368 2218 2431 in
2254 2387 2385 2451 qua
2424 2369 2810 2434 assimilatur
2847 2368 3042 2434 Patri.
3082 2369 3160 2435 Et
3199 2371 3340 2435 ideo
3378 2389 3513 2436 non

346 2474 472 2554 quia
493 2493 615 2540 non
653 2475 723 2539 in
749 2493 1024 2557 persona
1049 2477 1257 2538 creata
1275 2521 1293 2549 ,
1325 2473 1433 2537 sed
1478 2473 1545 2536 in
1583 2491 1852 2555 persona
1964 2473 2139 2556 cogit
2190 2475 2352 2539 ratio
2402 2475 2559 2540 illa:
2612 2477 2907 2559 quamvis
2960 2478 3134 2541 enim
3179 2479 3512 2560 generatio

347 2579 588 2646 increata
608 2606 623 2647 ε
642 2582 813 2646 unde
830 2580 1235 2647 ordinatioad
1259 2580 1542 2661 dignius,
1556 2581 1852 2662 quamvis
1964 2581 2303 2645 conveniat
2342 2599 2632 2665 personae
2650 2630 2668 2661 ,
2709 2584 3009 2648 convenit
3042 2587 3257 2650 tamen
3294 2584 3354 2650 ei
3399 2603 3512 2650 ra-

349 2689 560 2754 aut'erat
597 2690 914 2755 rationem
954 2686 1441 2772 suppositionis,
1473 2691 1690 2752 tamen
1717 2707 1850 2754 non
1964 2686 2138 2751 tione
2177 2692 2425 2752 naturae
2459 2711 2473 2753 ε
2524 2688 2647 2753 hoe
2691 2690 2976 2754 maxime
3025 2709 3255 2756 verum
3301 2696 3397 2756 est
3438 2692 3511 2756 in

349 2797 523 2861 aufert
550 2797 875 2879 dignitatis
910 2796 1387 2880 proprietatem.
1429 2792 1651 2858 Melius
1677 2796 1849 2859 enim
1967 2794 2381 2872 generatione
2410 2802 2651 2875 creata,
2683 2797 2750 2860 in
2797 2816 2928 2879 qua
2965 2802 3059 2862 est
3084 2816 3216 2863 non
3256 2800 3519 2865 tantum

349 2907 426 2965 est
446 2904 684 2969 subesse
721 2904 1074 2988 superiori,
1117 2920 1315 2985 quam
1356 2918 1627 2984 praeesse
1661 2902 1850 2966 alicui
1963 2899 2313 2981 personalis
2338 2901 2655 2968 distinctio
2673 2950 2690 2979 ,
2722 2904 2831 2970 sed
2858 2904 3167 2970 naturalis
3196 2905 3511 2990 multipli-

348 3008 592 3077 inseriori
614 3029 637 3077 ε’
678 3014 850 3077 siout
904 3012 1239 3094 perfectior
1288 3013 1383 3074 est
1431 3009 1650 3073 anima
1701 3028 1849 3073 eum
1963 3002 2152 3069 catio.

347 3119 666 3198 possidetur
699 3140 740 3186 a
775 3119 904 3186 Deo
930 3170 950 3199 ‚
998 3137 1196 3203 quam
1239 3134 1389 3183 oum
1435 3117 1710 3201 possidet
1747 3136 1852 3182 τω

349 3231 592 3307 creatas3
627 3233 690 3293 et
726 3228 961 3293 melius
993 3227 1182 3291 nubit
1214 3225 1406 3307 virgo
1435 3224 1669 3289 nobilis
1701 3244 1850 3289 cum
2481 3229 2841 3310 QUAESTIO
2884 3232 2993 3299 111.

349 3336 628 3401 contrahit
700 3335 1185 3401 matrimonium
1249 3351 1400 3398 cum
1471 3350 1627 3416 rege
1655 3380 1671 3410 ,
1747 3333 1850 3398 cui

348 3441 541 3522 subsit,
596 3462 791 3525 quam
838 3459 988 3507 eum
1035 3439 1354 3505 contrahit
1394 3457 1545 3503 oum
1590 3439 1848 3519 rustico,

350 3547 439 3610 cui
484 3550 708 3631 praesit.
746 3547 926 3613 Unde
965 3552 1100 3611 esto
1142 3546 1312 3630 quod
1365 3544 1533 3610 Deus
1572 3544 1851 3628 aliquem

350 3662 684 3735 assumeret,
727 3657 840 3740 qui
867 3657 1012 3738 jam
1047 3655 1211 3719 emet
1242 3670 1534 3737 persona,
1585 3651 1689 3716 vel
1733 3670 1852 3717 ens
2042 3653 2271 3722 Utrum
2310 3658 2393 3722 sit
2427 3676 2667 3741 ponere
2694 3658 3113 3725 intentionem
3152 3663 3507 3745 personali-
3533 3684 3602 3728 Λα
3621 3695 3727 3740 οη.

356 3764 499 3840 actu,
532 3763 629 3829 ille
654 3782 805 3828 cnm
832 3762 1148 3826 desineret
1190 3779 1327 3825 esse
1368 3776 1659 3844 persona,
1688 3758 1850 3823 nihil
1962 3766 2107 3830 tatis
2146 3766 2215 3829 in
2257 3765 2473 3829 anima
2507 3770 2798 3848 separata
2812 3814 2829 3843 ,
2874 3768 3053 3833 omni
3098 3769 3337 3835 unione
3379 3770 3505 3836 eir—

358 3869 536 3934 tamen
563 3870 886 3954 dignitatis
921 3870 1239 3934 amitteret
1267 3886 1284 3932 :
1316 3847 1480 3932 esset
1504 3866 1679 3931 enim
1705 3886 1852 3951 per-
1963 3871 2375 3954 cumscripta3
2413 3876 2475 3935 et
2502 3873 2675 3954 quod
2707 3873 2799 3938 sio
2817 3921 2836 3952 ,
2868 3874 3124 3940 videtur
3153 3875 3362 3959 primo
3393 3896 3508 3960 per

359 3982 834 4047 sonasecundum
848 3983 1150 4044 naturam
1163 3980 1852 4060 assumentem,quam·
1961 3980 2343 4062 Magistrum
2382 3980 2450 4043 in
2485 3978 2741 4045 littera:
2788 4005 2820 4043 α
2860 3982 3095 4047 Anima
3137 3983 3429 4049 absoluta
3468 4004 3509 4051 a

356 4085 437 4150 vis
453 4108 569 4154 non
591 4090 948 4156 secundum
974 4092 1273 4151 naturam
1300 4090 1715 4169 assumptam.
1963 4105 2225 4170 corpore
2241 4135 2260 4164 ,
2299 4105 2571 4169 persona
2604 4092 2699 4151 est
2717 4135 2736 4164 ,
2768 4087 2931 4153 siout
2956 4090 3254 4172 angelus.
3301 4113 3334 4152 n
3382 4091 3507 4159 Sed

417 4197 467 4257 3.
500 4197 588 4261 Ad
612 4197 771 4262 illud
810 4192 981 4278 quod
1019 4192 1363 4276 opponitur
1381 4240 1399 4270 ,
1429 4192 1601 4276 quod
1635 4192 1853 4256 anima
1962 4196 2237 4277 angelus
2278 4213 2430 4260 vere
2470 4198 2536 4258 et
2576 4196 2832 4278 proprie
2869 4215 3141 4281 persona
3179 4203 3315 4264 est:
3345 4217 3507 4283 ergo

351 4302 632 4369 rationalis
679 4304 1027 4386 conjuncta
1082 4301 1188 4365 vel
1234 4300 1416 4364 unita
1473 4300 1649 4364 carni
1702 4299 1855 4364 facit
1964 4305 2026 4366 et
2047 4301 2264 4364 anima
2290 4304 2602 4383 separata.

350 4423 673 4491 personam,
692 4409 1039 4477 dicendum
1059 4407 1232 4491 quod
1256 4423 1487 4472 verum
1506 4411 1622 4483 est,
1650 4425 1853 4488 quan-
2042 4413 2106 4473 2.
2152 4408 2310 4472 [tem
2328 4456 2347 4487 ,
2377 4409 2540 4472 sieut
2578 4410 2910 4475 oonsuevit
2951 4414 3379 4479 communiter
3404 4414 3504 4480 di-

350 4513 414 4578 do
427 4520 620 4584 anima
638 4522 702 4583 et
713 4536 863 4583 caro
876 4535 1008 4581 non
1022 4516 1515 4596 conjunguntur
1531 4513 1848 4595 digniori:
1962 4516 2231 4597 stingui,
2263 4533 2536 4598 persona
2561 4521 2656 4580 est
2680 4535 2783 4581 res
2805 4517 3097 4582 distincta
3124 4521 3507 4602 proprietate

348 4624 476 4688 tune
518 4627 683 4691 enim
719 4644 855 4691 non
895 4623 1105 4688 solum
1161 4641 1243 4687 ex
1285 4622 1504 4685 anima
1551 4625 1615 4684 et
1662 4639 1853 4685 carne
1963 4623 2041 4686 ad
2079 4622 2460 4704 dignitatem
2506 4623 2859 4706 pertinente
2891 4645 2907 4688 :
2946 4625 3055 4689 sed
3085 4626 3302 4691 anima
3328 4645 3509 4711 sepa·

346 4734 713 4798 constituitur
738 4733 882 4816 ipsa
907 4734 1139 4794 natura
1161 4778 1178 4809 ,
1210 4728 1320 4794 sed
1348 4747 1430 4792 ex
1458 4728 1595 4811 ipsa
1620 4729 1854 4790 natura
1965 4733 2105 4794 rata
2151 4732 2247 4793 est
2296 4729 2590 4793 distincta
2637 4748 2771 4810 reS‚
2824 4731 2994 4812 quod
3044 4736 3216 4814 patet
3227 4757 3245 4812 ;
3291 4735 3508 4801 anima

339 4835 660 4922 hypostasis
685 4843 751 4904 et
778 4853 1087 4922 persona:
1114 4854 1250 4900 non
1281 4837 1374 4901 sio
1400 4839 1618 4899 autem
1647 4844 1739 4898 est
1777 4832 1846 4896 in
1965 4837 2158 4902 etiam
2176 4885 2194 4916 ,
2242 4836 2718 4919 circumscripta
2752 4839 3182 4920 assumptione
3220 4844 3287 4904 et
3325 4841 3507 4907 unio-

332 4950 660 5030 propofflto,
700 4948 856 5031 quia
895 4945 1113 5009 anima
1146 4947 1210 5008 et
1241 4962 1388 5008 caro
1428 4943 1695 5006 fuerunt
1731 4940 1853 5003 sibi
1965 4964 2078 5021 ne,
2125 4942 2431 5024 complete
2472 4942 2666 5005 habet
2708 4942 2883 5005 illam
2929 4944 3253 5040 rationem·
3286 4947 3357 5011 in
3399 4966 3504 5031 se,

326 5054 581 5120 invicem
608 5057 794 5121 unita
820 5054 892 5118 in
918 5054 1055 5136 ipso
1090 5055 1171 5131 (a)
1212 5049 1458 5129 Verb03
1487 5068 1606 5114 nee
1641 5049 1708 5111 in
1735 5048 1855 5111 ali-
1966 5071 2163 5135 quam
2199 5050 2451 5115 Boetius
2484 5048 2663 5130 ponit
2686 5055 2745 5112 ⁸:
2782 5071 2813 5108 α
2842 5049 3124 5115 Persona
3150 5056 3247 5116 est
3283 5053 3513 5120 indivi-

320 5169 440 5249 quo
465 5164 719 5230 instanti
742 5162 865 5226 fuit
891 5160 1114 5225 anima
1137 5158 1266 5235 illa,
1299 5157 1458 5241 quin
1487 5157 1650 5220 esset
1671 5154 1854 5220 unita
1967 5162 2096 5225 dua
2143 5157 2497 5225 substantia
2538 5155 2866 5221 rationalis
2911 5161 3162 5224 naturae
3193 5181 3209 5225 :
3266 5183 3299 5221 ιο
3352 5179 3512 5246 ergo

315 5271 514 5339 Verbo
541 5291 561 5336 ἶ
603 5276 669 5337 et
703 5273 846 5355 ipsa
886 5268 1248 5352 hyposmffls
1285 5268 1528 5329 aetema
1567 5265 1705 5327 erat
1721 5310 1741 5342 ⁹
1785 5278 1856 5323 ln
2034 5351 2050 5384 ¹
2074 5348 2156 5410 Cf.
2178 5345 2453 5399 aichardus
2477 5382 2490 5406 ,
2517 5345 2583 5395 ln
2600 5343 2760 5399 sent..
2781 5339 2901 5393 dist.
2921 5354 2971 5403 V,
2991 5345 3089 5394 art.
3114 5348 3163 5409 2,
3188 5361 3242 5412 q.
3262 5360 3311 5413 13
3337 5333 3514 5413 Stdbh.

314 5373 449 5465 ‘1¹¹²'
465 5379 963 5465 mfflbantur
990 5391 1223 5457 ⁰⁰¹P¹¹⁸
1248 5378 1311 5436 ⁰¹
1338 5372 1591 5435 animm
1617 5374 1682 5434 et
1708 5368 1853 5434 5⁶⁸⁰
1969 5418 2179 5482 erulos,
2205 5419 2268 5469 ιιι
2297 5418 2460 5479 sent„
2485 5415 2603 5466 dist.
2630 5424 2682 5474 v,
2709 5427 2765 5478 q.
2794 5424 2966 5465 vn.-
2984 5415 3009 5450 ¹
3035 5415 3205 5482 sont,
3239 5416 3303 5467 de
3342 5420 3516 5469 Duae..

378 5501 448 5574 (a)
472 5495 728 5559 eomedit.
749 5504 896 5558 unita
915 5500 1036 5566 ipsi.
1970 5491 2089 5542 Nat.
2114 5490 2169 5539 in
2192 5503 2290 5539 una
2311 5501 2448 5554 pers.
2475 5484 2692 5545 Christi,
2718 5499 2767 5535 c.
2800 5496 2858 5536 ιι.

1965 3404 2057 3460 An
2082 3406 2157 3461 sit
2180 3419 2378 3476 ponere
2402 3405 2755 3461 intentionem
2778 3407 3194 3478 personalitatis
3221 3412 3281 3466 in
3320 3415 3510 3470 anima

2137 3497 2425 3566 separata,
2456 3497 2607 3550 omni
2625 3497 2825 3552 ustione
2852 3500 3260 3572 circumueripta
3279 3499 3319 3556 ¹.
