<?xml version="1.0" encoding="UTF-8"?>
<!DOCTYPE html PUBLIC "-//W3C//DTD XHTML 1.0 Transitional//EN"
    "http://www.w3.org/TR/xhtml1/DTD/xhtml1-transitional.dtd">
<html xmlns="http://www.w3.org/1999/xhtml" xml:lang="en" lang="en">
 <head>
  <title>
</title>
<meta http-equiv="Content-Type" content="text/html;charset=utf-8" />
  <meta name='ocr-system' content='tesseract 3.04.00' />
  <meta name='ocr-capabilities' content='ocr_page ocr_carea ocr_par ocr_line ocrx_word'/>
</head>
<body>
  <div class='ocr_page' id='page_1' title='image "./srecardinalissb01cargoog_0676.png"; bbox 0 0 4185 6288; ppageno 0'>
   <div class='ocr_carea' id='block_1_1' title="bbox 712 447 834 513">
    <p class='ocr_par' dir='ltr' id='par_1_1' title="bbox 712 447 834 513">
     <span class='ocr_line' id='line_1_1' title="bbox 712 447 834 513; baseline 0 0"><span class='ocrx_word' id='word_1_1' title='bbox 712 447 834 513; x_wconf 70' lang='lat' dir='ltr'>mu</span> 
     </span>
    </p>
   </div>
   <div class='ocr_carea' id='block_1_2' title="bbox 711 580 2272 5495">
    <p class='ocr_par' dir='ltr' id='par_1_2' title="bbox 711 580 2261 1619">
     <span class='ocr_line' id='line_1_2' title="bbox 712 580 2255 664; baseline -0.002 -16"><span class='ocrx_word' id='word_1_2' title='bbox 712 584 804 648; x_wconf 89' lang='lat' dir='ltr'>tio</span> <span class='ocrx_word' id='word_1_3' title='bbox 829 582 1062 647; x_wconf 84' lang='lat' dir='ltr'>dicitur</span> <span class='ocrx_word' id='word_1_4' title='bbox 1093 582 1272 664; x_wconf 86' lang='lat' dir='ltr'>sequi</span> <span class='ocrx_word' id='word_1_5' title='bbox 1311 580 1744 662; x_wconf 71' lang='lat' dir='ltr'>cognitionem</span> <span class='ocrx_word' id='word_1_6' title='bbox 1781 598 1915 644; x_wconf 90' lang='lat' dir='ltr'>non</span> <span class='ocrx_word' id='word_1_7' title='bbox 1965 581 2178 646; x_wconf 85' lang='lat' dir='ltr'>solum</span> <span class='ocrx_word' id='word_1_8' title='bbox 2214 600 2255 645; x_wconf 88' lang='lat' dir='ltr'>a</span> 
     </span>
     <span class='ocr_line' id='line_1_3' title="bbox 711 688 2256 776; baseline -0.003 -20"><span class='ocrx_word' id='word_1_9' title='bbox 711 697 890 776; x_wconf 85' lang='lat' dir='ltr'>parte</span> <span class='ocrx_word' id='word_1_10' title='bbox 916 691 1217 754; x_wconf 79' lang='lat' dir='ltr'>claritatis</span> <span class='ocrx_word' id='word_1_11' title='bbox 1252 689 1322 752; x_wconf 91' lang='lat' dir='ltr'>in</span> <span class='ocrx_word' id='word_1_12' title='bbox 1362 688 1824 770; x_wconf 82' lang='lat' dir='ltr'>cognoscendo,</span> <span class='ocrx_word' id='word_1_13' title='bbox 1856 689 1964 752; x_wconf 85' lang='lat' dir='ltr'>sed</span> <span class='ocrx_word' id='word_1_14' title='bbox 2001 690 2192 752; x_wconf 78' lang='lat' dir='ltr'>etiam</span> <span class='ocrx_word' id='word_1_15' title='bbox 2216 708 2256 752; x_wconf 89' lang='lat' dir='ltr'>a</span> 
     </span>
     <span class='ocr_line' id='line_1_4' title="bbox 712 796 2249 882; baseline -0.004 -18"><span class='ocrx_word' id='word_1_16' title='bbox 712 804 890 882; x_wconf 82' lang='lat' dir='ltr'>parte</span> <span class='ocrx_word' id='word_1_17' title='bbox 933 798 1232 862; x_wconf 87' lang='lat' dir='ltr'>bonitatis</span> <span class='ocrx_word' id='word_1_18' title='bbox 1270 796 1678 861; x_wconf 64' lang='lat' dir='ltr'>consideratas</span> <span class='ocrx_word' id='word_1_19' title='bbox 1707 796 1941 878; x_wconf 86' lang='lat' dir='ltr'>inipso</span> <span class='ocrx_word' id='word_1_20' title='bbox 1969 796 2249 877; x_wconf 89' lang='lat' dir='ltr'>cognito.</span> 
     </span>
     <span class='ocr_line' id='line_1_5' title="bbox 714 902 2251 984; baseline -0.003 -14"><span class='ocrx_word' id='word_1_21' title='bbox 714 906 882 971; x_wconf 90' lang='lat' dir='ltr'>Licet</span> <span class='ocrx_word' id='word_1_22' title='bbox 894 911 1108 970; x_wconf 86' lang='lat' dir='ltr'>autem</span> <span class='ocrx_word' id='word_1_23' title='bbox 1124 904 1359 969; x_wconf 87' lang='lat' dir='ltr'>clarius</span> <span class='ocrx_word' id='word_1_24' title='bbox 1374 907 1716 984; x_wconf 88' lang='lat' dir='ltr'>cognoscat</span> <span class='ocrx_word' id='word_1_25' title='bbox 1738 903 2018 984; x_wconf 88' lang='lat' dir='ltr'>seipsum</span> <span class='ocrx_word' id='word_1_26' title='bbox 2033 902 2251 979; x_wconf 89' lang='lat' dir='ltr'>homo,</span> 
     </span>
     <span class='ocr_line' id='line_1_6' title="bbox 713 1009 2253 1095; baseline -0.003 -19"><span class='ocrx_word' id='word_1_27' title='bbox 713 1030 914 1095; x_wconf 86' lang='lat' dir='ltr'>quam</span> <span class='ocrx_word' id='word_1_28' title='bbox 954 1011 1156 1076; x_wconf 89' lang='lat' dir='ltr'>Deum</span> <span class='ocrx_word' id='word_1_29' title='bbox 1177 1059 1195 1088; x_wconf 86' lang='lat'>‚</span> <span class='ocrx_word' id='word_1_30' title='bbox 1226 1015 1442 1074; x_wconf 82' lang='lat' dir='ltr'>tamen</span> <span class='ocrx_word' id='word_1_31' title='bbox 1469 1009 1686 1074; x_wconf 88' lang='lat' dir='ltr'>nullus</span> <span class='ocrx_word' id='word_1_32' title='bbox 1711 1010 1956 1073; x_wconf 85' lang='lat' dir='ltr'>habens</span> <span class='ocrx_word' id='word_1_33' title='bbox 1980 1009 2253 1073; x_wconf 87' lang='lat' dir='ltr'>charita·</span> 
     </span>
     <span class='ocr_line' id='line_1_7' title="bbox 713 1115 2254 1196; baseline -0.004 -12"><span class='ocrx_word' id='word_1_34' title='bbox 713 1123 845 1184; x_wconf 90' lang='lat' dir='ltr'>tem</span> <span class='ocrx_word' id='word_1_35' title='bbox 875 1120 1148 1184; x_wconf 79' lang='lat' dir='ltr'>aestimat</span> <span class='ocrx_word' id='word_1_36' title='bbox 1173 1136 1240 1182; x_wconf 88' lang='lat' dir='ltr'>se</span> <span class='ocrx_word' id='word_1_37' title='bbox 1265 1123 1399 1182; x_wconf 87' lang='lat' dir='ltr'>tam</span> <span class='ocrx_word' id='word_1_38' title='bbox 1427 1118 1666 1182; x_wconf 89' lang='lat' dir='ltr'>bonum</span> <span class='ocrx_word' id='word_1_39' title='bbox 1686 1165 1708 1196; x_wconf 95' lang='lat'>,</span> <span class='ocrx_word' id='word_1_40' title='bbox 1737 1119 1800 1181; x_wconf 90' lang='lat' dir='ltr'>et</span> <span class='ocrx_word' id='word_1_41' title='bbox 1835 1119 1967 1179; x_wconf 87' lang='lat' dir='ltr'>tam</span> <span class='ocrx_word' id='word_1_42' title='bbox 2010 1115 2254 1179; x_wconf 89' lang='lat' dir='ltr'>amabi·</span> 
     </span>
     <span class='ocr_line' id='line_1_8' title="bbox 714 1223 2261 1310; baseline -0.004 -18"><span class='ocrx_word' id='word_1_43' title='bbox 714 1229 865 1307; x_wconf 91' lang='lat' dir='ltr'>lem,</span> <span class='ocrx_word' id='word_1_44' title='bbox 895 1233 1210 1310; x_wconf 85' lang='lat' dir='ltr'>quantum</span> <span class='ocrx_word' id='word_1_45' title='bbox 1235 1227 1508 1290; x_wconf 58' lang='lat' dir='ltr'>&amp;stimat</span> <span class='ocrx_word' id='word_1_46' title='bbox 1534 1225 1761 1290; x_wconf 89' lang='lat' dir='ltr'>Deum.</span> <span class='ocrx_word' id='word_1_47' title='bbox 1793 1223 1872 1289; x_wconf 86' lang='lat' dir='ltr'>Et</span> <span class='ocrx_word' id='word_1_48' title='bbox 1898 1223 2040 1289; x_wconf 91' lang='lat' dir='ltr'>ideo</span> <span class='ocrx_word' id='word_1_49' title='bbox 2064 1223 2261 1288; x_wconf 87' lang='lat' dir='ltr'>dilec-</span> 
     </span>
     <span class='ocr_line' id='line_1_9' title="bbox 716 1333 2259 1418; baseline -0.003 -19"><span class='ocrx_word' id='word_1_50' title='bbox 716 1336 805 1399; x_wconf 85' lang='lat' dir='ltr'>tio</span> <span class='ocrx_word' id='word_1_51' title='bbox 857 1353 1131 1418; x_wconf 85' lang='lat' dir='ltr'>sequens</span> <span class='ocrx_word' id='word_1_52' title='bbox 1171 1334 1605 1415; x_wconf 87' lang='lat' dir='ltr'>cognitionem</span> <span class='ocrx_word' id='word_1_53' title='bbox 1673 1333 1987 1415; x_wconf 80' lang='lat' dir='ltr'>praeponit</span> <span class='ocrx_word' id='word_1_54' title='bbox 2039 1333 2259 1415; x_wconf 89' lang='lat' dir='ltr'>ipsum</span> 
     </span>
     <span class='ocr_line' id='line_1_10' title="bbox 715 1445 2259 1528; baseline -0.002 -18"><span class='ocrx_word' id='word_1_55' title='bbox 715 1445 918 1511; x_wconf 88' lang='lat' dir='ltr'>Deum</span> <span class='ocrx_word' id='word_1_56' title='bbox 969 1446 1155 1511; x_wconf 84' lang='lat' dir='ltr'>nohis</span> <span class='ocrx_word' id='word_1_57' title='bbox 1192 1447 1256 1509; x_wconf 91' lang='lat' dir='ltr'>in</span> <span class='ocrx_word' id='word_1_58' title='bbox 1301 1446 1665 1528; x_wconf 88' lang='lat' dir='ltr'>diligend0‚</span> <span class='ocrx_word' id='word_1_59' title='bbox 1716 1445 1925 1526; x_wconf 84' lang='lat' dir='ltr'>magis</span> <span class='ocrx_word' id='word_1_60' title='bbox 1973 1463 2171 1526; x_wconf 88' lang='lat' dir='ltr'>quam</span> <span class='ocrx_word' id='word_1_61' title='bbox 2221 1463 2259 1508; x_wconf 95' lang='lat' dir='ltr'>e</span> 
     </span>
     <span class='ocr_line' id='line_1_11' title="bbox 714 1573 1045 1619; baseline -0.006 0"><span class='ocrx_word' id='word_1_62' title='bbox 714 1573 1045 1619; x_wconf 83' lang='lat' dir='ltr'>converso.</span> 
     </span>
    </p>

    <p class='ocr_par' dir='ltr' id='par_1_3' title="bbox 715 1660 2272 5390">
     <span class='ocr_line' id='line_1_12' title="bbox 797 1660 2260 1743; baseline -0.001 -18"><span class='ocrx_word' id='word_1_63' title='bbox 797 1667 857 1725; x_wconf 69' lang='lat'>4.</span> <span class='ocrx_word' id='word_1_64' title='bbox 886 1662 984 1727; x_wconf 82' lang='lat' dir='ltr'>Ad</span> <span class='ocrx_word' id='word_1_65' title='bbox 1013 1661 1171 1726; x_wconf 91' lang='lat' dir='ltr'>illud</span> <span class='ocrx_word' id='word_1_66' title='bbox 1195 1662 1366 1743; x_wconf 87' lang='lat' dir='ltr'>quod</span> <span class='ocrx_word' id='word_1_67' title='bbox 1393 1661 1721 1743; x_wconf 85' lang='lat' dir='ltr'>objicitur,</span> <span class='ocrx_word' id='word_1_68' title='bbox 1751 1660 1922 1742; x_wconf 90' lang='lat' dir='ltr'>quod</span> <span class='ocrx_word' id='word_1_69' title='bbox 1944 1662 2260 1742; x_wconf 80' lang='lat' dir='ltr'>quantum</span> 
     </span>
     <span class='ocr_line' id='line_1_13' title="bbox 715 1766 2260 1853; baseline -0.005 -18"><span class='ocrx_word' id='word_1_70' title='bbox 715 1771 862 1853; x_wconf 83' lang='lat' dir='ltr'>quis</span> <span class='ocrx_word' id='word_1_71' title='bbox 904 1769 1115 1850; x_wconf 84' lang='lat' dir='ltr'>diligit</span> <span class='ocrx_word' id='word_1_72' title='bbox 1170 1767 1414 1846; x_wconf 88' lang='lat' dir='ltr'>Deum,</span> <span class='ocrx_word' id='word_1_73' title='bbox 1469 1772 1719 1832; x_wconf 87' lang='lat' dir='ltr'>tantum</span> <span class='ocrx_word' id='word_1_74' title='bbox 1768 1766 2081 1831; x_wconf 83' lang='lat' dir='ltr'>desiderat</span> <span class='ocrx_word' id='word_1_75' title='bbox 2128 1767 2260 1830; x_wconf 80' lang='lat' dir='ltr'>frui</span> 
     </span>
     <span class='ocr_line' id='line_1_14' title="bbox 717 1877 2258 1961; baseline -0.002 -16"><span class='ocrx_word' id='word_1_76' title='bbox 717 1879 878 1959; x_wconf 88' lang='lat' dir='ltr'>Deo,</span> <span class='ocrx_word' id='word_1_77' title='bbox 912 1879 1262 1959; x_wconf 73' lang='lat' dir='ltr'>dicendum]</span> <span class='ocrx_word' id='word_1_78' title='bbox 1285 1878 1457 1961; x_wconf 88' lang='lat' dir='ltr'>quod</span> <span class='ocrx_word' id='word_1_79' title='bbox 1489 1878 1727 1961; x_wconf 86' lang='lat' dir='ltr'>duplici</span> <span class='ocrx_word' id='word_1_80' title='bbox 1759 1883 1940 1942; x_wconf 89' lang='lat' dir='ltr'>motu</span> <span class='ocrx_word' id='word_1_81' title='bbox 1984 1877 2258 1942; x_wconf 88' lang='lat' dir='ltr'>dilectio-</span> 
     </span>
     <span class='ocr_line' id='line_1_15' title="bbox 715 1985 2263 2068; baseline -0.001 -18"><span class='ocrx_word' id='word_1_82' title='bbox 715 1988 816 2050; x_wconf 87' lang='lat' dir='ltr'>nis</span> <span class='ocrx_word' id='word_1_83' title='bbox 844 1987 1158 2068; x_wconf 87' lang='lat' dir='ltr'>contingit</span> <span class='ocrx_word' id='word_1_84' title='bbox 1181 1986 1380 2050; x_wconf 91' lang='lat' dir='ltr'>Deum</span> <span class='ocrx_word' id='word_1_85' title='bbox 1405 1986 1694 2067; x_wconf 86' lang='lat' dir='ltr'>diligere,</span> <span class='ocrx_word' id='word_1_86' title='bbox 1716 1985 2010 2048; x_wconf 86' lang='lat' dir='ltr'>videlicet</span> <span class='ocrx_word' id='word_1_87' title='bbox 2030 1985 2263 2049; x_wconf 84' lang='lat' dir='ltr'>affectu</span> 
     </span>
     <span class='ocr_line' id='line_1_16' title="bbox 717 2092 2264 2175; baseline -0.002 -17"><span class='ocrx_word' id='word_1_88' title='bbox 717 2095 1037 2173; x_wconf 65' lang='lat' dir='ltr'>amicitiae,</span> <span class='ocrx_word' id='word_1_89' title='bbox 1067 2105 1127 2158; x_wconf 87' lang='lat' dir='ltr'>et</span> <span class='ocrx_word' id='word_1_90' title='bbox 1153 2094 1386 2157; x_wconf 78' lang='lat' dir='ltr'>affectu</span> <span class='ocrx_word' id='word_1_91' title='bbox 1411 2093 1960 2175; x_wconf 76' lang='lat' dir='ltr'>concupiscentiae,</span> <span class='ocrx_word' id='word_1_92' title='bbox 2000 2092 2133 2155; x_wconf 86' lang='lat' dir='ltr'>sive</span> <span class='ocrx_word' id='word_1_93' title='bbox 2160 2092 2264 2155; x_wconf 90' lang='lat' dir='ltr'>de·</span> 
     </span>
     <span class='ocr_line' id='line_1_17' title="bbox 717 2199 2264 2282; baseline -0.001 -19"><span class='ocrx_word' id='word_1_94' title='bbox 717 2202 955 2266; x_wconf 85' lang='lat' dir='ltr'>siderii.</span> <span class='ocrx_word' id='word_1_95' title='bbox 987 2202 1146 2265; x_wconf 90' lang='lat' dir='ltr'>Cum</span> <span class='ocrx_word' id='word_1_96' title='bbox 1176 2220 1335 2282; x_wconf 88' lang='lat' dir='ltr'>ergo</span> <span class='ocrx_word' id='word_1_97' title='bbox 1363 2202 1634 2265; x_wconf 87' lang='lat' dir='ltr'>dicitur:</span> <span class='ocrx_word' id='word_1_98' title='bbox 1674 2224 1706 2260; x_wconf 71' lang='lat' dir='ltr'>a</span> <span class='ocrx_word' id='word_1_99' title='bbox 1747 2199 2069 2275; x_wconf 87' lang='lat' dir='ltr'>Quantum</span> <span class='ocrx_word' id='word_1_100' title='bbox 2120 2199 2264 2281; x_wconf 88' lang='lat' dir='ltr'>quis</span> 
     </span>
     <span class='ocr_line' id='line_1_18' title="bbox 717 2297 2254 2382; baseline -0.005 -19"><span class='ocrx_word' id='word_1_101' title='bbox 717 2299 925 2382; x_wconf 80' lang='lat' dir='ltr'>diligit</span> <span class='ocrx_word' id='word_1_102' title='bbox 971 2300 1173 2363; x_wconf 90' lang='lat' dir='ltr'>Deum</span> <span class='ocrx_word' id='word_1_103' title='bbox 1196 2349 1214 2378; x_wconf 90' lang='lat'>‚</span> <span class='ocrx_word' id='word_1_104' title='bbox 1267 2305 1516 2363; x_wconf 86' lang='lat' dir='ltr'>tantum</span> <span class='ocrx_word' id='word_1_105' title='bbox 1553 2299 1861 2363; x_wconf 84' lang='lat' dir='ltr'>desiderat</span> <span class='ocrx_word' id='word_1_106' title='bbox 1885 2298 2014 2362; x_wconf 83' lang='lat' dir='ltr'>frui</span> <span class='ocrx_word' id='word_1_107' title='bbox 2043 2297 2193 2376; x_wconf 78' lang='lat' dir='ltr'>Deo,</span> <span class='ocrx_word' id='word_1_108' title='bbox 2223 2319 2254 2356; x_wconf 72' lang='lat' dir='ltr'>n</span> 
     </span>
     <span class='ocr_line' id='line_1_19' title="bbox 719 2404 2259 2490; baseline -0.003 -18"><span class='ocrx_word' id='word_1_109' title='bbox 719 2406 987 2489; x_wconf 74' lang='lat' dir='ltr'>diliqere</span> <span class='ocrx_word' id='word_1_110' title='bbox 1033 2411 1235 2490; x_wconf 87' lang='lat' dir='ltr'>potest</span> <span class='ocrx_word' id='word_1_111' title='bbox 1275 2407 1479 2471; x_wconf 85' lang='lat' dir='ltr'>dicere</span> <span class='ocrx_word' id='word_1_112' title='bbox 1517 2409 1600 2484; x_wconf 86' lang='grc' dir='ltr'>(α)</span> <span class='ocrx_word' id='word_1_113' title='bbox 1649 2411 1898 2470; x_wconf 87' lang='lat' dir='ltr'>motum</span> <span class='ocrx_word' id='word_1_114' title='bbox 1937 2404 2259 2482; x_wconf 64' lang='lat' dir='ltr'>amicitiae,</span> 
     </span>
     <span class='ocr_line' id='line_1_20' title="bbox 717 2510 2263 2596; baseline -0.003 -19"><span class='ocrx_word' id='word_1_115' title='bbox 717 2514 822 2577; x_wconf 83' lang='lat' dir='ltr'>vel</span> <span class='ocrx_word' id='word_1_116' title='bbox 860 2519 1110 2577; x_wconf 91' lang='lat' dir='ltr'>motum</span> <span class='ocrx_word' id='word_1_117' title='bbox 1149 2514 1700 2596; x_wconf 64' lang='lat' dir='ltr'>concupiscentiae.</span> <span class='ocrx_word' id='word_1_118' title='bbox 1732 2510 1798 2576; x_wconf 89' lang='lat' dir='ltr'>Si</span> <span class='ocrx_word' id='word_1_119' title='bbox 1825 2512 1993 2575; x_wconf 88' lang='lat' dir='ltr'>dicat</span> <span class='ocrx_word' id='word_1_120' title='bbox 2016 2515 2263 2574; x_wconf 92' lang='lat' dir='ltr'>motum</span> 
     </span>
     <span class='ocr_line' id='line_1_21' title="bbox 718 2618 2263 2704; baseline -0.003 -20"><span class='ocrx_word' id='word_1_121' title='bbox 718 2621 1246 2704; x_wconf 78' lang='lat' dir='ltr'>concupiscentiae</span> <span class='ocrx_word' id='word_1_122' title='bbox 1268 2669 1289 2699; x_wconf 93' lang='lat'>,</span> <span class='ocrx_word' id='word_1_123' title='bbox 1349 2622 1589 2702; x_wconf 84' lang='lat' dir='ltr'>absque</span> <span class='ocrx_word' id='word_1_124' title='bbox 1656 2619 1853 2684; x_wconf 88' lang='lat' dir='ltr'>dubio</span> <span class='ocrx_word' id='word_1_125' title='bbox 1926 2618 2263 2681; x_wconf 83' lang='lat' dir='ltr'>veritatem</span> 
     </span>
     <span class='ocr_line' id='line_1_22' title="bbox 718 2724 2266 2808; baseline -0.003 -17"><span class='ocrx_word' id='word_1_126' title='bbox 718 2729 911 2792; x_wconf 88' lang='lat' dir='ltr'>hahet</span> <span class='ocrx_word' id='word_1_127' title='bbox 951 2752 966 2791; x_wconf 90' lang='lat'>:</span> <span class='ocrx_word' id='word_1_128' title='bbox 1013 2728 1120 2791; x_wconf 85' lang='lat' dir='ltr'>sed</span> <span class='ocrx_word' id='word_1_129' title='bbox 1172 2727 1278 2790; x_wconf 92' lang='lat' dir='ltr'>hic</span> <span class='ocrx_word' id='word_1_130' title='bbox 1325 2731 1537 2790; x_wconf 90' lang='lat' dir='ltr'>motus</span> <span class='ocrx_word' id='word_1_131' title='bbox 1596 2744 1724 2790; x_wconf 89' lang='lat' dir='ltr'>non</span> <span class='ocrx_word' id='word_1_132' title='bbox 1789 2724 1969 2808; x_wconf 88' lang='lat' dir='ltr'>ponit</span> <span class='ocrx_word' id='word_1_133' title='bbox 2018 2725 2089 2787; x_wconf 92' lang='lat' dir='ltr'>in</span> <span class='ocrx_word' id='word_1_134' title='bbox 2139 2741 2266 2787; x_wconf 90' lang='lat' dir='ltr'>nu-</span> 
     </span>
     <span class='ocr_line' id='line_1_23' title="bbox 720 2831 2266 2899; baseline -0.003 0"><span class='ocrx_word' id='word_1_135' title='bbox 720 2853 970 2899; x_wconf 89' lang='lat' dir='ltr'>merum</span> <span class='ocrx_word' id='word_1_136' title='bbox 1032 2852 1185 2898; x_wconf 90' lang='lat' dir='ltr'>cum</span> <span class='ocrx_word' id='word_1_137' title='bbox 1252 2833 1583 2896; x_wconf 87' lang='lat' dir='ltr'>dilectione</span> <span class='ocrx_word' id='word_1_138' title='bbox 1660 2832 1864 2895; x_wconf 83' lang='lat' dir='ltr'>nostri</span> <span class='ocrx_word' id='word_1_139' title='bbox 1924 2853 1940 2895; x_wconf 71' lang='grc' dir='ltr'>ε</span> <span class='ocrx_word' id='word_1_140' title='bbox 1999 2834 2065 2894; x_wconf 91' lang='lat' dir='ltr'>et</span> <span class='ocrx_word' id='word_1_141' title='bbox 2124 2831 2266 2894; x_wconf 91' lang='lat' dir='ltr'>ideo</span> 
     </span>
     <span class='ocr_line' id='line_1_24' title="bbox 719 2937 2263 3025; baseline -0.003 -20"><span class='ocrx_word' id='word_1_142' title='bbox 719 2960 850 3006; x_wconf 90' lang='lat' dir='ltr'>non</span> <span class='ocrx_word' id='word_1_143' title='bbox 877 2943 1167 3025; x_wconf 86' lang='lat' dir='ltr'>sequitur</span> <span class='ocrx_word' id='word_1_144' title='bbox 1203 2959 1286 3004; x_wconf 79' lang='lat' dir='ltr'>ex</span> <span class='ocrx_word' id='word_1_145' title='bbox 1317 2940 1461 3018; x_wconf 90' lang='lat' dir='ltr'>hoc,</span> <span class='ocrx_word' id='word_1_146' title='bbox 1492 2939 1662 3021; x_wconf 89' lang='lat' dir='ltr'>quod</span> <span class='ocrx_word' id='word_1_147' title='bbox 1694 2938 2026 3022; x_wconf 63' lang='lat' dir='ltr'>aequaliter</span> <span class='ocrx_word' id='word_1_148' title='bbox 2063 2937 2263 3001; x_wconf 82' lang='lat' dir='ltr'>Deum</span> 
     </span>
     <span class='ocr_line' id='line_1_25' title="bbox 720 3047 2265 3131; baseline -0.004 -17"><span class='ocrx_word' id='word_1_149' title='bbox 720 3054 782 3114; x_wconf 88' lang='lat' dir='ltr'>et</span> <span class='ocrx_word' id='word_1_150' title='bbox 809 3069 926 3114; x_wconf 92' lang='lat' dir='ltr'>nos</span> <span class='ocrx_word' id='word_1_151' title='bbox 943 3051 1324 3131; x_wconf 87' lang='lat' dir='ltr'>diligamus:</span> <span class='ocrx_word' id='word_1_152' title='bbox 1357 3048 1624 3130; x_wconf 90' lang='lat' dir='ltr'>diligere</span> <span class='ocrx_word' id='word_1_153' title='bbox 1654 3047 1827 3112; x_wconf 89' lang='lat' dir='ltr'>enim</span> <span class='ocrx_word' id='word_1_154' title='bbox 1854 3065 1972 3111; x_wconf 90' lang='lat' dir='ltr'>nos</span> <span class='ocrx_word' id='word_1_155' title='bbox 1998 3065 2080 3110; x_wconf 82' lang='lat' dir='ltr'>ex</span> <span class='ocrx_word' id='word_1_156' title='bbox 2107 3047 2265 3109; x_wconf 85' lang='lat' dir='ltr'>cha-</span> 
     </span>
     <span class='ocr_line' id='line_1_26' title="bbox 716 3156 2265 3237; baseline -0.004 -15"><span class='ocrx_word' id='word_1_157' title='bbox 716 3158 905 3222; x_wconf 82' lang='lat' dir='ltr'>ritate</span> <span class='ocrx_word' id='word_1_158' title='bbox 931 3176 1061 3222; x_wconf 92' lang='lat' dir='ltr'>non</span> <span class='ocrx_word' id='word_1_159' title='bbox 1091 3160 1185 3221; x_wconf 88' lang='lat' dir='ltr'>est</span> <span class='ocrx_word' id='word_1_160' title='bbox 1208 3156 1403 3234; x_wconf 86' lang='lat' dir='ltr'>aliud,</span> <span class='ocrx_word' id='word_1_161' title='bbox 1433 3173 1630 3237; x_wconf 88' lang='lat' dir='ltr'>quam</span> <span class='ocrx_word' id='word_1_162' title='bbox 1661 3172 1993 3219; x_wconf 89' lang='lat' dir='ltr'>summum</span> <span class='ocrx_word' id='word_1_163' title='bbox 2019 3156 2265 3218; x_wconf 90' lang='lat' dir='ltr'>bonum</span> 
     </span>
     <span class='ocr_line' id='line_1_27' title="bbox 718 3261 2267 3347; baseline -0.003 -20"><span class='ocrx_word' id='word_1_164' title='bbox 718 3266 903 3329; x_wconf 89' lang='lat' dir='ltr'>nobis</span> <span class='ocrx_word' id='word_1_165' title='bbox 923 3268 1164 3347; x_wconf 89' lang='lat' dir='ltr'>optare.</span> <span class='ocrx_word' id='word_1_166' title='bbox 1192 3263 1259 3328; x_wconf 93' lang='lat' dir='ltr'>Si</span> <span class='ocrx_word' id='word_1_167' title='bbox 1279 3281 1435 3327; x_wconf 85' lang='lat' dir='ltr'>vero</span> <span class='ocrx_word' id='word_1_168' title='bbox 1456 3262 1726 3342; x_wconf 88' lang='lat' dir='ltr'>diligere</span> <span class='ocrx_word' id='word_1_169' title='bbox 1747 3262 1945 3326; x_wconf 86' lang='lat' dir='ltr'>Deum</span> <span class='ocrx_word' id='word_1_170' title='bbox 1966 3261 2117 3325; x_wconf 88' lang='lat' dir='ltr'>dicit</span> <span class='ocrx_word' id='word_1_171' title='bbox 2135 3278 2267 3324; x_wconf 93' lang='lat' dir='ltr'>mo-</span> 
     </span>
     <span class='ocr_line' id='line_1_28' title="bbox 720 3369 2268 3451; baseline -0.003 -17"><span class='ocrx_word' id='word_1_172' title='bbox 720 3375 861 3435; x_wconf 88' lang='lat' dir='ltr'>tum</span> <span class='ocrx_word' id='word_1_173' title='bbox 877 3371 1195 3448; x_wconf 65' lang='lat' dir='ltr'>amicitiae,</span> <span class='ocrx_word' id='word_1_174' title='bbox 1219 3376 1373 3433; x_wconf 89' lang='lat' dir='ltr'>tunc</span> <span class='ocrx_word' id='word_1_175' title='bbox 1390 3370 1533 3447; x_wconf 90' lang='lat' dir='ltr'>hoc,</span> <span class='ocrx_word' id='word_1_176' title='bbox 1561 3369 1733 3451; x_wconf 87' lang='lat' dir='ltr'>quod</span> <span class='ocrx_word' id='word_1_177' title='bbox 1767 3373 1862 3433; x_wconf 84' lang='lat' dir='ltr'>est</span> <span class='ocrx_word' id='word_1_178' title='bbox 1896 3375 2170 3446; x_wconf 78' lang='lat' dir='ltr'>tantum,</span> <span class='ocrx_word' id='word_1_179' title='bbox 2203 3371 2268 3431; x_wconf 87' lang='lat' dir='ltr'>et</span> 
     </span>
     <span class='ocr_line' id='line_1_29' title="bbox 718 3476 2266 3560; baseline -0.003 -18"><span class='ocrx_word' id='word_1_180' title='bbox 718 3485 1057 3560; x_wconf 79' lang='lat' dir='ltr'>quantum,</span> <span class='ocrx_word' id='word_1_181' title='bbox 1089 3481 1357 3560; x_wconf 89' lang='lat' dir='ltr'>possunt</span> <span class='ocrx_word' id='word_1_182' title='bbox 1385 3477 1730 3558; x_wconf 86' lang='lat' dir='ltr'>importare</span> <span class='ocrx_word' id='word_1_183' title='bbox 1757 3476 2266 3558; x_wconf 88' lang='lat' dir='ltr'>proportionabi-</span> 
     </span>
     <span class='ocr_line' id='line_1_30' title="bbox 718 3582 2266 3665; baseline 0 -19"><span class='ocrx_word' id='word_1_184' title='bbox 718 3585 993 3665; x_wconf 89' lang='lat' dir='ltr'>litatem,</span> <span class='ocrx_word' id='word_1_185' title='bbox 1025 3588 1099 3649; x_wconf 91' lang='lat' dir='ltr'>ut</span> <span class='ocrx_word' id='word_1_186' title='bbox 1138 3585 1220 3647; x_wconf 86' lang='lat' dir='ltr'>sit</span> <span class='ocrx_word' id='word_1_187' title='bbox 1264 3602 1490 3649; x_wconf 90' lang='lat' dir='ltr'>sensus</span> <span class='ocrx_word' id='word_1_188' title='bbox 1520 3607 1537 3647; x_wconf 74' lang='lat' dir='ltr'>t</span> <span class='ocrx_word' id='word_1_189' title='bbox 1572 3584 1640 3647; x_wconf 92' lang='lat' dir='ltr'>Si</span> <span class='ocrx_word' id='word_1_190' title='bbox 1678 3585 1956 3647; x_wconf 91' lang='lat' dir='ltr'>multum</span> <span class='ocrx_word' id='word_1_191' title='bbox 1996 3585 2096 3647; x_wconf 88' lang='lat' dir='ltr'>vis</span> <span class='ocrx_word' id='word_1_192' title='bbox 2141 3582 2266 3646; x_wconf 88' lang='lat' dir='ltr'>Deo</span> 
     </span>
     <span class='ocr_line' id='line_1_31' title="bbox 718 3689 2266 3772; baseline -0.002 -16"><span class='ocrx_word' id='word_1_193' title='bbox 718 3692 985 3771; x_wconf 90' lang='lat' dir='ltr'>bonum,</span> <span class='ocrx_word' id='word_1_194' title='bbox 1020 3692 1299 3756; x_wconf 90' lang='lat' dir='ltr'>multum</span> <span class='ocrx_word' id='word_1_195' title='bbox 1330 3692 1648 3756; x_wconf 86' lang='lat' dir='ltr'>desideras</span> <span class='ocrx_word' id='word_1_196' title='bbox 1679 3692 1802 3756; x_wconf 87' lang='lat' dir='ltr'>Deo</span> <span class='ocrx_word' id='word_1_197' title='bbox 1829 3691 1978 3754; x_wconf 76' lang='lat' dir='ltr'>frui.</span> <span class='ocrx_word' id='word_1_198' title='bbox 2008 3689 2122 3754; x_wconf 80' lang='lat' dir='ltr'>Vel</span> <span class='ocrx_word' id='word_1_199' title='bbox 2156 3708 2266 3772; x_wconf 91' lang='lat' dir='ltr'>po-</span> 
     </span>
     <span class='ocr_line' id='line_1_32' title="bbox 717 3798 2264 3882; baseline -0.003 -19"><span class='ocrx_word' id='word_1_200' title='bbox 717 3802 840 3863; x_wconf 86' lang='lat' dir='ltr'>test</span> <span class='ocrx_word' id='word_1_201' title='bbox 902 3800 1247 3881; x_wconf 86' lang='lat' dir='ltr'>importare</span> <span class='ocrx_word' id='word_1_202' title='bbox 1313 3798 1742 3882; x_wconf 85' lang='lat' dir='ltr'>proportionis</span> <span class='ocrx_word' id='word_1_203' title='bbox 1787 3814 2264 3862; x_wconf 88' lang='lat' dir='ltr'>commensura-</span> 
     </span>
     <span class='ocr_line' id='line_1_33' title="bbox 718 3904 2268 3989; baseline -0.001 -19"><span class='ocrx_word' id='word_1_204' title='bbox 718 3908 994 3986; x_wconf 87' lang='lat' dir='ltr'>tionem,</span> <span class='ocrx_word' id='word_1_205' title='bbox 1026 3909 1160 3971; x_wconf 89' lang='lat' dir='ltr'>sive</span> <span class='ocrx_word' id='word_1_206' title='bbox 1188 3907 1641 3989; x_wconf 86' lang='lat' dir='ltr'>aequalitatem.</span> <span class='ocrx_word' id='word_1_207' title='bbox 1688 3904 1904 3969; x_wconf 87' lang='lat' dir='ltr'>Primo</span> <span class='ocrx_word' id='word_1_208' title='bbox 1930 3905 2121 3969; x_wconf 92' lang='lat' dir='ltr'>modo</span> <span class='ocrx_word' id='word_1_209' title='bbox 2147 3904 2268 3968; x_wconf 85' lang='lat' dir='ltr'>ha·</span> 
     </span>
     <span class='ocr_line' id='line_1_34' title="bbox 722 4012 2269 4093; baseline -0.001 -14"><span class='ocrx_word' id='word_1_210' title='bbox 722 4015 828 4079; x_wconf 87' lang='lat' dir='ltr'>bet</span> <span class='ocrx_word' id='word_1_211' title='bbox 876 4016 1243 4093; x_wconf 80' lang='lat' dir='ltr'>veritatem3</span> <span class='ocrx_word' id='word_1_212' title='bbox 1292 4014 1572 4079; x_wconf 86' lang='lat' dir='ltr'>secundo</span> <span class='ocrx_word' id='word_1_213' title='bbox 1622 4013 1814 4077; x_wconf 92' lang='lat' dir='ltr'>modo</span> <span class='ocrx_word' id='word_1_214' title='bbox 1879 4031 2010 4077; x_wconf 92' lang='lat' dir='ltr'>non</span> <span class='ocrx_word' id='word_1_215' title='bbox 2073 4012 2269 4077; x_wconf 88' lang='lat' dir='ltr'>habet</span> 
     </span>
     <span class='ocr_line' id='line_1_35' title="bbox 720 4121 2268 4186; baseline -0.001 -1"><span class='ocrx_word' id='word_1_216' title='bbox 720 4122 1075 4186; x_wconf 84' lang='lat' dir='ltr'>veritatem.</span> <span class='ocrx_word' id='word_1_217' title='bbox 1137 4126 1255 4186; x_wconf 86' lang='lat' dir='ltr'>Per</span> <span class='ocrx_word' id='word_1_218' title='bbox 1300 4121 1670 4186; x_wconf 87' lang='lat' dir='ltr'>charitatem</span> <span class='ocrx_word' id='word_1_219' title='bbox 1715 4121 1890 4185; x_wconf 91' lang='lat' dir='ltr'>enim</span> <span class='ocrx_word' id='word_1_220' title='bbox 1935 4138 2268 4185; x_wconf 90' lang='lat' dir='ltr'>summum</span> 
     </span>
     <span class='ocr_line' id='line_1_36' title="bbox 722 4228 2266 4311; baseline -0.001 -19"><span class='ocrx_word' id='word_1_221' title='bbox 722 4229 967 4292; x_wconf 89' lang='lat' dir='ltr'>bonum</span> <span class='ocrx_word' id='word_1_222' title='bbox 1021 4228 1263 4308; x_wconf 90' lang='lat' dir='ltr'>diligo,</span> <span class='ocrx_word' id='word_1_223' title='bbox 1320 4231 1595 4311; x_wconf 91' lang='lat' dir='ltr'>optoque</span> <span class='ocrx_word' id='word_1_224' title='bbox 1645 4245 1977 4291; x_wconf 87' lang='lat' dir='ltr'>summum</span> <span class='ocrx_word' id='word_1_225' title='bbox 2019 4228 2266 4291; x_wconf 87' lang='lat' dir='ltr'>honum</span> 
     </span>
     <span class='ocr_line' id='line_1_37' title="bbox 720 4333 2269 4417; baseline 0 -19"><span class='ocrx_word' id='word_1_226' title='bbox 720 4334 903 4413; x_wconf 91' lang='lat' dir='ltr'>mihi,</span> <span class='ocrx_word' id='word_1_227' title='bbox 954 4335 1042 4397; x_wconf 88' lang='lat' dir='ltr'>ita</span> <span class='ocrx_word' id='word_1_228' title='bbox 1085 4335 1252 4416; x_wconf 90' lang='lat' dir='ltr'>quod</span> <span class='ocrx_word' id='word_1_229' title='bbox 1302 4334 1451 4398; x_wconf 86' lang='lat' dir='ltr'>volo</span> <span class='ocrx_word' id='word_1_230' title='bbox 1492 4335 1665 4417; x_wconf 88' lang='lat' dir='ltr'>quod</span> <span class='ocrx_word' id='word_1_231' title='bbox 1727 4333 1895 4397; x_wconf 84' lang='lat' dir='ltr'>Deus</span> <span class='ocrx_word' id='word_1_232' title='bbox 1936 4351 2269 4398; x_wconf 84' lang='lat' dir='ltr'>summum</span> 
     </span>
     <span class='ocr_line' id='line_1_38' title="bbox 720 4442 2269 4529; baseline 0 -22"><span class='ocrx_word' id='word_1_233' title='bbox 720 4444 963 4507; x_wconf 87' lang='lat' dir='ltr'>bonum</span> <span class='ocrx_word' id='word_1_234' title='bbox 994 4442 1261 4521; x_wconf 85' lang='lat' dir='ltr'>habeat,</span> <span class='ocrx_word' id='word_1_235' title='bbox 1296 4447 1360 4506; x_wconf 88' lang='lat' dir='ltr'>et</span> <span class='ocrx_word' id='word_1_236' title='bbox 1385 4443 1468 4506; x_wconf 91' lang='lat' dir='ltr'>sit</span> <span class='ocrx_word' id='word_1_237' title='bbox 1494 4460 1825 4506; x_wconf 88' lang='lat' dir='ltr'>summum</span> <span class='ocrx_word' id='word_1_238' title='bbox 1861 4442 2104 4506; x_wconf 90' lang='lat' dir='ltr'>bonum</span> <span class='ocrx_word' id='word_1_239' title='bbox 2154 4460 2269 4529; x_wconf 88' lang='lat' dir='ltr'>per</span> 
     </span>
     <span class='ocr_line' id='line_1_39' title="bbox 721 4552 2264 4637; baseline -0.003 -18"><span class='ocrx_word' id='word_1_240' title='bbox 721 4554 1092 4637; x_wconf 54' lang='lat' dir='ltr'>essentiam}</span> <span class='ocrx_word' id='word_1_241' title='bbox 1125 4553 1285 4617; x_wconf 92' lang='lat' dir='ltr'>mihi</span> <span class='ocrx_word' id='word_1_242' title='bbox 1328 4572 1481 4619; x_wconf 88' lang='lat' dir='ltr'>vero</span> <span class='ocrx_word' id='word_1_243' title='bbox 1524 4571 1641 4636; x_wconf 87' lang='lat' dir='ltr'>per</span> <span class='ocrx_word' id='word_1_244' title='bbox 1680 4552 2264 4636; x_wconf 80' lang='lat' dir='ltr'>participationem3</span> 
     </span>
     <span class='ocr_line' id='line_1_40' title="bbox 722 4658 2272 4744; baseline -0.002 -17"><span class='ocrx_word' id='word_1_245' title='bbox 722 4667 786 4727; x_wconf 87' lang='lat' dir='ltr'>et</span> <span class='ocrx_word' id='word_1_246' title='bbox 828 4662 1032 4727; x_wconf 89' lang='lat' dir='ltr'>multo</span> <span class='ocrx_word' id='word_1_247' title='bbox 1077 4662 1288 4743; x_wconf 89' lang='lat' dir='ltr'>magis</span> <span class='ocrx_word' id='word_1_248' title='bbox 1333 4665 1482 4744; x_wconf 83' lang='lat' dir='ltr'>opto</span> <span class='ocrx_word' id='word_1_249' title='bbox 1536 4660 1688 4739; x_wconf 90' lang='lat' dir='ltr'>sibi,</span> <span class='ocrx_word' id='word_1_250' title='bbox 1742 4677 1938 4743; x_wconf 87' lang='lat' dir='ltr'>quam</span> <span class='ocrx_word' id='word_1_251' title='bbox 1978 4658 2163 4722; x_wconf 89' lang='lat' dir='ltr'>mihi.</span> <span class='ocrx_word' id='word_1_252' title='bbox 2193 4659 2272 4724; x_wconf 90' lang='lat' dir='ltr'>Et</span> 
     </span>
     <span class='ocr_line' id='line_1_41' title="bbox 721 4767 2270 4852; baseline -0.003 -18"><span class='ocrx_word' id='word_1_253' title='bbox 721 4770 863 4834; x_wconf 89' lang='lat' dir='ltr'>ideo</span> <span class='ocrx_word' id='word_1_254' title='bbox 908 4789 1037 4834; x_wconf 92' lang='lat' dir='ltr'>non</span> <span class='ocrx_word' id='word_1_255' title='bbox 1078 4770 1366 4852; x_wconf 82' lang='lat' dir='ltr'>sequitur</span> <span class='ocrx_word' id='word_1_256' title='bbox 1403 4787 1486 4832; x_wconf 82' lang='lat' dir='ltr'>ex</span> <span class='ocrx_word' id='word_1_257' title='bbox 1531 4768 1685 4847; x_wconf 91' lang='lat' dir='ltr'>hoc,</span> <span class='ocrx_word' id='word_1_258' title='bbox 1734 4767 1906 4850; x_wconf 87' lang='lat' dir='ltr'>quod</span> <span class='ocrx_word' id='word_1_259' title='bbox 1951 4784 2132 4832; x_wconf 88' lang='lat' dir='ltr'>amor</span> <span class='ocrx_word' id='word_1_260' title='bbox 2159 4767 2270 4832; x_wconf 90' lang='lat' dir='ltr'>Dei</span> 
     </span>
     <span class='ocr_line' id='line_1_42' title="bbox 722 4866 2265 4962; baseline -0.004 -19"><span class='ocrx_word' id='word_1_261' title='bbox 722 4880 917 4962; x_wconf 86' lang='lat' dir='ltr'>possit</span> <span class='ocrx_word' id='word_1_262' title='bbox 943 4866 1200 4962; x_wconf 72' lang='lat' dir='ltr'>aequari‘</span> <span class='ocrx_word' id='word_1_263' title='bbox 1231 4878 1438 4943; x_wconf 89' lang='lat' dir='ltr'>amori</span> <span class='ocrx_word' id='word_1_264' title='bbox 1486 4881 1704 4940; x_wconf 88' lang='lat' dir='ltr'>nostro</span> <span class='ocrx_word' id='word_1_265' title='bbox 1732 4875 1909 4939; x_wconf 86' lang='lat' dir='ltr'>salva</span> <span class='ocrx_word' id='word_1_266' title='bbox 1937 4874 2265 4955; x_wconf 85' lang='lat' dir='ltr'>charitate,</span> 
     </span>
     <span class='ocr_line' id='line_1_43' title="bbox 722 4984 2270 5065; baseline -0.005 -13"><span class='ocrx_word' id='word_1_267' title='bbox 722 4987 827 5052; x_wconf 86' lang='lat' dir='ltr'>vel</span> <span class='ocrx_word' id='word_1_268' title='bbox 875 4987 1069 5051; x_wconf 89' lang='lat' dir='ltr'>etiam</span> <span class='ocrx_word' id='word_1_269' title='bbox 1114 4986 1319 5050; x_wconf 89' lang='lat' dir='ltr'>amori</span> <span class='ocrx_word' id='word_1_270' title='bbox 1369 4984 1641 5065; x_wconf 85' lang='lat' dir='ltr'>alicujus</span> <span class='ocrx_word' id='word_1_271' title='bbox 1681 4986 2018 5060; x_wconf 79' lang='lat' dir='ltr'>creaturae,</span> <span class='ocrx_word' id='word_1_272' title='bbox 2051 4984 2270 5063; x_wconf 82' lang='lat' dir='ltr'>utpote</span> 
     </span>
     <span class='ocr_line' id='line_1_44' title="bbox 724 5088 2269 5174; baseline -0.003 -18"><span class='ocrx_word' id='word_1_273' title='bbox 724 5094 929 5157; x_wconf 84' lang='lat' dir='ltr'>amori</span> <span class='ocrx_word' id='word_1_274' title='bbox 955 5093 1181 5174; x_wconf 79' lang='lat' dir='ltr'>gloriae</span> <span class='ocrx_word' id='word_1_275' title='bbox 1221 5097 1285 5156; x_wconf 91' lang='lat' dir='ltr'>et</span> <span class='ocrx_word' id='word_1_276' title='bbox 1318 5090 1635 5156; x_wconf 81' lang='lat' dir='ltr'>fruitionis</span> <span class='ocrx_word' id='word_1_277' title='bbox 1654 5089 1805 5168; x_wconf 90' lang='lat' dir='ltr'>Dei,</span> <span class='ocrx_word' id='word_1_278' title='bbox 1836 5088 1970 5153; x_wconf 83' lang='lat' dir='ltr'>sive</span> <span class='ocrx_word' id='word_1_279' title='bbox 1995 5089 2269 5152; x_wconf 87' lang='lat' dir='ltr'>beatitu-</span> 
     </span>
     <span class='ocr_line' id='line_1_45' title="bbox 725 5196 2271 5280; baseline -0.003 -16"><span class='ocrx_word' id='word_1_280' title='bbox 725 5201 890 5264; x_wconf 90' lang='lat' dir='ltr'>dinis</span> <span class='ocrx_word' id='word_1_281' title='bbox 918 5206 1166 5266; x_wconf 81' lang='lat' dir='ltr'>creatae.</span> <span class='ocrx_word' id='word_1_282' title='bbox 1197 5199 1415 5266; x_wconf 84' lang='lat' dir='ltr'>Posset</span> <span class='ocrx_word' id='word_1_283' title='bbox 1442 5200 1636 5263; x_wconf 89' lang='lat' dir='ltr'>etiam</span> <span class='ocrx_word' id='word_1_284' title='bbox 1679 5198 2050 5280; x_wconf 87' lang='lat' dir='ltr'>responderi</span> <span class='ocrx_word' id='word_1_285' title='bbox 2089 5196 2271 5260; x_wconf 84' lang='lat' dir='ltr'>aliter</span> 
     </span>
     <span class='ocr_line' id='line_1_46' title="bbox 729 5304 2264 5390; baseline -0.001 -20"><span class='ocrx_word' id='word_1_286' title='bbox 729 5325 841 5388; x_wconf 88' lang='lat' dir='ltr'>per</span> <span class='ocrx_word' id='word_1_287' title='bbox 871 5307 1421 5390; x_wconf 85' lang='lat' dir='ltr'>interemptionem</span> <span class='ocrx_word' id='word_1_288' title='bbox 1438 5307 1517 5371; x_wconf 83' lang='lat' dir='ltr'>ad</span> <span class='ocrx_word' id='word_1_289' title='bbox 1541 5304 2031 5389; x_wconf 88' lang='lat' dir='ltr'>propositionem</span> <span class='ocrx_word' id='word_1_290' title='bbox 2056 5304 2264 5369; x_wconf 85' lang='lat' dir='ltr'>illam:</span> 
     </span>
    </p>

    <p class='ocr_par' dir='ltr' id='par_1_4' title="bbox 794 5427 2053 5495">
     <span class='ocr_line' id='line_1_47' title="bbox 794 5427 2053 5495; baseline 0 -16"><span class='ocrx_word' id='word_1_291' title='bbox 794 5432 859 5494; x_wconf 75' lang='lat' dir='ltr'>(a)</span> <span class='ocrx_word' id='word_1_292' title='bbox 885 5431 1007 5481; x_wconf 77' lang='lat' dir='ltr'>Goet.</span> <span class='ocrx_word' id='word_1_293' title='bbox 1034 5430 1159 5481; x_wconf 72' lang='lat' dir='ltr'>edit.</span> <span class='ocrx_word' id='word_1_294' title='bbox 1187 5431 1305 5480; x_wconf 88' lang='lat' dir='ltr'>dici.</span> <span class='ocrx_word' id='word_1_295' title='bbox 1322 5456 1384 5468; x_wconf 93' lang='lat'>—</span> <span class='ocrx_word' id='word_1_296' title='bbox 1401 5430 1473 5495; x_wconf 70' lang='lat' dir='ltr'>(b)</span> <span class='ocrx_word' id='word_1_297' title='bbox 1505 5429 1647 5481; x_wconf 74' lang='lat' dir='ltr'>Edit.</span> <span class='ocrx_word' id='word_1_298' title='bbox 1680 5429 1795 5481; x_wconf 79' lang='lat' dir='ltr'>Ven.</span> <span class='ocrx_word' id='word_1_299' title='bbox 1819 5427 1954 5481; x_wconf 76' lang='lat' dir='ltr'>dem</span> <span class='ocrx_word' id='word_1_300' title='bbox 1981 5430 2053 5480; x_wconf 84' lang='lat' dir='ltr'>in.</span> 
     </span>
    </p>
   </div>
   <div class='ocr_carea' id='block_1_3' title="bbox 1826 439 2798 513">
    <p class='ocr_par' dir='ltr' id='par_1_5' title="bbox 1826 439 2798 513">
     <span class='ocr_line' id='line_1_48' title="bbox 1826 439 2798 513; baseline -0.001 -1"><span class='ocrx_word' id='word_1_301' title='bbox 1826 439 2451 513; x_wconf 73' lang='lat' dir='ltr'><strong>SENTENTIARUM</strong></span> <span class='ocrx_word' id='word_1_302' title='bbox 2492 445 2642 513; x_wconf 90' lang='lat' dir='ltr'><strong>LIB.</strong></span> <span class='ocrx_word' id='word_1_303' title='bbox 2690 445 2798 512; x_wconf 81' lang='lat'>111.</span> 
     </span>
    </p>
   </div>
   <div class='ocr_carea' id='block_1_4' title="bbox 2360 580 3906 1739">
    <p class='ocr_par' dir='ltr' id='par_1_6' title="bbox 2360 580 3903 1310">
     <span class='ocr_line' id='line_1_49' title="bbox 2370 580 3898 661; baseline 0.003 -19"><span class='ocrx_word' id='word_1_304' title='bbox 2370 603 2402 642; x_wconf 78' lang='grc' dir='ltr'>ι</span> <span class='ocrx_word' id='word_1_305' title='bbox 2430 580 2755 659; x_wconf 89' lang='lat' dir='ltr'>Quantum</span> <span class='ocrx_word' id='word_1_306' title='bbox 2800 582 3120 647; x_wconf 50' lang='lat' dir='ltr'>desideras</span> <span class='ocrx_word' id='word_1_307' title='bbox 3163 582 3293 647; x_wconf 73' lang='lat' dir='ltr'>frui</span> <span class='ocrx_word' id='word_1_308' title='bbox 3336 581 3485 661; x_wconf 82' lang='lat' dir='ltr'>Deo,</span> <span class='ocrx_word' id='word_1_309' title='bbox 3527 586 3783 646; x_wconf 86' lang='lat' dir='ltr'>tantum</span> <span class='ocrx_word' id='word_1_310' title='bbox 3806 582 3898 647; x_wconf 88' lang='lat' dir='ltr'>di-</span> 
     </span>
     <span class='ocr_line' id='line_1_50' title="bbox 2360 689 3901 773; baseline 0.001 -20"><span class='ocrx_word' id='word_1_311' title='bbox 2360 689 2512 771; x_wconf 87' lang='lat' dir='ltr'>ligis</span> <span class='ocrx_word' id='word_1_312' title='bbox 2536 690 2974 772; x_wconf 83' lang='lat' dir='ltr'>temetipsum,</span> <span class='ocrx_word' id='word_1_313' title='bbox 3006 711 3038 748; x_wconf 74' lang='grc' dir='ltr'><strong><em>ι</em></strong></span> <span class='ocrx_word' id='word_1_314' title='bbox 3075 690 3429 754; x_wconf 82' lang='lat' dir='ltr'>secundum</span> <span class='ocrx_word' id='word_1_315' title='bbox 3455 691 3629 773; x_wconf 88' lang='lat' dir='ltr'>quod</span> <span class='ocrx_word' id='word_1_316' title='bbox 3657 695 3901 756; x_wconf 71' lang='lat' dir='ltr'>tantm</span> 
     </span>
     <span class='ocr_line' id='line_1_51' title="bbox 2362 797 3903 879; baseline 0 -18"><span class='ocrx_word' id='word_1_317' title='bbox 2362 801 2425 861; x_wconf 89' lang='lat' dir='ltr'>et</span> <span class='ocrx_word' id='word_1_318' title='bbox 2450 803 2762 879; x_wconf 79' lang='lat' dir='ltr'>quantum</span> <span class='ocrx_word' id='word_1_319' title='bbox 2778 797 2999 860; x_wconf 89' lang='lat' dir='ltr'>dicunt</span> <span class='ocrx_word' id='word_1_320' title='bbox 3016 798 3726 876; x_wconf 87' lang='lat' dir='ltr'>commensurationem,</span> <span class='ocrx_word' id='word_1_321' title='bbox 3758 797 3903 879; x_wconf 77' lang='lat' dir='ltr'>quia</span> 
     </span>
     <span class='ocr_line' id='line_1_52' title="bbox 2362 903 3903 986; baseline -0.001 -19"><span class='ocrx_word' id='word_1_322' title='bbox 2362 907 2566 986; x_wconf 58' lang='lat' dir='ltr'>potest</span> <span class='ocrx_word' id='word_1_323' title='bbox 2606 904 2751 984; x_wconf 87' lang='lat' dir='ltr'>quis</span> <span class='ocrx_word' id='word_1_324' title='bbox 2778 903 3133 968; x_wconf 84' lang='lat' dir='ltr'>desiderare</span> <span class='ocrx_word' id='word_1_325' title='bbox 3161 904 3288 967; x_wconf 75' lang='lat' dir='ltr'>frui</span> <span class='ocrx_word' id='word_1_326' title='bbox 3313 904 3442 968; x_wconf 90' lang='lat' dir='ltr'>Deo</span> <span class='ocrx_word' id='word_1_327' title='bbox 3471 909 3732 986; x_wconf 80' lang='lat' dir='ltr'>propter</span> <span class='ocrx_word' id='word_1_328' title='bbox 3756 921 3823 967; x_wconf 83' lang='lat' dir='ltr'>se</span> <span class='ocrx_word' id='word_1_329' title='bbox 3845 907 3903 966; x_wconf 87' lang='lat' dir='ltr'>et</span> 
     </span>
     <span class='ocr_line' id='line_1_53' title="bbox 2363 1010 3897 1094; baseline 0 -19"><span class='ocrx_word' id='word_1_330' title='bbox 2363 1029 2557 1094; x_wconf 86' lang='lat' dir='ltr'>super</span> <span class='ocrx_word' id='word_1_331' title='bbox 2589 1010 2843 1088; x_wconf 89' lang='lat' dir='ltr'>omnia,</span> <span class='ocrx_word' id='word_1_332' title='bbox 2892 1011 3190 1092; x_wconf 83' lang='lat' dir='ltr'>quamvis</span> <span class='ocrx_word' id='word_1_333' title='bbox 3234 1011 3414 1074; x_wconf 88' lang='lat' dir='ltr'>nullo</span> <span class='ocrx_word' id='word_1_334' title='bbox 3456 1010 3652 1075; x_wconf 90' lang='lat' dir='ltr'>modo</span> <span class='ocrx_word' id='word_1_335' title='bbox 3685 1028 3897 1074; x_wconf 80' lang='lat' dir='ltr'>conoe-</span> 
     </span>
     <span class='ocr_line' id='line_1_54' title="bbox 2363 1118 3901 1200; baseline -0.001 -17"><span class='ocrx_word' id='word_1_336' title='bbox 2363 1118 2647 1183; x_wconf 88' lang='lat' dir='ltr'>dendum</span> <span class='ocrx_word' id='word_1_337' title='bbox 2699 1118 2801 1195; x_wconf 87' lang='lat' dir='ltr'>sit,</span> <span class='ocrx_word' id='word_1_338' title='bbox 2861 1118 3033 1200; x_wconf 88' lang='lat' dir='ltr'>quod</span> <span class='ocrx_word' id='word_1_339' title='bbox 3073 1137 3157 1181; x_wconf 88' lang='lat' dir='ltr'>ex</span> <span class='ocrx_word' id='word_1_340' title='bbox 3209 1119 3515 1183; x_wconf 82' lang='lat' dir='ltr'>charitate</span> <span class='ocrx_word' id='word_1_341' title='bbox 3568 1119 3801 1200; x_wconf 77' lang='lat' dir='ltr'>diligat</span> <span class='ocrx_word' id='word_1_342' title='bbox 3841 1135 3901 1181; x_wconf 82' lang='lat' dir='ltr'>se</span> 
     </span>
     <span class='ocr_line' id='line_1_55' title="bbox 2365 1207 3619 1310; baseline 0.001 -20"><span class='ocrx_word' id='word_1_343' title='bbox 2365 1231 2621 1310; x_wconf 89' lang='lat' dir='ltr'>propter</span> <span class='ocrx_word' id='word_1_344' title='bbox 2645 1244 2715 1290; x_wconf 89' lang='lat' dir='ltr'>se</span> <span class='ocrx_word' id='word_1_345' title='bbox 2739 1231 2804 1292; x_wconf 88' lang='lat' dir='ltr'>et</span> <span class='ocrx_word' id='word_1_346' title='bbox 2827 1244 3022 1308; x_wconf 91' lang='lat' dir='ltr'>super</span> <span class='ocrx_word' id='word_1_347' title='bbox 3047 1227 3289 1291; x_wconf 84' lang='lat' dir='ltr'>omnia.</span> <span class='ocrx_word' id='word_1_348' title='bbox 3610 1207 3619 1213; x_wconf 52' lang='grc'><strong>”</strong></span> 
     </span>
    </p>

    <p class='ocr_par' dir='ltr' id='par_1_7' title="bbox 2366 1333 3906 1739">
     <span class='ocr_line' id='line_1_56' title="bbox 2446 1333 3904 1417; baseline 0.003 -21"><span class='ocrx_word' id='word_1_349' title='bbox 2446 1338 2507 1397; x_wconf 75' lang='grc'>5.</span> <span class='ocrx_word' id='word_1_350' title='bbox 2556 1334 2657 1398; x_wconf 86' lang='lat' dir='ltr'>Ad</span> <span class='ocrx_word' id='word_1_351' title='bbox 2699 1333 2858 1397; x_wconf 90' lang='lat' dir='ltr'>illud</span> <span class='ocrx_word' id='word_1_352' title='bbox 2901 1333 3073 1416; x_wconf 89' lang='lat' dir='ltr'>quod</span> <span class='ocrx_word' id='word_1_353' title='bbox 3111 1334 3448 1416; x_wconf 88' lang='lat' dir='ltr'>objicitur,</span> <span class='ocrx_word' id='word_1_354' title='bbox 3479 1335 3658 1417; x_wconf 80' lang='lat' dir='ltr'>quod</span> <span class='ocrx_word' id='word_1_355' title='bbox 3702 1339 3904 1400; x_wconf 83' lang='lat' dir='ltr'>motus</span> 
     </span>
     <span class='ocr_line' id='line_1_57' title="bbox 2366 1440 3904 1524; baseline 0 -18"><span class='ocrx_word' id='word_1_356' title='bbox 2366 1441 2687 1507; x_wconf 86' lang='lat' dir='ltr'>charitatis</span> <span class='ocrx_word' id='word_1_357' title='bbox 2730 1441 2801 1504; x_wconf 92' lang='lat' dir='ltr'>in</span> <span class='ocrx_word' id='word_1_358' title='bbox 2847 1440 3047 1504; x_wconf 90' lang='lat' dir='ltr'>Deum</span> <span class='ocrx_word' id='word_1_359' title='bbox 3084 1445 3182 1504; x_wconf 76' lang='lat' dir='ltr'>est</span> <span class='ocrx_word' id='word_1_360' title='bbox 3224 1442 3479 1521; x_wconf 86' lang='lat' dir='ltr'>finitus,</span> <span class='ocrx_word' id='word_1_361' title='bbox 3512 1447 3576 1505; x_wconf 84' lang='lat' dir='ltr'>et</span> <span class='ocrx_word' id='word_1_362' title='bbox 3602 1442 3774 1524; x_wconf 79' lang='lat' dir='ltr'>in(b)</span> <span class='ocrx_word' id='word_1_363' title='bbox 3803 1460 3904 1506; x_wconf 81' lang='lat' dir='ltr'>nos</span> 
     </span>
     <span class='ocr_line' id='line_1_58' title="bbox 2367 1548 3906 1631; baseline 0.002 -20"><span class='ocrx_word' id='word_1_364' title='bbox 2367 1550 2536 1631; x_wconf 82' lang='lat' dir='ltr'>ipsos</span> <span class='ocrx_word' id='word_1_365' title='bbox 2562 1548 2875 1626; x_wconf 85' lang='lat' dir='ltr'>similiter,</span> <span class='ocrx_word' id='word_1_366' title='bbox 2905 1551 2971 1611; x_wconf 91' lang='lat' dir='ltr'>et</span> <span class='ocrx_word' id='word_1_367' title='bbox 3008 1548 3100 1611; x_wconf 88' lang='lat' dir='ltr'>ita</span> <span class='ocrx_word' id='word_1_368' title='bbox 3128 1566 3243 1630; x_wconf 86' lang='lat' dir='ltr'>per</span> <span class='ocrx_word' id='word_1_369' title='bbox 3275 1548 3705 1612; x_wconf 82' lang='lat' dir='ltr'>intensionem</span> <span class='ocrx_word' id='word_1_370' title='bbox 3730 1552 3799 1613; x_wconf 89' lang='lat' dir='ltr'>et</span> <span class='ocrx_word' id='word_1_371' title='bbox 3822 1567 3906 1614; x_wconf 76' lang='lat' dir='ltr'>m-</span> 
     </span>
     <span class='ocr_line' id='line_1_59' title="bbox 2368 1655 3906 1739; baseline -0.001 -18"><span class='ocrx_word' id='word_1_372' title='bbox 2368 1657 2739 1723; x_wconf 86' lang='lat' dir='ltr'>missionem</span> <span class='ocrx_word' id='word_1_373' title='bbox 2761 1660 3031 1739; x_wconf 83' lang='lat' dir='ltr'>possunt</span> <span class='ocrx_word' id='word_1_374' title='bbox 3055 1656 3329 1737; x_wconf 75' lang='lat' dir='ltr'>aequari,</span> <span class='ocrx_word' id='word_1_375' title='bbox 3357 1655 3703 1719; x_wconf 82' lang='lat' dir='ltr'>dicendum</span> <span class='ocrx_word' id='word_1_376' title='bbox 3746 1655 3906 1738; x_wconf 79' lang='lat' dir='ltr'>quod</span> 
     </span>
    </p>
   </div>
   <div class='ocr_carea' id='block_1_5' title="bbox 2365 1744 4026 1845">
    <p class='ocr_par' dir='ltr' id='par_1_8' title="bbox 2365 1744 4026 1845">
     <span class='ocr_line' id='line_1_60' title="bbox 2365 1744 4026 1845; baseline -0.001 -17"><span class='ocrx_word' id='word_1_377' title='bbox 2365 1764 2511 1829; x_wconf 90' lang='lat' dir='ltr'>licet</span> <span class='ocrx_word' id='word_1_378' title='bbox 2539 1769 2811 1845; x_wconf 87' lang='lat' dir='ltr'>uterque</span> <span class='ocrx_word' id='word_1_379' title='bbox 2835 1762 2919 1825; x_wconf 88' lang='lat' dir='ltr'>sit</span> <span class='ocrx_word' id='word_1_380' title='bbox 2941 1762 3189 1839; x_wconf 82' lang='lat' dir='ltr'>finitus,</span> <span class='ocrx_word' id='word_1_381' title='bbox 3220 1763 3431 1844; x_wconf 84' lang='lat' dir='ltr'>quiaa</span> <span class='ocrx_word' id='word_1_382' title='bbox 3464 1762 3707 1828; x_wconf 86' lang='lat' dir='ltr'>virtute</span> <span class='ocrx_word' id='word_1_383' title='bbox 3738 1763 3907 1826; x_wconf 78' lang='lat' dir='ltr'>finita</span> <span class='ocrx_word' id='word_1_384' title='bbox 4012 1744 4026 1756; x_wconf 69' lang='grc'><strong><em>’</em></strong></span> 
     </span>
    </p>
   </div>
   <div class='ocr_carea' id='block_1_6' title="bbox 2368 1868 3918 3459">
    <p class='ocr_par' dir='ltr' id='par_1_9' title="bbox 2368 1868 3918 3459">
     <span class='ocr_line' id='line_1_61' title="bbox 2368 1868 3905 1955; baseline -0.001 -20"><span class='ocrx_word' id='word_1_385' title='bbox 2368 1870 2674 1955; x_wconf 83' lang='lat' dir='ltr'>procedit,</span> <span class='ocrx_word' id='word_1_386' title='bbox 2705 1875 2921 1934; x_wconf 88' lang='lat' dir='ltr'>tamen</span> <span class='ocrx_word' id='word_1_387' title='bbox 2946 1870 3193 1933; x_wconf 88' lang='lat' dir='ltr'>ratione</span> <span class='ocrx_word' id='word_1_388' title='bbox 3222 1868 3424 1951; x_wconf 82' lang='lat' dir='ltr'>ipsius</span> <span class='ocrx_word' id='word_1_389' title='bbox 3449 1869 3685 1950; x_wconf 85' lang='lat' dir='ltr'>objecti</span> <span class='ocrx_word' id='word_1_390' title='bbox 3712 1887 3905 1934; x_wconf 84' lang='lat' dir='ltr'>unum</span> 
     </span>
     <span class='ocr_line' id='line_1_62' title="bbox 2368 1974 3907 2058; baseline -0.001 -16"><span class='ocrx_word' id='word_1_391' title='bbox 2368 1977 2615 2043; x_wconf 84' lang='lat' dir='ltr'>excedit</span> <span class='ocrx_word' id='word_1_392' title='bbox 2658 1976 2982 2058; x_wconf 79' lang='lat' dir='ltr'>reliquum</span> <span class='ocrx_word' id='word_1_393' title='bbox 3010 1975 3081 2039; x_wconf 90' lang='lat' dir='ltr'>in</span> <span class='ocrx_word' id='word_1_394' title='bbox 3105 1976 3458 2040; x_wconf 85' lang='lat' dir='ltr'>infinitum.</span> <span class='ocrx_word' id='word_1_395' title='bbox 3504 1974 3638 2039; x_wconf 85' lang='lat' dir='ltr'>Nec</span> <span class='ocrx_word' id='word_1_396' title='bbox 3672 1982 3775 2041; x_wconf 83' lang='lat' dir='ltr'>est</span> <span class='ocrx_word' id='word_1_397' title='bbox 3800 1977 3907 2040; x_wconf 83' lang='lat' dir='ltr'>hoe</span> 
     </span>
     <span class='ocr_line' id='line_1_63' title="bbox 2368 2082 3906 2165; baseline 0 -18"><span class='ocrx_word' id='word_1_398' title='bbox 2368 2084 2839 2159; x_wconf 84' lang='lat' dir='ltr'>inconveniens,</span> <span class='ocrx_word' id='word_1_399' title='bbox 2869 2084 3023 2165; x_wconf 87' lang='lat' dir='ltr'>quia</span> <span class='ocrx_word' id='word_1_400' title='bbox 3048 2082 3307 2146; x_wconf 86' lang='lat' dir='ltr'>finitum</span> <span class='ocrx_word' id='word_1_401' title='bbox 3336 2087 3543 2164; x_wconf 82' lang='lat' dir='ltr'>potest</span> <span class='ocrx_word' id='word_1_402' title='bbox 3567 2083 3745 2147; x_wconf 84' lang='lat' dir='ltr'>aliud</span> <span class='ocrx_word' id='word_1_403' title='bbox 3779 2084 3906 2147; x_wconf 81' lang='lat' dir='ltr'>fini·</span> 
     </span>
     <span class='ocr_line' id='line_1_64' title="bbox 2370 2190 3906 2273; baseline -0.001 -19"><span class='ocrx_word' id='word_1_404' title='bbox 2370 2195 2511 2254; x_wconf 91' lang='lat' dir='ltr'>tum</span> <span class='ocrx_word' id='word_1_405' title='bbox 2539 2190 2843 2254; x_wconf 85' lang='lat' dir='ltr'>excedere</span> <span class='ocrx_word' id='word_1_406' title='bbox 2869 2190 2937 2253; x_wconf 89' lang='lat' dir='ltr'>in</span> <span class='ocrx_word' id='word_1_407' title='bbox 2962 2190 3318 2268; x_wconf 84' lang='lat' dir='ltr'>infinitum,</span> <span class='ocrx_word' id='word_1_408' title='bbox 3350 2191 3521 2253; x_wconf 87' lang='lat' dir='ltr'>sicut</span> <span class='ocrx_word' id='word_1_409' title='bbox 3546 2191 3720 2254; x_wconf 85' lang='lat' dir='ltr'>linea</span> <span class='ocrx_word' id='word_1_410' title='bbox 3751 2208 3906 2273; x_wconf 89' lang='lat' dir='ltr'>pun·</span> 
     </span>
     <span class='ocr_line' id='line_1_65' title="bbox 2371 2296 3908 2378; baseline 0 -18"><span class='ocrx_word' id='word_1_411' title='bbox 2371 2302 2569 2372; x_wconf 90' lang='lat' dir='ltr'>ctum,</span> <span class='ocrx_word' id='word_1_412' title='bbox 2600 2302 2664 2360; x_wconf 88' lang='lat' dir='ltr'>et</span> <span class='ocrx_word' id='word_1_413' title='bbox 2688 2297 3052 2378; x_wconf 82' lang='lat' dir='ltr'>superficies</span> <span class='ocrx_word' id='word_1_414' title='bbox 3077 2297 3340 2362; x_wconf 88' lang='lat' dir='ltr'>lineam.</span> <span class='ocrx_word' id='word_1_415' title='bbox 3371 2296 3553 2362; x_wconf 89' lang='lat' dir='ltr'>Unde</span> <span class='ocrx_word' id='word_1_416' title='bbox 3575 2298 3747 2362; x_wconf 86' lang='lat' dir='ltr'>sicut</span> <span class='ocrx_word' id='word_1_417' title='bbox 3774 2298 3908 2360; x_wconf 83' lang='lat' dir='ltr'>infl-</span> 
     </span>
     <span class='ocr_line' id='line_1_66' title="bbox 2371 2404 3910 2487; baseline -0.001 -19"><span class='ocrx_word' id='word_1_418' title='bbox 2371 2404 2504 2468; x_wconf 83' lang='lat' dir='ltr'>nita</span> <span class='ocrx_word' id='word_1_419' title='bbox 2544 2408 2781 2486; x_wconf 89' lang='lat' dir='ltr'>puncta</span> <span class='ocrx_word' id='word_1_420' title='bbox 2826 2423 2959 2468; x_wconf 89' lang='lat' dir='ltr'>non</span> <span class='ocrx_word' id='word_1_421' title='bbox 3003 2410 3269 2487; x_wconf 80' lang='lat' dir='ltr'>possunt</span> <span class='ocrx_word' id='word_1_422' title='bbox 3300 2405 3491 2469; x_wconf 79' lang='lat' dir='ltr'>lineae</span> <span class='ocrx_word' id='word_1_423' title='bbox 3530 2406 3806 2487; x_wconf 57' lang='lat' dir='ltr'>aequari,</span> <span class='ocrx_word' id='word_1_424' title='bbox 3830 2404 3910 2467; x_wconf 86' lang='lat' dir='ltr'>sic</span> 
     </span>
     <span class='ocr_line' id='line_1_67' title="bbox 2372 2517 3912 2599; baseline -0.001 -20"><span class='ocrx_word' id='word_1_425' title='bbox 2372 2535 2556 2580; x_wconf 91' lang='lat' dir='ltr'>amor</span> <span class='ocrx_word' id='word_1_426' title='bbox 2606 2517 2895 2599; x_wconf 87' lang='lat' dir='ltr'>ipsarum</span> <span class='ocrx_word' id='word_1_427' title='bbox 2950 2524 3392 2582; x_wconf 87' lang='lat' dir='ltr'>creaturarum</span> <span class='ocrx_word' id='word_1_428' title='bbox 3443 2518 3806 2582; x_wconf 89' lang='lat' dir='ltr'>secundum</span> <span class='ocrx_word' id='word_1_429' title='bbox 3841 2518 3912 2579; x_wconf 86' lang='lat' dir='ltr'>le-</span> 
     </span>
     <span class='ocr_line' id='line_1_68' title="bbox 2371 2624 3912 2709; baseline 0.001 -22"><span class='ocrx_word' id='word_1_430' title='bbox 2371 2642 2524 2705; x_wconf 90' lang='lat' dir='ltr'>gem</span> <span class='ocrx_word' id='word_1_431' title='bbox 2578 2624 2905 2688; x_wconf 89' lang='lat' dir='ltr'>charitatis</span> <span class='ocrx_word' id='word_1_432' title='bbox 2970 2644 3104 2689; x_wconf 91' lang='lat' dir='ltr'>non</span> <span class='ocrx_word' id='word_1_433' title='bbox 3164 2628 3366 2709; x_wconf 70' lang='lat' dir='ltr'>potest</span> <span class='ocrx_word' id='word_1_434' title='bbox 3416 2625 3665 2708; x_wconf 80' lang='lat' dir='ltr'>aequari</span> <span class='ocrx_word' id='word_1_435' title='bbox 3717 2624 3912 2689; x_wconf 82' lang='lat' dir='ltr'>amori</span> 
     </span>
     <span class='ocr_line' id='line_1_69' title="bbox 2372 2729 3913 2815; baseline 0.001 -21"><span class='ocrx_word' id='word_1_436' title='bbox 2372 2729 2709 2795; x_wconf 87' lang='lat' dir='ltr'>Creatoris.</span> <span class='ocrx_word' id='word_1_437' title='bbox 2753 2731 2931 2796; x_wconf 92' lang='lat' dir='ltr'>Sicut</span> <span class='ocrx_word' id='word_1_438' title='bbox 2977 2734 3152 2797; x_wconf 91' lang='lat' dir='ltr'>enim</span> <span class='ocrx_word' id='word_1_439' title='bbox 3190 2751 3273 2796; x_wconf 86' lang='lat' dir='ltr'>ex</span> <span class='ocrx_word' id='word_1_440' title='bbox 3303 2733 3558 2815; x_wconf 86' lang='lat' dir='ltr'>punctis</span> <span class='ocrx_word' id='word_1_441' title='bbox 3583 2748 3913 2815; x_wconf 83' lang='lat' dir='ltr'>nunquam</span> 
     </span>
     <span class='ocr_line' id='line_1_70' title="bbox 2372 2840 3916 2922; baseline 0 -20"><span class='ocrx_word' id='word_1_442' title='bbox 2372 2842 2577 2922; x_wconf 87' lang='lat' dir='ltr'>potest</span> <span class='ocrx_word' id='word_1_443' title='bbox 2617 2840 2912 2904; x_wconf 87' lang='lat' dir='ltr'>constitui</span> <span class='ocrx_word' id='word_1_444' title='bbox 2959 2841 3170 2919; x_wconf 86' lang='lat' dir='ltr'>linea,</span> <span class='ocrx_word' id='word_1_445' title='bbox 3210 2841 3299 2905; x_wconf 86' lang='lat' dir='ltr'>sic</span> <span class='ocrx_word' id='word_1_446' title='bbox 3326 2857 3407 2904; x_wconf 85' lang='lat' dir='ltr'>ex</span> <span class='ocrx_word' id='word_1_447' title='bbox 3437 2840 3714 2904; x_wconf 85' lang='lat' dir='ltr'>infinitis</span> <span class='ocrx_word' id='word_1_448' title='bbox 3740 2840 3916 2904; x_wconf 85' lang='lat' dir='ltr'>bonis</span> 
     </span>
     <span class='ocr_line' id='line_1_71' title="bbox 2373 2946 3913 3026; baseline 0 -16"><span class='ocrx_word' id='word_1_449' title='bbox 2373 2946 2598 3010; x_wconf 87' lang='lat' dir='ltr'>creatis</span> <span class='ocrx_word' id='word_1_450' title='bbox 2610 2963 2740 3010; x_wconf 91' lang='lat' dir='ltr'>non</span> <span class='ocrx_word' id='word_1_451' title='bbox 2761 2947 3275 3026; x_wconf 69' lang='lat' dir='ltr'>potoetconstitui</span> <span class='ocrx_word' id='word_1_452' title='bbox 3308 2965 3646 3010; x_wconf 90' lang='lat' dir='ltr'>summum</span> <span class='ocrx_word' id='word_1_453' title='bbox 3677 2947 3913 3012; x_wconf 89' lang='lat' dir='ltr'>bonum</span> 
     </span>
     <span class='ocr_line' id='line_1_72' title="bbox 2372 3053 3918 3119; baseline 0 -3"><span class='ocrx_word' id='word_1_454' title='bbox 2372 3053 2608 3116; x_wconf 80' lang='lat' dir='ltr'>animae</span> <span class='ocrx_word' id='word_1_455' title='bbox 2666 3053 3016 3118; x_wconf 88' lang='lat' dir='ltr'>rationalis.</span> <span class='ocrx_word' id='word_1_456' title='bbox 3077 3054 3279 3119; x_wconf 82' lang='lat' dir='ltr'>Amor</span> <span class='ocrx_word' id='word_1_457' title='bbox 3336 3054 3516 3117; x_wconf 90' lang='lat' dir='ltr'>enim</span> <span class='ocrx_word' id='word_1_458' title='bbox 3568 3053 3679 3118; x_wconf 85' lang='lat' dir='ltr'>Dei</span> <span class='ocrx_word' id='word_1_459' title='bbox 3751 3055 3918 3118; x_wconf 75' lang='lat' dir='ltr'>salva</span> 
     </span>
     <span class='ocr_line' id='line_1_73' title="bbox 2373 3159 3917 3246; baseline 0.003 -24"><span class='ocrx_word' id='word_1_460' title='bbox 2373 3159 2677 3225; x_wconf 90' lang='lat' dir='ltr'>charitate</span> <span class='ocrx_word' id='word_1_461' title='bbox 2714 3180 3052 3243; x_wconf 85' lang='lat' dir='ltr'>nunquam</span> <span class='ocrx_word' id='word_1_462' title='bbox 3086 3167 3292 3245; x_wconf 88' lang='lat' dir='ltr'>potest</span> <span class='ocrx_word' id='word_1_463' title='bbox 3334 3163 3426 3226; x_wconf 91' lang='lat' dir='ltr'>sic</span> <span class='ocrx_word' id='word_1_464' title='bbox 3467 3163 3734 3241; x_wconf 87' lang='lat' dir='ltr'>remitti,</span> <span class='ocrx_word' id='word_1_465' title='bbox 3765 3164 3917 3246; x_wconf 83' lang='lat' dir='ltr'>quin</span> 
     </span>
     <span class='ocr_line' id='line_1_74' title="bbox 2376 3267 3917 3350; baseline 0.003 -19"><span class='ocrx_word' id='word_1_466' title='bbox 2376 3267 2542 3334; x_wconf 88' lang='lat' dir='ltr'>Deus</span> <span class='ocrx_word' id='word_1_467' title='bbox 2580 3268 2885 3350; x_wconf 86' lang='lat' dir='ltr'>diligatur</span> <span class='ocrx_word' id='word_1_468' title='bbox 2925 3273 2998 3333; x_wconf 90' lang='lat' dir='ltr'>ut</span> <span class='ocrx_word' id='word_1_469' title='bbox 3043 3270 3192 3333; x_wconf 82' lang='lat' dir='ltr'>finis</span> <span class='ocrx_word' id='word_1_470' title='bbox 3226 3275 3291 3334; x_wconf 90' lang='lat' dir='ltr'>et</span> <span class='ocrx_word' id='word_1_471' title='bbox 3330 3276 3404 3334; x_wconf 90' lang='lat' dir='ltr'>ut</span> <span class='ocrx_word' id='word_1_472' title='bbox 3441 3289 3778 3335; x_wconf 89' lang='lat' dir='ltr'>summum</span> <span class='ocrx_word' id='word_1_473' title='bbox 3802 3270 3917 3334; x_wconf 84' lang='lat' dir='ltr'>ho-</span> 
     </span>
     <span class='ocr_line' id='line_1_75' title="bbox 2374 3374 3914 3459; baseline 0.003 -22"><span class='ocrx_word' id='word_1_474' title='bbox 2374 3392 2559 3438; x_wconf 89' lang='lat' dir='ltr'>num.</span> <span class='ocrx_word' id='word_1_475' title='bbox 2591 3374 2718 3439; x_wconf 88' lang='lat' dir='ltr'>Nec</span> <span class='ocrx_word' id='word_1_476' title='bbox 2758 3394 2938 3441; x_wconf 86' lang='lat' dir='ltr'>amor</span> <span class='ocrx_word' id='word_1_477' title='bbox 2964 3380 3275 3442; x_wconf 79' lang='lat' dir='ltr'>creaturae</span> <span class='ocrx_word' id='word_1_478' title='bbox 3302 3381 3509 3459; x_wconf 63' lang='lat' dir='ltr'>potest</span> <span class='ocrx_word' id='word_1_479' title='bbox 3537 3379 3628 3443; x_wconf 88' lang='lat' dir='ltr'>ita</span> <span class='ocrx_word' id='word_1_480' title='bbox 3654 3378 3914 3456; x_wconf 79' lang='lat' dir='ltr'>intendi,</span> 
     </span>
    </p>
   </div>
   <div class='ocr_carea' id='block_1_7' title="bbox 2374 3487 3935 5505">
    <p class='ocr_par' dir='ltr' id='par_1_10' title="bbox 2374 3487 3922 3892">
     <span class='ocr_line' id='line_1_76' title="bbox 2374 3487 3915 3570; baseline 0.003 -21"><span class='ocrx_word' id='word_1_481' title='bbox 2374 3487 2531 3569; x_wconf 84' lang='lat' dir='ltr'>quin</span> <span class='ocrx_word' id='word_1_482' title='bbox 2568 3492 2856 3551; x_wconf 87' lang='lat' dir='ltr'>creatura</span> <span class='ocrx_word' id='word_1_483' title='bbox 2896 3488 3204 3570; x_wconf 90' lang='lat' dir='ltr'>diligatur</span> <span class='ocrx_word' id='word_1_484' title='bbox 3232 3492 3305 3552; x_wconf 89' lang='lat' dir='ltr'>ut</span> <span class='ocrx_word' id='word_1_485' title='bbox 3344 3490 3590 3553; x_wconf 86' lang='lat' dir='ltr'>bonum</span> <span class='ocrx_word' id='word_1_486' title='bbox 3629 3490 3714 3555; x_wconf 84' lang='lat' dir='ltr'>ad</span> <span class='ocrx_word' id='word_1_487' title='bbox 3744 3507 3915 3553; x_wconf 89' lang='lat' dir='ltr'>sum·</span> 
     </span>
     <span class='ocr_line' id='line_1_77' title="bbox 2374 3593 3920 3661; baseline 0.003 -4"><span class='ocrx_word' id='word_1_488' title='bbox 2374 3612 2557 3658; x_wconf 88' lang='lat' dir='ltr'>mum</span> <span class='ocrx_word' id='word_1_489' title='bbox 2597 3593 2844 3658; x_wconf 88' lang='lat' dir='ltr'>honum</span> <span class='ocrx_word' id='word_1_490' title='bbox 2896 3594 3308 3659; x_wconf 86' lang='lat' dir='ltr'>ordinatum:</span> <span class='ocrx_word' id='word_1_491' title='bbox 3339 3601 3404 3660; x_wconf 91' lang='lat' dir='ltr'>et</span> <span class='ocrx_word' id='word_1_492' title='bbox 3452 3596 3601 3661; x_wconf 90' lang='lat' dir='ltr'>ideo</span> <span class='ocrx_word' id='word_1_493' title='bbox 3647 3616 3782 3660; x_wconf 89' lang='lat' dir='ltr'>non</span> <span class='ocrx_word' id='word_1_494' title='bbox 3821 3613 3920 3660; x_wconf 78' lang='lat' dir='ltr'>se·</span> 
     </span>
     <span class='ocr_line' id='line_1_78' title="bbox 2375 3702 3922 3787; baseline 0.003 -22"><span class='ocrx_word' id='word_1_495' title='bbox 2375 3703 2593 3785; x_wconf 88' lang='lat' dir='ltr'>quitur</span> <span class='ocrx_word' id='word_1_496' title='bbox 2632 3702 2801 3785; x_wconf 87' lang='lat' dir='ltr'>quod</span> <span class='ocrx_word' id='word_1_497' title='bbox 2836 3707 3051 3767; x_wconf 90' lang='lat' dir='ltr'>motus</span> <span class='ocrx_word' id='word_1_498' title='bbox 3099 3702 3190 3766; x_wconf 89' lang='lat' dir='ltr'>illi</span> <span class='ocrx_word' id='word_1_499' title='bbox 3233 3703 3313 3787; x_wconf 82' lang='lat' dir='ltr'>ad</span> <span class='ocrx_word' id='word_1_500' title='bbox 3359 3703 3796 3786; x_wconf 58' lang='lat' dir='ltr'>aequalitatem</span> <span class='ocrx_word' id='word_1_501' title='bbox 3821 3722 3922 3768; x_wconf 82' lang='lat' dir='ltr'>ve-</span> 
     </span>
     <span class='ocr_line' id='line_1_79' title="bbox 2374 3809 2800 3892; baseline 0.002 -20"><span class='ocrx_word' id='word_1_502' title='bbox 2374 3811 2519 3873; x_wconf 88' lang='lat' dir='ltr'>nire</span> <span class='ocrx_word' id='word_1_503' title='bbox 2538 3809 2800 3892; x_wconf 89' lang='lat' dir='ltr'>possint.</span> 
     </span>
    </p>

    <p class='ocr_par' dir='ltr' id='par_1_11' title="bbox 2377 3917 3935 5505">
     <span class='ocr_line' id='line_1_80' title="bbox 2456 3917 3922 4002; baseline 0.003 -22"><span class='ocrx_word' id='word_1_504' title='bbox 2456 3922 2517 3980; x_wconf 84' lang='lat'>6.</span> <span class='ocrx_word' id='word_1_505' title='bbox 2553 3917 2649 3982; x_wconf 82' lang='lat' dir='ltr'>Ad</span> <span class='ocrx_word' id='word_1_506' title='bbox 2676 3917 2836 3982; x_wconf 91' lang='lat' dir='ltr'>illud</span> <span class='ocrx_word' id='word_1_507' title='bbox 2864 3918 3038 4000; x_wconf 88' lang='lat' dir='ltr'>quod</span> <span class='ocrx_word' id='word_1_508' title='bbox 3071 3919 3394 4001; x_wconf 83' lang='lat' dir='ltr'>objicitur,</span> <span class='ocrx_word' id='word_1_509' title='bbox 3420 3918 3593 4001; x_wconf 86' lang='lat' dir='ltr'>quod</span> <span class='ocrx_word' id='word_1_510' title='bbox 3621 3919 3789 3984; x_wconf 88' lang='lat' dir='ltr'>nihil</span> <span class='ocrx_word' id='word_1_511' title='bbox 3806 3937 3922 4002; x_wconf 89' lang='lat' dir='ltr'>po-</span> 
     </span>
     <span class='ocr_line' id='line_1_81' title="bbox 2377 4025 3923 4108; baseline 0.002 -20"><span class='ocrx_word' id='word_1_512' title='bbox 2377 4027 2499 4088; x_wconf 90' lang='lat' dir='ltr'>test</span> <span class='ocrx_word' id='word_1_513' title='bbox 2538 4025 2649 4087; x_wconf 88' lang='lat' dir='ltr'>alii</span> <span class='ocrx_word' id='word_1_514' title='bbox 2691 4026 2899 4105; x_wconf 84' lang='lat' dir='ltr'>magis</span> <span class='ocrx_word' id='word_1_515' title='bbox 2925 4025 3122 4103; x_wconf 88' lang='lat' dir='ltr'>uniri,</span> <span class='ocrx_word' id='word_1_516' title='bbox 3147 4044 3345 4108; x_wconf 88' lang='lat' dir='ltr'>quam</span> <span class='ocrx_word' id='word_1_517' title='bbox 3369 4025 3522 4103; x_wconf 86' lang='lat' dir='ltr'>sibi,</span> <span class='ocrx_word' id='word_1_518' title='bbox 3551 4026 3923 4107; x_wconf 86' lang='lat' dir='ltr'>responderi</span> 
     </span>
     <span class='ocr_line' id='line_1_82' title="bbox 2379 4132 3925 4217; baseline 0.004 -23"><span class='ocrx_word' id='word_1_519' title='bbox 2379 4137 2583 4215; x_wconf 68' lang='lat' dir='ltr'>potaet</span> <span class='ocrx_word' id='word_1_520' title='bbox 2620 4132 2996 4216; x_wconf 85' lang='lat' dir='ltr'>dupliciter:</span> <span class='ocrx_word' id='word_1_521' title='bbox 3028 4134 3335 4216; x_wconf 91' lang='lat' dir='ltr'>primum,</span> <span class='ocrx_word' id='word_1_522' title='bbox 3367 4133 3540 4216; x_wconf 82' lang='lat' dir='ltr'>quod</span> <span class='ocrx_word' id='word_1_523' title='bbox 3564 4133 3691 4198; x_wconf 92' lang='lat' dir='ltr'>hoc</span> <span class='ocrx_word' id='word_1_524' title='bbox 3719 4139 3925 4217; x_wconf 82' lang='lat' dir='ltr'>potest</span> 
     </span>
     <span class='ocr_line' id='line_1_83' title="bbox 2379 4238 3924 4323; baseline 0.004 -22"><span class='ocrx_word' id='word_1_525' title='bbox 2379 4238 2649 4319; x_wconf 89' lang='lat' dir='ltr'>intelligi</span> <span class='ocrx_word' id='word_1_526' title='bbox 2688 4239 2766 4303; x_wconf 87' lang='lat' dir='ltr'>de</span> <span class='ocrx_word' id='word_1_527' title='bbox 2807 4240 3043 4304; x_wconf 90' lang='lat' dir='ltr'>unione</span> <span class='ocrx_word' id='word_1_528' title='bbox 3084 4245 3401 4323; x_wconf 86' lang='lat' dir='ltr'>quantum</span> <span class='ocrx_word' id='word_1_529' title='bbox 3439 4241 3522 4304; x_wconf 87' lang='lat' dir='ltr'>ad</span> <span class='ocrx_word' id='word_1_530' title='bbox 3561 4242 3924 4313; x_wconf 81' lang='lat' dir='ltr'>naturalem</span> 
     </span>
     <span class='ocr_line' id='line_1_84' title="bbox 2379 4345 3928 4429; baseline 0.002 -20"><span class='ocrx_word' id='word_1_531' title='bbox 2379 4345 2924 4423; x_wconf 75' lang='lat' dir='ltr'>convenientiam;</span> <span class='ocrx_word' id='word_1_532' title='bbox 2959 4346 3063 4410; x_wconf 84' lang='lat' dir='ltr'>vel</span> <span class='ocrx_word' id='word_1_533' title='bbox 3102 4353 3417 4429; x_wconf 86' lang='lat' dir='ltr'>quantum</span> <span class='ocrx_word' id='word_1_534' title='bbox 3445 4348 3527 4411; x_wconf 88' lang='lat' dir='ltr'>ad</span> <span class='ocrx_word' id='word_1_535' title='bbox 3557 4348 3799 4412; x_wconf 88' lang='lat' dir='ltr'>amoris</span> <span class='ocrx_word' id='word_1_536' title='bbox 3831 4350 3928 4412; x_wconf 90' lang='lat' dir='ltr'>in-</span> 
     </span>
     <span class='ocr_line' id='line_1_85' title="bbox 2378 4451 3924 4534; baseline 0.002 -18"><span class='ocrx_word' id='word_1_537' title='bbox 2378 4452 2774 4516; x_wconf 58' lang='lat' dir='ltr'>haerentiam.</span> <span class='ocrx_word' id='word_1_538' title='bbox 2831 4451 3048 4518; x_wconf 91' lang='lat' dir='ltr'>Primo</span> <span class='ocrx_word' id='word_1_539' title='bbox 3094 4455 3284 4519; x_wconf 92' lang='lat' dir='ltr'>modo</span> <span class='ocrx_word' id='word_1_540' title='bbox 3338 4473 3569 4519; x_wconf 83' lang='lat' dir='ltr'>verum</span> <span class='ocrx_word' id='word_1_541' title='bbox 3628 4459 3768 4534; x_wconf 84' lang='lat' dir='ltr'>est3</span> <span class='ocrx_word' id='word_1_542' title='bbox 3828 4473 3924 4519; x_wconf 87' lang='lat' dir='ltr'>se·</span> 
     </span>
     <span class='ocr_line' id='line_1_86' title="bbox 2379 4559 3928 4626; baseline 0.003 -4"><span class='ocrx_word' id='word_1_543' title='bbox 2379 4559 2589 4623; x_wconf 90' lang='lat' dir='ltr'>cundo</span> <span class='ocrx_word' id='word_1_544' title='bbox 2622 4559 2815 4623; x_wconf 93' lang='lat' dir='ltr'>modo</span> <span class='ocrx_word' id='word_1_545' title='bbox 2856 4560 3111 4623; x_wconf 81' lang='lat' dir='ltr'>falsum.</span> <span class='ocrx_word' id='word_1_546' title='bbox 3155 4559 3233 4624; x_wconf 86' lang='lat' dir='ltr'>Et</span> <span class='ocrx_word' id='word_1_547' title='bbox 3279 4562 3403 4626; x_wconf 90' lang='lat' dir='ltr'>hoc</span> <span class='ocrx_word' id='word_1_548' title='bbox 3425 4560 3708 4626; x_wconf 87' lang='lat' dir='ltr'>secundo</span> <span class='ocrx_word' id='word_1_549' title='bbox 3734 4561 3928 4626; x_wconf 90' lang='lat' dir='ltr'>modo</span> 
     </span>
     <span class='ocr_line' id='line_1_87' title="bbox 2379 4666 3927 4750; baseline 0.002 -22"><span class='ocrx_word' id='word_1_550' title='bbox 2379 4682 2561 4729; x_wconf 83' lang='lat' dir='ltr'>amor</span> <span class='ocrx_word' id='word_1_551' title='bbox 2604 4666 2836 4730; x_wconf 86' lang='lat' dir='ltr'>dicitur</span> <span class='ocrx_word' id='word_1_552' title='bbox 2878 4667 3090 4731; x_wconf 85' lang='lat' dir='ltr'>virtus</span> <span class='ocrx_word' id='word_1_553' title='bbox 3142 4668 3415 4733; x_wconf 85' lang='lat' dir='ltr'>unitiva.</span> <span class='ocrx_word' id='word_1_554' title='bbox 3473 4667 3674 4733; x_wconf 75' lang='lat' dir='ltr'>Aliter</span> <span class='ocrx_word' id='word_1_555' title='bbox 3723 4670 3927 4750; x_wconf 81' lang='lat' dir='ltr'>potest</span> 
     </span>
     <span class='ocr_line' id='line_1_88' title="bbox 2379 4772 3929 4857; baseline 0.001 -21"><span class='ocrx_word' id='word_1_556' title='bbox 2379 4772 2503 4836; x_wconf 89' lang='lat' dir='ltr'>dici</span> <span class='ocrx_word' id='word_1_557' title='bbox 2530 4773 2700 4855; x_wconf 89' lang='lat' dir='ltr'>quod</span> <span class='ocrx_word' id='word_1_558' title='bbox 2730 4772 2894 4837; x_wconf 89' lang='lat' dir='ltr'>Deus</span> <span class='ocrx_word' id='word_1_559' title='bbox 2920 4774 3131 4855; x_wconf 85' lang='lat' dir='ltr'>magis</span> <span class='ocrx_word' id='word_1_560' title='bbox 3155 4780 3251 4838; x_wconf 89' lang='lat' dir='ltr'>est</span> <span class='ocrx_word' id='word_1_561' title='bbox 3278 4775 3543 4840; x_wconf 86' lang='lat' dir='ltr'>intimus</span> <span class='ocrx_word' id='word_1_562' title='bbox 3572 4774 3929 4857; x_wconf 79' lang='lat' dir='ltr'>unicuique</span> 
     </span>
     <span class='ocr_line' id='line_1_89' title="bbox 2382 4870 3927 4964; baseline 0.002 -22"><span class='ocrx_word' id='word_1_563' title='bbox 2382 4879 2498 4958; x_wconf 89' lang='lat' dir='ltr'>rei,</span> <span class='ocrx_word' id='word_1_564' title='bbox 2539 4897 2736 4961; x_wconf 85' lang='lat' dir='ltr'>quam</span> <span class='ocrx_word' id='word_1_565' title='bbox 2776 4870 2913 4963; x_wconf 74' lang='lat' dir='ltr'>ips&#39;a</span> <span class='ocrx_word' id='word_1_566' title='bbox 2946 4881 3066 4945; x_wconf 89' lang='lat' dir='ltr'>sihi</span> <span class='ocrx_word' id='word_1_567' title='bbox 3102 4902 3119 4944; x_wconf 78' lang='lat' dir='ltr'><em>z</em></span> <span class='ocrx_word' id='word_1_568' title='bbox 3148 4886 3212 4946; x_wconf 85' lang='lat' dir='ltr'>et</span> <span class='ocrx_word' id='word_1_569' title='bbox 3243 4882 3386 4964; x_wconf 90' lang='lat' dir='ltr'>plus</span> <span class='ocrx_word' id='word_1_570' title='bbox 3411 4881 3642 4964; x_wconf 79' lang='lat' dir='ltr'>pendet</span> <span class='ocrx_word' id='word_1_571' title='bbox 3662 4899 3808 4945; x_wconf 53' lang='lat' dir='ltr'>we</span> <span class='ocrx_word' id='word_1_572' title='bbox 3836 4880 3927 4945; x_wconf 70' lang='grc' dir='ltr'>τα·</span> 
     </span>
     <span class='ocr_line' id='line_1_90' title="bbox 2381 4985 3931 5077; baseline 0.002 -28"><span class='ocrx_word' id='word_1_573' title='bbox 2381 5004 2420 5049; x_wconf 86' lang='lat' dir='ltr'>a</span> <span class='ocrx_word' id='word_1_574' title='bbox 2453 4985 2577 5077; x_wconf 74' lang='lat' dir='ltr'>Deo</span> <span class='ocrx_word' id='word_1_575' title='bbox 2617 4992 3032 5051; x_wconf 85' lang='lat' dir='ltr'>conservante</span> <span class='ocrx_word' id='word_1_576' title='bbox 3054 5035 3071 5065; x_wconf 83' lang='lat'>,</span> <span class='ocrx_word' id='word_1_577' title='bbox 3121 5007 3316 5070; x_wconf 86' lang='lat' dir='ltr'>quam</span> <span class='ocrx_word' id='word_1_578' title='bbox 3361 4989 3442 5053; x_wconf 89' lang='lat' dir='ltr'>ab</span> <span class='ocrx_word' id='word_1_579' title='bbox 3489 4988 3646 5071; x_wconf 86' lang='lat' dir='ltr'>ipsis</span> <span class='ocrx_word' id='word_1_580' title='bbox 3684 4987 3931 5070; x_wconf 81' lang='lat' dir='ltr'>princi-</span> 
     </span>
     <span class='ocr_line' id='line_1_91' title="bbox 2379 5093 3932 5178; baseline 0.002 -23"><span class='ocrx_word' id='word_1_581' title='bbox 2379 5093 2502 5176; x_wconf 90' lang='lat' dir='ltr'>piis</span> <span class='ocrx_word' id='word_1_582' title='bbox 2545 5093 2935 5173; x_wconf 89' lang='lat' dir='ltr'>intrinsecis;</span> <span class='ocrx_word' id='word_1_583' title='bbox 2988 5099 3054 5158; x_wconf 90' lang='lat' dir='ltr'>et</span> <span class='ocrx_word' id='word_1_584' title='bbox 3113 5096 3651 5178; x_wconf 83' lang='lat' dir='ltr'>complementum</span> <span class='ocrx_word' id='word_1_585' title='bbox 3728 5095 3932 5159; x_wconf 73' lang='lat' dir='ltr'>heati-</span> 
     </span>
     <span class='ocr_line' id='line_1_92' title="bbox 2380 5200 3931 5284; baseline 0.003 -21"><span class='ocrx_word' id='word_1_586' title='bbox 2380 5200 2624 5265; x_wconf 90' lang='lat' dir='ltr'>tudinis</span> <span class='ocrx_word' id='word_1_587' title='bbox 2662 5201 2925 5284; x_wconf 89' lang='lat' dir='ltr'>spiritus</span> <span class='ocrx_word' id='word_1_588' title='bbox 2956 5203 3280 5268; x_wconf 86' lang='lat' dir='ltr'>rationalis</span> <span class='ocrx_word' id='word_1_589' title='bbox 3306 5203 3561 5269; x_wconf 85' lang='lat' dir='ltr'>habeta</span> <span class='ocrx_word' id='word_1_590' title='bbox 3589 5202 3748 5282; x_wconf 84' lang='lat' dir='ltr'>Deo,</span> <span class='ocrx_word' id='word_1_591' title='bbox 3799 5220 3931 5267; x_wconf 83' lang='lat' dir='ltr'>non</span> 
     </span>
     <span class='ocr_line' id='line_1_93' title="bbox 2381 5308 3935 5392; baseline 0.003 -21"><span class='ocrx_word' id='word_1_592' title='bbox 2381 5326 2422 5371; x_wconf 89' lang='lat' dir='ltr'>a</span> <span class='ocrx_word' id='word_1_593' title='bbox 2468 5308 2675 5391; x_wconf 89' lang='lat' dir='ltr'>seipso</span> <span class='ocrx_word' id='word_1_594' title='bbox 2723 5330 2740 5373; x_wconf 76' lang='lat' dir='ltr'><em>z</em></span> <span class='ocrx_word' id='word_1_595' title='bbox 2800 5313 2865 5374; x_wconf 91' lang='lat' dir='ltr'>et</span> <span class='ocrx_word' id='word_1_596' title='bbox 2916 5309 3059 5376; x_wconf 88' lang='lat' dir='ltr'>ideo</span> <span class='ocrx_word' id='word_1_597' title='bbox 3110 5330 3258 5376; x_wconf 90' lang='lat' dir='ltr'>cum</span> <span class='ocrx_word' id='word_1_598' title='bbox 3310 5310 3566 5390; x_wconf 85' lang='lat' dir='ltr'>dicitur,</span> <span class='ocrx_word' id='word_1_599' title='bbox 3605 5309 3789 5392; x_wconf 81' lang='lat' dir='ltr'>quod</span> <span class='ocrx_word' id='word_1_600' title='bbox 3827 5310 3935 5375; x_wconf 70' lang='lat' dir='ltr'>ni-</span> 
     </span>
     <span class='ocr_line' id='line_1_94' title="bbox 2380 5415 3926 5505; baseline 0.005 -27"><span class='ocrx_word' id='word_1_601' title='bbox 2380 5415 2474 5479; x_wconf 91' lang='lat' dir='ltr'>hil</span> <span class='ocrx_word' id='word_1_602' title='bbox 2501 5420 2703 5499; x_wconf 85' lang='lat' dir='ltr'>potest</span> <span class='ocrx_word' id='word_1_603' title='bbox 2727 5415 2908 5481; x_wconf 87' lang='lat' dir='ltr'>alteri</span> <span class='ocrx_word' id='word_1_604' title='bbox 2937 5419 3147 5499; x_wconf 80' lang='lat' dir='ltr'>magis</span> <span class='ocrx_word' id='word_1_605' title='bbox 3187 5417 3363 5483; x_wconf 88' lang='lat' dir='ltr'>uniri</span> <span class='ocrx_word' id='word_1_606' title='bbox 3388 5436 3589 5499; x_wconf 84' lang='lat' dir='ltr'>quam</span> <span class='ocrx_word' id='word_1_607' title='bbox 3623 5420 3926 5505; x_wconf 71' lang='lat' dir='ltr'>sibiipsi,</span> 
     </span>
    </p>
   </div>
  </div>
 </body>
</html>
