4185 6288
770 490 851 557 98

768 643 902 691 una
944 626 1079 691 sola
1124 644 1394 709 persona
1434 630 1497 691 et
1540 626 1898 709 hypostasis
1916 675 1935 705 ,
1988 643 2134 709 quae
2180 641 2316 687 non

769 740 974 819 potest
1016 735 1320 817 distingui
1360 756 1398 800 a
1434 740 1564 801 tota
1605 735 1914 800 Trinitate
1960 733 2314 799 secundum

770 845 940 909 111105
975 843 1297 908 relationis
1333 844 1773 908 habitudinem
1817 866 1830 909 :
1864 861 2020 925 ergo
2049 861 2182 906 non
2218 840 2318 904 vi-

646 981 651 987 ·
771 953 958 1019 detur
981 954 1151 1036 quod
1182 954 1300 1017 dici
1327 955 1521 1037 possit
1546 955 1717 1018 filius
1742 952 2091 1018 Trinitatis,

520 3879 677 3938 opinio
693 3885 732 3926 1.

797 1045 805 1057 ⁸
850 1062 1009 1127 Item
1039 1061 1323 1126 Christus
1366 1078 1495 1126 non
1535 1066 1790 1125 tantum
1830 1065 1925 1124 est
1968 1061 2170 1139 filius,
2207 1058 2317 1122 sed

767 1171 943 1235 tilius
969 1170 1364 1254 unigenitus,
1396 1170 1753 1234 secundum
1781 1169 1951 1251 quod
1981 1168 2210 1231 dicitur
2245 1175 2264 1209 ¹
2298 1189 2314 1232 ε

776 1279 1077 1347 Vidimus
1132 1279 1402 1363 aleriam
1449 1279 1590 1359 ejus
1645 1280 1836 1362 quasi
1888 1277 2222 1360 uniqenitz'
2276 1290 2319 1339 a

764 1387 978 1454 Patre.
1011 1388 1133 1453 Sed
1153 1387 1428 1453 Trinitas
1446 1407 1576 1453 non
1595 1388 1785 1452 habet
1799 1387 2081 1468 aliquem
2104 1384 2312 1447 fllium

763 1494 1205 1577 unigenitum,
1245 1513 1396 1560 cum
1431 1494 1764 1578 aequaliter
1800 1496 2208 1576 comparetur
2236 1493 2316 1556 ad

765 1618 990 1665 omnes
1047 1623 1063 1665 ι
1119 1620 1276 1683 ergo
1323 1621 1454 1667 non
1501 1603 1755 1666 videtur
1809 1601 1982 1684 quod
2032 1599 2319 1665 Christus

763 1710 958 1792 possit
989 1710 1111 1774 dici
1138 1708 1462 1774 Trinitatis
1487 1709 1680 1774 ssliuS.

847 1816 1005 1881 item
1033 1816 1253 1882 filiatio
1297 1816 1737 1900 praesupponit
1783 1817 2259 1898 generationem
2296 1838 2310 1881 ε

763 1926 1093 2008 generatio
1114 1930 1329 1990 autem
1363 1927 1512 1991 dicit
1547 1927 2061 1992 convenientiam
2098 1926 2167 1988 in
2195 1945 2317 1989 na-

760 2038 931 2111 tura,
962 2039 1026 2098 et
1057 2034 1526 2100 distinctionem
1555 2034 1625 2099 in
1652 2034 1980 2117 supposito
2013 2057 2028 2097 z
2058 2034 2168 2098 sed
2196 2033 2318 2096 hoc

760 2142 1145 2225 impossibile
1176 2147 1271 2207 est
1299 2143 1575 2227 reperire
1615 2143 1685 2206 in
1734 2142 2010 2221 Christ0,
2054 2161 2173 2206 nec
2216 2160 2313 2207 se-

758 2250 1046 2315 cundum
1085 2250 1375 2315 divinam
1422 2254 1752 2329 naturam,
1800 2268 1920 2314 nec
1953 2250 2311 2313 secundum

758 2355 1134 2436 humanam,
1169 2360 1460 2438 respectu
1482 2354 1680 2419 totius
1723 2352 2047 2417 Trinitatis
2092 2375 2107 2418 z
2155 2371 2313 2435 ergo

757 2463 1120 2528 nullatenus
1147 2468 1241 2527 est
1274 2462 1672 2527 concedenda
1700 2461 1936 2526 locutio
1982 2461 2306 2544 praedicta.

1307 2726 1453 2793 (1οΝ
1461 2724 1758 2792 CLUSIO.

758 2893 878 2955 Non
904 2899 980 2952 oet
1004 2890 1382 2951 concedendum
1419 2890 1563 2965 quod
1582 2892 1822 2949 Christus
1847 2892 1923 2946 sit
1945 2889 2095 2959 filias
2120 2889 2302 2944 Trini-

833 2988 1002 3055 tati83
1035 2989 1088 3042 et
1111 2986 1205 3041 hoc
1230 3000 1338 3041 non
1361 2983 1707 3055 simpliciter,
1735 2983 1869 3052 quia
1896 2981 2312 3051 appropinquat

838 3077 1009 3137 errori
1045 3076 1305 3147 Sabelliz'5
1345 3090 1438 3130 nec
1474 3089 1573 3148 per
1612 3075 1969 3136 creationem,
2009 3072 2143 3140 quia
2186 3068 2318 3123 talis

833 3174 1027 3230 lomatio
1068 3169 1478 3241 appropinquat
1507 3169 1678 3221 errori
1696 3165 1830 3221 Arii
1851 3182 1868 3231 ς
1900 3178 1992 3218 nec
2017 3164 2183 3218 etiam
2204 3174 2307 3231 per

834 3267 1105 3337 qratiam,
1143 3261 1277 3333 quia
1306 3260 1717 3330 appropinquat
1745 3258 1916 3313 err-ori
1945 3254 2203 3311 Nestorii.

843 3424 1028 3506 Resp.
1066 3423 1145 3487 ad
1170 3440 1310 3504 arg.
1342 3417 1691 3484 Dicendum
1715 3415 1887 3499 quod
1925 3414 2097 3496 apud
2115 3412 2313 3477 Theo-

759 3534 943 3615 logos
969 3529 1321 3594 secundum
1351 3541 1762 3591 communem
1798 3540 1992 3586 usum
2033 3538 2167 3584 non
2210 3519 2317 3582 ad·

764 3640 1040 3705 mittitur
1065 3638 1186 3702 ista
1209 3637 1447 3700 locutio
1478 3656 1494 3698 :
1527 3658 1558 3694 «
1578 3633 1862 3698 Christus
1878 3632 1973 3693 est
1991 3627 2315 3693 Trinitatis

762 3749 936 3813 fliius
969 3773 984 3814 ε
1015 3770 1045 3807 n
1100 3746 1208 3810 sed
1243 3746 1444 3826 hujus
1486 3743 1799 3806 rationem
1836 3738 2171 3818 assignant
2210 3735 2314 3799 di-

761 3857 931 3923 versi
960 3853 1403 3920 diversimode.
1436 3851 1706 3929 Quidam
1747 3847 1919 3911 enim
1966 3845 2174 3908 dicere
2197 3858 2315 3906 vo·

762 3967 1046 4043 luerunt,
1079 3960 1252 4046 quod
1290 3960 1413 4023 1100
1446 3963 1539 4023 051
1570 3959 1830 4040 propter
1858 3951 2309 4035 proprietatem

645 4117 656 4126 -
763 4072 1107 4148 filiationis,
1139 4087 1286 4152 11οω
1305 4065 1556 4149 respicit
1569 4081 1907 4147 personam
1927 4065 1991 4126 et
2008 4060 2314 4143 hyposta-

537 5037 738 5099 Inprob.

764 4181 887 4244 sim
918 4199 936 4243 ε
966 4184 1029 4243 01
1053 4176 1361 4261 quoniam
1391 4171 1750 4257 hypostasis
1783 4169 1926 4234 Filii
1982 4167 2131 4246 Dei,
2178 4167 2314 4229 sive

768 4305 1037 4372 persona
1069 4291 1312 4349 aeterna
1353 4285 1479 4360 est,
1522 4298 1643 4344 nec
1680 4279 1872 4342 habet
1916 4276 2234 4356 originem
2275 4293 2314 4337 a

765 4403 894 4463 tota
919 4394 1257 4472 Trinitate,
1297 4390 1408 4456 sed
1447 4389 1655 4454 solum
1694 4407 1735 4451 a
1771 4404 2040 4470 persona
2087 4382 2310 4458 Patris„

763 4507 914 4569 hinc
939 4508 1032 4569 est
1060 4501 1231 4586 quod
1251 4498 1551 4583 quamvis
1575 4497 1642 4559 in
1662 4496 1907 4561 Christo
1930 4494 2013 4556 sit
2029 4490 2309 4574 reperire

764 4614 1117 4679 humanam
1162 4615 1464 4679 naturam
1515 4625 1553 4669 a
1600 4609 1732 4668 tota
1781 4602 2085 4665 Trinitate
2138 4617 2311 4663 crea-

762 4728 918 4804 tam,
949 4741 1083 4787 non
1117 4722 1450 4784 esttamen
1486 4710 1957 4778 concedendum
1993 4708 2313 4774 Christum

765 4846 901 4893 esse
948 4827 1154 4888 illium
1200 4821 1396 4884 totius
1441 4815 1762 4881 Trinitatis
1813 4819 2070 4896 propter
2125 4828 2314 4893 repu-

766 4934 1124 5018 gnantiam,
1156 4947 1306 5013 quae
1329 4929 1579 5008 reperta
1605 4924 1788 4986 estin
1810 4919 2157 5002 hypostasi,
2190 4918 2312 4981 hoc

766 5042 956 5108 estin
984 5056 1254 5123 persona
1281 5052 1429 5118 quae
1460 5035 1555 5097 est
1592 5033 1853 5094 aeterna.
1897 5025 2020 5091 Sed
2059 5024 2113 5087 si
2150 5025 2311 5088 ratio

765 5152 888 5216 ista
925 5148 1192 5212 interius
1231 5143 1682 5217 consideretur,
1714 5154 1849 5201 non
1875 5134 2133 5198 videtur
2170 5149 2313 5194 ma-

766 5279 917 5344 gnae
979 5255 1310 5333 efficaciae,
1378 5250 1533 5334 quia
1593 5243 1890 5330 quamvis
1949 5239 2313 5323 hypostasis

766 5368 996 5436 Christi
1024 5366 1110 5429 sit
1142 5367 1413 5436 aeterna,
1450 5355 1612 5421 nihil
1656 5358 1871 5417 tamen
1900 5348 2169 5431 impedit
2220 5348 2314 5429 ip-

833 5497 852 5532 ¹
872 5495 1040 5558 laam,
1067 5502 1106 5558 1,
1130 5490 1280 5541 u.-
1304 5486 1370 5552 (a)
1403 5482 1548 5535 Edit.
1581 5480 1697 5532 Ven.
1725 5475 1864 5529 iacit.

1883 482 2510 556 SENTENTIARUM
2550 480 2700 553 LlB.
2748 480 2853 553 ill.

2423 639 2570 687 sum
2614 623 2736 687 dici
2791 623 3001 688 fllium
3060 622 3343 706 Virginis
3416 624 3657 692 ratione
3712 632 3952 695 naturae

2424 734 2789 812 assumptae.
2851 729 2918 795 Si
2978 750 3137 813 ergo
3195 732 3283 795 illi
3344 731 3667 815 hypostasi
3717 735 3955 800 innasci

2425 841 2629 919 potest
2677 837 2999 902 filiationis
3043 839 3346 903 habitudo
3395 839 3461 902 10
3501 843 3956 922 comparatione

2425 944 2505 1007 ad
2548 950 2851 1021 matrem,
2902 965 2983 1009 ex
3028 965 3157 1028 qua
3205 951 3438 1011 natura
3499 946 3608 1009 illa
3658 948 3813 1011 facta
3861 948 3955 1013 vel

2425 1054 2624 1114 tracta
2648 1057 2762 1128 est,
2794 1072 2991 1135 quare
3020 1071 3152 1116 non
3180 1056 3384 1134 potest
3407 1055 3649 1118 innasci
3684 1061 3958 1138 respectu

2425 1160 2619 1223 1011115
2644 1158 2988 1240 Τ110113115,
3020 1181 3060 1224 3
3085 1181 3215 1244 qua
3257 1164 3420 1227 facta
3455 1168 3583 1241 est,
3628 1169 3691 1228 et
3722 1165 3856 1228 ideo
3885 1183 3960 1229 ex

2424 1271 2603 1348 parte
2657 1267 3058 1349 proprietatis
3100 1268 3463 1349 filiationis,
3510 1273 3574 1332 et
3606 1271 3961 1334 aeternitatis

2425 1373 2801 1456 hypostasiS,
2856 1393 2985 1437 non
3013 1374 3270 1439 videtur
3312 1378 3541 1440 efficax
3591 1378 3749 1441 ratio
3793 1396 3962 1460 posse

2426 1480 2595 1543 sumi
2615 1481 2693 1543 ad
2712 1480 3223 1562 repudiationem
3250 1483 3570 1564 praedictae
3595 1484 3960 1548 locutionis:

2425 1590 2489 1649 et
2517 1587 2658 1651 ideo
2688 1592 2782 1652 est
2810 1588 2973 1651 alius
3011 1589 3241 1652 modus
3281 1590 3557 1669 dicendi,
3602 1592 3771 1674 quod
3813 1609 3963 1673 prae-

2425 1693 2629 1758 dictus
2657 1714 2867 1759 sermo
2909 1715 3041 1760 non
3082 1696 3407 1778 recipitur,
3437 1699 3594 1780 quia
3629 1699 3963 1780 appropin-

2427 1806 2582 1883 quat
2625 1802 2852 1866 errori.
2894 1801 3057 1866 Nam
3106 1802 3428 1882 ChristuS,
3473 1822 3625 1866 cum
3675 1804 3755 1866 sit
3804 1805 4084 1891 filius0„1¹¹

2427 1911 2804 1992 unigenitus
2831 1910 2941 1974 Dei
2969 1909 3191 1989 PatriS,
3218 1928 3347 1974 non
3367 1912 3676 1993 recipitur
3701 1911 3866 1994 quod
3890 1912 3965 1975 sit

2426 2017 2599 2081 filius
2616 2015 2941 2081 Trinitatis
2969 2016 3357 2099 simpliciter,
3379 2022 3638 2100 propter
3660 2018 3780 2081 hoc
3806 2019 3964 2099 quod

2425 2125 2571 2188 talis
2632 2124 2871 2189 locutio
2924 2125 3392 2207 appropinquat
3439 2125 3643 2189 errori
3702 2124 3959 2199 Sabellii,

2426 2233 2537 2316 qui
2566 2232 2779 2314 posuit
2807 2233 3255 2314 proprietatem
3275 2230 3479 2295 Patris
3493 2233 3750 2296 cuilibet
3778 2234 3963 2295 trium

2427 2358 2845 2423 personarum
2865 2339 3316 2404 convenienter
3334 2357 3517 2421 posse
3532 2340 3812 2404 attribui.
3836 2338 3964 2403 Non

2425 2448 2729 2530 recipitur
2765 2448 2958 2511 etiam
3001 2447 3173 2529 quod
3222 2446 3303 2510 sit
3332 2447 3503 2510 fliius
3543 2448 3737 2511 totius
3766 2446 3963 2510 Trini-

2425 2556 2572 2619 tatis
2599 2573 2713 2637 per
2739 2554 3158 2632 creationem,
3210 2555 3364 2637 quia
3411 2555 3558 2618 13115
3593 2556 3820 2620 1000110
3859 2573 3963 2636 ap-

2425 2662 2811 2745 propinquat
2837 2662 3040 2725 errori
3068 2661 3236 2741 Arii,
3263 2662 3375 2744 qui
3407 2663 3626 2744 posuit
3659 2662 3961 2727 Christum

2425 2787 2561 2833 esse
2605 2786 2838 2851 puram
2865 2773 3250 2833 creaturam.
3281 2766 3427 2832 Non
3455 2770 3761 2852 recipitur
3785 2769 3961 2832 etiam

2423 2876 2594 2957 quod
2623 2876 2704 2939 sit
2730 2876 2902 2939 filius
2934 2875 3131 2940 totius
3157 2874 3485 2939 Trinitatis
3525 2895 3642 2959 per
3677 2876 3958 2957 gratiam,

2424 2982 2577 3064 quia
2613 2984 2755 3046 talis
2785 2984 3020 3047 locutio
3066 2984 3538 3067 appropinquat
3575 2984 3773 3047 errori
3817 2981 3956 3045 Nes-

2424 3090 2593 3170 torii,
2625 3090 2737 3173 qui
2767 3090 2976 3173 posuit
3009 3090 3077 3155 in
3124 3091 3368 3156 Christo
3410 3092 3573 3156 duas
3618 3097 3871 3156 naturas
3908 3094 3961 3154 et

2422 3200 2581 3264 duas
2599 3218 2924 3282 personaS,
2950 3200 3237 3264 divinam
3256 3201 3491 3264 scilicet
3514 3206 3579 3265 et
3596 3202 3957 3264 humanam.

2422 3306 2501 3372 Et
2529 3311 2846 3390 quantum
2888 3308 2969 3372 ad
3015 3308 3369 3372 humanam
3411 3327 3783 3390 personam,
3817 3306 3960 3371 dixit

2423 3413 2747 3478 Christum
2812 3415 3018 3478 sslium
3088 3414 3197 3478 Dei
3269 3434 3385 3497 per
3444 3417 3747 3496 gratiam.
3804 3413 3958 3495 Ergo

2422 3539 2628 3584 sermo
2675 3522 3019 3604 praedictus
3060 3522 3325 3586 omnino
3375 3524 3583 3587 errori
3637 3522 3958 3605 impietatis

2422 3628 2891 3711 appropinquat
2921 3647 2938 3691 z
2975 3632 3038 3692 et
3058 3628 3203 3692 ideo
3230 3629 3564 3711 respuitur
3591 3630 3671 3693 ab
3704 3630 3829 3706 his,
3861 3626 3960 3706 qui

2420 3735 2608 3818 periti
2635 3735 2881 3799 suntin
2908 3753 3087 3798 sacra
3111 3734 3458 3817 Scriptura.
3500 3735 3677 3800 Unde
3704 3737 3960 3800 rationes

2421 3842 2501 3905 ad
2528 3842 2696 3905 hanc
2722 3845 2967 3924 partem
2994 3842 3411 3906 concedendae
3440 3848 3596 3907 sunt
3614 3894 3633 3924 ,
3679 3839 3957 3927 quamvis

2421 3969 2553 4015 non
2579 3951 2863 4014 multum
2890 3955 3147 4031 cogant.

2504 4065 2563 4123 1.
2616 4058 2714 4123 Ad
2757 4059 2915 4124 illud
2966 4060 3139 4142 quod
3194 4061 3564 4144 opponitur,
3622 4061 3790 4144 quod
3837 4062 3957 4122 tota

2422 4165 2696 4231 Trinitas
2720 4167 3015 4249 possedit,
3034 4172 3095 4231 et
3112 4168 3256 4232 fecit
3277 4169 3355 4251 (a)
3366 4219 3383 4247 ,
3405 4174 3468 4233 et
3487 4170 3727 4234 creavit
3744 4183 3955 4232 secun-

2420 4276 2579 4340 dum
2624 4275 2980 4340 humanam
3028 4279 3363 4356 naturam,
3410 4279 3750 4343 dicendum
3796 4274 3954 4358 quod

2421 4384 2671 4467 aliquos
2695 4385 2990 4448 homines
3013 4383 3381 4467 simpliciter
3405 4385 3551 4449 fecit
3576 4383 3845 4449 Trinitas
3867 4397 3953 4444 se·

2421 4490 2708 4554 cundum
2760 4509 3021 4555 omnem
3076 4492 3183 4555 5111
3233 4496 3537 4556 0311113111
3585 4513 3601 4554 t
3654 4490 3952 4556 Christum

2421 4602 2639 4661 autem
2691 4616 2824 4662 1100
2873 4598 3245 4681 simpliciter
3297 4600 3656 4664 secundum
3710 4610 3951 4661 omnem

2420 4710 2720 4769 naturam
2756 4706 2921 4785 fecit,
2954 4707 3105 4788 quia
3138 4708 3494 4771 secundum
3531 4707 3812 4772 divinam
3843 4720 3948 4766 na·-

2416 4820 2634 4881 turam
2665 4837 2816 4882 eum
2844 4819 3016 4882 solus
3044 4817 3229 4883 Pater
3260 4818 3487 4901 genuit
3517 4844 3532 4884 :
3568 4824 3632 4884 et
3668 4817 3808 4882 ideo
3832 4830 3948 4878 non

2421 4930 2516 4987 est
2559 4925 2768 4990 simile
2815 4926 2893 4990 de
2948 4925 3216 5004 Christo,
3266 4930 3331 4991 et
3380 4926 3520 4990 aliis
3574 4923 3944 4989 hominibus.

2422 5028 2727 5107 Quamvis
2748 5033 2921 5122 011110
2945 5033 3050 5096 3111
3077 5034 3370 5097 homines
3393 5033 3633 5115 possint
3655 5031 3773 5096 dici
3796 5045 3949 5092 crea-

2420 5141 2585 5202 turae
2617 5138 2747 5217 Dei,
2778 5138 2902 5202 hoc
2936 5144 3154 5203 tamen
3183 5140 3261 5203 de
3296 5139 3540 5203 Christo
3571 5158 3701 5205 000
3735 5133 3946 5218 recipi-

2419 5248 2550 5322 tur,
2581 5246 2744 5309 sicut
2770 5246 2935 5310 intra
2962 5247 3191 5310 melius
3225 5247 3567 5312 videbitur.

2500 5352 2560 5412 2.
2597 5348 2695 5413 Ad
2722 5349 2876 5414 illud
2910 5352 3083 5433 quod
3114 5352 3480 5434 opponitur,
3511 5350 3684 5436 quod
3708 5363 3819 5415 nos
3843 5362 3944 5408 sn·

2422 5473 2568 5521 mus
2600 5456 2825 5522 tratres
2855 5457 3105 5538 Christi,
3142 5458 3484 5525 dicendum
3513 5459 3688 5542 quod
3718 5475 3800 5522 ex
3831 5454 3940 5517 hoc
