4185 6288
1077 560 1181 687 S.
1288 560 1415 689 R.
1525 560 1641 687 E.
1752 558 2654 686 CARDINALIS

397 842 1275 1048 SANCTI
1417 843 3351 1050 BONAVENTURAE

955 1151 1261 1210 EPISCOPI
1297 1152 1717 1210 ALBANENSIS
1733 1195 1754 1225 ‚
1792 1153 2002 1210 Exnnl
2041 1152 2385 1211 EGCLESOE
2421 1151 2759 1211 noc‘roms

734 1352 853 1437 IN
926 1351 1465 1440 TERTIUM
1534 1353 1993 1440 LIBRUM
2062 1354 3008 1441 SENTENTIARUM

1488 1902 2249 2011 PROOEMIUM

347 2196 496 2261 Deus
507 2246 529 2275 ,
552 2198 675 2279 qui
692 2196 884 2263 dives
900 2201 996 2262 est
1014 2196 1087 2260 in
1104 2195 1572 2275 misericordia,
1594 2211 1786 2279 prop·

276 2307 353 2366 ter
381 2305 655 2369 nimiam
696 2304 1084 2371 charitatem
1123 2320 1340 2380 suam,
1383 2321 1513 2386 qua
1553 2302 1799 2371 ditexit

274 2425 403 2489 nos,
430 2427 571 2477 cum
596 2428 877 2478 essemus
911 2412 1150 2477 mortui
1175 2413 1451 2493 peccatis
1466 2461 1487 2491 ,
1517 2414 1804 2479 convivi-

275 2515 477 2594 ficavit
501 2535 620 2585 nos
654 2519 739 2602 (a)
786 2519 1039 2585 christo
1054 2567 1074 2598 ,
1109 2518 1292 2601 enjus
1317 2521 1535 2602 qratia
1561 2520 1802 2586 salvati

275 2625 427 2688 estis.
454 2624 743 2690 Verbum
772 2625 944 2690 istud
968 2626 1266 2690 scribitur
1292 2625 1383 2691 ad
1402 2626 1711 2709 Ephesios
1740 2632 1793 2706 ¹,

276 2730 329 2791 in
356 2750 475 2812 quo
499 2732 878 2797 insinuatur
904 2732 1086 2797 nabla
1125 2739 1358 2798 nostrae
1404 2734 1796 2817 redemptio-

276 2838 361 2900 nis
384 2841 763 2922 mysterium
781 2890 801 2920 ,
826 2859 901 2904 ac
942 2857 1055 2924 per
1095 2840 1237 2904 haec
1265 2841 1462 2906 verba
1494 2841 1799 2906 manifes-

275 2949 425 3010 tatur
444 2949 628 3012 nobis
660 2948 1025 3030 subjectum
1060 2947 1232 3011 Libri
1268 2946 1745 3014 Sententiarum
1779 2970 1794 3013 ε

277 3056 330 3114 et
367 3054 725 3136 specialiter
771 3059 1086 3137 quantum
1127 3054 1205 3119 ad
1254 3055 1505 3119 tertiam
1548 3059 1794 3138 partem

277 3159 476 3241 ipsus,
504 3163 573 3226 in
596 3181 737 3246 qua
758 3162 1113 3245 explicatur
1139 3167 1375 3228 nostrae
1420 3163 1800 3246 redemptio-

276 3266 361 3330 nis
384 3274 853 3333 sacramentum
896 3270 1077 3335 factae
1117 3289 1233 3354 per
1259 3270 1604 3336 Christum.
1638 3268 1795 3335 Pos-

276 3380 403 3438 sunt
424 3382 642 3442 autem
671 3377 737 3439 in
762 3375 885 3441 hoc
904 3377 1104 3441 verbo
1122 3382 1401 3460 quatuor
1425 3379 1636 3443 notari
1661 3397 1800 3462 per-

278 3481 512 3548 tinentia
554 3486 644 3550 ad
689 3485 1154 3568 reparationem
1188 3488 1444 3567 generis
1488 3485 1794 3551 humani:

274 3608 520 3670 quornm
542 3595 839 3678 primum
857 3597 951 3658 est
974 3599 1197 3659 auctor
1214 3596 1629 3678 reparationis
1648 3617 1664 3673 ;
1695 3615 1796 3660 se-

275 3701 527 3765 cundum
554 3706 666 3767 est
682 3702 898 3785 lapsus
922 3702 1331 3785 reparabilis;
1362 3702 1627 3767 tertium
1658 3722 1798 3786 per-

274 3823 407 3872 sona
442 3809 885 3894 Reparatoris3
916 3815 1222 3894 quartum
1261 3815 1480 3876 autem
1525 3818 1589 3876 et
1635 3810 1795 3876 ulti-

275 3930 430 3979 mum
453 3918 633 3983 salus
663 3916 943 3981 hominis
978 3919 1277 4000 reparati.
1307 3918 1548 3982 Auctor
1574 3923 1795 3983 autem

273 4027 671 4106 reparationis
695 4030 976 4104 notatur,
1011 4043 1162 4090 cum
1188 4027 1457 4090 dicitnr:
1488 4026 1655 4093 Deus
1682 4029 1800 4110 qui

274 4123 460 4208 diva,
489 4136 613 4194 etc.
652 4127 791 4211 Ipse
816 4128 992 4193 enim
1025 4130 1093 4192 in
1122 4147 1240 4193 sua
1270 4129 1569 4210 largiflua
1595 4130 1792 4195 mise-

273 4231 543 4316 ricordia,
576 4254 719 4300 non
756 4235 1012 4301 aliunde
1048 4241 1298 4314 motus„
1345 4237 1656 4319 disposuit
1687 4256 1791 4302 re-

272 4354 467 4418 parare
495 4362 714 4426 genus
758 4342 1153 4424 humanum,
1191 4344 1358 4408 sicut
1397 4345 1696 4410 scribitur
1722 4345 1791 4409 in

272 4441 482 4513 Joanne
507 4452 531 4485 ²
572 4473 591 4516 ι
633 4450 737 4517 Sic
766 4452 930 4517 Deus
957 4450 1192 4519 dilexit
1223 4451 1572 4533 mundum,
1603 4460 1674 4519 ut
1702 4453 1791 4533 fi·-

273 4550 408 4621 lium
432 4574 627 4625 suum
658 4560 1064 4642 uniqenitum
1089 4559 1274 4627 daret
1289 4610 1309 4640 ,
1340 4569 1415 4628 ut
1439 4562 1649 4628 omnis
1674 4562 1793 4645 qui

272 4662 449 4731 credit
476 4668 552 4732 in
580 4670 821 4748 ipsum,
849 4683 981 4734 non
1000 4672 1232 4750 pereat.
1257 4666 1496 4751 Lapsus
1522 4686 1676 4733 vero
1694 4685 1791 4731 re·

271 4772 566 4852 parabilis,
592 4791 743 4837 cum
763 4774 995 4840 dicitur
1023 4797 1037 4839 ε
1068 4774 1222 4841 Cum
1245 4791 1519 4842 essemus
1545 4778 1790 4844 mortui

271 4883 545 4955 peccatis.
580 4880 921 4946 Peccatum
945 4883 1121 4947 enim
1146 4883 1337 4966 primi
1357 4884 1637 4967 parentis
1655 4889 1791 4950 erat

273 5000 437 5051 causa
459 4994 699 5055 nostrae
727 4990 974 5067 mortis,
1006 5009 1120 5073 per
1136 5009 1326 5074 quem
1360 5010 1401 5056 a
1420 4995 1588 5057 statu
1608 4991 1792 5056 inno-

272 5095 467 5160 oenuae
493 5097 864 5181 prolapsum
884 5097 1008 5161 fuit
1032 5116 1247 5180 genus
1267 5098 1637 5164 humanum
1672 5099 1781 5182 (b);

271 5203 422 5280 quod
445 5205 742 5271 scribitur
769 5206 795 5242 ⁸
826 5226 843 5270 ε
876 5203 1056 5272 Sicut
1081 5220 1200 5289 per
1231 5221 1433 5272 unum
1458 5207 1784 5274 hominem

325 5369 548 5436 Ephe,
570 5375 1090 5440 1145--.,¹Joan
1116 5378 1600 5442 11116-³Rom.,
1630 5382 1784 5442 v,.t2

272 5446 620 5582 ἷὲΰοΙωῊ
532 5465 620 5517 „1
654 5456 745 5513 19,
774 5454 856 5501 20.
888 5412 1127 5514 -⁸1·it’.‚
1149 5464 1243 5517 111,
1273 5455 1334 5518 5,
1361 5455 1532 5504 6.·—
1560 5454 1700 5505 Rom.
1732 5466 1782 5518 v,

801 5633 954 5680 ἸῸΙ.
996 5633 1089 5682 IV.

1910 2202 2238 2277 peccatum
2263 2197 2339 2261 in
2379 2196 2693 2262 mundum
2736 2198 3065 2278 intravit,
3094 2208 3154 2267 et
3189 2217 3302 2284 per
3323 2218 3472 2284 pec-

1912 2311 2128 2371 catum
2169 2320 2339 2372 mors
2356 2354 2377 2384 ,
2408 2307 2508 2372 ita
2553 2313 2613 2372 et
2650 2307 2727 2371 in
2753 2322 2968 2373 omnes
3005 2308 3076 2390 (c)
3112 2325 3281 2376 mors
3322 2326 3472 2391 per-

1913 2414 2217 2491 transiit,
2245 2414 2323 2478 in
2348 2429 2473 2497 quo
2497 2429 2710 2480 omnes
2726 2424 3182 2498 peccaverunt.
3213 2416 3292 2481 Et
3315 2417 3472 2500 quia

1911 2518 1981 2583 in
2006 2521 2131 2585 alio
2159 2524 2223 2585 et
2251 2539 2364 2603 per
2384 2522 2583 2585 alium
2614 2527 3069 2604 peccaverunt,
3103 2522 3245 2587 ideo
3275 2541 3466 2606 repa·

1914 2628 2194 2694 rabiliter
2239 2628 2623 2694 ceciderunt.
2664 2626 2944 2693 Persona
2990 2647 3145 2694 vero
3183 2629 3468 2713 Repara—

1914 2737 2068 2799 toris
2113 2739 2392 2816 notatur,
2436 2754 2587 2800 cum
2628 2735 2910 2800 dicitur:
2958 2736 3468 2817 convivificavit

1912 2858 2028 2909 nos
2063 2843 2337 2910 Christo.
2370 2841 2532 2907 Nam
2563 2842 2851 2908 Christus
2876 2844 2999 2907 fuit
3022 2892 3040 2923 ,
3068 2844 3287 2927 inquo
3312 2844 3471 2908 facta

1916 2951 2035 3016 fuit
2063 2951 2203 3016 haec
2231 2950 2659 3016 reconciliatio
2677 2999 2695 3030 ,
2723 2951 2890 3015 sicut
2912 2949 3211 3015 scribitur
3238 2951 3329 3017 ad
3361 2952 3470 3020 Co·

1910 3058 2217 3126 lossenses
2245 3060 2267 3094 ⁸
2301 3080 2326 3123 .·
2351 3058 2430 3124 In
2466 3060 2607 3141 ipso
2647 3058 3040 3141 complacuit
3065 3074 3312 3126 omnem
3331 3060 3471 3143 ple-

1911 3166 2275 3234 nitudinem
2308 3165 2676 3233 inhabitare
2699 3215 2718 3247 ‚
2750 3173 2810 3233 et
2856 3183 2972 3249 per
3012 3183 3153 3233 eum
3179 3171 3471 3236 reconci-

1911 3273 2074 3342 liare
2095 3277 2313 3343 omnia
2330 3277 2405 3342 in
2423 3276 2663 3358 ipsum,
2684 3275 3047 3358 pacificans
3073 3274 3160 3355 (d)
3177 3292 3291 3357 per
3315 3292 3471 3343 san·

1910 3385 2170 3467 quinem
2212 3385 2422 3449 crucis
2449 3383 2618 3466 eius,
2652 3385 2791 3448 sive
2821 3400 2964 3466 quoe
2990 3385 3062 3449 in
3089 3384 3305 3462 coelis,
3326 3385 3469 3450 sive

1910 3506 2054 3574 quoe
2077 3492 2154 3556 in
2196 3492 2388 3557 terris
2413 3497 2588 3558 sunt.
2629 3489 2815 3554 Salus
2853 3507 3003 3554 vero
3047 3488 3329 3554 hominis
3357 3509 3463 3556 re-

1914 3597 2118 3680 parati
2143 3597 2438 3679 tangitur
2467 3598 2532 3660 in
2562 3597 2714 3676 hoc,
2745 3596 2918 3679 quod
2946 3596 3178 3660 dicitur
3211 3619 3225 3660 ε
3264 3596 3463 3678 cuius

1911 3706 2133 3789 qratia
2162 3705 2405 3771 salvati
2437 3705 2628 3783 estis,
2659 3708 2780 3768 etc.
2826 3702 2987 3767 Cum
3017 3703 3193 3767 enim
3236 3705 3465 3771 merito

1911 3811 2225 3896 passionis
2262 3810 2489 3877 Christi
2535 3808 2762 3874 collata
2789 3814 2885 3874 est
2914 3809 3195 3875 efficacia
3250 3829 3466 3876 sacra-

1912 3920 2175 3998 mentis,
2207 3921 2283 3982 ut
2328 3936 2440 4001 per
2466 3936 2542 3982 ea
2580 3917 2862 3980 infirmis
2889 3916 3077 3982 detur
3124 3919 3335 4000 gratia
3362 3938 3463 3983 sa-

1911 4026 2128 4093 nativa
2148 4075 2164 4104 ,
2196 4026 2551 4091 secundum
2581 4025 2739 4090 illud
2768 4024 2857 4091 ad
2887 4026 3102 4093 Titum
3130 4031 3152 4066 ⁸
3184 4047 3207 4088 .-
3237 4026 3467 4093 Secun-

1909 4134 2066 4202 dum
2081 4132 2589 4201 misericordiam
2606 4148 2792 4199 suam
2810 4132 3023 4201 salvos
3039 4150 3158 4201 nos
3182 4134 3339 4214 tecit
3345 4150 3464 4216 per

1903 4243 2231 4309 lavacrum
2293 4242 2790 4323 reqenerationis
2804 4291 2822 4319 ,
2889 4247 2951 4308 et
3012 4244 3460 4308 renovationis

1905 4351 2193 4434 Spiritus
2239 4351 2491 4428 Sancti,
2543 4365 2728 4431 quem
2774 4348 3010 4432 effudit
3046 4352 3123 4417 in
3156 4349 3341 4417 nobis
3382 4352 3451 4433 (e)

1902 4457 2156 4524 abunde
2179 4473 2295 4540 per
2316 4458 2529 4523 Jesum
2561 4455 2913 4523 Christum.
2940 4456 3026 4522 De
3053 4457 3155 4521 bis
3177 4464 3456 4540 quatuor

1901 4567 2097 4631 simul
2108 4567 2375 4657 babetur
2389 4565 2479 4632 ad
2497 4569 2810 4632 Romanos
2819 4567 2888 4628 in
2903 4565 3182 4648 quodam
3197 4564 3336 4630 loco
3349 4566 3419 4650 (Γ)
3429 4615 3448 4647 ,

1904 4673 2018 4738 ubi
2046 4673 2141 4737 sic
2174 4673 2264 4738 ait
2288 4671 2309 4706 ⁸
2348 4690 2367 4737 ε
2404 4670 2818 4740 Commendat
2845 4675 3060 4738 autem
3085 4674 3253 4741 Deus
3293 4673 3450 4740 cha-

1899 4785 2162 4850 ritatem
2188 4798 2375 4848 suam
2400 4784 2477 4848 in
2494 4781 2678 4848 nobis
2693 4806 2720 4856 ,·
2742 4799 2885 4845 ecce
2917 4781 3159 4845 Auctor
3182 4800 3446 4865 repara-

1898 4893 2089 4957 tionis
2117 4916 2130 4957 :
2167 4892 2321 4958 Cum
2348 4891 2563 4958 adhuc
2579 4896 2941 4974 peccatores
2963 4906 3236 4957 essemus
3247 4910 3276 4974 ;
3301 4911 3445 4958 ecce

1899 5001 2114 5086 lapsus
2139 5000 2512 5084 reparabilis
2544 5015 2561 5061 t
2598 4999 2894 5066 Christus
2912 5014 3029 5080 pro
3068 4999 3252 5066 nobis
3273 5016 3445 5065 mor-

1900 5116 2050 5175 tuus
2085 5113 2179 5175 est
2195 5129 2222 5188 ,·
2248 5107 2319 5172 in
2344 5126 2474 5190 quo
2501 5124 2772 5190 persona
2796 5110 3057 5170 notatur
3097 5104 3440 5188 Reparatu-

1896 5217 1985 5280 ris
2017 5216 2261 5283 :Multo
2289 5216 2498 5297 maqis
2531 5212 2892 5295 justificati
2930 5229 3102 5278 nunc
3141 5229 3251 5295 per
3275 5228 3438 5280 san-

1963 5379 2490 5449 (a)supp1.2·-(o)
2522 5378 2703 5443 Suppl.
2733 5377 2869 5428 homi
2850 5393 2973 5429 mes.
2995 5377 3141 5461 —(c)
3163 5379 3287 5430 Coe.
3312 5379 3435 5430 edin

1896 5451 2546 5521 Supp1.secunaum.-(d)
2571 5451 2696 5502 Goet.
2721 5450 2848 5500 edih
2871 5465 2984 5500 omn
2989 5452 3069 5500 ia:
3112 5465 3333 5514 psum
3349 5465 3439 5513 pa·

1894 5528 2195 5592 cifimns.—
2227 5524 2470 5591 (e.)Vulg
2490 5537 2681 5573 nos.—
2710 5522 2775 5585 (f)
2800 5521 2925 5572 Cae.
2950 5521 3073 5573 edne.
3098 5522 3277 5571 verbo.

3080 5619 3112 5676 1
