4185 6288
1234 500 1430 570 DIST.
1474 503 1663 574 1111.
1706 508 1890 577 ΛΒΤ.
1934 509 1985 576 1.
2031 507 2332 587 QUAEST.
2369 508 2447 574 V.

249 635 425 720 quod
440 652 551 702 eos
576 636 885 720 eripuerit
894 636 974 703 de
992 632 1272 717 inferum
1303 642 1439 721 aut,
1456 641 1510 706 si
1527 660 1660 710 non
1674 644 1793 711 eri-

246 742 483 830 puerit,
511 744 824 829 quaeritur
852 762 1053 830 quare
1070 763 1202 812 non
1223 746 1550 831 eripuerit.

790 934 1241 1005 CONCLUSIO.

250 1070 491 1129 christia
516 1072 579 1129 in
603 1085 697 1129 suo
725 1071 968 1131 descensu
992 1072 1068 1130 ad
1096 1074 1299 1142 inferos
1325 1090 1434 1134 non
1459 1092 1637 1136 omnes
1661 1082 1788 1137 ani-

315 1176 432 1217 mas
458 1160 538 1217 ibi
563 1161 804 1219 detentas
844 1163 1133 1227 liberavit,
1176 1164 1270 1220 sed
1311 1169 1526 1224 animas
1576 1172 1791 1225 tantum

318 1250 601 1307 electorum
642 1268 884 1320 suorum,
925 1256 974 1309 et
1014 1268 1189 1310 eoram
1225 1257 1322 1324 qui
1361 1259 1518 1312 erant
1551 1257 1790 1314 membra

319 1342 491 1414 ipsius
504 1381 526 1413 ,
557 1341 683 1399 licet
708 1342 820 1413 ejas
837 1345 1022 1416 passio
1044 1344 1289 1402 omnibus
1311 1346 1598 1417 suffecerit.

325 1498 513 1584 Resp.
564 1501 646 1567 ad
686 1519 828 1584 arg.
874 1500 1223 1568 Dicendum
1268 1505 1443 1587 quod
1476 1504 1789 1572 Dominus

244 1608 314 1673 in
352 1607 603 1674 inferno
646 1628 777 1676 non
806 1610 1098 1675 liberavit
1127 1612 1251 1676 nisi
1277 1613 1523 1678 animas
1551 1613 1787 1680 electo-

243 1734 397 1780 rum
440 1734 745 1797 suorum,
785 1721 1101 1784 eteorum
1139 1719 1250 1802 qui
1288 1723 1470 1786 erant
1501 1723 1789 1788 membra

244 1824 472 1908 ipsius.
522 1823 829 1901 Quamvis
863 1826 1037 1891 enim
1081 1826 1288 1909 passio
1314 1827 1543 1893 Christi
1569 1831 1785 1894 omni-

243 1931 366 1996 bus
393 1932 738 2012 suffecerit,
768 1951 898 1998 non
924 1936 1138 1999 tamen
1160 1934 1372 1999 influit
1390 1935 1516 2000 nisi
1548 1937 1615 2001 in
1644 1940 1785 2020 ejus

246 2042 537 2107 membra
567 2063 583 2107 ε
614 2047 680 2105 et
702 2041 847 2106 ideo
873 2041 991 2107 soli
1019 2060 1134 2125 per
1160 2043 1518 2125 passionem
1551 2045 1782 2112 Christi

243 2148 472 2214 salvati
525 2153 712 2226 sunt,
756 2150 868 2232 qui
899 2149 1003 2216 vel
1054 2153 1237 2215 erant
1276 2152 1417 2233 ejus
1459 2153 1778 2234 membra,

241 2258 501 2340 qnando
524 2276 747 2341 passus
775 2263 889 2339 est,
918 2258 1022 2323 vel
1051 2258 1251 2323 futuri
1279 2264 1465 2325 erant
1486 2280 1599 2345 per
1623 2281 1782 2329 con-

244 2366 606 2431 versionem
655 2365 734 2430 ad
777 2366 1012 2449 ipsum.
1056 2365 1371 2444 Quoniam
1398 2386 1559 2452 ergo
1594 2370 1781 2436 multi

241 2478 427 2539 erant
471 2472 538 2537 in
585 2472 869 2554 inferno,
897 2475 1010 2557 qui
1050 2493 1169 2539 nec
1213 2476 1506 2542 membra
1548 2476 1782 2545 Christi

240 2584 447 2653 erant,
469 2599 588 2645 nec
612 2582 902 2646 membra
916 2582 1143 2646 Christi
1163 2583 1366 2649 futuri
1391 2589 1595 2665 erant,
1627 2587 1782 2670 quia

240 2703 375 2749 non
396 2687 580 2749 erant
600 2684 668 2749 in
688 2688 859 2750 statu
886 2687 1169 2751 merendi
1192 2708 1209 2766 ;
1241 2687 1384 2752 ideo
1401 2706 1533 2754 non
1558 2708 1781 2756 omnes

236 2791 549 2858 Dominus
605 2792 840 2873 eripuit
895 2794 972 2859 de
1027 2794 1275 2861 inferno
1296 2844 1315 2875 ,
1370 2795 1480 2862 sed
1529 2800 1779 2864 tantum

236 2897 493 2963 electos.
543 2895 618 2960 Et
655 2896 779 2961 hoc
809 2902 902 2961 est
934 2899 1105 2981 quod
1134 2899 1286 2964 dicit
1322 2898 1667 2983 Gregorius
1708 2904 1779 2968 in

235 3006 517 3096 quadam
562 3006 828 3071 homilia
857 3008 1023 3073 infra
1048 3013 1339 3074 octavam
1367 3009 1659 3091 Paschae;
1691 3014 1780 3078 ait

234 3112 408 3178 enim
424 3112 546 3178 sic¹
573 3136 589 3180 ε
606 3137 637 3175 α
659 3112 843 3193 Quod
855 3119 1001 3181 ante
1016 3116 1371 3199 passionem
1388 3138 1575 3184 suam
1589 3120 1774 3202 dixit,

230 3220 300 3284 in
325 3222 783 3288 resurrectione
811 3241 927 3287 sua
953 3224 1258 3290 Dominus
1296 3226 1658 3310 impleviv:
1694 3231 1774 3297 Si

229 3327 556 3395 exaltatus
602 3329 781 3409 fuero
809 3346 852 3395 a
879 3335 1051 3397 terra
1068 3380 1088 3409 ,
1120 3335 1340 3400 omnia
1379 3336 1638 3404 traham
1676 3342 1768 3408 ad

230 3453 353 3502 me.
387 3436 617 3502 Omnia
635 3438 819 3503 -enim
856 3439 1082 3517 traxit,
1112 3441 1225 3523 qui
1262 3442 1342 3508 de
1387 3444 1603 3510 electis
1642 3449 1777 3513 suis

229 3542 403 3626 apud
444 3543 680 3608 inferos
708 3544 964 3610 nullum
991 3547 1271 3629 reliquit.
1305 3547 1530 3615 Omnia
1556 3553 1775 3619 abstu-

227 3651 328 3730 lit,
354 3650 577 3733 utique
592 3651 809 3716 electa.
827 3651 1003 3717 Unde
1021 3654 1211 3718 etiam
1230 3662 1396 3722 recte
1417 3676 1531 3741 per
1551 3661 1773 3730 Oseam

229 3756 469 3822 dixin:
502 3757 630 3824 Ero
658 3773 826 3825 mors
867 3763 1002 3839 tua,
1035 3776 1070 3828 o
1101 3777 1310 3844 mors;
1331 3780 1579 3834 morsus
1623 3774 1772 3836 tuus

232 3882 362 3944 era,
391 3866 662 3946 inferne.
685 3865 847 3944 Quia
873 3869 1048 3934 enim
1076 3869 1144 3933 in
1169 3870 1385 3936 electis
1408 3875 1541 3938 suis
1563 3877 1773 3944 fundi-

228 3976 336 4035 tus
352 3972 578 4038 occidit
604 3978 902 4052 mortem,
921 3992 1097 4038 mors
1111 3978 1333 4041 mortis
1352 3982 1580 4046 extitit.
1611 3981 1773 4061 Quia

231 4096 389 4144 vero
434 4078 504 4142 in
540 4078 787 4143 inferno
827 4084 1071 4162 partem
1114 4082 1395 4165 abstulit,
1439 4091 1501 4151 et
1523 4098 1770 4171 partem

225 4185 509 4267 reliquit,
538 4204 667 4252 non
695 4186 923 4251 occidit
958 4188 1262 4270 funditus,
1293 4191 1400 4257 sed
1428 4198 1771 4262 momordit

224 4293 573 4358 infernum.
616 4315 648 4354 n
686 4293 1170 4361 concedendum
1215 4304 1311 4363 est
1352 4319 1510 4383 ergo
1532 4351 1549 4383 ,
1599 4306 1769 4388 quod

229 4400 515 4467 Christus
574 4402 643 4467 in
699 4422 817 4469 suo
861 4405 1167 4470 descensu
1218 4406 1299 4474 ad
1352 4410 1588 4477 inferos
1635 4433 1769 4480 non

223 4525 452 4573 omnes
511 4509 807 4576 liberavit
827 4585 846 4601 ς
868 4512 946 4577 de
1005 4514 1279 4583 inferno.
1341 4517 1768 4590 Concedendae

224 4619 382 4680 sunt
400 4616 593 4682 etiam
623 4618 899 4685 rationes
923 4639 1071 4704 quae
1096 4621 1490 4693 inducuntur
1512 4630 1594 4695 ad
1620 4630 1763 4699 hoc.

306 4728 368 4787 l.
405 4724 503 4789 Ad
549 4724 706 4790 illud
742 4745 898 4792 vero
933 4730 1105 4811 quod
1132 4732 1341 4814 primo
1368 4733 1666 4817 objicitur
1699 4739 1768 4804 in

228 4832 625 4897 contrarium
669 4834 747 4898 de
781 4836 977 4901 verbo
1019 4836 1140 4903 Job
1173 4841 1348 4923 quod
1394 4843 1660 4924 dicebat,
1699 4865 1766 4913 se

227 4931 689 5001 descensurum
716 4937 784 5002 in
812 4939 1378 5022 profundissimum
1419 4946 1764 5030 infernum,

225 5041 572 5109 dicendum
597 5046 769 5127 quod
796 5047 1330 5129 profundissimus
1357 5053 1644 5122 infernus
1661 5077 1770 5141 po-

220 5153 349 5215 test
379 5149 500 5215 dici
538 5151 643 5216 vel
675 5153 1029 5218 secundum
1069 5160 1305 5222 statum
1344 5161 1573 5228 inferni
1614 5166 1767 5233 infe-

223 5257 438 5338 rioris,
485 5259 600 5342 qui
626 5266 723 5329 est
740 5261 864 5327 sub
893 5265 1082 5342 terra,
1112 5265 1217 5332 vel
1238 5274 1527 5353 respectu
1550 5274 1634 5341 ad
1659 5275 1766 5341 in-

281 5420 298 5455 ι
333 5420 508 5485 erog„
542 5420 595 5471 in
622 5426 843 5489 Evanq„
880 5423 1024 5476 hom.
1053 5437 1127 5479 ιιι
1161 5455 1223 5468 -
1253 5430 1274 5466 ⁸
1293 5432 1455 5496 Joan„
1482 5447 1584 5503 111,
1603 5440 1683 5493 32.
1708 5464 1763 5480 —-

217 5490 239 5529 ⁸
260 5492 390 5555 022..
417 5501 539 5555 ¹111,
569 5495 641 5552 lt.

3323 510 3435 573 4¹11

1897 646 2153 712 fernum
2168 692 2190 724 ‚
2248 645 2363 728 qui
2418 648 2513 711 est
2558 660 2769 727 supra.
2792 643 3055 708 terram.
3115 640 3186 708 Si
3233 642 3443 727 primo

1900 745 2090 812 modo
2122 745 2370 811 dicatur
2390 792 2409 826 ,
2438 749 2593 811 tunc
2620 744 2691 808 in
2732 741 3309 826 profundissimum
3333 743 3441 810 in-

1897 852 2154 920 fernum
2193 853 2587 920 descendunt
2619 851 2801 934 impii
2835 854 2902 915 et
2932 850 3238 928 damnati,
3271 869 3442 934 quo-

1894 965 2072 1030 niam
2114 966 2184 1030 in
2221 965 2360 1030 loco
2395 965 2505 1030 illo
2532 962 2816 1028 inferiori
2844 965 2940 1027 est
2972 962 3239 1044 quidam
3263 963 3444 1030 locus

1896 1072 2234 1156 deputatus
2261 1072 2386 1153 his,
2417 1072 2527 1155 qui
2554 1069 2865 1155 puniendi
2886 1072 3039 1136 sunt
3057 1089 3245 1154 poena
3261 1072 3442 1138 dam-

1895 1178 1962 1243 ni
1991 1182 2055 1243 et
2080 1197 2273 1262 poena
2305 1197 2569 1258 sensus;
2614 1177 2877 1261 quidam
2906 1195 3064 1243 vero
3102 1176 3441 1260 deputatus

1892 1285 1996 1350 his
2023 1287 2135 1370 qui
2164 1286 2468 1371 puniendi
2491 1290 2641 1351 sunt
2658 1284 2870 1350 solum
2896 1284 2977 1350 ad
3003 1287 3279 1369 tempus,
3300 1285 3440 1352 sive

1892 1393 2176 1476 sitpoena
2187 1393 2429 1471 damni,
2448 1394 2583 1459 sive
2594 1393 2673 1458 sit
2685 1411 2875 1476 poena
2891 1409 3135 1472 sensus,
3154 1393 3319 1458 sicut
3331 1393 3440 1459 ille

1893 1499 1964 1565 in
1992 1519 2125 1584 quo
2153 1504 2336 1566 erant
2367 1501 2564 1565 sancti
2589 1504 2800 1584 patres
2826 1500 3046 1580 etalii,
3077 1501 3192 1584 qui
3221 1500 3434 1567 deces-

1890 1614 2115 1674 serunt
2155 1626 2309 1674 cum
2347 1608 2596 1690 gratia;
2628 1610 2691 1673 et
2718 1611 2982 1673 vocatur
3009 1607 3270 1689 limbus,
3298 1608 3437 1675 sive

1891 1718 2075 1783 sinus
2114 1717 2416 1783 Abrahae.
2450 1717 2595 1783 Dico
2637 1734 2797 1800 ergo
2821 1717 2995 1801 quod
3023 1716 3308 1783 Christus
3332 1737 3435 1786 so-

1889 1826 2030 1892 lum
2057 1827 2137 1892 ad
2161 1827 2437 1892 limbum
2473 1826 2812 1906 descendit,
2843 1826 3018 1891 unde
3043 1828 3294 1892 sanctos
3320 1846 3436 1911 pa-

1890 1939 2019 2000 tres
2044 1935 2280 2019 eripuit
2311 1954 2327 1999 :
2367 1939 2434 2000 et
2469 1935 2559 2000 ita
2602 1935 2683 2000 ad
2722 1934 3121 2018 superiorem
3163 1937 3431 2017 partem,

1889 2059 2020 2107 non
2073 2048 2294 2108 antem
2337 2044 2416 2109 ad
2465 2043 2779 2122 mediam,
2810 2043 2915 2107 vel
2942 2042 3260 2108 ultimam.
3288 2042 3433 2111 Alio

1889 2148 2081 2214 modo
2121 2149 2433 2234 accipitur
2461 2148 2852 2232 profunditas
2879 2149 3111 2214 inferni
3140 2152 3435 2232 respectu

1887 2256 2122 2321 inferni
2151 2258 2267 2339 qui
2306 2261 2401 2322 est
2444 2274 2640 2339 supra
2666 2259 2928 2331 terram,
2962 2255 3126 2321 sicut
3142 2259 3435 2339 respectu

1887 2364 2053 2429 aeris
2083 2364 2441 2445 caliginosi,
2471 2364 2583 2447 qui
2606 2366 2701 2428 est
2718 2363 3005 2427 internus
3033 2363 3429 2445 daemonum,

1887 2471 2001 2555 qui
2038 2471 2271 2537 dicitur
2304 2470 2662 2554 profundus
2693 2472 2985 2552 respectu
3028 2470 3168 2536 coeli
3213 2490 3433 2556 empy-

1885 2577 1980 2644 rei
2025 2600 2044 2644 :
2084 2578 2266 2644 locus
2303 2596 2461 2643 vero
2504 2579 2693 2642 terrae
2737 2576 2969 2641 dicitur
3012 2576 3426 2659 profundior3

1885 2686 2064 2753 locus
2124 2665 2280 2751 vero
2335 2685 2503 2749 inira
2555 2688 2794 2750 terram
2847 2686 3139 2768 respectu
3191 2685 3431 2752 horum

1887 2793 2120 2858 dicitur
2148 2791 2699 2878 profundissimus.
2730 2791 2807 2856 Et
2832 2790 2956 2856 hoc
2980 2791 3169 2858 modo
3188 2792 3432 2860 dicebat

1884 2901 2003 2967 Job
2028 2920 2099 2967 se
2123 2903 2200 2969 in
2222 2900 2812 2985 profundissimum
2832 2902 3163 2982 internum
3181 2901 3433 2969 descen·

1884 3027 2136 3076 surum.

1964 3121 2026 3183 2.
2058 3114 2137 3181 Et
2167 3132 2283 3198 per
2306 3113 2430 3182 hoc
2461 3116 2631 3199 patet
2658 3114 2988 3199 responsio
3013 3115 3095 3182 ad
3130 3133 3427 3201 sequens.

1887 3223 2068 3302 Quod
2094 3223 2270 3288 enim
2294 3223 2566 3290 dicitur:
2603 3225 2867 3292 Emisti
2903 3226 3193 3292 animam
3228 3240 3431 3292 meam

1887 3347 1972 3397 ea·
2018 3331 2277 3411 interno
2319 3331 2666 3412 inferiori,
2695 3331 2821 3396 hoc
2860 3331 3094 3396 dicitur
3138 3333 3431 3416 respectu

1884 3438 2088 3523 ipsius
2112 3443 2323 3516 terras,
2355 3441 2645 3521 respectu
2675 3439 2778 3520 cuj
2788 3457 2863 3503 us
2885 3438 3174 3503 infernus
3200 3438 3308 3503 ille
3329 3438 3428 3502 di-

1884 3547 2051 3611 citur
2071 3545 2353 3624 inferior,
2389 3563 2524 3610 non
2548 3550 2763 3610 autem
2783 3550 3073 3629 respectu
3097 3547 3297 3610 status
3323 3545 3426 3611 in-

1883 3654 2070 3732 ferni,
2121 3651 2277 3737 quia
2316 3652 2388 3717 in
2434 3656 2613 3736 parte
2653 3652 2938 3719 inferiori
2982 3653 3165 3720 nulla
3196 3658 3294 3720 est
3315 3671 3424 3721 re-

1882 3762 2186 3845 demptio·

1962 3874 2024 3936 3.
2071 3869 2171 3934 Ad
2206 3866 2363 3933 illud
2398 3868 2569 3951 quod
2614 3865 2912 3950 objicitur
2945 3867 3026 3932 de
3066 3867 3299 3950 Glossa,
3330 3868 3423 3936 di·

1881 3979 2155 4047 cendum
2197 3979 2368 4061 quod
2427 3977 2641 4042 Glossa
2692 3975 2803 4040 illa
2842 3976 2993 4041 satis
3041 3981 3136 4042 est
3173 3977 3422 4062 impro-

1879 4086 2020 4171 pria
2051 4108 2068 4152 ε
2100 4089 2302 4170 potest
2332 4089 2548 4151 tamen
2592 4083 2826 4167 exponi
2870 4087 2943 4148 ut
2967 4101 3082 4166 per
3103 4084 3225 4151 hoc
3252 4085 3423 4169 quod

1880 4200 2134 4279 dicitur,
2180 4220 2213 4261 α
2237 4197 2426 4263 Nulla
2466 4215 2576 4263 eos
2612 4195 3048 4262 misericordia
3081 4198 3419 4281 refrigera-

1877 4309 2010 4385 bat,
2043 4329 2076 4368 n
2112 4325 2247 4373 non
2290 4306 2682 4388 intelligatur
2719 4305 2899 4369 locus
2939 4303 3170 4370 inferni
3209 4324 3423 4390 quan-

1877 4417 2022 4482 tum
2068 4415 2151 4479 ad
2196 4418 2442 4498 partem
2483 4413 2661 4478 illam
2705 4412 2822 4478 ubi
2864 4415 3049 4479 erant
3080 4412 3420 4496 liberandi,

1878 4522 1989 4588 sed
2034 4525 2354 4605 quantum
2415 4521 2497 4585 ad
2546 4521 2794 4602 partem
2842 4519 3016 4585 illam
3071 4520 3186 4586 ubi
3238 4525 3426 4589 erant

1878 4648 2011 4696 non
2063 4628 2423 4710 liberandi,
2470 4628 2653 4711 quasi
2701 4628 2869 4694 dicat
2926 4651 2942 4695 ε
2993 4627 3219 4696 Emisit
3270 4631 3423 4696 vin-

1879 4743 2011 4804 ctos
2061 4736 2139 4803 de
2184 4736 2458 4816 infern0,
2497 4736 2613 4800 ubi
2655 4738 2836 4799 erant
2874 4736 3214 4820 compediti
3264 4755 3418 4806 cum

1879 4847 2087 4926 malis,
2123 4864 2283 4929 quos
2307 4843 2542 4911 scilicet
2570 4843 2769 4907 malos
2799 4843 2978 4908 nulla
3005 4845 3425 4928 refrigerabat
3473 4876 3483 4894 ·

1878 4953 2329 5020 misericordia.
2378 4950 2592 5016 Potest
2635 4950 2827 5014 etiam
2856 4951 2955 5016 vis
2991 4952 3136 5017 fieri
3177 4953 3245 5017 in
3270 4952 3417 5035 hoc,

1880 5061 2049 5147 quod
2089 5060 2322 5126 dicitur
2372 5057 2824 5125 misericordia
2851 5079 2875 5121 .-
2908 5060 3059 5142 quia
3101 5060 3173 5126 in
3221 5060 3421 5128 limbo

1876 5187 2011 5235 non
2051 5171 2188 5233 erat
2249 5166 2683 5232 misericordia
2732 5164 3010 5232 liberans
3033 5215 3053 5246 ,
3114 5168 3421 5251 quamvis

1878 5279 2042 5345 esset
2070 5274 2499 5341 misericordia
2524 5274 2820 5340 relaxans
2847 5292 2866 5340 z
2896 5280 2961 5341 et
2991 5275 3070 5341 de
3096 5274 3209 5342 illa
3235 5275 3420 5342 mise-

1875 5385 2148 5453 ricordia
2171 5382 2573 5467 intelligitur,
2602 5400 2737 5449 non
2763 5381 2843 5449 de
2869 5380 3015 5449 alia.

1958 5497 2020 5564 4.
2045 5492 2144 5562 Ad
2170 5491 2326 5563 illud
2354 5490 2529 5578 quod
2554 5489 2875 5577 objicitur.
2902 5493 3078 5582 ‘quod
3105 5493 3160 5565 si
3185 5494 3420 5583 eripuit
