4185 6288
1207 406 1404 473 DlST.
1448 405 1660 472 XXIX.
1702 404 1887 471 ΛΒΤ.
1932 406 1979 471 Ι.
2026 406 2326 484 QUAEST.
2374 411 2475 476 lv,

249 545 424 610 dinat
459 546 539 609 ad
580 544 954 628 proximum
996 562 1192 625 quam
1233 543 1311 606 ad
1340 543 1663 625 seipsum,
1695 541 1791 606 di-

253 653 526 717 cendum
565 650 736 734 quod
775 650 879 714 hic
905 669 1037 715 non
1070 649 1299 714 dicitur
1324 650 1495 732 quod
1523 649 1796 714 charitas

256 780 369 845 per
399 761 579 844 prius
605 761 901 843 respiciat
927 759 1215 825 ordinem
1245 758 1525 822 hominis
1548 760 1628 822 ad
1657 751 1797 841 pro-

256 868 542 944 ximum,
587 887 784 950 quam
833 869 910 932 ad
957 866 1270 949 seipsum,
1315 867 1425 930 sed
1471 866 1624 949 quia
1668 883 1796 930 non

256 981 489 1045 sufficit
527 981 699 1063 quod
740 980 970 1062 aliquis
1008 997 1192 1042 amor
1237 978 1321 1041 sit
1359 977 1630 1043 charitas
1656 1027 1673 1058 ,
1726 982 1801 1042 ut

256 1089 449 1153 homo
476 1093 647 1152 amet
691 1087 971 1169 seipsum
1002 1107 1016 1148 :
1052 1085 1196 1148 licet
1235 1086 1410 1148 enim
1437 1104 1621 1150 amor
1646 1085 1799 1150 cha·

259 1195 462 1257 ritatis
487 1212 527 1257 a
564 1193 769 1276 seipso
796 1193 1095 1276 incipiat,
1128 1191 1312 1257 debet
1350 1197 1562 1257 tamen
1605 1192 1672 1255 in
1700 1191 1799 1256 al-

260 1308 469 1366 terum
499 1302 815 1384 protendi.

338 1413 398 1472 4.
430 1409 529 1473 Ad
556 1408 714 1473 illud
756 1409 927 1492 quod
955 1408 1257 1490 oincitur
1279 1408 1500 1491 ‚quod
1529 1407 1801 1472 charitas

259 1521 354 1581 est
381 1534 564 1580 amor
596 1515 909 1594 liberalis,
940 1514 1280 1579 dicendum
1308 1517 1478 1598 quod
1505 1513 1802 1597 quamvis

259 1622 599 1688 liberalitas
624 1625 942 1706 quantum
981 1623 1060 1685 ad
1091 1641 1277 1685 suam
1315 1623 1801 1705 completionem

261 1729 554 1813 respiciat
582 1728 889 1806 alterum,
919 1733 1134 1793 tamen
1156 1734 1473 1810 quantum
1502 1728 1582 1793 ad
1608 1747 1800 1792 suum

260 1839 518 1903 initium
556 1836 736 1920 prius
775 1836 1031 1919 respicit
1067 1838 1278 1918 ipsum
1320 1836 1431 1919 qui
1457 1836 1804 1901 liberalita-

262 1950 391 2009 tem
420 1945 760 2028 impendit,
795 1945 956 2008 sicut
981 1949 1044 2007 et
1067 1935 1533 2024 misericordia,
1569 1945 1646 2009 de
1673 1963 1804 2027 qua

260 2053 501 2118 dictum
550 2056 645 2116 est
680 2052 851 2134 quod
893 2052 1102 2134 primo
1139 2050 1323 2116 debet
1348 2052 1545 2117 homo
1572 2052 1674 2117 sui
1699 2052 1805 2134 ip-

260 2161 394 2225 sius
422 2160 730 2224 misereri.
1267 2231 1268 2234 Ἴ

343 2269 403 2328 5.
453 2264 551 2327 Ad
597 2263 751 2327 illud
797 2262 968 2345 quod
1014 2261 1356 2344 objicitur,
1407 2263 1578 2345 quod
1623 2280 1808 2328 amor

261 2371 585 2435 charitatis
610 2370 1065 2453 superveniens
1096 2368 1259 2434 tollit
1289 2370 1670 2435 curvitatem
1698 2390 1808 2436 na-

263 2483 458 2555 turae‚
488 2477 827 2542 dicendum
854 2476 1027 2559 quod
1051 2476 1347 2558 quaedam
1387 2480 1482 2539 est
1524 2477 1807 2543 curvitas

261 2589 512 2650 naturae
561 2601 710 2667 quae
749 2588 932 2647 sonat
968 2583 1039 2646 in
1075 2582 1312 2647 vitium
1344 2585 1408 2645 et
1443 2585 1806 2666 corruptio-

262 2713 410 2759 nem
430 2744 446 2772 ,
479 2695 776 2779 quaedam
822 2710 971 2776 quae
1013 2693 1270 2776 respicit
1315 2694 1519 2776 ipsius
1556 2699 1808 2760 naturae

262 2801 672 2865 intrinsecam
717 2799 1218 2864 inclinationem.
1262 2798 1478 2865 Prima
1515 2804 1644 2880 est,
1678 2820 1807 2885 qua

264 2909 408 2992 quis
429 2908 643 2991 diligit
662 2926 729 2972 se
747 2908 889 2989 plus
910 2925 1105 2989 quam
1123 2906 1359 2986 Deum3
1391 2909 1669 2974 secunda
1689 2915 1803 2989 est,

262 3034 392 3098 qua
434 3016 580 3098 quis
619 3014 830 3096 diligit
872 3032 940 3080 se
985 3014 1130 3097 plus
1169 3034 1367 3099 quam
1407 3017 1803 3100 proximum.

266 3120 481 3187 Gratia
516 3126 734 3187 autem
757 3120 1215 3204 superveniens
1240 3120 1519 3205 primam
1548 3123 1812 3207 corrigit

264 3236 328 3294 et
365 3229 567 3308 tollit;
603 3229 947 3294 secundam
981 3247 1135 3296 vero
1171 3229 1422 3312 dirigit,
1453 3235 1695 3296 etcum
1735 3251 1811 3297 ea

267 3336 469 3401 currit
500 3357 517 3399 t
549 3338 613 3400 et
650 3334 738 3399 sic
774 3336 936 3399 ratio
975 3335 1084 3400 illa
1110 3354 1242 3401 non
1269 3337 1471 3417 valet,
1501 3340 1808 3421 quoniam

268 3462 399 3509 non
425 3446 521 3507 est
547 3442 753 3507 simile
772 3440 928 3508 hinc
955 3445 1020 3507 et
1043 3442 1214 3508 inde.

349 3556 412 3614 6.
443 3550 539 3615 Ad
566 3549 727 3614 illud
755 3549 928 3632 quod
954 3550 1276 3632 objicitur,
1304 3551 1477 3633 quod
1505 3553 1813 3618 debemus

267 3657 667 3723 voluntatem
706 3659 992 3722 nostram
1029 3657 1346 3723 voluntati
1386 3657 1625 3723 divinae
1657 3678 1812 3724 con·

269 3767 571 3845 formare,
600 3763 943 3829 dicendum
973 3763 1147 3845 quod
1173 3762 1341 3828 Deus
1357 3811 1376 3843 ,
1406 3782 1556 3829 cum
1584 3765 1817 3830 dicitur

271 3870 547 3935 alterum
573 3869 773 3934 altero
799 3869 1010 3950 magis
1045 3869 1310 3950 diligere
1337 3918 1355 3949 ,
1393 3871 1516 3935 hoc
1552 3888 1685 3937 non
1722 3876 1817 3939 est

274 3977 427 4059 quia
448 3976 513 4039 in
519 3976 770 4041 tensius
785 3975 1012 4057 diligat
1028 3995 1240 4041 unum
1254 3995 1452 4059 quam
1466 3977 1812 4061 reliquum,

275 4102 421 4148 cum
449 4083 617 4148 circa
640 4082 840 4168 ipsius
863 4100 1146 4147 amorem
1166 4102 1284 4148 nec
1308 4084 1490 4149 cadat
1512 4085 1812 4165 intensio,

274 4208 392 4254 nec
433 4189 762 4268 remissi03
810 4189 921 4255 sed
970 4189 1092 4255 hoc
1134 4189 1366 4256 dicitur
1410 4192 1564 4274 quia
1607 4210 1817 4258 unum

276 4296 529 4362 ordinat
554 4296 636 4361 ad
666 4297 794 4379 maj
802 4316 879 4361 us
903 4297 1148 4362 bonum
1162 4344 1180 4375 ‚
1214 4316 1410 4381 quam
1443 4299 1765 4383 reliquum
1795 4322 1812 4365 z

274 4407 338 4467 et
358 4404 482 4468 hoc
506 4404 671 4468 bene
698 4407 902 4486 potest
927 4404 1185 4469 concedi
1201 4453 1220 4485 ,
1247 4405 1419 4488 quod
1449 4406 1592 4489 quis
1612 4407 1820 4488 magis

274 4509 498 4575 debeat
529 4510 801 4592 diligere
841 4511 1213 4594 proximum
1236 4561 1255 4593 ,
1291 4531 1502 4596 quam·
1529 4533 1597 4579 se
1620 4563 1638 4593 ‚
1670 4534 1820 4580 cum

274 4617 609 4701 proximus
634 4618 848 4702 ipsum
874 4619 1150 4689 ‚excedat
1186 4621 1256 4684 in
1293 4622 1559 4702 merito;
1599 4623 1711 4688 sed
1738 4643 1821 4690 ex

275 4725 399 4790 hoc
421 4744 555 4790 non
577 4726 866 4810 sequitur
892 4728 1065 4810 quod
1089 4745 1274 4792 amor
1297 4729 1574 4811 proximi
1607 4731 1824 4798 melio-

273 4833 364 4897 ris
393 4833 837 4918 praeponderet
865 4834 1071 4898 amori
1107 4835 1233 4899 sui.
1265 4833 1431 4902 Ordo
1471 4837 1643 4901 enim
1670 4838 1824 4905 cha-

274 4940 481 5004 ritatis
508 4958 643 5005 non
688 4940 1039 5004 attenditur
1081 4959 1275 5023 penes
1306 4944 1823 5025 magnitudinem

277 5045 430 5111 boni
447 5064 530 5131 op
538 5045 746 5112 tabilis
764 5093 782 5125 ,
805 5047 920 5111 sed
938 5065 1139 5130 penes
1161 5053 1825 5132 praeponderationem

343 5243 360 5277 ¹
385 5243 471 5305 Cf.
500 5243 648 5294 Alex.
675 5242 893 5306 Mensis,
924 5242 1088 5307 Cant„
1109 5244 1261 5307 μυί,
1285 5245 1401 5294 coll.
1438 5258 1622 5311 vam,
1647 5252 1743 5299 art.
1767 5252 1824 5312 4;

279 5317 334 5366 S.
361 5312 615 5378 Thomas,
659 5314 796 5375 1141,
834 5328 886 5378 q.
917 5326 1063 5377 xxvr,
1093 5318 1190 5364 art.
1228 5317 1257 5366 9
1271 5330 1287 5377 ;
1335 5320 1387 5367 et
1413 5318 1472 5367 111
1512 5319 1672 5382 Seni„
1706 5319 1826 5371 dist.

280 5398 430 5451 xxix,
455 5400 507 5452 q.
539 5397 577 5450 1,
603 5388 787 5449 art.·1;
810 5385 946 5437 etde
983 5385 1157 5451 Ver-it„
1181 5401 1232 5451 q.
1263 5399 1331 5451 11,
1360 5391 1456 5439 art.
1486 5393 1540 5453 95
1567 5391 1824 5452 Richard..

559 5493 708 5542 ΥΟΕ.
754 5493 846 5541 IV·

3242 462 3251 474 ·
3324 432 3441 492 657

1904 542 2253 609 affectionis
2290 530 2631 629 diligentiS.
2667 551 2745 615 Et
2779 554 2834 616 si
2875 561 2947 618 tu
2977 557 3234 639 objicias
3271 564 3442 644 quod

1903 649 2069 714 Deus
2114 651 2282 731 vult,
2332 656 2502 736 quod
2552 658 2759 740 magis
2803 679 3093 729 amemus
3132 666 3443 734 honorem

1904 776 2121 836 suum,
2153 778 2352 840 quam
2374 766 2781 830 commodum
2809 775 3123 849 nostrum,
3147 780 3211 838 et
3240 779 3446 859 magis

1905 867 2337 948 appretiemur
2366 871 2537 953 quod
2565 873 2773 955 magis
2796 880 2888 940 est
2910 882 3401 962 appretiandum
3424 935 3441 966 ,

1906 971 2247 1037 dicendum
2292 978 2463 1059 quod
2509 997 2739 1044 verum
2778 986 3072 1068 estquod
3101 987 3210 1052 Dei
3242 988 3449 1056 honor
3573 1038 3581 1046 -

1907 1079 2052 1162 plus
2087 1081 2271 1146 debet
2312 1083 2384 1147 in
2423 1086 2612 1152 corde
2653 1092 2870 1155 nostro
2916 1098 3401 1177 praeponderare
3424 1148 3441 1178 ‚

1908 1203 2106 1268 quam
2134 1194 2425 1254 nostrum
2462 1197 2903 1278 commodum3
2936 1204 3449 1280 tamencharitas

1909 1313 2247 1378 uunquam
2274 1307 2522 1383 separat
2562 1302 2871 1370 honorem
2900 1307 3011 1374 Dei
3038 1329 3079 1374 a
3118 1315 3450 1381 commodo

1910 1406 2129 1467 nostro
2155 1405 2468 1488 spirituali
2501 1431 2516 1472 ε
2552 1430 2670 1475 nec
2695 1415 2789 1477 est
2812 1416 3162 1483 voluntatis
3190 1420 3447 1503 divinae,

1912 1513 1984 1572 ut
2013 1528 2131 1574 nos
2153 1519 2526 1595 appetamus
2554 1517 2824 1602 aliquid,
2854 1524 3021 1604 quod
3053 1526 3135 1589 sit
3160 1524 3227 1589 in
3253 1527 3449 1591 detri-

1912 1621 2207 1683 mentum
2259 1622 2481 1687 salutis
2527 1631 2796 1708 nostrae,
2844 1636 3101 1714 propter
3141 1635 3453 1701 honorem

1913 1745 2104 1790 suum
2134 1747 2151 1790 ε
2183 1730 2548 1824 sicutenim
2579 1738 2911 1802 essentiale
2939 1744 3033 1804 est
3060 1746 3309 1810 naturae
3345 1765 3456 1829 ap-

1913 1839 2127 1915 petere
2164 1854 2322 1916 esse,
2364 1840 2454 1902 sic
2493 1844 2820 1909 essentiale
2858 1852 2951 1911 est
2993 1852 3218 1930 gratiae
3256 1873 3453 1937 appe-

1912 1944 2046 2028 tere
2081 1943 2210 2008 Deo
2264 1947 2545 2028 placere,
2591 1955 2654 2014 et
2694 1951 2820 2016 Deo
2871 1955 3198 2023 adhaerere
3245 1982 3259 2024 ε
3312 1962 3454 2029 ideo

1913 2048 2080 2113 Deus
2108 2071 2445 2136 nunquam
2475 2057 2630 2127 illud
2665 2079 2705 2122 a
2732 2062 2914 2125 nobis
2940 2065 3185 2146 exigit,
3217 2072 3290 2132 ut
3316 2089 3456 2135 ma-

1914 2156 2017 2236 gis
2043 2159 2314 2224 salutem
2344 2162 2656 2245 alienam,
2699 2186 2898 2248 quam
2937 2173 3260 2257 propriam
3308 2177 3455 2241 dili-

1914 2282 2171 2344 gamuS.
2212 2268 2289 2332 Et
2330 2270 2503 2351 quod
2545 2273 2700 2338 dicit
2723 2275 3065 2358 Apostolus
3086 2330 3108 2361 ,
3138 2285 3308 2365 quod
3340 2304 3458 2368 op-

1914 2373 2086 2437 tabat
2107 2376 2447 2444 anathema
2477 2398 2516 2443 a
2541 2379 2788 2449 Christo
2813 2403 2947 2451 esse
2976 2406 3093 2470 pro
3117 2391 3418 2458 fratribus
3437 2443 3454 2472 ,

1917 2479 2071 2545 illud
2095 2483 2474 2566 intelligitur
2499 2489 2578 2553 ad
2605 2495 2896 2574 tempuS‚
2930 2495 3034 2559 vel
3075 2497 3198 2562 sub
3241 2500 3459 2566 condi-

1915 2586 2088 2653 tione
2104 2639 2121 2669 ,
2152 2591 2441 2657 videlicet
2466 2594 2517 2657 si
2547 2598 2820 2678 optabile
2843 2605 3026 2666 esset.

2370 2929 2374 2936 ι
2413 2832 2821 2910 QUAESTIO
2864 2838 2978 2905 IV.

1988 3033 2083 3088 An
2111 3035 2285 3103 maqis
2311 3033 2582 3104 diligendi
2604 3039 2718 3093 sint
2736 3045 2991 3110 parentes
3015 3059 3177 3114 quam
3202 3046 3315 3117 filii
3343 3045 3377 3100 ¹.
3404 3019 3405 3022 Ἴ

2002 3213 2087 3277 De
2128 3213 2348 3278 ordine
2393 3214 2716 3281 charitatis
2761 3236 2876 3300 per
2921 3214 3458 3307 comparationem
3526 3218 3540 3234 ⁴

1921 3320 2119 3404 patris
2144 3322 2224 3386 ad
2252 3321 2506 3400 filium;
2543 3327 2606 3388 et
2633 3326 2947 3408 quaeritur
2979 3332 3202 3396 utrum
3249 3335 3462 3417 magis

1922 3430 2051 3493 sint
2072 3429 2380 3511 diligendi
2406 3435 2730 3514 parentes,
2749 3452 2947 3517 quam
2972 3436 3111 3519 filii,
3135 3456 3220 3503 an
3242 3458 3280 3506 e
3302 3459 3462 3508 con·

1923 3535 2131 3603 verso'.
2148 3539 2226 3604 Et
2243 3540 2413 3623 quod
2436 3540 2645 3623 primo
2670 3541 2799 3607 sint
2816 3544 3126 3627 diligendi
3144 3555 3459 3634 parentes,

1922 3646 2178 3711 videtur
2203 3646 2412 3729 primo
2438 3665 2552 3731 per
2576 3650 2953 3716 mandatum
2979 3653 3232 3721 Domini
3261 3680 3276 3722 :
3302 3678 3465 3742 prae·

1923 3754 2077 3837 cipit
2115 3756 2289 3820 enim
2332 3755 2655 3822 honorare.
2689 3763 2986 3841 parentes
3029 3762 3100 3826 in
3142 3761 3362 3831 Exodo
3385 3768 3411 3805 ¹
3442 3790 3457 3832 :

1925 3863 2185 3929 Honora
2206 3869 2450 3945 patrem
2478 3869 2693 3944 tuum,
2724 3871 2843 3931 etc.
2870 3866 2939 3932 Si
2976 3886 3133 3952 ergo
3159 3874 3464 3940 mandata
3496 3850 3497 3855 ἵ

1927 3968 2038 4034 Dei
2075 3970 2303 4034 tradita
2342 3975 2492 4035 sunt
2535 3974 2888 4038 secundum
2928 3976 3220 4043 ordinem
3245 3978 3462 4045 chari-

1925 4078 2071 4142 tatis
2084 4125 2107 4157 ,
2153 4077 2405 4144 videtur
2433 4079 2605 4161 quod
2646 4098 2831 4146 amor
2869 4081 3192 4150 charitatis
3224 4087 3463 4170 princi-

1925 4184 2133 4269 palius
2158 4186 2239 4252 ad
2267 4189 2594 4269 parentes,
2614 4200 2812 4272 quam
2837 4190 2918 4255 ad
2945 4191 3111 4257 filios
3136 4191 3328 4261 habet
3353 4212 3462 4260 or-

1926 4293 2154 4358 dinari.

2008 4401 2167 4465 Item
2205 4403 2574 4469 auctoritate
2599 4402 2957 4488 Ambrosii,
3004 4425 3155 4490 quae
3192 4406 3467 4475 habetur

1929 4510 2002 4574 in
2024 4510 2271 4575 littera:
2297 4509 2447 4574 dicit
2472 4511 2644 4576 enim
2669 4512 2840 4595 quod
2869 4513 3080 4597 primo
3105 4515 3467 4600 diligendus

1928 4620 2023 4682 est
2049 4617 2244 4697 Deus,
2271 4618 2550 4683 secundo
2573 4622 2896 4704 parentes,
2928 4621 3115 4688 tertio
3136 4622 3278 4688 filii.

2011 4725 2170 4790 Item
2191 4726 2314 4793 hoc
2338 4726 2553 4811 ipsum
2569 4727 2824 4793 videtur
2842 4729 3091 4796 ratione
3116 4752 3133 4795 t
3159 4731 3465 4815 quoniam

1930 4834 2285 4898 secundum
2322 4832 2537 4915 legem
2578 4832 2900 4900 charitatis
2939 4836 3109 4919 grati
3146 4838 3468 4906 debemus

1930 4953 2066 5004 esse
2096 4940 2173 5004 de
2200 4941 2521 5006 beneflciis
2561 4943 2833 5027 acceptis
2862 4966 2880 5009 ι
2910 4945 3020 5011 sed
3044 4946 3234 5029 plura
3262 4947 3466 5015 bene-

1930 5045 2075 5111 sscia
2102 5045 2463 5130 accepimus
2487 5068 2528 5113 a
2549 5051 2918 5134 parentibus
2935 5099 2954 5131 ,
2984 5071 3181 5136 quam
3209 5073 3249 5120 a
3274 5056 3425 5121 filiis
3450 5080 3466 5122 ι

1932 5173 2088 5235 ergo
2116 5155 2326 5237 magis
2349 5154 2654 5221 debemus
2682 5156 2775 5221 eis
2801 5176 2938 5224 esse
2961 5160 3131 5241 grati
3162 5179 3180 5226 ι
3219 5163 3333 5228 sed
3356 5167 3469 5246 qui

1935 5320 1999 5369 ΙΙΙ
2019 5319 2180 5380 Sene„
2203 5317 2320 5369 dist.
2335 5330 2484 5377 xxxx,
2505 5332 2555 5382 q.
2571 5331 2676 5380 νας
2698 5320 2985 5385 Stephanus
3000 5324 3210 5387 Brulef„
3232 5325 3293 5375 ΙΙΙ
3317 5326 3475 5391 Sene„

1933 5392 2049 5442 dist.
2080 5401 2228 5454 xxix,
2261 5405 2313 5455 q.
2337 5401 2404 5441 iv.
2425 5392 2530 5427 —2
2556 5392 2739 5456 arod„
2765 5406 2852 5458 xx,
2887 5398 2962 5445 12.

3200 5491 3279 5553 42

3530 3281 3705 3325 undam.
3798 3280 3805 3288 ‘
