4185 6288
762 470 885 534 292

762 623 916 669 nam
970 603 1177 684 magis
1225 603 1296 665 in
1348 600 1641 665 homines
1686 601 1801 682 qui
1853 600 2259 665 redimuntur
2277 648 2294 677 ,

758 729 956 793 quam
981 710 1051 773 in
1077 708 1339 790 angelos
1360 709 1475 790 qui
1494 707 1972 789 reintegrantur
1999 731 2013 772 ε
2050 707 2299 788 magis-

756 837 885 901 que
929 819 998 881 in
1039 835 1147 882 eos
1185 817 1297 899 qui
1342 821 1699 900 sequuntur
1739 819 1881 899 ejus
1925 817 2293 894 adventum,

760 944 956 1008 quam
983 925 1052 988 in
1079 943 1188 989 eos
1213 924 1332 1009 qui
1356 929 1854 1008 praecesserunt,
1887 925 2040 1008 quia
2066 924 2301 989 clarius

757 1033 1007 1112 vident,
1050 1036 1113 1098 et
1154 1032 1422 1096 credunt
1439 1045 1480 1111 ,·
1499 1037 1561 1097 et
1603 1032 2063 1097 charismatum
2117 1032 2301 1097 donis

757 1140 1032 1223 amplius
1070 1140 1565 1223 perfunduntur.
1596 1139 1860 1223 Propter
1887 1141 2031 1220 hoc,
2064 1140 2119 1205 si
2154 1159 2298 1222 pas·

758 1248 853 1312 sio
889 1248 1200 1331 promissa
1229 1251 1479 1311 tantum
1507 1248 1633 1312 illis
1660 1249 1883 1328 valuit,
1915 1254 1988 1314 ut
2016 1249 2158 1314 illos
2186 1267 2301 1332 per

756 1355 932 1419 viam
958 1354 1176 1420 salutis
1203 1355 1594 1437 perduceret,
1626 1347 1899 1438 amplius
1929 1357 2138 1439 passio
2179 1375 2299 1420 ex-

757 1462 957 1526 hibita
983 1467 1046 1526 et
1083 1462 1290 1526 soluta
1332 1462 1454 1525 hoc
1499 1462 1721 1528 debuit
1763 1465 1991 1528 facere.
2035 1464 2300 1548 Propter

757 1570 880 1634 hoc
926 1569 1343 1634 concedendae
1383 1573 1536 1634 sunt
1579 1571 1855 1635 rationes
1892 1572 1974 1635 ad
2022 1571 2299 1654 primam

759 1682 1008 1760 partem
1032 1677 1331 1741 inductae.

843 1792 873 1848 1
887 1833 902 1849 .
934 1785 1034 1848 Ad
1061 1784 1217 1849 illud
1245 1803 1399 1849 vero
1425 1784 1600 1868 quod
1624 1785 1943 1867 objicitur,
1978 1786 2151 1868 quod
2180 1804 2299 1867 ge-

759 1892 1036 1958 neralior
1081 1896 1176 1956 est
1218 1893 1554 1956 influentia
1588 1893 1793 1956 cordis
1827 1912 2022 1976 quam
2050 1893 2297 1975 capitis,

759 1999 1102 2066 dicendum
1156 1998 1331 2083 quod
1390 1999 1748 2080 generalior
1796 2004 1890 2063 est
1945 2001 2300 2065 secundum

760 2109 1133 2186 veritatem3
1172 2108 1281 2171 sed
1315 2110 1534 2171 tamen
1568 2106 1904 2171 influentia
1929 2107 2151 2191 capitis
2177 2127 2300 2190 ge-

755 2215 1034 2280 neralior
1060 2219 1155 2278 est
1180 2213 1531 2278 seeundum
1559 2215 2154 2293 manifestationem,
2184 2234 2301 2298 pro

757 2342 833 2388 eo
868 2322 1041 2406 quod
1072 2323 1141 2386 in
1185 2321 1388 2405 capite
1426 2339 1653 2385 omnes
1699 2340 1922 2386 sensus
1969 2327 2297 2406 apparent,

758 2435 821 2496 et
843 2431 1330 2495 eminentiorem
1353 2430 1548 2493 situm
1576 2431 1836 2511 habent,
1865 2435 1932 2495 et
1957 2432 2027 2494 in
2050 2450 2127 2495 eo
2151 2433 2303 2496 sunt

758 2539 1003 2603 cellulae
1029 2542 1195 2622 aptae
1218 2537 1297 2602 ad
1320 2538 1858 2619 cognoscendum,
1881 2542 1944 2608 et
1969 2539 2154 2603 nervi
2170 2538 2301 2621 apti

757 2646 838 2710 ad
890 2645 1287 2710 sentiendum
1350 2650 1413 2709 et
1460 2645 1851 2710 movendum
1911 2666 1929 2709 z
1989 2646 2076 2709 ita
2127 2646 2302 2729 quod

756 2753 941 2818 nervi
979 2754 1111 2837 apti
1150 2753 1229 2818 ad
1260 2753 1662 2817 sentiendum
1702 2773 1737 2814 a
1779 2757 1956 2837 parte
1996 2753 2300 2816 anteriori

757 2861 1056 2927 videntur
1082 2860 1324 2941 egredi,
1351 2863 1416 2923 et
1440 2860 1625 2924 nervi
1652 2860 1784 2942 apti
1807 2861 1889 2925 ad
1908 2861 2301 2926 movendum

757 2987 797 3032 a
825 2971 1006 3051 parte
1032 2966 1383 3050 posteriori.
1428 2965 1508 3031 Et
1539 2967 1845 3049 quoniam
1872 2969 2301 3052 transumptio

757 3075 839 3139 ad
870 3074 1361 3139 manifestandas
1386 3074 1799 3157 proprietates
1826 3076 2188 3159 spirituales
2214 3076 2301 3140 la-

758 3186 961 3246 tentes
978 3181 1147 3246 sumi
1175 3181 1360 3245 debet
1386 3182 1466 3263 (a)
1495 3200 1534 3244 a
1558 3201 1629 3246 re
1647 3183 1980 3248 manifesta
1998 3207 2015 3262 ;
2035 3184 2188 3247 hinc
2205 3188 2301 3249 est

757 3290 930 3374 quod
958 3293 1215 3373 propter
1238 3288 1604 3371 generalem
1643 3289 2043 3354 influentiam
2089 3291 2300 3372 magis

757 3397 991 3460 dicitur
1037 3395 1318 3459 Christus
1369 3400 1554 3478 caput
1572 3443 1591 3474 ,
1620 3414 1818 3477 quam
1862 3397 2109 3462 dicatur
2164 3414 2294 3461 cor.

757 3500 1021 3586 Propter
1051 3520 1249 3584 quam
1271 3501 1463 3566 etiam
1492 3502 1876 3566 evidentiam
1903 3503 2131 3570 medici
2163 3504 2299 3567 dis-

757 3610 1020 3675 cordant
1044 3627 1084 3673 a
1108 3608 1533 3674 naturalibus,
1574 3607 1804 3672 Dicunt
1846 3610 2024 3673 enim
2050 3610 2299 3693 physici

756 3718 928 3801 quod
958 3716 1344 3800 principium
1390 3721 1606 3780 motus
1637 3722 1699 3780 et
1725 3736 1949 3783 sensus
1976 3719 2165 3782 estin
2192 3736 2300 3782 ca-

757 3824 887 3906 pite
907 3872 926 3903 ,
957 3823 1104 3887 licet
1129 3823 1453 3887 naturales
1486 3822 1597 3905 qui
1626 3823 2026 3888 considerant
2056 3825 2297 3907 princi-

755 3931 862 4014 pia
917 3950 1139 3995 rerum
1195 3931 1518 4010 intimius,
1574 3930 1786 3995 dicant
1837 3931 2006 4013 quod
2061 3932 2297 3997 horum

758 4040 1146 4123 principium
1174 4044 1271 4103 est
1294 4058 1402 4104 cor
1433 4062 1447 4103 ε
1483 4043 1547 4103 et
1573 4040 1662 4102 sic
1692 4043 1862 4121 patet
1885 4040 2064 4105 illud.

834 4153 896 4213 2.
950 4148 1048 4212 Ad
1096 4148 1256 4212 illud
1303 4148 1476 4230 quod
1524 4146 1856 4228 objicitur,
1887 4148 2060 4231 quod
2109 4151 2299 4231 caput

754 4275 886 4323 non
911 4256 1124 4322 influit
1151 4257 1274 4320 nisi
1310 4256 1380 4321 in
1406 4256 1590 4320 unita
1611 4256 1921 4336 membra,
1953 4256 2296 4323 dicendum

754 4366 929 4448 quod
976 4365 1182 4430 solum
1228 4364 1419 4427 habet
1464 4362 1796 4428 veritatem
1839 4363 1908 4426 in
1944 4382 2019 4428 eo
2067 4366 2292 4449 capite,

754 4472 923 4554 quod
948 4471 1140 4536 habet
1164 4469 1648 4534 determinatam
1675 4470 2047 4551 potentiam,
2075 4476 2138 4535 et
2164 4491 2297 4537 non

751 4581 959 4661 potest
984 4578 1102 4642 sibi
1137 4578 1428 4642 membra
1455 4576 1644 4641 unire
1662 4626 1679 4657 ,
1719 4577 1884 4642 etde
1914 4596 2048 4643 non
2084 4598 2293 4644 mem-

751 4687 867 4751 bro
894 4686 1256 4750 membrum
1284 4685 1488 4750 facere
1522 4707 1538 4750 :
1570 4688 1633 4749 et
1659 4684 1800 4749 ideo
1842 4685 1966 4751 hoc
2001 4706 2134 4752 non
2176 4689 2294 4753 ha-

751 4798 859 4864 bet
898 4799 1113 4864 locum
1155 4799 1225 4862 in
1262 4799 1466 4881 capite
1510 4797 1777 4876 Christo,
1810 4798 1924 4880 qui
1964 4803 2169 4883 potest
2192 4819 2295 4865 se-

751 4906 1033 4971 cundum
1066 4906 1352 4974 divinam
1392 4910 1695 4972 naturam
1735 4906 1814 4972 de
1843 4926 1975 4972 non
2003 4908 2292 4973 membro

751 5014 1115 5079 membrum
1159 5014 1361 5079 facere
1374 5062 1392 5093 ,
1437 5018 1500 5078 et
1539 5015 1889 5080 secundum
1937 5014 2290 5079 humanam

750 5124 1047 5185 naturam
1079 5126 1281 5204 potest
1307 5121 1446 5185 haec
1474 5122 1704 5186 mereri
1746 5125 1809 5185 et
1835 5122 2196 5203 impetrare,
2228 5126 2291 5185 et

750 5227 839 5292 ita
861 5231 1068 5312 primo
1095 5250 1356 5295 sensum
1383 5233 1446 5295 et
1472 5236 1722 5297 motum
1747 5231 2015 5295 influere
2039 5235 2104 5297 et
2129 5252 2287 5297 con-

749 5335 996 5403 tinere.⁴

830 5448 888 5509 3.
933 5444 1032 5510 Ad
1076 5443 1234 5510 illud
1276 5447 1449 5529 qnod
1489 5447 1807 5530 objicitur,
1853 5444 2028 5527 quod
2067 5450 2286 5531 angeli

1852 459 2478 533 SENTENTIARUM
2519 460 2668 528 LIB.
2711 460 2822 527 111.

2409 618 2538 664 non
2564 602 2714 663 sunt
2741 598 3050 675 membra,
3081 599 3235 681 quia
3259 615 3393 662 non
3419 602 3568 662 sunt
3594 597 3949 662 conformes

2407 707 2477 770 in
2520 710 2791 785 natura,
2827 704 3165 771 dicendum
3192 705 3364 788 quod
3399 705 3513 769 etsi
3558 704 3774 787 angeli
3815 723 3949 769 non

2407 813 2678 878 debeant
2720 812 2844 876 dici
2878 814 3169 876 membra
3191 861 3209 893 ,
3262 817 3476 876 tamen
3530 811 3950 876 nihilominus

2407 921 2742 985 influentia
2780 923 2985 1003 potest
3025 939 3159 985 esse
3194 939 3234 984 a
3276 919 3521 985 Christo
3576 920 3645 983 in
3688 919 3951 1001 angelos

2409 1046 2540 1091 non
2567 1027 2774 1092 solum
2806 1027 3161 1092 secundum
3184 1027 3471 1091 divinam
3495 1031 3817 1105 naturam,
3848 1044 3950 1089 se-

2410 1135 2695 1200 cundum
2721 1153 2920 1217 quam
2942 1139 3037 1198 est
3060 1139 3251 1219 caput
3276 1136 3593 1212 omnium,
3624 1134 3732 1199 sed
3756 1134 3951 1199 etiam

2408 1244 2761 1309 secundum
2786 1248 3083 1310 naturam
3118 1244 3494 1323 humanam,
3525 1263 3640 1327 per
3664 1242 3951 1308 accidens

2410 1355 2623 1417 tamen
2641 1401 2665 1432 ,
2690 1352 2847 1434 quia
2878 1352 3229 1432 influendO,
3257 1355 3322 1416 et
3347 1351 3716 1417 redimendo
3742 1370 3948 1416 mem-

2410 1460 2525 1524 bra
2567 1478 2685 1524 sua
2705 1509 2722 1538 ‚
2768 1464 3019 1542 reparat
3074 1459 3358 1525 Christus
3411 1460 3671 1523 ruinam
3698 1460 3944 1541 angeli-

2409 1585 2572 1631 cam.
2611 1567 2876 1644 Quando
2922 1586 3079 1650 ergo
3125 1566 3377 1647 dicitur,
3407 1567 3581 1649 quod
3609 1566 3821 1648 gratia
3844 1585 3952 1630 ca-

2409 1675 2557 1759 pitis
2606 1694 2738 1740 non
2779 1676 2993 1740 influit
3031 1676 3152 1739 nisi
3178 1677 3248 1739 in
3269 1676 3606 1754 membra3
3636 1675 3689 1737 si
3714 1674 3952 1738 intelli-

2410 1788 2649 1864 gantur
2672 1784 2961 1847 membra
2986 1783 3260 1865 proprie,
3293 1783 3382 1847 sic
3404 1801 3534 1847 non
3562 1782 3753 1846 habet
3778 1783 3952 1847 veri-

2411 1893 2606 1955 tatem
2629 1939 2649 1971 ,
2696 1892 2819 1954 nisi
2871 1895 3147 1956 arctetur
3186 1890 3518 1955 influentia
3555 1889 3635 1953 ad
3673 1890 3953 1955 influen-

2410 1999 2565 2064 tiam
2597 1999 2849 2082 proprie
2877 1998 3132 2077 dictam,
3170 1998 3529 2081 cujusmodi
3553 2001 3646 2063 est
3671 1998 3953 2064 influen-

2408 2108 2498 2172 tia
2522 2108 2750 2189 gratiae
2773 2110 2838 2171 et
2861 2106 3108 2189 gloriae.

2487 2219 2550 2279 4.
2590 2214 2686 2280 Ad
2731 2214 2889 2279 illud
2931 2214 3101 2297 quod
3151 2214 3474 2296 objicitur,
3521 2215 3692 2296 quod
3735 2213 3951 2296 angeli

2409 2325 2617 2385 essent
2658 2323 2827 2386 beati
2849 2370 2866 2401 ‚
2902 2321 3150 2385 etiamsi
3187 2320 3470 2385 Christus
3496 2339 3627 2385 non
3656 2328 3822 2384 esset
3846 2321 3951 2384 in-

2410 2433 2707 2493 carnatus
2726 2476 2741 2506 ,
2799 2428 3139 2492 dicendum
3188 2428 3361 2511 quod
3401 2428 3518 2491 hoc
3568 2447 3699 2492 non
3750 2429 3947 2510 cogit,

2408 2539 2582 2621 quod
2609 2538 2894 2603 Christus
2921 2538 3100 2602 nullo
3137 2538 3327 2603 modo
3354 2539 3615 2618 influat;
3647 2539 3755 2602 sed
3777 2539 3950 2622 quod

2409 2662 2541 2708 non
2571 2645 2799 2709 influat
2840 2646 3125 2728 primum
3161 2650 3410 2709 motum
3439 2651 3501 2709 et
3527 2663 3813 2726 sensum,
3840 2646 3951 2729 qui

2408 2755 2560 2815 sunt
2581 2753 2942 2818 essentiales
2970 2753 3198 2834 gratiae
3226 2757 3289 2816 et
3314 2753 3561 2834 gloriae.
3592 2753 3827 2836 Aliquo
3857 2758 3951 2817 ta-

2409 2876 2559 2922 men
2582 2860 2772 2925 modo
2788 2864 2990 2943 potest
3004 2860 3275 2925 influere
3302 2860 3474 2943 quod
3505 2861 3652 2924 facit
3678 2863 3758 2926 ad
3786 2862 3950 2926 bene

2409 2983 2564 3043 esse,
2577 2966 2740 3031 sicut
2767 2969 2948 3050 prius
2973 2971 3299 3032 ostensum
3331 2972 3447 3033 est.
3507 3015 3513 3021 -

2488 3077 2547 3136 5.
2578 3072 2674 3137 Ad
2689 3074 2848 3138 illud
2863 3074 3035 3157 quod
3063 3074 3380 3158 objicitur,
3406 3077 3579 3160 quod
3604 3076 3763 3141 illud
3777 3077 3949 3161 quod

2407 3198 2540 3245 non
2563 3181 2755 3245 habet
2782 3200 2940 3259 esse,
2966 3201 3098 3246 non
3128 3186 3332 3265 potest
3356 3184 3627 3249 influere
3652 3184 3722 3248 in
3749 3185 3945 3260 aliud,

2407 3287 2745 3353 dicendum
2784 3289 2956 3371 quod
2995 3308 3226 3374 verum
3251 3294 3345 3354 est
3375 3290 3451 3354 de
3477 3291 3812 3357 influentia
3837 3311 3951 3375 per

2409 3394 2675 3459 modum
2702 3396 2991 3479 principii
3028 3396 3325 3461 effectivi.
3357 3396 3443 3462 De
3478 3398 3814 3463 influentia
3838 3418 3949 3464 au-

2407 3505 2536 3566 tem
2579 3521 2693 3586 per
2737 3504 3002 3568 modum
3050 3505 3262 3568 meriti
3300 3523 3432 3568 non
3478 3505 3672 3569 habet
3713 3506 3951 3571 verita-

2406 3614 2576 3673 tem:
2609 3611 2843 3674 sufficit
2877 3611 3049 3675 enim
3088 3611 3260 3694 quod
3298 3612 3380 3675 sit
3407 3612 3475 3675 in
3502 3613 3626 3677 ssde
3656 3617 3720 3677 et
3749 3614 3949 3678 dilec-

2405 3716 2580 3781 tione
2626 3717 2939 3782 credentis
2954 3766 2973 3798 ,
3022 3737 3096 3783 ac
3132 3737 3245 3801 per
3282 3720 3435 3799 hoc,
3466 3720 3625 3784 dum
3672 3723 3952 3787 creditur

2406 3828 2470 3888 et
2492 3829 2775 3906 amatur,
2809 3827 2889 3890 ab
2933 3827 3071 3910 ipso
3113 3828 3375 3892 credens
3402 3832 3465 3891 et
3489 3848 3716 3893 amans
3743 3829 3951 3896 vivifi-

2406 3936 2608 4011 cetur,
2653 3938 2737 4013 et,
2773 3933 2930 3998 dum
2979 3935 3171 3999 etiam
3216 3935 3647 4019 promittitur,
3689 3957 3773 4002 ex
3812 3939 3949 4021 ipsa

2406 4041 2823 4123 promissione
2851 4041 3070 4107 divina
3083 4043 3435 4109 severitatis
3452 4044 3632 4126 rigor
3648 4046 3951 4128 aliquate-

2405 4168 2531 4214 nus
2556 4150 2860 4232 placetur,
2886 4154 2961 4214 ut
2975 4151 3487 4216 benevolentiam
3502 4171 3684 4217 suam
3702 4154 3944 4219 reddat.

2484 4262 2546 4322 6.
2593 4258 2690 4322 Ad
2720 4258 2876 4322 illud
2902 4260 3073 4342 quod
3111 4260 3439 4342 oincitur‚
3487 4261 3656 4343 quod
3693 4264 3946 4345 tempus

2404 4367 2768 4450 praecedens
2791 4366 3045 4431 deberet
3061 4367 3183 4432 dici
3199 4373 3450 4450 tempus
3467 4368 3715 4450 gratiae,
3738 4369 3949 4434 dicen-

2403 4473 2563 4537 dum
2609 4473 2782 4556 quod
2830 4473 2896 4536 in
2955 4477 3238 4557 tempore
3302 4474 3679 4558 praecedenti
3736 4477 3947 4558 gratia

2404 4580 2633 4646 Christi
2675 4601 2807 4647 non
2852 4582 3085 4662 defuit3
3131 4588 3410 4649 attamen
3453 4603 3585 4649 non
3610 4585 3798 4651 debet
3823 4585 3946 4650 dici

2401 4693 2657 4773 tempus
2705 4690 2931 4773 gratiae
2956 4740 2975 4771 ,
3005 4692 3114 4757 sed
3159 4695 3390 4757 umbra
3433 4693 3597 4773 diei,
3631 4695 3788 4777 quia
3813 4712 3944 4759 non

2402 4807 2538 4866 erat
2583 4805 2759 4866 tanta
2803 4803 3226 4868 redundantia
3275 4805 3500 4886 gratiae
3527 4854 3545 4884 ,
3577 4826 3725 4890 quae
3766 4806 3945 4874 vela·

2402 4927 2551 4972 men
2578 4910 2943 4989 figurarum
2962 4909 3297 4992 effugaret,
3326 4917 3390 4978 et
3412 4932 3578 4979 onus
3602 4914 3769 4996 legis
3795 4915 3944 4979 alle-

2401 5015 2624 5081 viaret.
2658 5015 2840 5081 Nunc
2867 5024 3107 5097 autem,
3143 5040 3292 5084 cum
3327 5023 3658 5087 manifesta
3696 5028 3791 5087 est
3822 5042 3940 5089 ve·-

2398 5127 2551 5190 ritas
2573 5175 2590 5204 ,
2623 5131 2685 5190 et
2711 5146 2825 5210 per
2862 5147 3148 5195 amorem
3179 5131 3470 5197 alleviata
3491 5138 3645 5197 sunt
3670 5134 3939 5198 manda-—

2398 5237 2482 5310 ta,
2524 5252 2675 5298 vere
2715 5234 3059 5300 dicendum
3091 5240 3185 5301 est
3212 5242 3465 5321 tempus
3488 5241 3714 5320 gratiae
3739 5240 3939 5305 adve-

2393 5339 2587 5406 nisse.
2620 5338 2799 5406 Unde
2813 5341 3093 5409 Christus
3103 5344 3447 5409 efficaciam
3458 5347 3686 5411 habuit
3709 5348 3778 5412 in
3799 5347 3935 5412 his¹

2459 5465 2476 5499 ¹
2499 5465 2676 5530 aare„
2696 5476 2770 5528 xl,
2789 5472 2897 5519 9.—
2918 5469 2982 5532 ‹a›
3003 5471 3145 5522 Edit.
3167 5471 3281 5524 ven.
3295 5472 3658 5538 dehent-(12)
3678 5475 3801 5527 uem
3819 5474 3932 5525 nei.
