4185 6288
125 4300 278 4352 lit-dn.

1272 517 1466 586 msT.
1513 517 1561 582 l.
1606 515 1790 581 ΛΒΤ.
1836 514 1913 580 11.
1961 513 2262 593 QUAEST.
2311 512 2357 577 1.
3334 517 3410 579 Π

237 665 617 749 telligendum
652 669 779 742 est,
813 661 1006 746 quod
1031 657 1347 724 incarnari
1369 654 1599 720 dicitur
1624 669 1761 717 esse

243 776 533 858 proprium
575 789 883 856 personae
911 768 1082 849 Filii,
1125 785 1255 830 non
1282 763 1434 847 quia
1459 762 1584 826 alia
1615 776 1759 843 per-

244 902 372 947 sona
390 901 518 947 non
560 881 769 964 possit
795 877 980 943 carni
1026 874 1236 953 uniri,
1265 872 1375 936 sed
1405 869 1562 955 quia
1584 866 1766 932 nulla

244 992 634 1065 aliapersona
657 985 993 1053 actualiter
1031 982 1257 1047 unitur
1298 978 1497 1054 carni,
1531 995 1570 1042 a
1607 993 1762 1059 per-

244 1121 374 1168 sona
394 1102 558 1167 Filii.

308 1217 362 1274 4.
388 1210 485 1274 Ad
523 1207 687 1273 illud
725 1206 897 1289 quod
928 1202 1298 1288 opponitur,
1334 1198 1506 1283 quod
1534 1201 1766 1281 natura

241 1323 545 1399 ammpta
583 1336 626 1380 a
658 1314 869 1379 Verbo
911 1312 1058 1396 plus
1095 1309 1394 1376 convenit
1441 1325 1593 1372 cum
1627 1303 1770 1369 aliis

244 1427 508 1510 personis
528 1473 547 1501 ,
579 1442 779 1506 qnam
827 1439 965 1485 non
1001 1421 1326 1501 assumpta
1348 1466 1365 1496 ,
1396 1414 1763 1492 dicendum,

245 1533 395 1615 quod
410 1535 579 1597 sicut
594 1533 666 1595 in
680 1528 1184 1614 praecedentibus
1198 1525 1438 1590 dictum
1458 1527 1576 1601 est,
1596 1523 1767 1607 quod

248 1642 347 1704 etsi
388 1639 531 1723 plus
572 1637 917 1703 conveniat
957 1640 1188 1700 natura
1238 1633 1384 1698 talis
1425 1649 1574 1698 cum
1626 1630 1770 1694 aliis

250 1747 511 1830 personis
557 1745 810 1811 ratione
861 1741 1228 1807 eminentiae
1278 1746 1342 1805 et
1392 1738 1723 1821 dignitatis
1746 1784 1763 1813 ,

252 1859 445 1918 tamen
468 1871 602 1917 non
627 1853 774 1936 plus
798 1850 1097 1917 convenit
1122 1845 1569 1913 convenientia
1596 1844 1768 1911 ordi-

254 1962 343 2024 nis
359 2010 379 2040 ,
400 1961 547 2045 quia
571 1978 724 2025 cum
750 1959 832 2023 sit
860 1958 1195 2023 actualiter
1220 1974 1261 2020 a
1285 1972 1558 2040 persona
1580 1951 1775 2018 Verbi

257 2073 586 2150 assumpta,
615 2084 751 2131 non
775 2065 969 2129 habet
994 2063 1472 2148 possibilitatem
1508 2061 1588 2126 ad
1614 2061 1773 2125 ulte-

258 2176 461 2240 riorem
486 2175 1022 2259 asssumptionem
1047 2194 1064 2236 ε
1091 2189 1223 2236 non
1244 2172 1335 2235 sic
1352 2175 1568 2236 autem
1584 2173 1681 2234 est
1696 2169 1775 2234 de

257 2290 479 2358 natura,
504 2300 652 2366 quae
677 2285 1013 2364 assumpta
1031 2297 1165 2344 non
1189 2283 1287 2343 est
1314 2282 1418 2342 :et
1444 2281 1778 2361 propterea

252 2388 347 2453 illa
363 2391 515 2455 ratio
540 2408 678 2455 non
707 2388 1053 2454 concludit.

688 2600 1181 2671 ARTICULUS
1226 2602 1308 2669 11.

326 2799 779 2883 consequenter
805 2801 1121 2884 quaeritur
1162 2799 1239 2863 de
1277 2796 1558 2862 secundo
1591 2794 1774 2878 prin-

266 2906 447 2989 cipali,
476 2908 769 2974 videlicet
793 2909 871 2974 de
893 2907 1329 2973 incarnatione
1353 2902 1546 2969 Verbi
1570 2920 1780 2986 quan-

269 3002 391 3076 tum
409 3014 482 3078 ad
508 3015 980 3097 congruitatem
1002 3037 1019 3092 ;
1051 3018 1114 3078 et
1140 3013 1309 3077 circa
1334 3013 1460 3076 hoc
1481 3028 1782 3092 quaerun-

272 3122 364 3183 tur
378 3127 636 3205 quatuor
659 3142 675 3188 ε
696 3123 910 3207 primo
929 3122 1244 3207 quaeritur
1262 3125 1484 3187 utrum
1501 3120 1573 3184 in
1591 3138 1782 3204 opere

276 3225 693 3297 incarnationis
734 3237 1027 3297 servetur
1066 3231 1276 3296 debita
1318 3231 1777 3313 congruentia3

281 3323 543 3418 secundo,
572 3357 722 3422 quae
758 3338 844 3402 sit
876 3337 1329 3403 incarnationis
1354 3337 1516 3401 ratio
1546 3336 1782 3420 praeci-

284 3457 418 3521 pna;
442 3445 640 3526 tertio,
687 3464 835 3529 quae
873 3463 1297 3529 personarum
1338 3443 1540 3509 trium
1582 3443 1663 3508 sit
1699 3442 1780 3508 ad

286 3545 746 3617 incarnationem
772 3552 984 3634 magis
1002 3551 1229 3617 idonea
1250 3574 1266 3630 ;
1297 3554 1529 3635 quarto
1543 3549 1785 3634 quaeri-

290 3658 377 3718 tm·
394 3675 523 3740 quae
535 3658 694 3725 bora
708 3660 1015 3744 temporis
1033 3659 1243 3742 magis
1259 3658 1455 3725 fuerit
1469 3675 1779 3739 congrua.

785 3886 1148 3968 QUAESTIO
1194 3887 1244 3952 Ι.

448 4092 528 4147 An
551 4108 838 4165 cononum
857 4095 1030 4163 merit
1056 4092 1219 4150 Deum
1244 4094 1532 4150 incas-mm·
1557 4091 1596 4145 ¹.

361 4284 560 4355 Utrum
611 4293 681 4357 in
736 4312 927 4377 opere
988 4294 1446 4359 incarnationis
1501 4298 1796 4358 servetur

301 4390 470 4461 debita
488 4402 906 4482 congruentia
928 4420 1013 4466 ex
1028 4406 1206 4485 parte
1222 4401 1334 4467 Dei
1356 4426 1372 4482 ;
1395 4406 1460 4466 et
1478 4401 1651 4485 quod
1678 4400 1788 4481 sic,

301 4501 545 4571 videtur:
573 4507 830 4574 Infinita
857 4509 1160 4593 potentia,
1194 4510 1536 4594 sapientia,
1567 4515 1632 4574 et
1670 4509 1793 4574 bo-

298 4608 430 4675 nitas
452 4613 627 4680 debet
649 4635 720 4681 se
745 4618 1016 4701 perfecte
1044 4617 1480 4683 manifestare:
1517 4617 1629 4682 sed
1663 4636 1794 4682 non

297 4722 465 4796 potest
490 4741 555 4788 se
587 4725 860 4807 perfecte
892 4726 1292 4790 manifestare
1319 4724 1439 4790 nisi
1464 4744 1579 4808 per
1604 4725 1796 4790 effec-

296 4826 410 4891 tum
431 4828 634 4914 aliquo
663 4833 855 4898 modo
880 4833 1252 4898 infinitum:
1280 4834 1445 4898 nihil
1467 4837 1683 4898 autem
1703 4837 1798 4897 est

297 4929 582 5002 inlinitum
606 4947 778 5020 actu,
809 4941 935 5004 nisi
958 4940 1132 5006 solus
1158 4940 1324 5008 Deus
1346 4965 1361 5006 ε
1383 4960 1544 5023 ergo
1568 4942 1649 5006 ad
1674 4942 1798 5006 hoc

296 5043 439 5123 quod
462 5046 692 5113 divinae
720 5048 1041 5132 potentiae,
1069 5050 1400 5134 sapientiae
1417 5056 1479 5116 et
1502 5050 1799 5116 bonitatis

295 5145 543 5218 infinitas
569 5157 1106 5237 manifestaretur,
1136 5177 1501 5241 congruum
1528 5158 1650 5224 fuit
1675 5160 1797 5223 ali-

351 5287 364 5320 ¹
389 5287 462 5352 Cf.
479 5291 612 5341 Alex.
628 5293 847 5360 Mensis,
867 5309 920 5358 p.
942 5295 1027 5353 ln,
1050 5310 1101 5360 q.
1125 5307 1196 5358 nr,
1216 5297 1407 5347 memb.
1436 5303 1452 5348 1
1477 5314 1493 5362 3
1520 5301 1575 5349 S.
1594 5297 1800 5362 Thom„

299 5368 340 5417 p.
364 5360 441 5421 ΙΙΙ,
463 5376 513 5425 q.
538 5376 574 5427 1,
596 5369 690 5416 art.
720 5369 777 5429 53
809 5370 862 5416 et
889 5367 955 5417 ΙΙΙ
986 5368 1123 5416 Seni.
1156 5368 1273 5418 dist.
1307 5381 1352 5432 ι,
1379 5384 1428 5433 q.
1463 5383 1499 5434 ι,
1526 5374 1628 5420 art.
1659 5373 1720 5433 23
1751 5376 1804 5420 et

300 5427 422 5491 Ορισ.
462 5436 530 5498 tl,
557 5451 602 5487 e.
631 5447 662 5485 v
697 5441 751 5487 et
786 5448 862 5502 ης
899 5440 1071 5504 AEgid.
1102 5441 1274 5505 Rom,
1308 5443 1371 5491 ΙΙΙ
1410 5440 1571 5506 Sene„
1600 5442 1718 5493 dist.
1762 5452 1801 5507 ι,

282 5503 420 5594 ,Ρέ-ἺΗ,
440 5519 489 5570 q.
510 5519 579 5571 115
608 5508 909 5572 Richardus,
939 5512 1005 5561 ΙΙΙ
1037 5513 1197 5579 sene„
1227 5513 1342 5566 dist
1375 5525 1425 5579 ¹3
1454 5519 1551 5566 art.
1575 5526 1637 5580 n,
1665 5532 1718 5582 q.
1751 5528 1796 5579 ις

502 5614 653 5664 1'011.
707 5618 795 5668 IV.

1872 667 2066 733 quem
2110 648 2410 714 effectum
2449 648 2612 729 fleri,
2642 649 2747 712 cui
2787 650 3246 714 attribueretur
3279 668 3416 714 esse

1874 759 2077 825 Deum
2098 808 2116 837 ,
2142 760 2314 842 quod
2343 762 2602 824 estesse
2639 758 2883 823 bonum
2911 759 3278 824 infinitum:
3307 760 3416 824 sed

1874 867 1996 931 hoc
2009 867 2153 945 fuit,
2171 884 2319 930 cum
2343 863 2506 929 Deus
2519 865 2739 929 unitus
2753 870 2847 930 est
2861 866 3070 930 carni:
3093 885 3274 948 ergo,
3293 870 3407 930 etc.

1958 972 2114 1038 ltem
2161 972 2689 1056 perfectissimum
2722 990 2924 1056 agens
2955 973 3138 1038 debet
3177 973 3419 1057 perdu-

1877 1098 2019 1145 cere
2056 1079 2373 1145 actionem
2414 1097 2601 1143 suam
2645 1078 2724 1143 ad
2769 1083 3005 1145 statum
3042 1086 3105 1145 et
3142 1080 3422 1165 comple-

1878 1193 2203 1267 mentum,
2252 1188 2361 1253 sed
2401 1191 2604 1253 status
2644 1192 2705 1252 et
2751 1188 3292 1272 complementum
3319 1207 3425 1253 re-

1878 1314 2030 1359 rum
2057 1300 2153 1359 est
2176 1296 2541 1377 conjunctio
2565 1296 2756 1378 primi
2776 1314 2926 1360 cum
2948 1295 3173 1360 ultimo
3201 1319 3215 1357 :
3251 1296 3424 1380 prin-

1879 1402 2118 1486 cipium
2138 1407 2376 1482 autem,
2398 1421 2512 1487 per
2530 1402 2700 1485 quod
2721 1402 2885 1468 facta
2900 1407 3054 1468 sunt
3069 1404 3310 1480 omnia,
3331 1407 3428 1467 est

1879 1509 2185 1589 Verbum,
2215 1511 2351 1575 sive
2379 1509 2581 1575 Deus:
2609 1509 2914 1575 ultimum
2938 1515 3154 1575 autem
3176 1511 3246 1575 in
3273 1529 3427 1595 ope-

1880 1618 2061 1683 ribus
2087 1622 2185 1683 est
2212 1618 2445 1683 homo:
2487 1635 2646 1699 ergo
2674 1617 2753 1683 ad
2781 1617 2906 1683 hoc
2935 1618 3107 1702 quod
3153 1619 3427 1702 perfecta

1882 1731 2045 1790 esset
2069 1726 2354 1808 operatio
2385 1725 2730 1808 procedens
2755 1745 2796 1790 a
2821 1726 3095 1809 perfecta
3122 1726 3426 1809 potentia,

1883 1832 2278 1914 congruebat
2294 1832 2465 1916 quod
2479 1831 2702 1897 divina
2720 1836 2954 1898 natura
2971 1833 3264 1898 uniretur
3282 1850 3430 1897 cum

1883 1939 2192 2005 humana.

1966 2047 2128 2121 Item
2178 2047 2497 2130 contingit
2547 2046 2983 2131 pluralitatem
3053 2052 3432 2113 naturarum

1885 2155 2152 2238 reperiri
2192 2155 2260 2219 in
2291 2174 2427 2220 una
2460 2173 2728 2238 persona
2760 2178 2775 2219 :
2817 2155 2927 2220 sed
2958 2156 3130 2239 quod
3158 2175 3292 2221 una
3316 2175 3436 2222 na-

1887 2263 2034 2323 tura
2075 2259 2432 2342 reperiatur
2476 2259 2546 2323 in
2586 2259 2880 2342 pluribus
2923 2259 3211 2343 personis
3255 2260 3436 2325 nullo

1889 2367 2078 2430 modo
2117 2366 2566 2450 multiplicata,
2601 2366 2725 2431 hoc
2769 2370 3008 2450 spectat
3037 2368 3119 2432 ad
3146 2366 3436 2449 dignita-

1888 2478 2018 2539 tem
2046 2475 2283 2540 divinae
2312 2479 2599 2540 naturae:
2635 2493 2794 2557 ergo
2821 2474 2959 2558 pari
2986 2474 3235 2539 ratione
3262 2472 3435 2556 quod

1888 2601 2022 2648 una
2046 2601 2319 2666 persona
2338 2583 2406 2647 in
2428 2583 2679 2648 duabus
2704 2582 2976 2660 naturis,
3004 2582 3110 2648 vel
3134 2582 3437 2648 substan-

1890 2691 1993 2755 tiis
2009 2739 2028 2771 ,
2076 2691 2377 2757 subsistat
2417 2691 2596 2757 nullo
2643 2692 2833 2757 modo
2877 2691 3223 2776 composita
3238 2740 3256 2771 ,
3316 2691 3439 2755 hoc

1889 2802 2130 2882 spectat
2166 2798 2248 2862 ad
2282 2799 2662 2881 dignitatem
2703 2817 2991 2883 personae
3025 2822 3040 2863 :
3080 2799 3192 2864 sed
3231 2800 3442 2864 omnis

1892 2907 2245 2989 proprietas
2277 2906 2604 2987 dignitatis
2644 2905 2965 2989 praecipue
3006 2907 3308 2990 congruit
3340 2906 3442 2971 di-

1893 3012 2064 3076 vinae
2111 3031 2399 3097 personae
2437 3032 2453 3076 τ
2497 3031 2656 3097 ergo
2705 3013 2888 3079 valde
2937 3032 3305 3096 congruum
3349 3019 3444 3080 est

1892 3120 2066 3205 quod
2094 3138 2367 3205 persona
2391 3120 2614 3188 divina
2636 3121 2702 3186 in
2729 3139 2797 3187 se
2823 3121 3053 3188 habeat
3079 3121 3240 3189 duas
3260 3126 3444 3188 natu-

1893 3246 1999 3292 ras
2029 3250 2045 3293 2
2079 3229 2203 3293 hoc
2228 3233 2448 3293 autem
2480 3230 2553 3292 flt
2583 3247 2698 3313 per
2724 3234 3195 3296 sacramentum
3225 3231 3444 3296 incar-

1896 3335 2174 3400 nationis
2203 3356 2220 3401 :
2252 3354 2413 3418 ergo
2433 3336 2693 3401 videtur
2718 3336 2891 3418 quod
2913 3336 2983 3401 in
3010 3336 3444 3403 incarnatione

1897 3451 2187 3511 servetur
2211 3445 2422 3510 debita
2451 3444 2895 3528 congruentia.

1978 3551 2139 3617 Item
2185 3552 2364 3618 decet
2411 3551 2849 3634 largissimum
2897 3556 3445 3618 remuneratorem

1898 3658 2238 3741 diligentes
2288 3678 2355 3724 se
2413 3676 2827 3724 remunerare
2880 3659 3154 3742 perfecte
3206 3681 3223 3724 ι
3278 3660 3390 3725 sed
3421 3667 3447 3700 ¹

1898 3766 2097 3832 homo
2130 3765 2242 3851 qui
2283 3771 2379 3831 est
2415 3770 2664 3831 amator
2697 3766 2837 3846 Dei,
2880 3784 3013 3831 non
3048 3766 3446 3833 beatificatur

1901 3876 2195 3959 perfecte,
2223 3875 2347 3940 nisi
2383 3875 2616 3961 inipso
2651 3875 2799 3957 Deo,
2843 3877 2957 3960 qui
2985 3881 3080 3941 est
3102 3880 3235 3941 tota
3271 3894 3445 3942 mer-

1901 4002 2004 4050 ces
2036 4003 2054 4048 :
2100 4003 2218 4049 nec
2249 3984 2641 4049 beatificatur
2675 3984 2977 4069 perfecte,
3018 3984 3142 4048 nisi
3173 3985 3448 4049 totaliter

1901 4090 2295 4157 beatificetur
2323 4095 2388 4156 et
2410 4109 2494 4155 ex
2520 4096 2700 4175 parte
2731 4091 3035 4176 corporis,
3066 4094 3131 4156 et
3156 4109 3240 4156 ex
3266 4095 3447 4175 parte

1903 4198 2161 4276 animae,
2198 4204 2259 4264 et
2295 4218 2378 4264 ex
2407 4203 2586 4282 parte
2617 4217 2843 4264 sensus
2878 4199 3231 4279 exterioris,
3264 4203 3331 4263 et
3364 4217 3447 4264 ex

1903 4311 2082 4388 parte
2118 4325 2342 4372 sensus
2370 4307 2709 4372 interioris.
2746 4305 2984 4372 Sensus
3013 4312 3233 4373 autem
3260 4312 3444 4373 exte-

1905 4413 2037 4478 rior
2071 4433 2204 4479 non
2241 4418 2444 4499 potest
2478 4414 2824 4480 beatificari
2863 4415 2984 4479 nisi
3024 4416 3093 4480 in
3123 4433 3195 4480 re
3229 4433 3449 4499 corpo-

1904 4520 2024 4585 rali
2048 4540 2066 4585 2
2092 4540 2249 4603 ergo
2274 4540 2422 4587 cum
2446 4522 2695 4588 deceret
2722 4521 2924 4588 Deum
2947 4523 3218 4605 perfecte
3242 4522 3451 4587 homi·

1906 4648 2055 4693 nem
2083 4631 2463 4713 beatificare,
2497 4637 2561 4695 et
2586 4631 2752 4697 Deus
2777 4631 3092 4696 beatificat
3116 4631 3449 4698 hominem

1907 4738 1974 4802 in
2024 4738 2254 4823 seips0‚
2301 4739 2509 4805 dando
2550 4759 2618 4805 se
2663 4739 2731 4804 in
2775 4740 3152 4823 praemium,
3194 4739 3453 4805 decebat

1908 4864 2059 4912 eum
2076 4847 2311 4911 habere
2332 4852 2628 4913 naturam
2648 4865 2779 4912 non
2796 4848 3006 4912 solum
3027 4847 3447 4931 spiritualem,

1908 4955 2014 5021 sed
2054 4956 2246 5020 etiam
2283 4955 2675 5040 corporalem
2705 4978 2722 5020 :
2761 4959 2824 5020 et
2853 4957 2976 5020 hoc
3001 4961 3096 5020 est
3123 4975 3207 5022 ex
3235 4958 3453 5022 incar-

1911 5064 2165 5130 natione
2194 5087 2209 5131 :
2244 5083 2424 5148 ergo,
2452 5069 2571 5129 etc.

1992 5170 2151 5236 ltem
2183 5172 2384 5238 Deum
2412 5172 2672 5237 decebat
2694 5170 3048 5253 hominem,
3082 5173 3198 5256 qui
3224 5172 3451 5238 seduc-

1916 5305 2097 5353 Petrus
2121 5301 2183 5351 de
2206 5304 2488 5361 Tarantas„
2518 5302 2578 5352 ΙΙΙ
2605 5303 2765 5363 Sem„
2788 5301 2904 5351 dist.
2932 5315 3046 5369 tuq.
3070 5313 3135 5365 v;
3165 5303 3454 5366 Stephanus

1916 5373 2124 5433 Brulef.,
2169 5376 2228 5423 ΙΙΙ
2269 5374 2429 5434 Sene„
2459 5372 2576 5423 dist.
2621 5383 2654 5434 ι,
2697 5386 2751 5435 q.
2790 5384 2854 5436 νς
2884 5372 3073 5423 Marsil.
3117 5375 3350 5437 inguen„
3388 5372 3453 5422 ill

1914 5449 2074 5512 sent,
2102 5459 2155 5512 q.
2188 5457 2248 5512 ¹1,
2275 5450 2373 5496 art.
2403 5452 2449 5497 l.
2486 5470 2551 5482 —
2573 5445 2595 5478 ¹
2620 5446 2750 5510 Aug.
2790 5445 2853 5496 de
2883 5446 3024 5496 Dect.
3055 5444 3249 5497 Cho-iet.
3283 5445 3376 5494 lib.
3415 5447 3456 5508 l,

1909 5533 1956 5571 e.
1983 5530 2033 5582 V,
2062 5533 2115 5568 n.
2141 5522 2198 5582 ὃς
2224 5516 2286 5568 de
2315 5516 2475 5580 Tria„
2495 5516 2589 5568 lib.
2615 5517 2656 5580 1,
2682 5531 2730 5567 c.
2762 5529 2879 5583 ιω,
2906 5531 2960 5568 n.
2986 5520 3066 5567 ³8.
