4185 6288
885 488 1259 557 msrmcr.
1304 490 1413 557 111.
1459 492 1695 560 PART.
1749 494 1827 560 11.
1871 494 2051 561 Aur.
2102 496 2210 562 ιη.
2256 496 2556 575 onAEs‘r.
2602 499 2678 565 ιι.
3358 486 3435 571 ἅτ

284 616 540 700 draginta
564 638 680 685 sex
717 621 947 690 diebus
972 625 1326 708 perrectum
1360 627 1475 706 sit,
1508 630 1667 713 quia
1703 630 1783 695 ad

281 726 688 807 perfectionem
729 729 899 797 hanc
935 750 1071 798 non
1120 735 1411 816 pervenit
1453 754 1660 820 usque
1704 738 1784 802 ad

279 854 443 901 annos
462 837 713 920 viginti.

336 943 604 1010 2.1tem¹
637 948 816 1015 :Per
840 952 1059 1018 mania
1088 951 1304 1020 debuit
1326 954 1643 1035 tratribus
1673 971 1784 1024 as-

273 1050 520 1119 similari
539 1053 658 1137 (α).
653 1077 669 1091 ·
687 1074 851 1139 ergo
881 1057 1130 1123 videtur
1150 1061 1319 1143 quod
1340 1061 1410 1125 in
1440 1062 1631 1128 modo
1658 1064 1781 1129 tor-

275 1159 530 1224 mationis
569 1164 859 1246 corporis
902 1167 1194 1249 sequitur
1239 1167 1519 1234 aliorum
1564 1170 1780 1265 homi·

270 1282 402 1330 num
432 1284 758 1352 corpora:
794 1273 904 1337 scd
947 1290 1214 1356 corpora
1252 1275 1527 1341 aliorum
1573 1253 1784 1342 homi-

271 1388 403 1436 num
447 1377 802 1442 successive
848 1380 1277 1447 formantur.
1322 1401 1483 1466 ergo
1526 1384 1784 1451 videtur

268 1479 412 1561 quod
433 1481 725 1550 similiter
750 1504 983 1570 corpus
1010 1487 1260 1553 Christi.

332 1590 384 1650 3.
424 1587 577 1654 Item
620 1610 862 1677 corpus
897 1594 1125 1661 Christi
1153 1596 1470 1663 nutritum
1512 1604 1576 1664 et
1614 1619 1782 1684 aug-

267 1699 588 1760 mentatum
611 1699 741 1764 fnit
764 1701 1136 1783 successive,
1158 1704 1324 1769 sicut
1350 1723 1617 1790 corpora
1633 1708 1785 1774 alio-

267 1818 391 1866 rum
414 1804 754 1874 hominum
786 1828 807 1874 ε
846 1827 1006 1893 ergo
1030 1810 1285 1877 videtur
1318 1813 1458 1896 pari
1500 1815 1744 1881 ratione
1761 1865 1780 1897 ,

266 1911 409 1991 quod
432 1913 618 1979 fuerit
645 1918 1006 1986 successive
1029 1921 1397 1987 formatum.

330 2023 385 2085 ⁴.
413 2019 564 2088 Item
589 2026 1044 2095 formationem
1072 2031 1210 2096 veri
1231 2032 1515 2116 corporis
1539 2037 1785 2100 antece-

266 2125 343 2189 dit
361 2131 787 2213 consolidatio,
804 2139 872 2201 et
893 2138 1447 2206 consolidationem
1474 2141 1785 2206 antecedit

267 2238 582 2319 conversio,
613 2246 678 2306 et
704 2244 1193 2310 conversionem
1219 2248 1482 2312 seminis
1508 2248 1777 2314 decisio:

266 2339 313 2403 εἰ
348 2360 492 2425 crgo
516 2349 828 2431 quaelibet
869 2352 1130 2418 illarum
1175 2356 1619 2438 operationum
1651 2374 1785 2423 non

268 2452 441 2529 potest
483 2455 624 2521 fleri
666 2457 738 2522 in
780 2458 1014 2525 minori
1057 2480 1255 2544 quam
1296 2462 1365 2527 in
1394 2464 1689 2544 instanti,
1720 2468 1785 2528 et

271 2571 380 2619 una
415 2566 507 2625 est
553 2564 854 2631 ordinata
904 2566 987 2632 ad
1043 2567 1274 2646 aliam,
1318 2588 1479 2652 ergo
1530 2571 1785 2636 videtur

274 2666 415 2744 quod
451 2669 753 2738 formatio
807 2674 1097 2757 corporis
1141 2694 1275 2742 non
1325 2679 1604 2760 potuerit
1646 2698 1782 2745 esse

272 2768 655 2844 instantanea.

338 2880 440 2948 Sed
466 2893 831 2955 contra.1.
864 2892 1313 2974 Augustinus²
1333 2943 1352 2973 ‚
1386 2895 1458 2959 in
1494 2895 1658 2960 libro
1701 2895 1781 2963 de

279 2986 405 3057 Fide
424 2995 509 3061 ad
532 2998 841 3065 Petrum:
867 3022 899 3059 α
919 2998 1313 3066 Firmissime
1341 3005 1508 3080 tene,
1533 3006 1598 3067 et
1627 3005 1780 3068 nul-

279 3095 485 3171 latenus
508 3109 785 3192 dubites,
815 3129 951 3178 non
979 3131 1237 3178 carnem
1265 3114 1495 3181 Christi
1521 3115 1657 3180 sine
1683 3116 1777 3181 di-

277 3208 502 3281 vinitate
525 3219 598 3283 in
626 3224 812 3286 utero
844 3221 1129 3303 Virginis
1151 3228 1541 3306 conceptam,
1565 3225 1781 3307 prius-

279 3333 438 3397 quam
460 3327 891 3411 susciperetur
914 3348 953 3393 a
977 3328 1208 3409 Verbo,
1238 3330 1433 3394 fuisse
1465 3330 1564 3412 (b).
1591 3353 1621 3391 n
1660 3331 1782 3396 Sed

280 3421 527 3497 Verbum
562 3453 692 3500 non
735 3438 1045 3520 suscepit,
1075 3438 1199 3501 nisi
1239 3456 1495 3503 carnem
1543 3441 1783 3505 forma·

281 3535 384 3598 hm
408 3547 767 3626 conceptam
802 3546 1107 3627 perfecte,
1149 3550 1213 3609 et
1251 3546 1320 3609 in
1360 3545 1620 3611 instanti
1644 3566 1780 3611 sus-

281 3645 413 3724 cepit
447 3669 588 3716 eam
630 3672 648 3716 ε
688 3671 849 3734 ergo
898 3654 1155 3718 videtur
1196 3653 1370 3736 quod
1413 3655 1480 3717 in
1524 3654 1783 3719 instanti

283 3766 476 3837 00er
519 3760 744 3826 Christi
768 3762 960 3826 fuerit
989 3762 1071 3828 ad
1098 3761 1499 3846 perfectionis
1528 3763 1784 3844 organi·

283 3861 554 3931 tationem
583 3867 957 3935 deductum.

126 3989 266 4046 rnen,
346 3968 482 4038 Item
508 3976 912 4059 Augustinus
927 4027 945 4059 ‚
989 3978 1059 4042 in
1086 3978 1251 4043 libro
1280 3978 1361 4045 de
1412 3981 1782 4047 Trinitate:

293 4096 316 4136 ι
332 4076 451 4145 Non
475 4101 553 4149 ex
584 4091 764 4151 utero
794 4085 1079 4168 Virginis
1105 4088 1284 4170 prius
1311 4106 1459 4152 caro
1485 4092 1784 4170 concepta

286 4190 387 4267 oet,
427 4195 488 4254 et
525 4196 741 4274 postea
781 4193 1081 4258 divinitas
1124 4194 1300 4260 venit
1338 4195 1408 4259 in
1453 4214 1710 4260 carnem
1759 4213 1777 4260 z

288 4294 369 4358 aed
397 4316 539 4364 mox
580 4304 657 4364 ut
695 4299 807 4365 Dei
849 4299 1135 4366 Verbum
1173 4301 1246 4365 in
1283 4305 1543 4366 uterum
1573 4303 1780 4380 venit,

287 4399 484 4469 tactum
509 4413 600 4473 est
624 4425 795 4487 cam,
821 4412 1074 4473 servata
1097 4409 1480 4492 proprietate
1509 4415 1781 4492 naturae,

288 4513 337 4573 et
373 4516 662 4596 perfectus
730 4516 929 4581 homo
995 4516 1065 4580 in
1121 4516 1390 4581 veritate
1458 4516 1668 4581 carnis
1723 4522 1786 4583 et

287 4632 500 4686 ammae.
529 4645 561 4683 n

349 4725 488 4794 Item
530 4731 724 4815 Virgo
768 4731 955 4796 beata
1008 4729 1242 4795 dicitur
1285 4730 1643 4815 concepisse
1685 4731 1785 4796 Fi-

285 4830 421 4900 lium
443 4837 544 4904 Dei
575 4841 823 4906 ratione
849 4836 1062 4903 carnis
1093 4842 1441 4921 assumptae
1469 4857 1554 4903 ex
1595 4838 1733 4923 ipsa
1761 4858 1781 4903 :

284 4941 376 5007 sed
404 4963 524 5011 non
557 4952 651 5013 est
686 4947 781 5012 ibi
826 4945 1319 5012 communicatio
1365 4946 1745 5011 idiomatum
1762 4996 1780 5028 ‚

286 5048 387 5114 nisi
408 5059 648 5140 propter
669 5056 984 5122 unionem
1014 5070 1032 5117 z
1063 5071 1196 5119 non
1236 5057 1334 5119 est
1372 5057 1590 5119 autem
1628 5054 1786 5119 unio

285 5158 387 5224 nisi
424 5164 494 5229 ad
534 5170 833 5233 naturam
876 5164 1284 5264 perfectam:
1329 5182 1480 5229 cum
1523 5181 1682 5247 ergo
1716 5164 1787 5230 in

337 5361 394 5424 (α)
423 5363 555 5432 Vulq.
572 5365 803 5419 similari.
805 5362 1113 5427 -(b)·.8dt
1133 5362 1318 5416 Bened.
1345 5363 1462 5414 add.
1491 5366 1594 5417 Sed
1617 5366 1785 5448 ipsum

288 5429 476 5488 Verbum
499 5439 653 5492 Deum
681 5453 792 5492 ωε
823 5435 997 5489 carnis
1022 5436 1327 5501 acceptione
1356 5441 1676 5502 conceptum,
1705 5438 1785 5503 ip-

287 5515 459 5571 ·amque
481 5526 678 5564 carnem
697 5509 866 5563 Verbi
884 5507 1238 5561 incarnatione
1264 5513 1585 5575 conceptam.

1889 631 2153 698 instanti
2167 633 2596 717 conceptionis
2612 653 2844 701 verum
2869 638 2955 701 sit
2975 637 3186 704 dicere
3204 637 3442 704 Filium

1892 737 2003 804 Dei
2052 744 2430 824 conceptum
2492 760 2576 808 ex
2640 741 2904 825 Virgine
2927 792 2945 824 ,
3001 762 3257 811 necesse
3320 746 3445 813 fuit

1890 846 2082 911 etiam
2121 866 2355 930 corpus
2389 848 2469 914 ad
2515 849 2856 932 perfectam
2897 852 3443 933 organizationem

1892 971 2029 1020 esse
2058 954 2427 1021 deductum.

1973 1060 2134 1126 Item
2170 1062 2494 1145 conceptio
2533 1061 2763 1130 Christi
2804 1064 2924 1129 ruit
2962 1064 3203 1132 virtute
3246 1067 3446 1133 mira-

1890 1167 2027 1247 bili,
2056 1172 2123 1233 et
2152 1169 2525 1235 mirabiliter
2554 1174 2855 1253 operante
2888 1194 2902 1236 :
2936 1170 3044 1236 sed
3085 1173 3294 1237 virtus
3321 1174 3443 1239 mi-

1890 1274 2176 1339 rabiliter
2200 1294 2470 1357 operans
2497 1281 2593 1341 est
2621 1277 2891 1356 infinita,
2919 1282 2983 1343 et
3004 1295 3273 1362 operans
3303 1280 3445 1345 infi-

1895 1381 2030 1446 nite
2067 1404 2082 1446 :
2116 1400 2275 1464 ergo
2295 1381 2553 1448 videtur
2578 1385 2749 1468 quod
2775 1386 2918 1466 ejus
2941 1385 3226 1468 operatio
3252 1386 3444 1453 debe·

1890 1492 1997 1556 bat
2019 1510 2154 1556 esse
2182 1491 2579 1557 instantanea
2601 1515 2615 1559 ε
2635 1498 2698 1557 et
2723 1493 2776 1557 si
2795 1494 2940 1574 hoc,
2968 1512 3200 1577 corpus
3240 1496 3443 1561 domi-

1891 1599 2113 1665 nicum
2140 1600 2207 1664 in
2236 1600 2501 1665 instanti
2541 1601 2611 1665 in
2650 1602 2925 1686 perfecta
2963 1600 3445 1686 organizatione

1890 1707 2011 1773 fuit
2038 1708 2482 1774 constitutum.

2439 1964 2886 2035 CONCLUSIO.

1894 2128 2097 2201 Gor-pm
2124 2128 2328 2186 Christi
2353 2129 2424 2185 ab
2467 2129 2706 2186 instanti
2730 2143 2837 2186 m
2862 2131 3223 2203 conceptionis
3262 2130 3442 2188 mbito

1959 2222 2078 2289 Mt
2123 2223 2452 2293 somatum,
2490 2226 2543 2278 et
2586 2221 2941 2279 manbroncm
2981 2223 3177 2280 habiat
3220 2222 3445 2281 distinc-

1968 2313 2186 2367 tionem.

1973 2467 2158 2553 Resp.
2189 2468 2269 2534 ad
2297 2487 2440 2552 arg.
2472 2468 2820 2535 Dicendum
2852 2470 3029 2553 quod
3052 2470 3295 2553 absque
3316 2470 3443 2535 du-

1892 2577 2025 2655 bio,
2071 2576 2237 2641 sicut
2271 2577 2420 2641 dicit
2464 2577 2901 2659 Augustinus,
2950 2595 3180 2661 corpus
3210 2576 3437 2642 Christi

1891 2685 1973 2749 ab
1998 2685 2259 2749 instanti
2290 2684 2717 2768 conceptionis
2740 2684 2967 2749 habuit
2990 2684 3436 2767 perfectionem

1890 2792 2407 2873 organizationis.
2458 2791 2535 2855 Et
2574 2790 2737 2855 ratio
2779 2791 2982 2874 huius
3018 2790 3189 2856 sumi
3235 2794 3440 2874 potest

1890 2918 1973 2964 ex
1999 2903 2180 2982 parte
2206 2898 2394 2964 Verbi
2420 2898 2822 2975 assumentis,
2841 2902 3009 2963 etex
3032 2901 3209 2982 parte
3232 2898 3437 2965 virtu-

1890 3008 1970 3073 tis
1992 3006 2341 3085 efficientis,
2375 3009 2438 3070 et
2459 3024 2541 3070 ex
2569 3010 2747 3089 parte
2774 3005 3059 3089 Virginis
3085 3006 3443 3089 concipien-

1889 3116 1990 3180 tis.
2041 3113 2140 3179 ΕΣ
2187 3118 2364 3198 parte
2403 3112 2592 3180 Verbi
2638 3114 3021 3180 assumentis
3045 3163 3062 3192 ,
3106 3113 3260 3198 quia
3303 3133 3437 3180 non

1890 3223 2153 3289 decebat
2178 3221 2461 3287 Verbum
2502 3239 2825 3287 assumere
2857 3227 3105 3305 partem
3134 3222 3440 3289 humanae

1891 3336 2167 3408 naturae,
2199 3334 2262 3395 et
2295 3348 2428 3395 esse
2466 3329 2798 3395 hominem
2841 3330 3195 3395 secundum
3240 3329 3432 3415 quid3

1891 3441 1997 3505 sed
2034 3443 2235 3504 totam
2277 3438 2631 3504 humanam
2675 3442 3010 3518 naturam,
3049 3441 3114 3503 et
3161 3438 3252 3502 ita
3296 3456 3439 3502 car-

1890 3565 2072 3627 nem,
2103 3551 2167 3612 et
2212 3548 2531 3625 animam,
2562 3547 2841 3610 maxime
2881 3563 3033 3608 cum
3074 3543 3291 3607 anima
3332 3544 3439 3608 det

1891 3653 2066 3718 carni
2092 3654 2623 3735 congruentiam,
2653 3655 2727 3716 ut
2756 3650 3019 3716 uniatur
3043 3669 3194 3715 cum
3218 3649 3437 3715 divina

1892 3764 2144 3839 natura,
2173 3761 2336 3825 sicut
2370 3764 2699 3825 ostensum
2726 3762 2821 3823 est
2849 3763 3116 3842 supra&
3152 3758 3231 3822 Et
3271 3774 3433 3841 quo-

1891 3868 2070 3932 niam
2109 3867 2328 3932 anima
2365 3887 2498 3933 non
2535 3871 2630 3932 est
2670 3871 2822 3932 nata
2863 3866 3075 3944 uniri,
3105 3864 3229 3930 nisi
3260 3865 3436 3930 carni

1889 3977 2182 4043 formatae
2222 3982 2286 4042 et
2317 3977 2739 4060 organizatae3
2780 3977 2922 4042 ideo
2965 3975 3036 4040 in
3063 3973 3273 4059 primo
3301 3973 3439 4037 ins-

1892 4085 2050 4150 tanti
2078 4084 2502 4168 conceptionis
2525 4102 2780 4149 necesse
2804 4083 2926 4148 ruit
2946 4101 3178 4166 corpus
3205 4080 3437 4146 Christi

1891 4194 1974 4260 ad
2001 4193 2448 4277 perfectionem
2474 4190 2969 4273 organizationis
2994 4188 3276 4273 perduci.
3310 4187 3438 4253 Ra-

1892 4302 1982 4366 tio
2036 4302 2231 4365 etiam
2276 4303 2370 4364 est
2425 4317 2507 4364 ex
2546 4302 2725 4382 parte
2768 4297 3027 4364 virtutis
3074 4295 3394 4380 operantis
3413 4345 3433 4377 ,

1892 4407 2046 4491 quia
2078 4407 2169 4471 ibi
2205 4407 2414 4471 virtus
2451 4407 2667 4472 divina
2708 4406 3085 4488 operabatur
3122 4403 3437 4468 mirabili-

1892 4520 2012 4580 ter.
2046 4516 2181 4580 Hoc
2205 4515 2379 4580 enim
2406 4518 2502 4580 est
2523 4512 2909 4578 miraculum
2934 4510 3391 4576 miraculorum
3415 4557 3433 4587 ,

1892 4624 2067 4706 quod
2089 4623 2327 4688 femina
2350 4622 2661 4704 concipiat
2686 4620 2913 4686 Deum.
2932 4618 3012 4683 Et
3036 4617 3178 4683 ideo
3201 4616 3281 4681 ad
3301 4634 3438 4682 suae

1892 4731 2205 4796 mirabilis
2244 4730 2543 4814 potentiae
2582 4727 3007 4794 ostensionem
3046 4724 3257 4792 subito
3298 4725 3437 4790 for-

1894 4841 2138 4905 mativa
2160 4839 2318 4904 illud
2346 4856 2599 4922 corpus,
2622 4836 2796 4919 quod
2821 4837 3054 4900 natura
3076 4852 3210 4899 non
3235 4837 3441 4916 potest

1893 4948 2195 5029 formare,
2223 4948 2346 5012 nisi
2389 4946 2765 5012 successive.
2803 4945 2983 5010 Ratio
3008 4962 3164 5010 vero
3196 4942 3441 5010 nihilo-

1895 5056 2115 5121 minus
2159 5059 2254 5120 est
2298 5072 2383 5119 ex
2428 5056 2607 5137 parte
2653 5050 2939 5133 Virginis
2985 5049 3396 5132 concipientis
3417 5098 3435 5130 ,

1895 5182 2065 5248 quae,
2095 5162 2309 5227 statim
2327 5164 2403 5226 ut
2428 5159 2766 5239 consensit,
2787 5157 3027 5242 repleta
3052 5157 3171 5222 fuit
3194 5156 3440 5241 Spiritu

1895 5277 2137 5351 sancto,
2165 5274 2230 5336 et
2253 5272 2451 5338 Mater
2467 5269 2582 5335 Dei
2609 5266 2853 5347 effecta,
2870 5269 3060 5349 juxta
3079 5264 3237 5334 illud
3262 5265 3435 5348 quod

1960 5439 1979 5473 ¹
2002 5433 2137 5489 Hebr
2159 5472 2177 5499 ,
2218 5446 2278 5498 11,
2310 5436 2385 5485 Π.
2408 5457 2472 5471 -·
2505 5433 2527 5467 ²
2561 5432 2669 5482 Imo
2695 5429 2928 5495 Fulgent,
2954 5427 3016 5478 de
3041 5427 3157 5479 Fid.
3185 5426 3255 5477 ad
3278 5428 3437 5489 Petra,

1898 5525 1944 5562 c.
1967 5520 2117 5570 niu,
2141 5521 2196 5559 n.
2226 5510 2306 5558 61.
2325 5532 2389 5548 -
2408 5506 2431 5542 ⁸
2454 5505 2582 5558 nist.
2611 5514 2652 5569 1,
2677 5507 2775 5555 art.
2802 5505 2864 5564 2,
2892 5515 2944 5566 q.
2969 5511 3027 5551 ιι.
