4185 6288
704 473 822 538 354

703 606 812 671 sed
857 606 997 669 haec
1021 622 1167 668 caro
1200 603 1386 667 habet
1423 601 1854 667 necessitatem
1882 597 2192 664 moriendi
2221 617 2237 660 :

706 728 890 794 ergo,
920 714 1037 775 etc.

789 818 947 883 Item
974 816 1267 896 Boetius,
1296 816 1367 881 in
1404 816 1566 881 libro
1596 815 1674 882 de
1699 815 1957 881 Duabus
1983 811 2245 879 naturis

708 934 769 995 et
796 944 929 993 una
953 941 1226 1009 persona
1253 924 1517 1004 cnr-isti,
1540 924 1690 989 dicit
1703 925 1748 1003 ¹,
1769 923 1943 1007 quod
1964 921 2248 986 Christus

709 1035 787 1100 de
829 1039 998 1099 statu
1041 1033 1422 1098 innocentiae
1466 1032 1809 1115 assumpsit
1845 1029 2084 1113 peccati
2125 1028 2248 1091 im-

712 1143 1085 1208 munitatem
1101 1189 1119 1218 ‚
1150 1140 1227 1206 de
1254 1144 1421 1206 statu
1447 1158 1603 1205 vero
1627 1143 1877 1204 naturae
1909 1138 2105 1220 lapsae
2146 1155 2250 1200 as-

712 1249 984 1333 su‘mpsit
1006 1248 1483 1332 passibilitatem
1507 1270 1523 1311 ς
1550 1246 1656 1312 sed
1683 1245 2082 1329 passibilitas,
2105 1260 2252 1326 quae

715 1363 810 1423 est
832 1358 1188 1423 secundum
1213 1361 1447 1422 statum
1473 1360 1725 1421 naturae
1755 1354 1951 1438 lapsae
1967 1403 1985 1432 ,
2016 1358 2117 1419 est·
2136 1371 2254 1436 pa-

715 1465 911 1530 tiendi
936 1465 1269 1530 necessitas
1297 1486 1313 1529 ε
1347 1482 1507 1546 ergo
1533 1468 1598 1528 et
1621 1463 1930 1541 Christus,
1955 1465 2072 1525 etc.

796 1571 957 1637 ltem
993 1570 1267 1654 Spiritus
1302 1574 1559 1635 sanctus
1579 1619 1596 1650 ,
1628 1571 1813 1651 cujus
1837 1568 2075 1634 virtute
2102 1565 2262 1631 illud

720 1697 953 1762 corpus
1002 1678 1379 1743 fabricatum
1424 1678 1542 1742 fuit
1592 1677 1670 1741 de
1714 1679 1899 1741 utero
1940 1674 2224 1756 Virginis
2242 1721 2260 1749 ,

721 1788 841 1852 etsi
878 1786 1312 1870 purificaverit
1376 1806 1418 1851 a
1473 1785 1751 1850 foeditate
1795 1781 2217 1866 corruptionis
2242 1830 2261 1860 ,

722 1911 855 1958 non
883 1896 1100 1958 tamen
1126 1894 1490 1977 purificavit
1527 1911 1567 1956 a
1603 1891 1848 1974 defectu
1888 1889 2262 1973 passibilita-

724 2001 804 2065 tis
837 2019 1040 2084 :ergo
1066 1999 1542 2084 passibilitatem
1568 1998 1794 2063 habuit
1818 2015 1933 2080 per
1956 2014 2106 2061 eum
2137 2013 2268 2060 mo-

725 2107 921 2186 dum,
967 2125 1079 2190 per
1123 2124 1318 2190 quem
1360 2105 1559 2188 Virgo
1579 2154 1598 2184 ,
1633 2122 1782 2187 quae
1823 2122 1974 2189 eum
2014 2102 2264 2183 genuit,

728 2219 991 2298 excepto
1018 2217 1201 2278 reatu
1226 2214 1462 2296 peccati
1497 2235 1512 2279 ε
1544 2213 1654 2278 sed
1676 2211 1876 2293 Virgo
1900 2209 2125 2276 habuit
2147 2227 2268 2274 ne-

729 2322 1079 2385 cessitatem
1133 2320 1453 2386 moriendi*
1503 2321 1567 2385 et
1612 2318 1890 2402 patiendi
1938 2341 1955 2383 ε
2004 2334 2162 2399 ergo
2207 2321 2272 2382 et

730 2448 878 2494 caro
906 2428 1135 2492 Christi
1168 2449 1186 2491 ε
1216 2445 1394 2508 ergo,
1426 2430 1546 2491 etc.

813 2536 972 2600 Item
988 2535 1219 2600 Christi
1248 2551 1478 2617 corpus
1505 2533 1594 2597 ita
1619 2532 1742 2598 fuit
1764 2531 2079 2614 passibile,
2111 2532 2275 2595 sicut

732 2643 853 2707 fuit
879 2643 1154 2707 animale
1182 2647 1246 2706 et
1269 2645 1603 2706 terrestre:
1635 2640 1744 2705 sed
1765 2638 1992 2704 Christi
2019 2655 2271 2721 corpus,

734 2756 992 2835 propter
1017 2751 1477 2816 animalitatem
1503 2754 1568 2815 et
1593 2748 2133 2823 terrestreitatem‚
2165 2764 2275 2811 ne-

736 2859 1087 2923 cessitatem
1147 2856 1375 2922 habuit
1433 2846 1792 2921 naturalem
1841 2854 2136 2919 sumendi
2184 2853 2273 2916 ci-

735 2967 914 3045 bum,
942 2970 1006 3030 et
1028 2964 1324 3030 tendendi
1349 2964 1677 3041 deorsum;
1711 2961 1891 3026 aliter
1912 2961 2085 3026 enim
2111 2963 2277 3024 stare

736 3092 868 3138 non
911 3072 1253 3156 potuisset,
1296 3071 1435 3135 uisi'
1464 3089 1579 3154 per
1620 3068 2004 3134 miraculum
2048 3087 2065 3132 :
2120 3085 2278 3149 ergo

738 3181 876 3264 pari
920 3180 1166 3244 ratione
1212 3181 1471 3262 propter
1522 3176 2000 3260 passibilitatem
2055 3174 2282 3238 habuit

737 3290 1170 3354 necessitatem
1197 3286 1276 3351 ad
1300 3285 1665 3369 patiendum
1692 3286 1756 3349 et
1783 3281 2212 3347 moriendum.

818 3396 977 3461 Item
992 3444 1010 3473 ,
1057 3394 1337 3460 Christus
1376 3390 1716 3474 assumpsit
1740 3407 1965 3454 omnes
2002 3387 2282 3452 defectus

668 3516 673 3519 ‘
738 3503 1058 3569 naturales
1083 3505 1148 3566 et
1182 3499 1541 3584 generales,
1572 3495 1848 3579 exceptis
1883 3494 1983 3558 his
2008 3494 2122 3576 qui
2169 3511 2282 3557 or·-

511 4084 580 4127 Ad
614 4096 715 4141 opp.

738 3611 1042 3676 dinantur
1086 3608 1164 3673 ad
1211 3610 1541 3691 peccatum
1587 3604 1744 3669 :sed
1788 3602 2124 3669 necessitas
2167 3618 2286 3683 pa-

741 3716 935 3782 tiendi
974 3718 1072 3780 est
1107 3714 1388 3780 defectus
1418 3713 1492 3777 in
1528 3712 1711 3777 nobis
1738 3710 2047 3775 naturalis
2073 3712 2138 3774 et
2171 3726 2289 3791 ge-

742 3824 997 3902 neraIiS,
1045 3841 1162 3888 nec
1205 3826 1421 3887 tamen
1464 3820 1716 3886 ordinat
1763 3819 1841 3884 ad
1889 3819 2219 3900 peccatum
2268 3833 2287 3879 ε

744 3949 901 4012 ergo
926 3930 1213 3996 Christus
1238 3948 1382 3995 eam
1414 3926 1779 4010 assumpsit.
1852 3950 1855 3953 >

826 4038 947 4104 Sed
973 4042 1213 4104 contra.
1237 4044 1268 4102 1
1301 4046 1324 4080 ¹
1360 4038 1766 4105 :Potestatem
1796 4034 1988 4101 habeo
2005 4030 2296 4117 ponendi

748 4147 1037 4213 animam
1081 4161 1316 4224 meam,
1367 4150 1430 4211 et
1474 4146 1712 4212 iterum
1761 4141 2062 4209 sumendi
2109 4158 2290 4219 eam;

747 4256 811 4317 et
839 4251 1029 4335 paulo
1055 4255 1203 4316 ante
1238 4273 1254 4316 :
1285 4252 1479 4318 Nemo
1519 4251 1692 4318 tollet
1728 4266 1869 4316 eam
1911 4266 1956 4316 a
1999 4265 2148 4331 me;
2187 4248 2298 4315 sed

749 4374 861 4441 eqo
904 4374 1071 4441 pono
1099 4374 1240 4425 eam
1282 4375 1327 4425 a
1362 4374 1460 4424 me
1484 4359 1654 4440 ipso.
1687 4357 1862 4439 Ergo
1888 4357 2019 4441 pati
2044 4360 2111 4421 et
2136 4355 2300 4420 mori

752 4470 891 4532 erat
915 4467 1007 4530 ·in
1065 4466 1350 4531 libertate
1400 4465 1753 4530 voluntatis
1797 4462 2025 4529 Christi
2074 4482 2092 4527 ε
2140 4480 2299 4544 ergo

753 4591 885 4637 non
924 4571 1181 4639 videtur
1214 4573 1386 4656 quod
1429 4573 1717 4638 Christus
1752 4571 2033 4654 aliquam
2071 4569 2152 4635 ad
2180 4570 2304 4634 hoc

759 4680 1192 4745 necessitatem
1217 4680 1535 4746 habuerit.
1790 4673 1798 4683 '
2185 4756 2213 4771 „

843 4791 905 4852 2.
932 4786 1090 4851 Item
1113 4787 1522 4868 Augustinus
1547 4803 1741 4871 super
1765 4784 1924 4849 illud
1942 4788 1965 4825 ⁸
1993 4804 2010 4849 t
2042 4784 2168 4858 Qui
2194 4783 2302 4850 dc-

758 4909 1017 4960 sursum
1042 4896 1244 4973 venit,
1279 4910 1466 4977 super
1484 4911 1693 4963 omnes
1719 4898 1852 4961 est:
1888 4915 1920 4953 α
1959 4891 2307 4956 Desursum

759 5002 957 5081 venit,
1002 5003 1155 5084 quia
1204 5002 1284 5067 de
1330 5002 1661 5068 altitudine
1703 5002 2009 5067 humanae
2052 5001 2310 5063 naturas

758 5111 905 5172 ante
951 5112 1280 5191 peccatum
1321 5109 1561 5192 accepit
1592 5107 1880 5175 Verbum
1919 5106 2029 5171 Dei
2075 5105 2312 5170 huma-

761 5230 912 5279 nam
937 5219 1252 5281 naturam.
1282 5236 1314 5275 n
1351 5214 1475 5280 Sed
1502 5215 1573 5280 in
1607 5218 1779 5280 statu
1816 5214 1927 5278 illo
1955 5230 2086 5277 non
2115 5211 2310 5277 habe·

832 5355 847 5387 ¹
876 5354 1115 5413 Boet.,de
1137 5353 1288 5417 duab„
1312 5355 1434 5405 Nat.
1464 5358 1511 5404 el
1529 5368 1625 5414 μη.
1646 5355 1787 5405 Pers.
1810 5352 2025 5414 christi,
2055 5365 2106 5402 c.
2134 5362 2228 5401 vn.
2248 5375 2310 5389 —

840 5452 911 5515 (a)
932 5452 1050 5503 Get.
1075 5452 1196 5503 edil.
1225 5452 1512 5502 contrario.

1811 457 2434 531 SENTENTIARUM
2474 459 2621 526 LlB.
2667 459 2774 527 lll.

2353 596 2461 660 bat
2506 597 2790 663 humana
2853 601 3084 664 natura
3140 603 3576 670 necessitatem
3636 609 3720 672 ad
3765 628 3910 674 mo-

2354 703 2651 770 tiendum
2681 727 2698 769 2
2737 723 2896 788 ergo
2935 723 3056 771 nec
3098 713 3293 792 prout
3334 710 3457 776 fuit
3497 720 3824 800 assumpta
3870 736 3915 781 a

2356 811 2626 879 Christo.

2439 924 2500 984 3.
2557 920 2715 984 [tem
2767 922 3144 1003 Anselmus,
3198 926 3268 989 in
3324 926 3490 993 libro
3544 929 3673 996 Cur
3734 934 3912 998 Deus

2356 1026 2535 1094 homo
2554 1035 2577 1067 ⁶
2607 1046 2629 1091 .-
2672 1052 2703 1088 a
2733 1027 3049 1106 Quoniam
3081 1032 3378 1098 voluntas
3419 1035 3528 1100 Dei
3576 1038 3757 1103 nulla
3789 1058 3914 1105 ne-

2361 1136 2644 1200 cessitate
2683 1137 2832 1200 facit
2859 1137 3101 1220 aliquid
3119 1188 3138 1218 ,
3166 1140 3277 1204 sed
3314 1142 3448 1206 sola
3472 1148 3777 1226 potestate
3796 1193 3814 1221 ,
3845 1150 3915 1210 et

2364 1242 2658 1307 voluntas
2720 1242 2951 1309 Christi
3002 1245 3125 1308 fuit
3185 1247 3483 1313 voluntas
3534 1249 3681 1330 Dei;
3729 1252 3916 1316 nulla

2364 1369 2521 1432 ergo
2560 1352 2925 1417 necessitate
2970 1357 3263 1419 mortuus
3299 1360 3429 1436 ost,
3462 1358 3574 1423 sed
3616 1357 3750 1424 sola
3788 1377 3915 1442 po—

2365 1460 2606 1523 testate.
2643 1480 2674 1516 n

2448 1565 2700 1639 &item
2735 1565 2856 1630 hoc
2889 1567 3102 1650 ipsum
3139 1569 3495 1635 ostenditur
3522 1571 3646 1636 alia
3670 1572 3918 1636 ratione

2370 1673 2481 1737 tali
2514 1697 2529 1737 ε
2563 1671 2786 1740 Omnis
2825 1677 3159 1742 necessitas
3199 1686 3315 1743 aut
3356 1683 3451 1741 est
3489 1679 3728 1743 coactio
3741 1726 3763 1758 ,
3803 1682 3921 1743 aut

2371 1780 2736 1862 prohibitio,
2767 1800 2914 1864 quae
2942 1781 3091 1848 duae
3118 1771 3518 1848 necessitates
3543 1790 3921 1849 convertun-

2374 1891 2481 1951 tur
2503 1886 2873 1952 adinvicem
2900 1890 3210 1955 contrarie
3230 1892 3337 1973 (a),
3350 1892 3516 1955 sicut
3539 1907 3779 1958 necesse
3803 1898 3919 1983 est,

2375 1998 2439 2059 et
2465 1996 2854 2077 impossibile
2883 2019 2908 2060 .·
2936 1998 3047 2061 sed
3075 2000 3143 2061 in
3171 1999 3420 2063 Christo
3448 2017 3577 2064 non
3605 2000 3726 2063 fuit
3749 2016 3924 2064 coac-

2375 2103 2466 2168 tio
2505 2104 2588 2168 ad
2631 2105 2811 2183 mori,
2850 2105 2956 2170 vel
2999 2106 3350 2188 prohibitio
3396 2106 3475 2170 ad
3522 2124 3654 2171 non
3703 2107 3870 2170 mori
3902 2129 3918 2169 ε

2378 2225 2538 2288 ergo
2566 2208 2633 2271 in
2663 2207 2906 2274 Christo
2943 2211 3123 2273 nulla
3161 2210 3287 2273 fuit
3311 2210 3647 2275 necessitas
3682 2208 3761 2273 ad
3787 2225 3925 2272 mo-

2379 2314 2698 2395 riendum,
2726 2319 2790 2380 et
2809 2316 2898 2379 ita
2921 2335 3038 2380 nec
3064 2317 3144 2380 ad
3171 2318 3570 2399 patiendum.

2461 2429 2523 2488 5.
2554 2423 2743 2501 Item,
2772 2423 3305 2506 quandocumque
3329 2423 3547 2507 aliqua
3575 2422 3924 2507 proprietas

2382 2532 2734 2595 necessario
2770 2531 2934 2594 inest
2959 2531 3148 2595 alicui
3176 2531 3483 2614 subjecto,
3523 2534 3926 2614 comparatur

2383 2640 2463 2703 ad
2488 2638 2645 2703 illud
2673 2639 2838 2702 sicut
2867 2638 2948 2704 ad
2975 2655 3235 2702 causam
3274 2643 3338 2702 et
3375 2639 3735 2721 subjectum
3767 2657 3783 2700 :
3816 2636 3927 2701 sed

2384 2746 2594 2829 passio
2630 2764 2764 2810 non
2794 2745 3016 2810 habuit
3051 2764 3311 2810 causam
3349 2746 3418 2809 in
3446 2743 3690 2810 Christo
3722 2766 3738 2807 ε
3768 2761 3928 2824 ergo

2393 2871 2525 2917 non
2560 2854 2682 2918 fuit
2719 2854 3144 2918 necessarium
3187 2851 3508 2918 Christum
3552 2851 3683 2935 pati
3727 2867 3928 2931 :ergo

2401 2962 2680 3028 Christus
2724 2979 2856 3025 non
2915 2961 3259 3044 assumpsit
3321 2959 3753 3025 necessitatem
3809 2975 3930 3039 pa-

2379 3069 2614 3134 ¹tiendi.

2468 3182 2531 3263 6.
2564 3178 2743 3257 Item,
2774 3177 2947 3260 quod
2972 3175 3325 3241 necessario
3346 3175 3508 3239 inest
3531 3174 3745 3251 alicui,
3765 3174 3933 3238 inest

2391 3285 2473 3365 ei,
2508 3284 2683 3365 velit,
2713 3284 2917 3349 nolit:
2945 3301 3102 3364 ergo
3131 3283 3279 3347 siin
3305 3281 3549 3347 Christo
3573 3282 3691 3346 fuit
3708 3297 3932 3345 neces—

2391 3393 2541 3457 sitas
2582 3393 2661 3456 ad
2701 3392 3071 3474 patiendum
3089 3440 3107 3470 ‚
3155 3408 3380 3473 passus
3417 3388 3638 3454 fuisset
3658 3436 3677 3468 ,
3714 3387 3928 3460 vellet,

2392 3501 2634 3566 nollet:
2665 3500 2772 3563 sed
2801 3499 2961 3563 nihil
2994 3498 3119 3563 tale
3154 3501 3248 3562 est
3273 3498 3457 3580 plene
3493 3494 3932 3561 voluntarium

2395 3613 2460 3673 et
2502 3607 2904 3672 meritorium
2947 3629 2965 3670 ι
2999 3624 3161 3687 ergo
3208 3604 3493 3670 Christus
3531 3604 3600 3666 in
3638 3601 3936 3686 patiendo

2393 3734 2529 3781 non
2590 3715 2914 3779 habuisset
2950 3714 3213 3797 plenum
3262 3713 3565 3778 meritum
3604 3733 3620 3776 ε
3661 3709 3835 3794 quod
3882 3710 3938 3774 si

2399 3824 2520 3888 hoc
2544 3825 2639 3887 est
2675 3822 2937 3901 falsum,
2968 3826 3162 3887 restat
3189 3821 3363 3904 quod
3385 3824 3450 3885 et
3475 3819 3792 3903 primum,
3835 3818 3936 3883 vi-

2400 3929 2622 3995 delicet
2648 3927 2819 4011 quod
2846 3927 3130 3993 Christus
3154 3927 3376 3992 habuit
3395 3926 3828 3992 necessitatem
3857 3924 3941 3989 ad

2402 4037 2791 4120 patiendum.

2916 4189 3433 4258 CONCLUSIO.

2458 4329 2524 4384 In
2548 4327 2754 4385 Christo
2778 4326 2891 4394 tuit
2917 4326 3196 4382 nsoessitas
3215 4322 3499 4395 patiendi,
3533 4337 3643 4379 non
3671 4320 3888 4395 widem

2689 4422 2984 4485 contracta,
3005 4418 3099 4475 sed
3117 4421 3333 4474 tantum
3350 4419 3659 4490 assumpta.

2491 4557 2675 4665 llesp.
2706 4583 2785 4646 ad
2813 4599 2953 4662 arg.
2984 4579 3082 4645 Ad
3114 4578 3561 4662 praedictorum
3585 4575 3952 4659 intelligen-

2412 4693 2566 4757 tiam
2594 4686 2692 4755 est'
2713 4686 3066 4753 notandum
3082 4734 3101 4766 ,
3133 4686 3304 4769 quod
3338 4684 3416 4749 ad
3459 4685 3582 4748 hoc
3605 4683 3952 4748 voluerunt

2414 4798 2609 4881 aliqui
2635 4795 3009 4883 respondere
3037 4791 3481 4874 distinguendo
3512 4791 3950 4857 necessitatem

2414 4903 2764 4970 secundum
2828 4903 3106 4984 quatuor
3146 4915 3386 4981 genera
3428 4915 3788 4962 causarum.
3833 4894 3954 4976 ,Est

2415 5014 2588 5079 enim
2631 5009 2968 5076 necessitas
3014 5007 3365 5072 secundum
3409 5024 3668 5071 causam
3722 5006 3956 5070 forma·

2415 5121 2567 5200 lem,
2593 5118 2969 5184 »secundum
3011 5131 3208 5198 quam
3270 5113 3537 5178 dicitur:
3574 5137 3608 5175 α
3655 5112 3951 5180 Necessa-

2415 5228 2590 5292 rium
2614 5228 2708 5291 est
2730 5223 3008 5301 calidum
3033 5222 3257 5287 calere.
3287 5244 3318 5281 »
3355 5219 3464 5285 Est
3487 5220 3683 5286 etiam
3730 5238 3955 5286 neces-
3989 5284 4132 5343 opiu-
4180 5298 4185 5329 ἵ

2415 5369 2440 5404 ¹
2464 5368 2627 5429 loen„
2655 5376 2688 5414 x
2707 5399 2724 5428 ,
2758 5364 2832 5413 18.
2856 5386 2914 5401 -
2940 5359 2964 5394 ⁸
2990 5357 3140 5422 thid„
3180 5369 3244 5408 111
3263 5395 3280 5421 ,
3321 5360 3399 5407 3¹.
3423 5383 3476 5396 -
3502 5358 3524 5392 ⁸
3551 5356 3809 5422 Anselm„
3859 5358 3963 5407 Cur

2420 5439 2549 5490 Deus
2576 5438 2735 5499 homo,
2763 5435 2850 5483 lib.
2875 5433 2954 5498 11,
2980 5445 3026 5481 c.
3049 5442 3204 5493 xvm,
3232 5429 3297 5480 al.
3326 5440 3458 5481 xvn.
