4185 6288
579 797 764 841 Praedic-

569 860 623 901 εἰς
646 861 766 901 vide·

572 922 740 965 turad-

574 996 735 1025 vvvvvv

781 460 908 522 2⁷4
1890 445 2515 514 SENTENTIARUM
2555 444 2707 511 Lm.
2754 444 2859 510 111.

785 587 1028 681 aliquis
1075 594 1285 656 rector
1343 584 1808 654 ecclesiasticus
1867 583 2109 650 dicitur
2178 580 2492 672 proficere
2557 582 2627 649 in
2687 602 2848 649 cura
2914 579 3041 648 sibi
3112 578 3377 666 tradita,
3445 601 3599 647 cum
3645 600 3762 670 per
3810 577 3955 669 ejus

787 702 1182 774 industriam
1208 701 1324 770 alii
1350 700 1731 793 proficiunt.
1754 725 1790 765 »

876 820 1058 888 Alibi
1110 827 1329 886 tamen
1395 817 1708 908 scriptum
1786 814 2113 906 reperitur
2137 865 2157 898 ,
2231 813 2412 904 quod
2483 811 2846 884 secundum
2914 834 3180 880 sensum
3253 812 3539 880 hominis
3600 810 3966 902 profecerit,

726 985 733 992 -
790 937 959 1004 sicut
982 942 1169 1004 aetate
1190 933 1477 1001 hominis
1525 931 1819 1023 profecit.
1871 930 1984 997 Ait
2021 929 2199 996 euim
2241 927 2630 997 Ambrosius
2674 928 2745 995 in
2788 928 2958 996 libro
2991 927 3073 997 de
3107 929 3605 997 lucar-nationis
3631 926 3969 996 dominicoe

545 1046 765 1151 qgffiff
788 1061 1208 1120 sacramento
1261 1049 1389 1117 sic¹
1442 1074 1457 1116 ε
1499 1075 1534 1114 a
1587 1049 1762 1116 Deus
1819 1044 2281 1137 perfectionem
2333 1052 2589 1113 naturae
2642 1044 2923 1133 suscepit
2974 1043 3308 1114 humanm.
3359 1044 3659 1137 Suscepit
3708 1065 3969 1113 sensum

614 1169 690 1213 nit.

784 1166 1073 1235 hominis
1105 1191 1121 1232 ε
1155 1165 1266 1233 sed
1305 1187 1439 1232 non
1471 1186 1665 1232 sensu
1692 1162 1903 1230 carnis
1928 1161 2058 1229 fuit
2083 1160 2376 1232 inflatus.
2412 1159 2626 1230 Sensu
2656 1159 2943 1227 hominis
2972 1160 3260 1228 animam
3291 1160 3459 1229 dixit
3481 1160 3967 1228 conturbatam:

780 1305 975 1352 sensu
1022 1281 1310 1350 hominis
1356 1278 1632 1348 esurivit
1681 1286 1744 1345 et
1781 1276 2087 1366 rogavit:
2142 1298 2339 1344 sensu
2390 1275 2677 1344 hominis
2721 1275 3018 1367 profecit,
3065 1276 3234 1344 sicut
3274 1277 3589 1366 scriptum
3617 1285 3760 1345 est:
3791 1280 3971 1344 Iesus

770 1397 1168 1494 proficiebat
1193 1409 1389 1468 oetate
1423 1408 1490 1465 et
1513 1395 1855 1488 sapientia
1881 1447 1900 1479 ,
1931 1407 1995 1461 et
2019 1393 2274 1484 qratia.
2307 1391 2653 1474 Quomodo
2681 1391 3061 1483 proficiebat
3087 1390 3424 1483 Sapientia
3448 1391 3569 1460 Dei
3585 1396 3616 1459 ‘2
3646 1391 3972 1460 Profectus

779 1515 988 1587 aetatis
1031 1521 1098 1583 et
1149 1513 1481 1605 profectus
1535 1511 1865 1605 sapientiae
1895 1561 1913 1594 ,
1964 1532 2099 1578 non
2154 1509 2434 1594 divinae,
2486 1508 2598 1577 sed
2672 1508 2978 1577 humanoe
3034 1515 3284 1577 naturai
3338 1515 3455 1576 est.
3513 1507 3666 1576 Ideo
3715 1515 3970 1576 aetatem

786 1629 1352 1715 commemoravit,
1398 1635 1474 1697 ut
1517 1625 1886 1695 secundum
1927 1625 2263 1694 hominem
2308 1625 2602 1694 crederes
2644 1624 2919 1693 dictum.
2966 1623 3158 1692 AEtas
3197 1625 3373 1693 enim
3412 1647 3555 1693 non
3581 1624 3966 1710 divinitatis,

782 1746 898 1816 sed
948 1745 1240 1835 corporis
1290 1752 1408 1810 est.
1466 1742 1639 1832 Ergo
1699 1743 1754 1809 si
1808 1741 2192 1833 proficiebat
2237 1749 2427 1811 aetate
2480 1740 2793 1828 hominis,
2857 1740 3238 1832 proficiebat
3288 1741 3608 1832 sapientia
3656 1740 3965 1811 hominis.

783 1861 1029 1930 Sensus
1055 1867 1278 1930 autem
1302 1859 1590 1928 hominis
1618 1858 1889 1948 profecit
1919 1884 1937 1943 ;
1971 1865 2035 1924 et
2066 1857 2228 1948 quia
2253 1879 2506 1943 sensuS,
2539 1857 2686 1925 ideo
2708 1857 3047 1949 sapientia.
3090 1857 3255 1939 Quis
3285 1880 3515 1925 sensus
3536 1856 3919 1948 proficiebat
3938 1860 3969 1923 Ἰ

783 1977 856 2047 Si
885 1977 1243 2061 humanuS,
1301 1996 1459 2064 ergo
1511 1974 1647 2064 ipse
1701 1996 1818 2066 per
1870 1974 2353 2041 incrementum
2404 1982 2742 2064 susceptus
2794 1981 2912 2042 est.
2972 1974 3044 2041 Si
3097 1973 3393 2059 divinus,
3450 1996 3609 2054 ergo
3637 1973 3971 2041 mutabilis

782 2116 900 2186 per
951 2092 1339 2184 profectum.
1397 2089 1588 2171 Quod
1635 2089 1810 2157 enim
1855 2089 2137 2179 proficit,
2189 2096 2484 2158 mutatur
2525 2089 2598 2157 in
2649 2089 2921 2158 melius:
2969 2089 3082 2158 sed
3118 2088 3298 2181 quod
3337 2089 3643 2158 divinum
3682 2097 3806 2175 est,
3837 2105 3968 2157 non

782 2216 1102 2278 mutatur.
1154 2207 1345 2289 Quod
1392 2228 1549 2296 ergo
1596 2212 1916 2290 mutatur,
1964 2227 2098 2273 non
2153 2219 2251 2273 est
2295 2204 2626 2273 divinum.
2677 2204 2925 2276 Sensus
2968 2227 3127 2296 ergo
3179 2204 3561 2298 proficiebat
3614 2205 3965 2274 humanus.

782 2324 1067 2394 Sensum
1098 2345 1254 2412 ergo
1316 2322 1596 2413 suscepit
1653 2321 2105 2390 humanum...
2166 2319 2300 2390 Nec
2358 2329 2612 2412 poterat
2666 2320 3020 2390 confortari
3071 2322 3284 2391 virtus
3332 2321 3479 2407 Dei,
3536 2343 3656 2389 nec
3691 2342 3971 2389 crescere

781 2441 980 2525 Deua,
1013 2462 1131 2507 nec
1168 2437 1446 2507 altitudo
1497 2437 1828 2528 sapientiae
1882 2437 2001 2504 Dei
2054 2436 2341 2526 impleri.
2401 2436 2562 2518 Quae
2619 2458 2776 2526 ergo
2831 2437 3254 2528 implebatur,
3314 2445 3456 2506 erat
3504 2460 3643 2506 non
3687 2438 3835 2522 Dei,
3863 2435 3971 2505 sed

782 2564 1001 2626 nostra
1033 2555 1384 2646 sapientia.
1432 2552 1600 2622 Nam
1646 2552 1977 2644 quomodo
2020 2552 2441 2643 implebatur,
2492 2553 2612 2643 qui
2653 2564 2729 2622 ut
2771 2553 2995 2628 omnia
3033 2554 3364 2646 impleret,
3407 2554 3737 2624 descendit
3766 2559 3799 2622 ‘t
3846 2554 3970 2623 Per

779 2697 980 2766 quem
1008 2681 1233 2741 autem
1262 2664 1528 2740 sensum
1554 2669 1724 2738 dixit
1761 2669 1986 2753 Isaias,
2034 2667 2216 2760 quod
2255 2677 2507 2759 patrem
2554 2670 2879 2740 nesciebat
2929 2693 3094 2762 puer
3127 2680 3244 2739 aut
3273 2679 3549 2740 matrem
3575 2676 3608 2739 ‘t
3639 2671 3969 2763 Scriptum

780 2799 877 2860 est
930 2790 1109 2858 enim
1159 2796 1183 2830 ²
1241 2815 1257 2855 :
1317 2786 1715 2876 Priusquam
1789 2785 1963 2853 sciat
2019 2807 2187 2875 puer
2247 2807 2483 2854 vocare
2538 2798 2806 2876 patrem
2872 2799 2992 2856 aut
3043 2799 3327 2859 matrem
3348 2841 3367 2870 ,
3429 2788 3711 2879 accipiet
3764 2787 3969 2879 spolia

781 2905 1136 2974 Samarioe.
1173 2902 1575 2995 Sapientiam
1605 2900 1782 2970 enim
1809 2901 1929 2968 Dei
1956 2901 2187 2969 futura
2211 2908 2278 2969 et
2315 2903 2569 2971 occulta
2614 2925 2749 2972 non
2794 2902 3060 2971 fallunt.
3103 2904 3352 2996 Expers
3377 2911 3599 2973 autem
3621 2903 3969 2993 agnitionis

779 3020 1063 3090 infantia
1085 3072 1104 3105 ,
1161 3042 1278 3111 per
1329 3019 1688 3118 humanam
1745 3017 1990 3108 ,utique
2041 3017 2594 3110 imprudentiam,
2651 3018 2830 3110 quod
2893 3019 3109 3088 adhuc
3175 3040 3311 3089 non
3363 3020 3636 3107 didicit,
3686 3021 3962 3110 ignorat.

784 3135 913 3206 Sed
941 3135 1305 3205 verendum
1333 3143 1453 3220 est,
1488 3133 1764 3226 inquam
1800 3132 1917 3224 (a),
1947 3156 2031 3201 ne
2058 3132 2117 3200 si
2149 3132 2318 3202 duos
2362 3133 2756 3226 principales
2799 3158 3054 3222 sensus,
3084 3143 3201 3205 aut
3225 3136 3560 3225 geminam
3587 3136 3968 3228 sapientiam

781 3251 1040 3323 Christo
1073 3251 1464 3335 tribuamus,
1505 3249 1840 3319 Christum
1883 3248 2280 3319 dividamus.
2323 3249 2668 3342 Numquid
2706 3273 2859 3319 cum
2899 3258 2965 3320 et
3007 3251 3421 3322 divinitatem
3455 3252 3600 3344 ejus
3622 3260 3686 3322 et
3712 3275 3969 3322 carnem

782 3367 1172 3452 adoramus,
1228 3365 1564 3435 Christum
1617 3364 2032 3434 dividimus‘l
2085 3364 2431 3458 Numquid
2502 3389 2654 3435 cum
2730 3368 2803 3436 in
2868 3390 2945 3436 eo
2998 3369 3360 3458 imaginem
3413 3370 3534 3438 Dei
3584 3392 3969 3461 crucemque

781 3505 1205 3568 veneramur,
1283 3481 1644 3550 dividimus
1727 3503 1880 3549 eum
1938 3485 1969 3548 ‘2
2040 3482 2396 3572 Apostolus
2465 3491 2637 3552 certe
2705 3484 2825 3575 qui
2877 3484 2959 3553 de
3012 3507 3090 3553 eo
3164 3485 3334 3553 dixit
3387 3492 3433 3571 ⁸,
3484 3488 3803 3577 quoniam
3855 3485 3972 3555 etsi

783 3600 1143 3691 crucifixus
1182 3611 1279 3667 est
1325 3621 1405 3666 ex
1450 3598 1843 3690 infirmitate
1886 3610 2117 3666 nostra
2156 3598 2266 3688 (b),
2295 3600 2462 3668 vivit
2511 3607 2729 3668 tamen
2785 3622 2865 3668 ex
2901 3599 3148 3668 virtute
3198 3601 3357 3685 Dei,
3386 3600 3526 3692 ipse
3578 3601 3747 3670 dixit
3773 3602 3968 3694 ‘quia

779 3741 915 3799 non
968 3714 1214 3786 divisus
1269 3727 1365 3783 est
1419 3715 1744 3784 Christus.
1794 3714 2140 3805 Numquid
2194 3716 2388 3785 etiam
2448 3738 2600 3787 cum
2654 3715 2971 3801 dicimuS,
3003 3744 3039 3784 α
3063 3717 3224 3808 quia
3273 3718 3564 3789 animam
3588 3718 3967 3788 rationalem

782 3843 848 3904 et
876 3833 1243 3902 intellectus
1269 3831 1473 3900 nostri
1502 3831 1858 3922 susceperit
1893 3853 2220 3922 capacem,
2271 3831 2631 3901 dividimus
2676 3854 2827 3900 eum
2858 3837 2889 3901 ‘l
2928 3832 3077 3902 Non
3106 3833 3283 3902 enim
3310 3834 3447 3926 ipse
3472 3833 3651 3902 Deus
3675 3834 3965 3905 Verbum

783 3972 905 4045 pro
942 3949 1165 4018 anima
1204 3945 1511 4015 rationali
1553 3956 1618 4016 et
1663 3946 2034 4015 intellectus
2075 3947 2295 4039 capaci
2338 3947 2411 4015 in
2457 3969 2652 4016 carne
2706 3970 2827 4017 sua
2867 3948 2995 4018 fuit
3027 3974 3046 4035 ;
3092 3948 3207 4017 sed
3249 3950 3539 4019 animam
3587 3950 3965 4020 rationalem

784 4075 848 4139 et
896 4064 1267 4134 intellectus
1318 4062 1524 4133 nostri
1588 4084 1885 4154 capacem
1907 4114 1926 4146 ,
1984 4070 2050 4129 et
2103 4062 2315 4154 ipsam
2364 4061 2727 4132 humanam
2753 4116 2773 4149 ,
2831 4072 2897 4132 et
2953 4064 3248 4155 ejusdem
3303 4065 3723 4151 substantiae,
3783 4064 3966 4156 cujus

783 4190 1024 4254 nostrae
1060 4186 1218 4249 sunt
1259 4178 1537 4264 animoe3
1570 4186 1635 4246 et
1667 4201 1931 4247 carnem
1973 4187 2210 4248 nostrae
2254 4180 2573 4267 similem,
2605 4178 3055 4272 ejusdemque,
3086 4180 3278 4271 cujus
3302 4202 3453 4251 caro
3481 4190 3579 4249 est
3603 4190 3827 4251 nostra
3859 4181 3960 4271 (c),

783 4296 1168 4367 substantiae
1194 4294 1588 4387 suscipiens,
1615 4295 1936 4385 perfectus
1961 4293 2162 4363 etiam
2188 4294 2389 4369 homo
2415 4294 2567 4364 fuit.
2599 4322 2636 4363 »

701 4430 764 4459 Θ·
878 4412 1037 4483 Haee
1084 4410 1286 4480 verba
1334 4410 1670 4481 Ambrosii
1718 4410 1830 4502 pia
1901 4409 2248 4500 diligentia
2314 4410 2720 4502 inspicienda
2783 4419 2941 4482 sunt
2998 4436 3041 4479 ε·
3075 4434 3225 4505 quae
3295 4435 3379 4487 ex
3448 4420 3633 4505 parte
3684 4411 3965 4483 hominis

787 4526 1228 4618 ignorantiam
1296 4525 1638 4597 instruunt
1699 4534 1766 4595 et
1832 4526 2241 4614 illuminant,
2317 4549 2400 4599 ex
2459 4537 2643 4620 parte
2695 4528 2960 4599 errandi
3034 4528 3333 4599 fomitem
3405 4530 3577 4601 male
3641 4530 3965 4601 intellecta

791 4643 1189 4714 ministrant.
1247 4641 1366 4709 His
1418 4640 1595 4710 enim
1650 4640 1985 4744 evidenter
2030 4643 2337 4733 traditur,
2406 4644 2575 4715 duos
2633 4645 2706 4713 in
2767 4644 3026 4727 Christo
3079 4666 3215 4715 ease
3268 4645 3664 4738 principales
3713 4666 3958 4729 sensus,

786 4760 926 4831 sive
977 4757 1310 4849 geminam
1362 4756 1771 4848 sapientiam.
1829 4755 2059 4850 Neque
2118 4757 2265 4827 ideo
2336 4761 2555 4829 unitas
2625 4767 2690 4829 et
2747 4760 3172 4850 singularitas
3233 4782 3529 4852 personae
3596 4760 3955 4844 dividitur;

784 4876 897 4945 sed
943 4876 1138 4966 juxta
1188 4872 1354 4943 duas
1413 4881 1706 4958 naturas,
1763 4873 1928 4943 duas
1985 4873 2183 4943 habet
2234 4876 2554 4967 sapientia
2594 4900 2610 4944 ε
2671 4899 2877 4949 unam
2925 4898 3060 4951 non
3113 4883 3424 4962 creatam,
3484 4875 3598 4945 sed
3648 4876 3955 4966 genitam,

683 4986 690 4991 ’
783 5014 932 5086 quae
956 4992 1094 5087 ipse
1122 4997 1217 5058 est
1247 5015 1265 5073 ;
1296 4989 1569 5059 alteram
1620 5011 1757 5058 non
1812 4989 2130 5078 genitam,
2188 4990 2301 5059 sed
2347 5000 2655 5078 creatam,
2706 4999 2771 5060 et
2827 5014 2945 5083 per
2996 4991 3278 5082 gratiam
3331 4993 3395 5059 ei
3439 4991 3768 5063 collatam.
3800 4990 3958 5060 Nam

781 5107 979 5177 Isaias
1016 5108 1098 5179 de
1139 5128 1218 5173 eo
1264 5111 1659 5196 protestatur
1699 5117 1720 5151 ⁸
1755 5132 1771 5173 z
1805 5106 2173 5197 Requiescit
2205 5105 2292 5198 (d)
2329 5130 2523 5199 super
2555 5131 2705 5178 eum
2742 5108 3015 5201 spiritus
3069 5106 3419 5199 sapientiae
3455 5108 3952 5206 etUintellectus.
4000 5144 4003 5145 ν

782 5221 1034 5315 Spiritu
1089 5243 1245 5311 ergo
1295 5220 1627 5311 sapientiai
1679 5229 1744 5289 et
1787 5220 2196 5307 intellectus,
2238 5221 2308 5290 id
2353 5231 2483 5311 est,
2515 5224 2836 5316 sapientia
2888 5232 2953 5293 et
3004 5222 3442 5312 intelligentia
3485 5245 3603 5314 per
3644 5222 3958 5314 Spiritum

842 5334 1147 5428 ¹Auibr.,de
1170 5365 1367 5415 lucar-n.
1399 5366 1568 5429 Dour,
1599 5381 1644 5416 c.
1672 5376 1768 5428 vu,
1787 5379 1843 5415 n.
1871 5366 2112 5415 71-76.—
2132 5366 2311 5423 ’Isai.‚
2345 5376 2460 5425 vm,
2479 5368 2636 5417 4.·-8
2658 5367 2700 5416 u
2721 5368 2993 5431 Cm·.,x111,
3010 5367 3365 5429 4.—⁸1cor.,
3391 5378 3427 5428 ι,
3454 5366 3636 5416 13.—⁸
3657 5367 3794 5427 lsai„
3821 5365 3955 5427 11‚2·

839 5456 911 5518 (a)
937 5455 1020 5505 Al.
1045 5454 1232 5518 inquis.
1257 5477 1322 5493 --
1351 5453 1421 5517 (ὁ)
1452 5454 1596 5518 Vulq.
1626 5454 1759 5503 deest
1788 5457 1984 5503 nostra.
2002 5476 2065 5491 —
2084 5454 2146 5517 (c)
2171 5454 2311 5506 Edit.
2358 5456 2473 5505 Ven.
2501 5459 2712 5508 nostrae.
2744 5483 2807 5493 —
2829 5455 2979 5521 vulg.
3009 5457 3309 5521 Requiescal.
