4185 6288
1370 466 1566 535 nls‘r.
1608 465 1737 536 XX.
1781 465 1964 534 ΛΒΤ.
2012 467 2060 532 1.
2109 466 2410 545 QUAEST.
2457 467 2537 533 11.

368 599 477 665 sed
520 618 669 666 cum
699 605 953 684 peccata
978 605 1358 685 reparantur
1390 620 1505 687 per
1530 602 1908 668 satisfactio-

368 725 539 787 nem,
569 707 816 773 malum
844 710 1151 792 punitur;
1182 711 1319 775 sine
1346 710 1785 789 satisfactione,
1816 727 1913 775 re-

364 814 685 898 linquitur
711 817 1102 900 impunitum
1136 841 1152 883 :
1180 837 1339 900 ergo
1384 817 1591 899 magis
1617 820 1912 881 servatur

366 922 523 987 ordo
556 923 828 1004 justitias
853 923 921 988 in
948 925 1347 1008 reparatione
1381 943 1498 1008 per
1536 924 1908 988 satisfactio-

364 1048 546 1111 nem,
577 1050 775 1113 quam
801 1031 941 1097 sine
967 1032 1385 1097 satisfactione
1414 1051 1431 1096 ε
1463 1049 1622 1114 ergo
1648 1050 1762 1116 per
1785 1032 1910 1115 pri·

366 1154 539 1201 mam
566 1139 1067 1222 suppositionem
1093 1140 1203 1205 via
1227 1140 1349 1205 ista
1373 1140 1583 1221 magis
1610 1139 1912 1204 convenit

363 1245 718 1327 reparando
744 1247 968 1328 generi
990 1248 1301 1312 humano.

448 1349 606 1415 Item
677 1353 954 1419 secundo
1016 1355 1316 1437 arguitur
1365 1355 1456 1418 sic
1509 1377 1523 1418 :
1581 1353 1910 1420 Ordinatio

367 1457 768 1542 peccantium
827 1460 898 1524 in
952 1460 1315 1544 suppliciis,
1374 1462 1509 1526 sive
1550 1461 1787 1544 peccati
1840 1461 1909 1525 in

365 1585 575 1649 poena,
596 1568 954 1633 manifestat
977 1568 1271 1633 decorem
1297 1569 1530 1634 divinae
1556 1569 1905 1652 sapientiae,

364 1694 512 1759 quae
552 1694 686 1740 non
729 1677 967 1759 patitur
1008 1678 1387 1743 universum
1428 1697 1512 1742 ex
1549 1678 1764 1761 aliqua
1808 1679 1909 1743 sui

365 1787 543 1865 parte
588 1785 833 1867 turpari
869 1807 884 1848 :
914 1785 1024 1849 sed
1063 1804 1212 1850 cum
1258 1791 1550 1870 peccator
1588 1785 1909 1852 relevatur

366 1908 480 1973 per
545 1890 1032 1956 satisfactionem
1056 1941 1073 1968 ‚
1145 1893 1224 1957 ad
1292 1892 1543 1975 culpam
1613 1894 1909 1977 sequitur

363 2015 555 2081 poena
572 2020 589 2075 ;
612 2016 765 2062 cum
782 2016 936 2063 vero
955 1998 1093 2063 sine
1109 1999 1554 2078 satisfactione,
1576 2001 1764 2083 culpa
1779 2019 1910 2065 non

363 2105 697 2170 ordinatur
741 2107 818 2189 (a)
864 2125 977 2190 per
1034 2125 1324 2190 poenam:
1375 2126 1533 2189 ergo
1594 2109 1907 2192 reparatio

360 2213 616 2293 generis
639 2213 912 2278 humani
943 2232 1056 2298 per
1082 2215 1575 2280 satisfactionem
1602 2217 1746 2298 plus
1764 2236 1910 2281 con-

360 2321 538 2386 venit
577 2321 816 2387 divinae
859 2323 1218 2405 sapientiae,
1262 2342 1459 2406 quam
1504 2324 1641 2389 sine
1685 2346 1700 2389 ε
1749 2343 1907 2407 ergo

359 2447 475 2512 per
497 2429 842 2493 secundam
878 2430 1375 2513 suppositionem
1417 2431 1526 2495 via
1564 2432 1685 2497 ista
1722 2450 1908 2515 repa-

361 2534 543 2600 randi
570 2540 665 2600 est
691 2537 900 2620 magis
926 2554 1215 2610 congrua
1236 2541 1299 2601 et
1323 2537 1553 2603 idonea
1576 2539 1646 2602 in
1671 2559 1759 2603 se.

444 2641 600 2707 Item
635 2643 819 2708 tertio
854 2643 1155 2725 arguitur
1196 2644 1286 2708 sic
1333 2665 1348 2708 ε
1391 2643 1458 2710 Si
1500 2645 1744 2710 malum
1775 2664 1906 2710 non

360 2751 726 2835 puniretur,
758 2755 823 2814 et
865 2751 1336 2834 relinqueretur
1375 2752 1513 2817 sine
1540 2753 1754 2836 aliqua
1797 2772 1906 2817 sa-

358 2858 730 2939 tisfactione,
781 2859 1097 2942 injustitia
1128 2859 1289 2923 nulli
1327 2858 1459 2941 legi
1498 2859 1853 2942 subjaceret
1884 2878 1899 2922 :

357 2970 421 3031 et
443 2967 496 3029 si
523 2966 666 3046 hoc,
693 2966 911 3031 divina
937 2969 1210 3049 potestas
1236 2966 1539 3029 omnibus
1568 2985 1700 3030 non
1730 2983 1900 3048 prae-

357 3074 587 3138 sideret
645 3097 660 3137 t
714 3074 821 3138 sed
878 3091 1029 3137 cum
1081 3090 1200 3156 pro
1258 3080 1512 3156 peccato
1567 3075 1906 3139 satisfactio

356 3182 689 3265 exigatur,
722 3185 1012 3264 peccator
1048 3181 1344 3246 subditur
1376 3199 1585 3264 poenae
1620 3184 1905 3247 auctori-

359 3294 485 3354 tate
522 3288 760 3354 divinae
803 3288 1065 3370 justitias
1117 3310 1131 3353 τ
1172 3306 1330 3371 ergo
1371 3289 1443 3352 in
1485 3289 1674 3354 modo
1716 3308 1902 3374 repa-

357 3397 542 3461 randi
585 3414 794 3478 genus
831 3395 1191 3461 humanum
1232 3413 1347 3479 per
1389 3397 1901 3475 satisfactionem,

358 3505 565 3587 magis
594 3505 901 3588 praelucet
925 3502 1329 3586 praesidentia
1355 3504 1591 3568 divinae
1622 3508 1903 3588 potesta-

356 3613 456 3691 tis,
504 3630 700 3695 quam
747 3630 861 3694 per
897 3610 1090 3674 aliam
1132 3611 1309 3675 viam
1349 3633 1365 3674 ε
1412 3630 1571 3693 ergo
1610 3630 1726 3695 per
1774 3616 1908 3677 ter-

356 3724 510 3787 tiam
540 3721 1046 3807 suppositionem
1083 3719 1193 3783 via
1220 3721 1337 3785 ista
1363 3726 1459 3786 est
1494 3724 1705 3805 magis
1744 3740 1903 3787 con-

353 3848 544 3912 grua.

438 3937 594 4003 Item
627 3940 857 4019 quarto
882 3938 1183 4020 arguitur
1219 3936 1309 4001 sic
1338 3955 1357 4000 t
1391 3936 1719 4016 Peccator,
1749 3956 1900 4003 cum

355 4049 571 4129 peccat
596 4063 711 4127 per
737 4044 1327 4127 praevaricationem
1342 4092 1360 4124 ,
1390 4042 1592 4108 Deum
1625 4044 1902 4110 inhono-

356 4157 453 4218 rat
485 4175 499 4217 :
532 4154 585 4218 si
620 4171 780 4236 ergo
820 4157 1149 4236 peccatum
1176 4152 1604 4216 dimitteretur
1631 4153 1769 4218 sine
1796 4173 1897 4218 sa-

354 4261 727 4338 tisfactione,
773 4263 1102 4343 peccatum
1147 4259 1615 4341 relinqueretur
1663 4259 1901 4342 absque

353 4368 615 4433 honoris
639 4368 828 4432 ablati
856 4365 1438 4449 recompensatione
1458 4386 1475 4445 ;
1508 4384 1658 4430 cum
1683 4370 1899 4431 autem

354 4476 690 4540 satisfactio
727 4476 1033 4553 redditur,
1069 4474 1281 4539 honor
1327 4478 1847 4556 recompensatur
1878 4498 1893 4541 ε

353 4602 512 4665 ergo
539 4584 607 4648 in
636 4582 825 4648 modo
850 4583 1187 4666 reparandi
1214 4582 1546 4646 hominem
1574 4600 1688 4664 per
1716 4583 1901 4646 satis-

350 4691 691 4756 factionem
719 4691 932 4772 magis
966 4693 1263 4754 servatur
1290 4689 1774 4754 honorificentia
1801 4690 1901 4755 di·

353 4798 524 4863 vinae
552 4797 926 4881 Maiestatis,
957 4815 1153 4879 quam
1183 4814 1299 4881 per
1337 4795 1540 4859 alium
1579 4796 1847 4861 modum
1878 4817 1893 4861 τ

354 4923 511 4987 ergo
569 4923 683 4988 per
725 4908 1021 4988 quartam
1070 4902 1571 4987 suppositionem
1618 4903 1739 4966 hac
1792 4905 1900 4970 via

355 5011 765 5094 reparationis
808 5012 1019 5094 magis
1065 5011 1368 5093 congruit
1409 5028 1619 5092 genus
1663 5010 1899 5075 huma-

353 5137 513 5183 num
547 5118 839 5184 relevari.
873 5118 968 5183 Ex
1002 5118 1104 5182 his
1125 5166 1144 5197 ,
1180 5117 1593 5200 ejusdemque
1621 5118 1794 5182 modi
1818 5118 1891 5203 (b)

352 5225 707 5291 rationibus
750 5243 879 5290 non
906 5224 1115 5288 solum
1155 5227 1362 5308 potest
1396 5223 1690 5289 concludi
1724 5226 1897 5309 quod

353 5331 495 5397 haec
518 5333 627 5397 via
650 5331 733 5397 sit
758 5333 969 5414 magis
1004 5331 1325 5415 congrua,
1372 5332 1484 5396 sed
1509 5331 1700 5396 etiam
1726 5333 1897 5415 quod

420 5459 482 5521 (a)
516 5458 596 5507 ΑΙ.
625 5458 906 5507 ordinetur.
936 5483 995 5492 —
1022 5455 1090 5519 (b)
1125 5456 1245 5505 Cat.
1271 5456 1389 5505 edit.
1419 5456 1551 5505 deest
1577 5456 1733 5506 modi.

3448 476 3565 540 m

2018 600 2146 670 alia
2183 621 2311 667 non
2338 606 2706 686 potestesse
2732 621 3029 684 congrua
3070 625 3086 669 :
3119 607 3568 674 verumtamen

2019 728 2152 775 non
2179 716 2330 775 sunt
2366 710 2455 776 ita
2488 711 2773 776 efficaces
2802 711 2884 774 ad
2912 711 3313 795 probandum
3340 732 3568 778 secun-

2018 816 2173 882 dum
2189 867 2207 897 ,
2239 818 2404 883 sicut
2430 819 2509 882 ad
2551 818 2954 901 probandum
2989 820 3295 901 primum.
3328 819 3568 888 Praeter

2017 922 2135 988 has
2162 925 2356 990 etiam
2399 926 2855 1008 congruentias
2891 931 3159 1010 possunt
3199 932 3262 991 et
3286 927 3429 993 aliae
3461 947 3563 993 re-

2018 1032 2236 1115 periri,
2265 1032 2410 1096 licet
2434 1032 2563 1098 illae
2590 1033 2717 1096 sint
2744 1033 2956 1115 magis
2980 1034 3380 1100 excellentes.

2099 1137 2220 1202 Sed
2257 1143 2476 1205 contra
2507 1163 2522 1204 :
2557 1145 2587 1204 1
2601 1188 2616 1206 .
2649 1139 2853 1222 Magis
2896 1139 3074 1206 decet
3112 1140 3317 1206 Deum
3363 1143 3566 1207 facere
3595 1154 3662 1198 Ad
3680 1167 3784 1212 orr-

2017 1247 2190 1328 quod
2231 1247 2447 1329 magis
2487 1248 2635 1312 facit
2679 1247 2761 1312 ad
2805 1247 3232 1313 ostensionem
3277 1267 3413 1315 suae
3461 1250 3570 1315 be-

2016 1354 2349 1436 nignitatis
2402 1359 2464 1420 et
2512 1353 2961 1419 misericordiae
3017 1377 3031 1419 :
3085 1356 3196 1420 sed
3249 1356 3568 1422 dimittere

2017 1466 2273 1544 peccata
2324 1461 2542 1526 omnia
2586 1462 2827 1544 absque
2884 1462 3099 1545 aliqua
3146 1464 3568 1529 satisfactione

2017 1586 2259 1652 pcenae,
2287 1568 2411 1633 hoc
2438 1573 2534 1634 est
2566 1569 2830 1651 majoris
2856 1568 3339 1647 misericordias,
3370 1590 3567 1655 quam

2016 1678 2280 1757 exigere
2331 1693 2447 1759 pro
2491 1675 2619 1739 illis
2653 1693 2914 1758 poenam
2949 1696 2965 1739 :
2997 1675 3053 1740 si
3084 1695 3242 1759 ergo
3282 1677 3446 1744 Deus
3474 1685 3570 1744 est

2019 1782 2645 1848 misericordissimus
2700 1785 2765 1847 et
2812 1781 3315 1865 benignissimus
3335 1832 3353 1862 ,
3409 1788 3567 1853 adeo

2020 1890 2092 1953 ut
2135 1888 2481 1970 benignior
2533 1889 2805 1971 cogitari
2857 1908 2987 1954 non
3032 1890 3268 1973 possit,
3314 1893 3564 1959 videtur

2017 2013 2178 2077 ergo
2218 1994 2388 2078 quod
2434 1995 2666 2060 modus
2713 1995 2819 2060 ille
2873 1997 3253 2080 reparandi,
3309 1999 3422 2081 qui
3474 2003 3571 2063 est

2018 2107 2250 2188 praeter
2291 2103 2803 2181 satisfactionem,
2844 2105 3055 2185 magis
3097 2106 3435 2171 conveniat
3470 2107 3568 2170 di-

2016 2212 2188 2277 vinae
2217 2211 2632 2277 excellentiae.

2097 2325 2157 2385 2.
2189 2318 2347 2383 Item
2390 2320 2619 2384 modus
2654 2320 2761 2384 ille
2795 2320 3006 2402 magis
3043 2320 3339 2386 convenit
3379 2339 3565 2404 repa-

2015 2427 2248 2492 rationi
2293 2428 2550 2509 generis
2580 2427 2883 2507 humani,
2914 2427 3030 2510 qui
3074 2428 3286 2510 magis
3318 2433 3415 2493 est
3457 2447 3567 2495 os·-

2015 2534 2302 2598 tensivus
2328 2533 2567 2598 divinae
2593 2534 2992 2598 sufficientiae
3019 2552 3037 2598 ε
3068 2534 3178 2598 sed
3204 2534 3257 2599 si
3283 2534 3372 2598 sic
3400 2533 3567 2604 Deus

2015 2656 2225 2721 genus
2278 2639 2644 2705 humanum
2685 2646 3046 2722 repararet,
3099 2641 3273 2723 quod
3321 2642 3565 2708 nullam

2014 2747 2366 2830 requireret
2411 2747 2933 2829 satisfactionem,
2978 2749 3189 2830 magis
3232 2753 3566 2832 appareret

2014 2854 2235 2918 divina
2260 2853 2636 2918 sufficientia
2661 2875 2679 2934 ;
2710 2855 3151 2920 ostenderetur
3174 2856 3348 2919 enim
3376 2859 3561 2937 tunc,

2014 2963 2185 3047 quod
2239 2963 2657 3028 emendarum
2713 2967 3078 3028 nostrarum
3126 2968 3190 3028 et
3245 2965 3566 3030 bonorum

2013 3075 2382 3137 nostrorum
2417 3089 2548 3135 non
2593 3071 2911 3155 indigeret
2943 3095 2958 3136 ε
2993 3089 3152 3155 ergo
3195 3071 3424 3137 modus
3461 3091 3562 3137 re-

2014 3181 2282 3264 parandi
2341 3180 2583 3263 absque
2641 3180 2819 3244 omni
2880 3180 3299 3246 satisfactione
3356 3181 3578 3263 magis·

2014 3293 2178 3353 esset
2202 3305 2534 3368 congruus
2557 3286 2844 3351 humano
2875 3288 3120 3367 generi.

2096 3401 2155 3460 3.
2192 3394 2350 3459 Item
2382 3393 2489 3458 ille
2517 3395 2747 3459 modus
2789 3394 3000 3476 magis
3042 3393 3339 3461 convenit
3373 3413 3563 3478 repa-

2013 3503 2246 3568 rationi
2282 3501 2612 3578 humanae,
2658 3500 2773 3584 qui
2819 3501 3032 3583 magis
3080 3507 3175 3565 est
3209 3502 3566 3567 ostensivus

2013 3610 2252 3677 divinae
2279 3610 2577 3694 potentias
2594 3655 2612 3686 ,
2643 3626 2761 3693 pro
2802 3627 2878 3673 eo
2907 3609 3078 3691 quod
3114 3609 3432 3693 reparatio
3472 3615 3567 3675 est

2012 3716 2312 3799 quaedam
2338 3715 2643 3780 recreatio
2673 3715 2820 3779 :sed
2842 3714 2895 3778 si
2923 3714 3093 3780 Deus
3120 3715 3359 3799 absque
3386 3716 3563 3781 omni

2012 3822 2437 3888 satisfactione
2490 3822 2624 3886 solo
2682 3822 2878 3886 verbo
2939 3827 3294 3905 reparasset
3355 3841 3566 3904 genus

2010 3928 2399 4006 humanum,
2433 3928 2597 3993 sicut
2619 3928 2959 3992 fabricavit
2984 3929 3325 4008 mundum,
3357 3931 3484 4014 maj
3493 3948 3566 3995 or

2011 4039 2176 4100 esset
2200 4036 2290 4100 ibi
2317 4035 2556 4100 divinae
2581 4035 2838 4099 virtutis
2864 4036 3140 4101 ostensio
3171 4056 3187 4099 ε
3222 4054 3381 4119 ergo
3421 4054 3561 4101 ma-

2014 4148 2118 4231 gis
2144 4147 2441 4214 convenit
2465 4146 2585 4211 iste
2613 4146 2843 4212 modus
2882 4145 3169 4211 humano
3203 4148 3428 4230 generi
3454 4168 3563 4213 re-

2010 4257 2316 4341 parando.

2090 4373 2151 4431 4.
2186 4366 2342 4432 Item
2370 4365 2489 4432 iste
2526 4364 2757 4429 modus
2793 4364 3001 4446 magis
3035 4364 3335 4430 convenit
3376 4383 3564 4451 repa-

2009 4474 2244 4541 rationi
2271 4473 2525 4556 generis
2546 4472 2841 4550 humani,
2872 4472 2940 4534 in
2967 4490 3099 4555 quo
3128 4472 3324 4538 homo
3350 4475 3561 4557 magis

2010 4583 2389 4664 astringitur
2454 4580 2536 4644 ad
2610 4579 2958 4644 amandum
3027 4583 3091 4643 et
3165 4579 3561 4648 laudandum

2010 4692 2211 4757 Deum
2245 4713 2260 4753 ε
2295 4689 2403 4753 sed
2431 4689 2485 4752 si
2512 4687 2677 4753 Deus
2704 4688 2961 4767 culpam
2982 4687 3230 4752 homini
3256 4689 3557 4772 reliquis-

2008 4804 2108 4865 set
2133 4799 2374 4881 absque
2400 4797 2579 4861 omni
2604 4795 3024 4860 satisfactione
3050 4799 3114 4859 et
3149 4814 3362 4878 poena,
3396 4800 3561 4863 esset

2010 4906 2221 4988 magis
2261 4902 2618 4968 laudandus
2664 4907 2728 4966 et
2766 4902 3081 4966 amandus
3125 4903 3204 4966 ab
3248 4902 3554 4982 homine;

2005 5012 2205 5077 homo
2243 5010 2416 5075 enim
2462 5008 2648 5091 plura
2687 5029 2727 5073 a
2767 5007 2894 5074 Deo
2934 5009 3313 5091 percepisset
3353 5032 3369 5075 z
3399 5028 3558 5093 ergo

2008 5121 2151 5186 talis
2179 5118 2408 5183 modus
2434 5115 2819 5199 reparationi
2844 5115 3151 5180 humanae
3174 5115 3386 5198 magis
3413 5135 3558 5183 con-

2008 5229 2292 5312 grueret.

2088 5339 2149 5399 5.
2182 5332 2339 5397 Item
2382 5330 2610 5394 modus
2648 5327 2754 5393 ille
2794 5328 3005 5411 magis
3035 5332 3338 5413 congruit
3363 5349 3557 5417 repa-

2006 5440 2237 5507 rationi
2270 5436 2529 5521 generis
2558 5435 2829 5502 humani
2848 5483 2866 5516 ,
2897 5436 2970 5500 in
3006 5457 3138 5522 quo
3167 5440 3376 5522 magis
3399 5457 3550 5505 eru-
