4185 6288
705 407 825 473 558

698 541 887 607 nobis
958 539 1107 606 facit
1159 541 1484 623 praeterita
1548 540 1964 607 rememorari
2020 560 2037 603 t
2086 555 2247 620 ergo

698 647 1029 732 amplioris
1053 652 1118 713 et
1141 648 1529 731 perfectioris
1555 648 1822 714 luminis
1861 651 1996 713 erat
2030 649 2200 711 tunc
2224 693 2243 724 ‚

698 773 899 838 quam
921 773 1116 820 nunc.

779 866 844 928 4.
893 861 1051 927 Item
1092 864 1271 926 tanto
1305 862 1578 945 amplior
1622 863 1720 927 est
1759 860 2143 926 illuminatio
2185 863 2253 924 et

698 971 939 1048 major,
970 975 1212 1051 quanto
1239 968 1458 1034 lumen
1487 986 1680 1034 suum
1708 968 1918 1049 magis
1952 983 2248 1032 commu-

698 1075 909 1139 nicat:
952 1076 1061 1141 sed
1109 1077 1267 1140 tides
1307 1077 1713 1159 sequentium
1756 1075 1968 1157 magis
2008 1075 2248 1139 conflr-

699 1188 915 1248 matur
966 1202 1081 1267 per
1128 1184 1320 1248 fidem
1368 1189 1629 1267 patrum
1676 1182 2177 1266 praecedentium
2226 1203 2242 1244 ε

699 1308 860 1371 ergo
908 1308 1060 1354 cum
1108 1291 1353 1373 priores
1400 1290 1871 1355 communicent
1920 1288 2250 1353 illumina·

699 1397 940 1463 tionem
969 1416 1153 1464 suam
1182 1398 1658 1481 posterioribus,
1691 1416 1824 1462 non
1851 1416 1888 1461 e
1914 1413 2245 1476 converse,

700 1505 954 1571 videtur
978 1506 1154 1588 quod
1178 1508 1386 1589 major
1413 1507 1441 1570 f
1441 1507 1609 1572 uerit
1632 1505 1724 1572 eis
1748 1504 2012 1570 luminis
2039 1503 2245 1587 pleni·

700 1616 876 1683 tud0.

1251 1790 1710 1858 CONCLUSIO.

699 1950 856 2008 Fides
885 1951 1167 2009 secumdum
1199 1956 1496 2025 temporum
1522 1954 1891 2009 diversitatem
1919 1953 2085 2008 creuit
2116 1965 2248 2021 quo-

773 2041 848 2097 ad
917 2043 1138 2098 luminis
1198 2042 1633 2114 plenitudinem,
1697 2040 1980 2097 secundum
2048 2044 2251 2096 statum

771 2149 1113 2203 communem,
1197 2138 1423 2204 propter
1498 2135 1751 2187 veritatis
1842 2131 2246 2196 ambitionem,

767 2229 993 2295 propter
1017 2222 1271 2292 majorem
1310 2224 1507 2292 qratiae
1542 2221 1915 2293 diffusionem,
1944 2225 2105 2294 atque
2123 2223 2252 2295 pla-

770 2314 977 2368 niorem
1002 2314 1426 2368 instructionem.

784 2471 969 2557 Resp.
1017 2473 1099 2539 ad
1140 2491 1283 2556 arg.
1313 2472 1665 2539 Dicendum
1692 2474 1865 2556 quod
1892 2471 2247 2538 secundum

701 2579 1131 2646 diversitatem
1177 2587 1541 2665 temporum
1593 2581 1793 2645 erevit
1833 2578 1992 2645 fides
2048 2595 2254 2661 quan·

702 2693 843 2753 tum
885 2689 965 2753 ad
1007 2689 1271 2753 luminis
1310 2688 1799 2774 plenitudinem,
1832 2687 2251 2769 intelligendo

701 2795 780 2862 de
811 2797 937 2861 fide
974 2796 1329 2862 secundum
1368 2800 1606 2861 statum
1648 2812 2083 2861 communem.
2118 2792 2253 2859 Hoc

701 2911 919 2970 autem
961 2922 1094 2969 non
1124 2911 1219 2968 est
1263 2909 1518 2987 propter
1558 2903 1844 2985 ipsorum
1888 2904 2251 2984 temporum

704 3012 1305 3078 transmutationem
1327 3012 1536 3094 primo
1562 3014 1626 3074 et
1651 3008 2111 3092 principaliter,
2143 3006 2254 3072 sed

706 3124 965 3204 propter
990 3120 1274 3187 veritatis
1302 3118 1763 3183 exhibitionem
1779 3164 1796 3195 ‚
1826 3120 2085 3199 propter
2113 3131 2253 3178 ma-

706 3226 913 3309 iorem
949 3228 1175 3308 gratiae
1218 3225 1655 3305 diffusionem,
1697 3227 1954 3306 propter
2005 3222 2254 3304 planio-

707 3352 845 3400 rem
900 3334 1386 3400 instructionem
1435 3355 1450 3397 :
1500 3334 1645 3398 ideo
1689 3331 1864 3396 enim
1925 3329 2252 3394 credentes

704 3445 934 3510 clarius
971 3463 1147 3510 nunc
1173 3464 1279 3523 ea,
1310 3463 1460 3529 quae
1495 3446 1791 3522 eredunt,
1820 3443 2241 3528 cognoscunt,

702 3571 897 3636 quam
924 3553 1281 3637 antiquitus
1304 3551 1798 3634 cognoscebant,
1819 3549 2132 3631 quiajam
2159 3551 2254 3612 est

701 3660 936 3726 veritas
986 3662 1270 3725 exhibita
1312 3679 1425 3744 per
1474 3659 1796 3725 Christum
1816 3705 1837 3735 ,
1863 3658 2008 3739 jam
2057 3655 2252 3719 etiam

701 3768 905 3850 gratia
934 3767 1208 3852 Spiritus
1241 3767 1442 3833 sancti
1470 3767 1747 3850 amplius
1773 3764 2156 3829 diffunditur
2182 3763 2253 3827 in

704 3874 1116 3941 sacramentis
1140 3862 1331 3939 novae
1360 3874 1521 3956 legis
1560 3875 1816 3956 propter
1855 3870 2083 3935 Christi
2112 3888 2252 3934 me-

701 3981 903 4046 ritum
923 4031 940 4059 ,
969 3986 1033 4046 et
1058 3982 1337 4065 pretium
1370 3984 1510 4064 jam
1550 3980 1858 4044 solutum.
1888 3977 2030 4043 «lam
2057 3978 2252 4043 etiam

700 4108 876 4155 nunc
899 4090 1057 4157 fidos
1083 4090 1366 4174 apertius
1408 4088 1821 4173 praedicatur,
1853 4091 1917 4151 et
1944 4086 2207 4152 docetur
2227 4134 2249 4168 ,

699 4198 1032 4282 probatur,
1065 4202 1131 4262 et
1155 4197 1512 4263 defenditur
1543 4214 1657 4276 per
1682 4195 1946 4259 evidens
1977 4193 2254 4278 discipu·

700 4305 915 4371 lorum
951 4306 1179 4370 Christi
1216 4310 1280 4371 et
1312 4306 1454 4387 ejus
1488 4301 1860 4387 sequacium
1898 4299 2248 4366 documen·

699 4419 865 4480 tum.
897 4411 1077 4478 Unde
1114 4411 1530 4478 concedendae
1570 4415 1722 4475 sunt
1763 4408 2063 4489 rationes,
2100 4424 2251 4495 quae

698 4522 824 4588 hoc
849 4520 1215 4587 ostendunt.
2051 4504 2057 4510 ’

782 4637 810 4695 1
826 4678 842 4694 .
872 4629 971 4696 Ad
998 4630 1155 4695 illud
1179 4645 1335 4695 vero
1364 4627 1535 4711 quod
1563 4624 1884 4709 objicitur,
1903 4625 2075 4708 quod
2107 4623 2251 4690 illu-

701 4738 965 4803 minatio
992 4737 1165 4815 fidei,
1195 4741 1258 4800 et
1278 4736 1419 4818 ipsa
1444 4733 1602 4799 tides
1624 4736 1940 4814 estsupra
1965 4734 2246 4814 tempus,

697 4845 1036 4911 dicendum
1065 4842 1235 4926 quod
1262 4843 1406 4906 licet
1432 4840 1514 4903 sit
1538 4855 1733 4922 supra
1759 4843 2012 4923 tempus
2045 4856 2247 4923 quan·

696 4956 836 5017 tum
863 4952 943 5016 ad
971 4950 1286 5016 rationem
1321 4951 1722 5025 moventem,
1754 4946 1911 5029 quia
1948 4946 2250 5011 innititur

1874 400 2497 471 SENTENTIARUM
2536 407 2689 475 ΜΒ.
2731 407 2838 473 111.

2362 538 2450 604 ita
2475 543 2754 624 quodam
2778 541 2969 608 modo
2995 541 3303 626 temporis
3327 543 3733 630 varietatem,
3757 550 3904 634 quia

2357 650 2563 714 status
2602 650 2730 715 viae
2773 648 3128 714 secundum
3171 649 3424 716 diversa
3465 657 3759 738 tempora
3804 674 3906 722 va-

2357 754 2510 820 riari
2539 756 2731 821 habet
2760 780 2776 819 :
2809 761 2872 821 et
2899 757 3062 837 ideo,
3092 759 3261 822 sicut
3287 758 3607 841 videmus,
3639 765 3816 846 quod
3843 764 3908 829 in

2359 881 2493 928 uno
2520 864 2782 929 homine
2821 865 2978 929 fides
3015 865 3242 929 crescit
3259 913 3277 942 ‚
3308 869 3372 931 et
3404 870 3660 951 proficit
3683 873 3904 954 paula-

2358 970 2499 1049 tim,
2531 972 2881 1039 secundum
2911 974 3084 1056 quod
3113 973 3313 1040 homo
3352 977 3565 1058 magis
3601 995 3678 1042 ac
3707 981 3914 1062 magis

2357 1096 2428 1143 se
2453 1080 2727 1163 disponit
2755 1082 2835 1146 ad
2864 1082 3014 1146 fldei
3047 1083 3558 1165 susceptionem,
3587 1086 3681 1150 sic
3723 1088 3912 1151 etiam

2359 1186 2428 1249 in
2473 1186 2739 1254 diversis
2773 1188 3172 1271 temporibus
3197 1190 3463 1271 proiecit
3492 1192 3576 1274 (α)
3611 1193 3777 1258 fides
3813 1213 3912 1258 se-

2359 1293 2647 1360 cundum
2665 1298 2900 1363 statum
2922 1299 3528 1380 communem,quia
3551 1298 3915 1366 secundum

2360 1400 2716 1483 profectum
2743 1405 3111 1484 temporum
3142 1402 3585 1470 efficiebantur
3615 1406 3917 1472 homines

2359 1508 2572 1589 magis
2590 1508 2802 1573 idonei
2829 1509 2911 1573 ad
2940 1509 3376 1593 percipienda,
3405 1516 3471 1577 et
3496 1511 3916 1597 intelligenda

2359 1619 2757 1681 sacramenta
2779 1615 2951 1680 ssdei.

2403 1775 2410 1784 .
2441 1727 2502 1786 2.
2533 1721 2631 1786 Ad
2655 1722 2811 1788 illud
2838 1722 3009 1806 quod
3037 1722 3363 1806 objicitur,
3383 1727 3560 1808 quod
3583 1730 3797 1812 major
3821 1734 3915 1794 est

2359 1828 2742 1895 illuminatio
2787 1846 2936 1913 quae
2984 1830 3347 1897 manifestat
3395 1835 3609 1917 magis
3626 1884 3653 1914 ‚
3705 1837 3912 1902 dicen·

2360 1935 2518 2002 dum
2543 1938 2719 2021 quod
2743 1937 2902 2004 illud
2928 1938 3123 2003 habet
3152 1940 3490 2006 veritatem
3529 1944 3763 2010 ceteris
3795 1963 3911 2030 pa-

2359 2043 2541 2109 ribus
2584 2066 2601 2109 :
2644 2045 2756 2112 sed
2797 2045 3013 2129 aliqua
3064 2046 3456 2116 illuminatio
3504 2051 3669 2117 adeo
3714 2057 3915 2136 potest

2359 2150 2723 2217 illuminare
2759 2152 2841 2217 ad
2881 2153 3233 2220 videndum
3286 2173 3433 2222 rem
3474 2159 3913 2240 manifestam,

2360 2259 2535 2342 quod
2581 2259 2830 2324 excedit
2870 2259 3047 2325 illam
3087 2279 3238 2344 quae
3270 2245 3598 2329 illuminat
3639 2266 3726 2331 ad
3759 2285 3913 2350 cog-

2359 2367 2745 2435 noscendam
2772 2386 2913 2434 rem
2938 2369 3278 2452 occultam,
3303 2370 3472 2437 sicut
3497 2372 3664 2439 visio
3691 2373 3912 2456 patriae

2360 2473 2606 2539 excedit
2631 2475 2848 2541 fldem.
2880 2475 3093 2542 Potest
3114 2477 3308 2542 etiam
3335 2477 3522 2544 aliter
3550 2479 3679 2544 dici
3696 2528 3715 2559 ‚
3743 2480 3913 2563 quod

2360 2582 2685 2648 occultum
2725 2581 2968 2665 aliquid
3016 2583 3250 2648 dicitur
3291 2584 3630 2668 dupliciter
3667 2606 3683 2645 :
3739 2589 3843 2653 vel
3876 2607 3914 2653 a

2359 2693 2540 2772 parte
2569 2691 3015 2772 cognoscentis
3034 2739 3051 2769 ,
3081 2692 3187 2756 vel
3212 2711 3253 2756 a
3279 2695 3457 2775 parte
3484 2693 3581 2759 rei
3610 2695 3908 2777 cognitae.

2305 2855 2311 2863 .
2360 2794 2517 2860 Cum
2549 2814 2708 2878 ergo
2741 2797 2974 2862 dicitur
2997 2798 3169 2881 quod
3210 2801 3420 2883 major
3452 2804 3548 2864 ωε
3586 2799 3912 2866 illumina·

2365 2903 2480 2980 tio,
2506 2921 2657 2986 quae
2696 2904 2843 2967 iacit
2884 2922 3269 2987 cognoscere
3310 2907 3522 2990 magis
3562 2909 3907 2987 occultum,

2360 3010 2701 3074 dicendum
2747 3010 2919 3094 quod
2964 3011 3020 3074 si
3067 3011 3466 3094 intelligatur
3510 3033 3553 3080 a
3594 3021 3780 3098 parte
3821 3015 3911 3081 rei

2361 3117 2636 3200 cognitae
2658 3165 2675 3195 ,
2727 3122 2880 3183 tunc
2929 3117 3124 3185 habet
3173 3120 3506 3185 veritatem
3528 3170 3551 3200 ,
3594 3125 3816 3206 utpote
3860 3123 3913 3189 si

2363 3224 2550 3304 illud,
2577 3225 2753 3308 quod
2783 3230 2920 3290 erat
2948 3226 3295 3309 occultum,
3323 3228 3514 3292 faciat
3538 3230 3753 3312 magis
3777 3248 3908 3295 ma·

2360 3330 2685 3397 nifestum.
2716 3330 2784 3397 Si
2817 3351 2973 3397 vero
2999 3351 3040 3397 a
3065 3338 3244 3417 parte
3284 3337 3732 3417 cognoscentis
3747 3385 3764 3414 ,
3795 3338 3912 3403 hoc

2361 3438 2550 3504 modo
2578 3457 2708 3503 non
2731 3439 2925 3504 habet
2946 3440 3280 3505 veritatem
3303 3446 3407 3507 :et
3431 3444 3523 3507 sic
3550 3448 3649 3508 est
3669 3444 3743 3508 in
3769 3463 3908 3528 pro-

2358 3545 2593 3629 posit0,
2623 3545 2777 3629 quia
2821 3546 2980 3612 fides
3022 3549 3524 3631 praecedentium
3561 3552 3907 3618 adventum

2360 3651 2591 3716 Christi
2621 3672 2752 3718 non
2778 3654 3046 3719 faciebat
3070 3654 3149 3721 de
3176 3657 3393 3739 magis
3421 3659 3670 3724 occulto
3701 3660 3908 3742 magis

2360 3754 2773 3826 manifestum
2789 3810 2810 3841 ,
2847 3761 2981 3826 imo
3007 3763 3183 3845 quod
3208 3769 3347 3829 erat
3371 3766 3695 3831 occultum
3721 3767 3794 3832 in
3819 3786 3905 3846 se,

2358 3870 2729 3934 remanebat
2753 3870 3079 3936 occultum
3103 3870 3226 3954 ipsi
3251 3875 3689 3953 cognoscenti.

2440 3982 2500 4042 3.
2550 3977 2649 4042 Ad
2694 3976 2853 4043 illud
2890 3977 3063 4060 quod
3106 3978 3430 4061 objicitur,
3479 3983 3654 4065 quod
3703 3985 3908 4067 major

2358 4087 2455 4149 est
2480 4083 2859 4150 illuminatio
2888 4102 3038 4167 quae
3069 4085 3219 4150 facit
3251 4104 3779 4170 praecognoscere
3802 4092 3907 4158 fu-

2359 4196 2530 4270 tura,
2579 4208 2776 4274 quam
2828 4209 2979 4275 quae
3021 4192 3169 4258 facit
3210 4199 3632 4263 rememorari
3673 4204 3904 4282 praete-

2358 4297 2506 4377 rita,
2536 4297 2879 4364 dicendum
2906 4300 3078 4381 quod
3102 4317 3336 4367 verum
3374 4307 3470 4368 est
3498 4305 3577 4369 de
3603 4304 3730 4369 illis
3754 4322 3904 4390 prae·

2357 4403 2558 4470 teritis
2571 4454 2589 4486 ,
2637 4423 2786 4488 quae
2822 4407 3156 4490 subjacent
3201 4410 3510 4477 humanae
3554 4413 3907 4479 considera·

2357 4512 2554 4592 tioni;
2587 4514 2667 4580 de
2697 4514 2798 4579 his
2823 4520 3072 4597 autem,
3106 4537 3257 4602 quae
3281 4522 3435 4585 sunt
3468 4540 3669 4605 supra
3708 4524 3904 4590 ratio·

2357 4637 2541 4701 nem,
2586 4622 2921 4688 veritatem
2947 4642 3080 4690 non
3108 4626 3323 4692 habet.
3355 4626 3445 4692 De
3472 4627 3708 4693 talibus
3733 4630 3902 4694 enim

2357 4728 2690 4795 consuevit
2715 4727 2839 4794 dici
2853 4779 2874 4810 ,
2908 4733 3082 4814 quod
3110 4751 3245 4798 non
3269 4737 3365 4799 est
3392 4734 3605 4800 solum
3630 4736 3904 4820 prophe-

2357 4833 2446 4897 tia
2471 4833 3014 4915 futurorum,'sed
3059 4839 3253 4903 etia'm
3281 4841 3792 4923 praeteritorum,
3818 4840 3904 4904 si-

2357 4943 2469 5004 cut
2514 4941 2919 5024 prophetavit
2961 4944 3210 5028 Moyses
3228 4994 3249 5026 ,
3295 4964 3448 5011 cum
3499 4947 3664 5013 dixit
3699 4953 3719 4985 ⁴
3765 4967 3785 5013 ε
3824 4948 3902 5013 In

698 5058 925 5141 primae
963 5057 1214 5122 veritati
1243 5058 1500 5139 propter
1525 5071 1591 5118 se
1615 5076 1632 5133 ;
1680 5057 1898 5118 tamen
1926 5057 2247 5137 quantum
2350 5049 2685 5131 principio
2711 5051 2955 5119 creavit
2988 5053 3156 5119 Deus
3183 5054 3407 5121 coelum
3433 5060 3496 5122 et
3524 5061 3801 5137 πωπω·
3822 5054 3901 5121 Et

701 5165 781 5229 ad
814 5164 1029 5247 ipsum
1067 5162 1456 5228 intellectum
1500 5161 1886 5242 credentem,
1930 5164 1994 5225 et
2038 5177 2251 5225 assen-

703 5268 970 5334 tientem
1004 5268 1367 5333 voluntarie
1390 5316 1407 5346 ,
1438 5265 1696 5350 respicit
1718 5269 1959 5332 statum
1989 5266 2118 5333 viae
2137 5315 2155 5345 ‚
2186 5272 2252 5332 et

767 5394 786 5430 ¹
803 5393 926 5444 Gen.
932 5427 950 5454 ‚
964 5402 1002 5453 1,
1015 5395 1034 5439 1
1049 5390 1148 5440 .-²
1158 5390 1293 5453 Luc„
1313 5404 1347 5454 ι,
1360 5394 1505 5442 ⁴5.—
1517 5390 1588 5453 (a)
1602 5389 1681 5440 Al.
1696 5388 2053 5456 proficit.—(b)
2075 5393 2247 5444 fuerit.

2358 5154 2721 5222 Helisabeth
2740 5162 2763 5196 ³
2798 5161 3043 5228 :Beata
3083 5178 3227 5245 quoe
3259 5162 3646 5245 credidisti,
3674 5171 3798 5230 etc.
3826 5162 3901 5228 Et

2355 5267 2649 5347 respectu
2691 5265 2924 5330 talium
2960 5272 3055 5332 est
3094 5266 3253 5332 fides
3285 5290 3303 5333 τ
3333 5287 3450 5351 per
3491 5270 3688 5336 fldem
3731 5270 3896 5337 enim

2356 5369 2670 5452 creditur,
2699 5373 2874 5455 quod
2908 5373 3075 5440 Deus
3099 5375 3222 5440 fuit
3249 5374 3323 5458 (b)
3351 5376 3555 5443 homo
3584 5395 3807 5461 passus
3834 5382 3897 5442 et
