<?xml version="1.0" encoding="UTF-8"?>
<!DOCTYPE html PUBLIC "-//W3C//DTD XHTML 1.0 Transitional//EN"
    "http://www.w3.org/TR/xhtml1/DTD/xhtml1-transitional.dtd">
<html xmlns="http://www.w3.org/1999/xhtml" xml:lang="en" lang="en">
 <head>
  <title>
</title>
<meta http-equiv="Content-Type" content="text/html;charset=utf-8" />
  <meta name='ocr-system' content='tesseract 3.04.00' />
  <meta name='ocr-capabilities' content='ocr_page ocr_carea ocr_par ocr_line ocrx_word'/>
</head>
<body>
  <div class='ocr_page' id='page_1' title='image "./srecardinalissb01cargoog_0643.png"; bbox 0 0 4185 6288; ppageno 0'>
   <div class='ocr_carea' id='block_1_1' title="bbox 92 1996 291 2041">
    <p class='ocr_par' dir='ltr' id='par_1_1' title="bbox 92 1996 291 2041">
     <span class='ocr_line' id='line_1_1' title="bbox 92 1996 291 2041; baseline -0.005 -1"><span class='ocrx_word' id='word_1_1' title='bbox 92 1996 291 2041; x_wconf 76' lang='lat' dir='ltr'>Fundam.</span> 
     </span>
    </p>
   </div>
   <div class='ocr_carea' id='block_1_2' title="bbox 1288 423 3745 660">
    <p class='ocr_par' dir='ltr' id='par_1_2' title="bbox 1288 423 3745 660">
     <span class='ocr_line' id='line_1_2' title="bbox 1288 423 2582 506; baseline 0.001 -13"><span class='ocrx_word' id='word_1_2' title='bbox 1288 424 1487 493; x_wconf 88' lang='lat' dir='ltr'>DIST.</span> <span class='ocrx_word' id='word_1_3' title='bbox 1532 424 1773 492; x_wconf 80' lang='lat' dir='ltr'>XXVII.</span> <span class='ocrx_word' id='word_1_4' title='bbox 1816 423 1999 491; x_wconf 71' lang='grc' dir='ltr'><strong>ΛΒΤ.</strong></span> <span class='ocrx_word' id='word_1_5' title='bbox 2043 425 2125 491; x_wconf 90' lang='lat'>11.</span> <span class='ocrx_word' id='word_1_6' title='bbox 2169 426 2466 506; x_wconf 76' lang='lat' dir='ltr'>QUAEST.</span> <span class='ocrx_word' id='word_1_7' title='bbox 2512 428 2582 494; x_wconf 78' lang='lat' dir='ltr'>V.</span> 
     </span>
     <span class='ocr_line' id='line_1_3' title="bbox 2071 560 3745 660; baseline 0.013 -36"><span class='ocrx_word' id='word_1_8' title='bbox 2071 560 2196 624; x_wconf 86' lang='lat' dir='ltr'>Sed</span> <span class='ocrx_word' id='word_1_9' title='bbox 2224 567 2446 626; x_wconf 86' lang='lat' dir='ltr'>contra</span> <span class='ocrx_word' id='word_1_10' title='bbox 2475 581 2492 626; x_wconf 74' lang='grc' dir='ltr'><strong><em>ε</em></strong></span> <span class='ocrx_word' id='word_1_11' title='bbox 2526 569 2556 627; x_wconf 77' lang='lat'><strong>1</strong></span> <span class='ocrx_word' id='word_1_12' title='bbox 2572 610 2587 626; x_wconf 95' lang='lat'>.</span> <span class='ocrx_word' id='word_1_13' title='bbox 2628 562 3016 645; x_wconf 79' lang='lat' dir='ltr'>Ber-nardus,</span> <span class='ocrx_word' id='word_1_14' title='bbox 3063 568 3157 634; x_wconf 91' lang='lat' dir='ltr'>De</span> <span class='ocrx_word' id='word_1_15' title='bbox 3185 569 3530 653; x_wconf 75' lang='lat' dir='ltr'>Diliqendo</span> <span class='ocrx_word' id='word_1_16' title='bbox 3561 602 3745 660; x_wconf 61' lang='grc' dir='ltr'><strong>Λαυρ».</strong></span> 
     </span>
    </p>
   </div>
   <div class='ocr_carea' id='block_1_3' title="bbox 323 560 1877 1485">
    <p class='ocr_par' dir='ltr' id='par_1_3' title="bbox 323 560 1877 1485">
     <span class='ocr_line' id='line_1_4' title="bbox 330 560 1875 653; baseline -0.005 -22"><span class='ocrx_word' id='word_1_17' title='bbox 330 563 684 653; x_wconf 84' lang='lat' dir='ltr'>visibilium</span> <span class='ocrx_word' id='word_1_18' title='bbox 726 562 798 626; x_wconf 91' lang='lat' dir='ltr'>in</span> <span class='ocrx_word' id='word_1_19' title='bbox 849 561 1137 628; x_wconf 80' lang='lat' dir='ltr'>amorem</span> <span class='ocrx_word' id='word_1_20' title='bbox 1192 561 1612 627; x_wconf 81' lang='lat' dir='ltr'>invisibilium</span> <span class='ocrx_word' id='word_1_21' title='bbox 1660 560 1875 643; x_wconf 89' lang='lat' dir='ltr'>rapia-</span> 
     </span>
     <span class='ocr_line' id='line_1_5' title="bbox 328 668 1877 751; baseline -0.003 -15"><span class='ocrx_word' id='word_1_22' title='bbox 328 690 495 736; x_wconf 88' lang='lat' dir='ltr'><strong>mur.</strong></span> <span class='ocrx_word' id='word_1_23' title='bbox 556 670 634 735; x_wconf 84' lang='lat' dir='ltr'>Et</span> <span class='ocrx_word' id='word_1_24' title='bbox 677 668 1030 734; x_wconf 86' lang='lat' dir='ltr'>secundum</span> <span class='ocrx_word' id='word_1_25' title='bbox 1078 670 1248 733; x_wconf 87' lang='lat' dir='ltr'>hanc</span> <span class='ocrx_word' id='word_1_26' title='bbox 1304 668 1479 733; x_wconf 86' lang='lat' dir='ltr'>viam</span> <span class='ocrx_word' id='word_1_27' title='bbox 1522 668 1877 751; x_wconf 88' lang='lat' dir='ltr'>procedunt</span> 
     </span>
     <span class='ocr_line' id='line_1_6' title="bbox 326 775 1873 859; baseline -0.003 -17"><span class='ocrx_word' id='word_1_28' title='bbox 326 779 599 843; x_wconf 60' lang='lat' dir='ltr'>rationes</span> <span class='ocrx_word' id='word_1_29' title='bbox 620 825 639 855; x_wconf 85' lang='lat'>,</span> <span class='ocrx_word' id='word_1_30' title='bbox 686 793 834 859; x_wconf 83' lang='lat' dir='ltr'>quae</span> <span class='ocrx_word' id='word_1_31' title='bbox 876 777 957 841; x_wconf 87' lang='lat' dir='ltr'>ad</span> <span class='ocrx_word' id='word_1_32' title='bbox 1001 776 1354 858; x_wconf 85' lang='lat' dir='ltr'>oppositam</span> <span class='ocrx_word' id='word_1_33' title='bbox 1398 779 1644 858; x_wconf 85' lang='lat' dir='ltr'>partem</span> <span class='ocrx_word' id='word_1_34' title='bbox 1684 775 1873 838; x_wconf 88' lang='lat' dir='ltr'>indu-</span> 
     </span>
     <span class='ocr_line' id='line_1_7' title="bbox 328 883 1873 967; baseline -0.002 -17"><span class='ocrx_word' id='word_1_35' title='bbox 328 889 593 965; x_wconf 78' lang='lat' dir='ltr'>cuntur,</span> <span class='ocrx_word' id='word_1_36' title='bbox 631 884 798 949; x_wconf 86' lang='lat' dir='ltr'>sicut</span> <span class='ocrx_word' id='word_1_37' title='bbox 824 888 994 967; x_wconf 83' lang='lat' dir='ltr'>patet</span> <span class='ocrx_word' id='word_1_38' title='bbox 1020 884 1368 967; x_wconf 84' lang='lat' dir='ltr'>aspicienti.</span> <span class='ocrx_word' id='word_1_39' title='bbox 1402 883 1498 948; x_wconf 87' lang='lat' dir='ltr'>Ex</span> <span class='ocrx_word' id='word_1_40' title='bbox 1526 883 1630 948; x_wconf 92' lang='lat' dir='ltr'>his</span> <span class='ocrx_word' id='word_1_41' title='bbox 1666 883 1873 965; x_wconf 82' lang='lat' dir='ltr'>igitur</span> 
     </span>
     <span class='ocr_line' id='line_1_8' title="bbox 327 991 1873 1076; baseline -0.002 -19"><span class='ocrx_word' id='word_1_42' title='bbox 327 996 499 1076; x_wconf 89' lang='lat' dir='ltr'>patet</span> <span class='ocrx_word' id='word_1_43' title='bbox 549 991 880 1075; x_wconf 81' lang='lat' dir='ltr'>responsio</span> <span class='ocrx_word' id='word_1_44' title='bbox 929 991 1010 1055; x_wconf 93' lang='lat' dir='ltr'>ad</span> <span class='ocrx_word' id='word_1_45' title='bbox 1058 991 1338 1056; x_wconf 88' lang='lat' dir='ltr'>rationes</span> <span class='ocrx_word' id='word_1_46' title='bbox 1396 991 1478 1055; x_wconf 86' lang='lat' dir='ltr'>ad</span> <span class='ocrx_word' id='word_1_47' title='bbox 1529 995 1873 1073; x_wconf 87' lang='lat' dir='ltr'>utramque</span> 
     </span>
     <span class='ocr_line' id='line_1_9' title="bbox 325 1098 1868 1182; baseline -0.004 -17"><span class='ocrx_word' id='word_1_48' title='bbox 325 1105 573 1182; x_wconf 69' lang='lat' dir='ltr'>partem</span> <span class='ocrx_word' id='word_1_49' title='bbox 618 1099 921 1164; x_wconf 86' lang='lat' dir='ltr'>adductas</span> <span class='ocrx_word' id='word_1_50' title='bbox 966 1121 981 1163; x_wconf 92' lang='lat'>:</span> <span class='ocrx_word' id='word_1_51' title='bbox 1028 1099 1381 1182; x_wconf 84' lang='lat' dir='ltr'>procedunt</span> <span class='ocrx_word' id='word_1_52' title='bbox 1409 1098 1584 1162; x_wconf 91' lang='lat' dir='ltr'>enim</span> <span class='ocrx_word' id='word_1_53' title='bbox 1641 1115 1868 1160; x_wconf 90' lang='lat' dir='ltr'>secun-</span> 
     </span>
     <span class='ocr_line' id='line_1_10' title="bbox 324 1206 1873 1289; baseline -0.003 -17"><span class='ocrx_word' id='word_1_54' title='bbox 324 1206 480 1272; x_wconf 90' lang='lat' dir='ltr'>dum</span> <span class='ocrx_word' id='word_1_55' title='bbox 510 1206 793 1271; x_wconf 83' lang='lat' dir='ltr'>diversas</span> <span class='ocrx_word' id='word_1_56' title='bbox 815 1206 974 1286; x_wconf 62' lang='lat' dir='ltr'>vim,</span> <span class='ocrx_word' id='word_1_57' title='bbox 1004 1206 1356 1272; x_wconf 89' lang='lat' dir='ltr'>secundum</span> <span class='ocrx_word' id='word_1_58' title='bbox 1388 1223 1552 1289; x_wconf 89' lang='lat' dir='ltr'>quas</span> <span class='ocrx_word' id='word_1_59' title='bbox 1579 1208 1873 1287; x_wconf 80' lang='lat' dir='ltr'>utraeque</span> 
     </span>
     <span class='ocr_line' id='line_1_11' title="bbox 323 1311 1870 1396; baseline -0.003 -19"><span class='ocrx_word' id='word_1_60' title='bbox 323 1330 555 1377; x_wconf 84' lang='lat' dir='ltr'>verum</span> <span class='ocrx_word' id='word_1_61' title='bbox 582 1311 1006 1391; x_wconf 85' lang='lat' dir='ltr'>concludunt,</span> <span class='ocrx_word' id='word_1_62' title='bbox 1040 1313 1209 1377; x_wconf 87' lang='lat' dir='ltr'>sicut</span> <span class='ocrx_word' id='word_1_63' title='bbox 1246 1316 1418 1396; x_wconf 85' lang='lat' dir='ltr'>patet</span> <span class='ocrx_word' id='word_1_64' title='bbox 1453 1330 1536 1376; x_wconf 84' lang='lat' dir='ltr'>ex</span> <span class='ocrx_word' id='word_1_65' title='bbox 1578 1311 1678 1375; x_wconf 85' lang='lat' dir='ltr'>his</span> <span class='ocrx_word' id='word_1_66' title='bbox 1720 1327 1870 1394; x_wconf 80' lang='lat' dir='ltr'>quae</span> 
     </span>
     <span class='ocr_line' id='line_1_12' title="bbox 327 1419 694 1485; baseline -0.005 -2"><span class='ocrx_word' id='word_1_67' title='bbox 327 1419 495 1484; x_wconf 87' lang='lat' dir='ltr'>dicta</span> <span class='ocrx_word' id='word_1_68' title='bbox 520 1424 694 1485; x_wconf 88' lang='lat' dir='ltr'>sunt.</span> 
     </span>
    </p>
   </div>
   <div class='ocr_carea' id='block_1_4' title="bbox 404 1635 1795 1851">
    <p class='ocr_par' dir='ltr' id='par_1_4' title="bbox 404 1635 1795 1851">
     <span class='ocr_line' id='line_1_13' title="bbox 866 1635 1345 1715; baseline -0.004 -13"><span class='ocrx_word' id='word_1_69' title='bbox 866 1635 1227 1715; x_wconf 85' lang='lat' dir='ltr'><strong>QUAESTIO</strong></span> <span class='ocrx_word' id='word_1_70' title='bbox 1268 1635 1345 1700; x_wconf 80' lang='lat' dir='ltr'>V.</span> 
     </span>
     <span class='ocr_line' id='line_1_14' title="bbox 404 1790 1795 1851; baseline -0.002 0"><span class='ocrx_word' id='word_1_71' title='bbox 404 1795 496 1851; x_wconf 75' lang='lat' dir='ltr'>An</span> <span class='ocrx_word' id='word_1_72' title='bbox 522 1800 672 1850; x_wconf 68' lang='lat' dir='ltr'>aenas</span> <span class='ocrx_word' id='word_1_73' title='bbox 697 1794 1001 1851; x_wconf 76' lang='lat' dir='ltr'>dilectionis</span> <span class='ocrx_word' id='word_1_74' title='bbox 1019 1798 1080 1851; x_wconf 85' lang='lat' dir='ltr'>in</span> <span class='ocrx_word' id='word_1_75' title='bbox 1102 1797 1268 1851; x_wconf 79' lang='lat' dir='ltr'>Deum</span> <span class='ocrx_word' id='word_1_76' title='bbox 1295 1793 1491 1849; x_wconf 77' lang='lat' dir='ltr'>habeat</span> <span class='ocrx_word' id='word_1_77' title='bbox 1515 1791 1731 1849; x_wconf 80' lang='lat' dir='ltr'>modum</span> <span class='ocrx_word' id='word_1_78' title='bbox 1759 1790 1795 1847; x_wconf 90' lang='lat'>¹.</span> 
     </span>
    </p>
   </div>
   <div class='ocr_carea' id='block_1_5' title="bbox 309 1951 1873 3328">
    <p class='ocr_par' dir='ltr' id='par_1_5' title="bbox 315 1951 1873 2669">
     <span class='ocr_line' id='line_1_15' title="bbox 410 1951 1873 2019; baseline -0.002 0"><span class='ocrx_word' id='word_1_79' title='bbox 410 1952 643 2019; x_wconf 82' lang='lat' dir='ltr'>Utrum</span> <span class='ocrx_word' id='word_1_80' title='bbox 683 1959 862 2019; x_wconf 89' lang='lat' dir='ltr'>actus</span> <span class='ocrx_word' id='word_1_81' title='bbox 899 1954 1249 2018; x_wconf 83' lang='lat' dir='ltr'>dilectionis</span> <span class='ocrx_word' id='word_1_82' title='bbox 1293 1954 1360 2017; x_wconf 90' lang='lat' dir='ltr'>in</span> <span class='ocrx_word' id='word_1_83' title='bbox 1402 1952 1605 2017; x_wconf 91' lang='lat' dir='ltr'>Deum</span> <span class='ocrx_word' id='word_1_84' title='bbox 1643 1951 1873 2016; x_wconf 85' lang='lat' dir='ltr'>habeat</span> 
     </span>
     <span class='ocr_line' id='line_1_16' title="bbox 325 2060 1872 2148; baseline 0.001 -23"><span class='ocrx_word' id='word_1_85' title='bbox 325 2062 629 2140; x_wconf 90' lang='lat' dir='ltr'>modum;</span> <span class='ocrx_word' id='word_1_86' title='bbox 662 2066 727 2125; x_wconf 84' lang='lat' dir='ltr'>et</span> <span class='ocrx_word' id='word_1_87' title='bbox 766 2061 937 2145; x_wconf 89' lang='lat' dir='ltr'>quod</span> <span class='ocrx_word' id='word_1_88' title='bbox 973 2062 1095 2140; x_wconf 87' lang='lat' dir='ltr'>sic,</span> <span class='ocrx_word' id='word_1_89' title='bbox 1144 2060 1441 2126; x_wconf 85' lang='lat' dir='ltr'>videtur¹</span> <span class='ocrx_word' id='word_1_90' title='bbox 1473 2083 1490 2124; x_wconf 89' lang='lat'>:</span> <span class='ocrx_word' id='word_1_91' title='bbox 1527 2062 1757 2126; x_wconf 85' lang='lat' dir='ltr'>Omnia</span> <span class='ocrx_word' id='word_1_92' title='bbox 1796 2062 1872 2148; x_wconf 65' lang='lat' dir='ltr'>in</span> 
     </span>
     <span class='ocr_line' id='line_1_17' title="bbox 325 2167 1866 2251; baseline -0.002 -15"><span class='ocrx_word' id='word_1_93' title='bbox 325 2187 613 2251; x_wconf 75' lang='lat' dir='ltr'>numere),</span> <span class='ocrx_word' id='word_1_94' title='bbox 636 2176 696 2238; x_wconf 88' lang='lat' dir='ltr'>et</span> <span class='ocrx_word' id='word_1_95' title='bbox 722 2186 1047 2248; x_wconf 80' lang='lat' dir='ltr'>mensura,</span> <span class='ocrx_word' id='word_1_96' title='bbox 1067 2175 1130 2235; x_wconf 90' lang='lat' dir='ltr'>et</span> <span class='ocrx_word' id='word_1_97' title='bbox 1149 2168 1427 2251; x_wconf 79' lang='lat' dir='ltr'>pondere</span> <span class='ocrx_word' id='word_1_98' title='bbox 1453 2167 1866 2251; x_wconf 71' lang='lat' dir='ltr'>disposuisti,</span> 
     </span>
     <span class='ocr_line' id='line_1_18' title="bbox 321 2277 1868 2361; baseline -0.003 -18"><span class='ocrx_word' id='word_1_99' title='bbox 321 2279 596 2345; x_wconf 78' lang='lat' dir='ltr'>Domine</span> <span class='ocrx_word' id='word_1_100' title='bbox 638 2296 657 2342; x_wconf 71' lang='grc' dir='ltr'><strong>ε</strong></span> <span class='ocrx_word' id='word_1_101' title='bbox 704 2297 863 2361; x_wconf 81' lang='lat' dir='ltr'>ergo</span> <span class='ocrx_word' id='word_1_102' title='bbox 910 2284 1125 2343; x_wconf 88' lang='lat' dir='ltr'>motus</span> <span class='ocrx_word' id='word_1_103' title='bbox 1177 2277 1504 2342; x_wconf 87' lang='lat' dir='ltr'>charitatis</span> <span class='ocrx_word' id='word_1_104' title='bbox 1551 2278 1621 2341; x_wconf 90' lang='lat' dir='ltr'>in</span> <span class='ocrx_word' id='word_1_105' title='bbox 1667 2277 1868 2340; x_wconf 86' lang='lat' dir='ltr'>Deum</span> 
     </span>
     <span class='ocr_line' id='line_1_19' title="bbox 318 2384 1866 2466; baseline -0.002 -17"><span class='ocrx_word' id='word_1_106' title='bbox 318 2403 690 2449; x_wconf 87' lang='lat' dir='ltr'>mensuram</span> <span class='ocrx_word' id='word_1_107' title='bbox 716 2386 911 2450; x_wconf 84' lang='lat' dir='ltr'>habet</span> <span class='ocrx_word' id='word_1_108' title='bbox 934 2409 951 2464; x_wconf 90' lang='lat'>;</span> <span class='ocrx_word' id='word_1_109' title='bbox 976 2391 1036 2450; x_wconf 88' lang='lat' dir='ltr'>et</span> <span class='ocrx_word' id='word_1_110' title='bbox 1055 2403 1247 2466; x_wconf 86' lang='lat' dir='ltr'>omne</span> <span class='ocrx_word' id='word_1_111' title='bbox 1274 2385 1443 2464; x_wconf 83' lang='lat' dir='ltr'>quod</span> <span class='ocrx_word' id='word_1_112' title='bbox 1468 2384 1662 2448; x_wconf 85' lang='lat' dir='ltr'>habet</span> <span class='ocrx_word' id='word_1_113' title='bbox 1688 2402 1866 2447; x_wconf 87' lang='lat' dir='ltr'>men-</span> 
     </span>
     <span class='ocr_line' id='line_1_20' title="bbox 315 2497 1868 2576; baseline -0.001 -16"><span class='ocrx_word' id='word_1_114' title='bbox 315 2513 563 2576; x_wconf 86' lang='lat' dir='ltr'>suram,</span> <span class='ocrx_word' id='word_1_115' title='bbox 589 2497 783 2560; x_wconf 87' lang='lat' dir='ltr'>habet</span> <span class='ocrx_word' id='word_1_116' title='bbox 808 2497 1072 2561; x_wconf 89' lang='lat' dir='ltr'>modum</span> <span class='ocrx_word' id='word_1_117' title='bbox 1102 2517 1118 2560; x_wconf 73' lang='grc' dir='ltr'>ε</span> <span class='ocrx_word' id='word_1_118' title='bbox 1150 2513 1308 2576; x_wconf 82' lang='lat' dir='ltr'>ergo</span> <span class='ocrx_word' id='word_1_119' title='bbox 1333 2513 1589 2559; x_wconf 86' lang='lat' dir='ltr'>neeesse</span> <span class='ocrx_word' id='word_1_120' title='bbox 1613 2499 1709 2558; x_wconf 85' lang='lat' dir='ltr'>est</span> <span class='ocrx_word' id='word_1_121' title='bbox 1731 2513 1868 2559; x_wconf 92' lang='lat' dir='ltr'>mo-</span> 
     </span>
     <span class='ocr_line' id='line_1_21' title="bbox 315 2602 1861 2669; baseline -0.001 -3"><span class='ocrx_word' id='word_1_122' title='bbox 315 2607 456 2668; x_wconf 88' lang='lat' dir='ltr'>tum</span> <span class='ocrx_word' id='word_1_123' title='bbox 497 2604 847 2669; x_wconf 83' lang='lat' dir='ltr'>dilectionis</span> <span class='ocrx_word' id='word_1_124' title='bbox 883 2603 952 2666; x_wconf 91' lang='lat' dir='ltr'>in</span> <span class='ocrx_word' id='word_1_125' title='bbox 992 2602 1198 2667; x_wconf 88' lang='lat' dir='ltr'>Deum</span> <span class='ocrx_word' id='word_1_126' title='bbox 1227 2621 1361 2666; x_wconf 87' lang='lat' dir='ltr'>esse</span> <span class='ocrx_word' id='word_1_127' title='bbox 1403 2602 1861 2666; x_wconf 85' lang='lat' dir='ltr'>modificatum.</span> 
     </span>
    </p>

    <p class='ocr_par' dir='ltr' id='par_1_6' title="bbox 309 2708 1867 3328">
     <span class='ocr_line' id='line_1_22' title="bbox 399 2708 1867 2786; baseline -0.002 -13"><span class='ocrx_word' id='word_1_128' title='bbox 399 2709 561 2777; x_wconf 73' lang='lat' dir='ltr'>Item</span> <span class='ocrx_word' id='word_1_129' title='bbox 607 2728 790 2775; x_wconf 85' lang='lat' dir='ltr'>omne</span> <span class='ocrx_word' id='word_1_130' title='bbox 838 2710 1095 2774; x_wconf 79' lang='lat' dir='ltr'>finitum</span> <span class='ocrx_word' id='word_1_131' title='bbox 1154 2714 1248 2772; x_wconf 88' lang='lat' dir='ltr'>est</span> <span class='ocrx_word' id='word_1_132' title='bbox 1298 2708 1712 2772; x_wconf 85' lang='lat' dir='ltr'>terminatum</span> <span class='ocrx_word' id='word_1_133' title='bbox 1737 2755 1755 2786; x_wconf 89' lang='lat'>,</span> <span class='ocrx_word' id='word_1_134' title='bbox 1805 2711 1867 2770; x_wconf 90' lang='lat' dir='ltr'>et</span> 
     </span>
     <span class='ocr_line' id='line_1_23' title="bbox 315 2817 1865 2893; baseline -0.001 -14"><span class='ocrx_word' id='word_1_135' title='bbox 315 2833 512 2881; x_wconf 90' lang='lat' dir='ltr'>omne</span> <span class='ocrx_word' id='word_1_136' title='bbox 540 2817 956 2880; x_wconf 88' lang='lat' dir='ltr'>terminatum</span> <span class='ocrx_word' id='word_1_137' title='bbox 985 2821 1081 2880; x_wconf 84' lang='lat' dir='ltr'>est</span> <span class='ocrx_word' id='word_1_138' title='bbox 1107 2819 1574 2893; x_wconf 88' lang='lat' dir='ltr'>mensuratum,</span> <span class='ocrx_word' id='word_1_139' title='bbox 1592 2819 1654 2878; x_wconf 82' lang='lat' dir='ltr'>et</span> <span class='ocrx_word' id='word_1_140' title='bbox 1675 2832 1865 2878; x_wconf 85' lang='lat' dir='ltr'>omne</span> 
     </span>
     <span class='ocr_line' id='line_1_24' title="bbox 312 2922 1864 3005; baseline -0.001 -18"><span class='ocrx_word' id='word_1_141' title='bbox 312 2923 435 2988; x_wconf 87' lang='lat' dir='ltr'>tale</span> <span class='ocrx_word' id='word_1_142' title='bbox 461 2929 563 2988; x_wconf 86' lang='lat' dir='ltr'>est</span> <span class='ocrx_word' id='word_1_143' title='bbox 605 2923 1041 2988; x_wconf 82' lang='lat' dir='ltr'>modificatum</span> <span class='ocrx_word' id='word_1_144' title='bbox 1075 2944 1091 2985; x_wconf 76' lang='grc' dir='ltr'>ε</span> <span class='ocrx_word' id='word_1_145' title='bbox 1123 2941 1283 3003; x_wconf 79' lang='lat' dir='ltr'>ergo</span> <span class='ocrx_word' id='word_1_146' title='bbox 1316 2942 1357 2986; x_wconf 87' lang='lat' dir='ltr'>a</span> <span class='ocrx_word' id='word_1_147' title='bbox 1393 2922 1603 3005; x_wconf 89' lang='lat' dir='ltr'>primo</span> <span class='ocrx_word' id='word_1_148' title='bbox 1624 2969 1644 3000; x_wconf 93' lang='lat'><strong><em>,</em></strong></span> <span class='ocrx_word' id='word_1_149' title='bbox 1673 2940 1864 2986; x_wconf 89' lang='lat' dir='ltr'>omne</span> 
     </span>
     <span class='ocr_line' id='line_1_25' title="bbox 310 3029 1864 3097; baseline -0.001 -3"><span class='ocrx_word' id='word_1_150' title='bbox 310 3031 568 3097; x_wconf 84' lang='lat' dir='ltr'>finitum</span> <span class='ocrx_word' id='word_1_151' title='bbox 595 3031 790 3096; x_wconf 86' lang='lat' dir='ltr'>hahet</span> <span class='ocrx_word' id='word_1_152' title='bbox 820 3031 1086 3096; x_wconf 90' lang='lat' dir='ltr'>modum</span> <span class='ocrx_word' id='word_1_153' title='bbox 1118 3051 1133 3093; x_wconf 72' lang='grc' dir='ltr'>ε</span> <span class='ocrx_word' id='word_1_154' title='bbox 1162 3031 1268 3093; x_wconf 89' lang='lat' dir='ltr'>sed</span> <span class='ocrx_word' id='word_1_155' title='bbox 1300 3035 1512 3093; x_wconf 90' lang='lat' dir='ltr'>motus</span> <span class='ocrx_word' id='word_1_156' title='bbox 1539 3029 1864 3093; x_wconf 88' lang='lat' dir='ltr'>charitatis</span> 
     </span>
     <span class='ocr_line' id='line_1_26' title="bbox 311 3136 1866 3216; baseline -0.001 -15"><span class='ocrx_word' id='word_1_157' title='bbox 311 3138 382 3202; x_wconf 92' lang='lat' dir='ltr'>in</span> <span class='ocrx_word' id='word_1_158' title='bbox 422 3136 635 3202; x_wconf 89' lang='lat' dir='ltr'>Deum</span> <span class='ocrx_word' id='word_1_159' title='bbox 671 3141 766 3203; x_wconf 84' lang='lat' dir='ltr'>est</span> <span class='ocrx_word' id='word_1_160' title='bbox 801 3137 1050 3214; x_wconf 75' lang='lat' dir='ltr'>finitu5‚</span> <span class='ocrx_word' id='word_1_161' title='bbox 1095 3155 1245 3201; x_wconf 90' lang='lat' dir='ltr'>cum</span> <span class='ocrx_word' id='word_1_162' title='bbox 1290 3137 1372 3200; x_wconf 89' lang='lat' dir='ltr'>sit</span> <span class='ocrx_word' id='word_1_163' title='bbox 1414 3139 1705 3216; x_wconf 82' lang='lat' dir='ltr'>creatuS,</span> <span class='ocrx_word' id='word_1_164' title='bbox 1738 3140 1803 3200; x_wconf 82' lang='lat' dir='ltr'>et</span> <span class='ocrx_word' id='word_1_165' title='bbox 1826 3155 1866 3200; x_wconf 86' lang='lat' dir='ltr'>a</span> 
     </span>
     <span class='ocr_line' id='line_1_27' title="bbox 309 3244 1861 3328; baseline 0.001 -21"><span class='ocrx_word' id='word_1_166' title='bbox 309 3246 552 3310; x_wconf 79' lang='lat' dir='ltr'>virtute</span> <span class='ocrx_word' id='word_1_167' title='bbox 590 3246 772 3309; x_wconf 80' lang='lat' dir='ltr'>finita</span> <span class='ocrx_word' id='word_1_168' title='bbox 803 3266 818 3310; x_wconf 76' lang='grc' dir='ltr'>ε</span> <span class='ocrx_word' id='word_1_169' title='bbox 867 3263 1026 3326; x_wconf 84' lang='lat' dir='ltr'>ergo</span> <span class='ocrx_word' id='word_1_170' title='bbox 1066 3262 1321 3309; x_wconf 87' lang='lat' dir='ltr'>necesse</span> <span class='ocrx_word' id='word_1_171' title='bbox 1360 3249 1455 3308; x_wconf 85' lang='lat' dir='ltr'>est</span> <span class='ocrx_word' id='word_1_172' title='bbox 1498 3244 1708 3328; x_wconf 92' lang='lat' dir='ltr'>ipsum</span> <span class='ocrx_word' id='word_1_173' title='bbox 1737 3245 1861 3308; x_wconf 89' lang='lat' dir='ltr'>ha-</span> 
     </span>
    </p>
   </div>
   <div class='ocr_carea' id='block_1_6' title="bbox 311 3352 1864 3543">
    <p class='ocr_par' dir='ltr' id='par_1_7' title="bbox 311 3352 1864 3543">
     <span class='ocr_line' id='line_1_28' title="bbox 311 3352 783 3418; baseline -0.004 0"><span class='ocrx_word' id='word_1_174' title='bbox 311 3352 463 3418; x_wconf 85' lang='lat' dir='ltr'>bere</span> <span class='ocrx_word' id='word_1_175' title='bbox 495 3353 783 3418; x_wconf 90' lang='lat' dir='ltr'>modum.</span> 
     </span>
     <span class='ocr_line' id='line_1_29' title="bbox 391 3457 1864 3543; baseline -0.002 -19"><span class='ocrx_word' id='word_1_176' title='bbox 391 3461 556 3526; x_wconf 87' lang='lat' dir='ltr'>Item</span> <span class='ocrx_word' id='word_1_177' title='bbox 583 3459 893 3543; x_wconf 89' lang='lat' dir='ltr'>sapientia</span> <span class='ocrx_word' id='word_1_178' title='bbox 915 3462 1011 3523; x_wconf 89' lang='lat' dir='ltr'>est</span> <span class='ocrx_word' id='word_1_179' title='bbox 1033 3477 1229 3541; x_wconf 85' lang='lat' dir='ltr'>supra</span> <span class='ocrx_word' id='word_1_180' title='bbox 1257 3457 1630 3522; x_wconf 85' lang='lat' dir='ltr'>charitatem</span> <span class='ocrx_word' id='word_1_181' title='bbox 1652 3506 1671 3537; x_wconf 90' lang='lat'><strong>‚</strong></span> <span class='ocrx_word' id='word_1_182' title='bbox 1699 3458 1864 3523; x_wconf 84' lang='lat' dir='ltr'>sicut</span> 
     </span>
    </p>
   </div>
   <div class='ocr_carea' id='block_1_7' title="bbox 303 3565 1861 4932">
    <p class='ocr_par' dir='ltr' id='par_1_8' title="bbox 303 3565 1861 4397">
     <span class='ocr_line' id='line_1_30' title="bbox 309 3565 1857 3644; baseline -0.002 -11"><span class='ocrx_word' id='word_1_183' title='bbox 309 3567 459 3633; x_wconf 82' lang='lat' dir='ltr'>dicit</span> <span class='ocrx_word' id='word_1_184' title='bbox 507 3565 870 3631; x_wconf 74' lang='lat' dir='ltr'>Bet-nardus</span> <span class='ocrx_word' id='word_1_185' title='bbox 904 3566 927 3601; x_wconf 80' lang='lat'>⁸</span> <span class='ocrx_word' id='word_1_186' title='bbox 968 3566 1036 3629; x_wconf 91' lang='lat' dir='ltr'>in</span> <span class='ocrx_word' id='word_1_187' title='bbox 1078 3565 1241 3629; x_wconf 91' lang='lat' dir='ltr'>libro</span> <span class='ocrx_word' id='word_1_188' title='bbox 1295 3566 1382 3630; x_wconf 87' lang='lat' dir='ltr'>De</span> <span class='ocrx_word' id='word_1_189' title='bbox 1435 3566 1663 3631; x_wconf 82' lang='lat' dir='ltr'>Amore</span> <span class='ocrx_word' id='word_1_190' title='bbox 1702 3565 1857 3644; x_wconf 82' lang='lat' dir='ltr'>Dei,</span> 
     </span>
     <span class='ocr_line' id='line_1_31' title="bbox 307 3672 1853 3758; baseline -0.003 -19"><span class='ocrx_word' id='word_1_191' title='bbox 307 3674 482 3758; x_wconf 88' lang='lat' dir='ltr'>quod</span> <span class='ocrx_word' id='word_1_192' title='bbox 511 3692 697 3737; x_wconf 86' lang='lat' dir='ltr'>amor</span> <span class='ocrx_word' id='word_1_193' title='bbox 724 3673 976 3755; x_wconf 81' lang='lat' dir='ltr'>proficit</span> <span class='ocrx_word' id='word_1_194' title='bbox 1013 3672 1079 3736; x_wconf 91' lang='lat' dir='ltr'>in</span> <span class='ocrx_word' id='word_1_195' title='bbox 1113 3672 1483 3736; x_wconf 87' lang='lat' dir='ltr'>charitatem</span> <span class='ocrx_word' id='word_1_196' title='bbox 1505 3721 1524 3750; x_wconf 91' lang='lat'>,</span> <span class='ocrx_word' id='word_1_197' title='bbox 1555 3676 1618 3735; x_wconf 89' lang='lat' dir='ltr'>et</span> <span class='ocrx_word' id='word_1_198' title='bbox 1644 3672 1853 3736; x_wconf 89' lang='lat' dir='ltr'>chari-</span> 
     </span>
     <span class='ocr_line' id='line_1_32' title="bbox 308 3778 1861 3863; baseline -0.003 -17"><span class='ocrx_word' id='word_1_199' title='bbox 308 3786 406 3846; x_wconf 87' lang='lat' dir='ltr'>tas</span> <span class='ocrx_word' id='word_1_200' title='bbox 433 3782 510 3844; x_wconf 88' lang='lat' dir='ltr'>in</span> <span class='ocrx_word' id='word_1_201' title='bbox 553 3779 927 3863; x_wconf 75' lang='lat' dir='ltr'>sapientiam</span> <span class='ocrx_word' id='word_1_202' title='bbox 972 3801 988 3841; x_wconf 77' lang='lat' dir='ltr'><strong><em>z</em></strong></span> <span class='ocrx_word' id='word_1_203' title='bbox 1033 3778 1143 3842; x_wconf 87' lang='lat' dir='ltr'>sed</span> <span class='ocrx_word' id='word_1_204' title='bbox 1187 3778 1560 3861; x_wconf 78' lang='lat' dir='ltr'>sapientiam</span> <span class='ocrx_word' id='word_1_205' title='bbox 1613 3782 1861 3860; x_wconf 87' lang='lat' dir='ltr'>oportet</span> 
     </span>
     <span class='ocr_line' id='line_1_33' title="bbox 306 3884 1854 3968; baseline -0.001 -17"><span class='ocrx_word' id='word_1_206' title='bbox 306 3887 545 3953; x_wconf 89' lang='lat' dir='ltr'>habere</span> <span class='ocrx_word' id='word_1_207' title='bbox 572 3887 838 3951; x_wconf 86' lang='lat' dir='ltr'>modum</span> <span class='ocrx_word' id='word_1_208' title='bbox 859 3934 875 3963; x_wconf 91' lang='lat'><strong>‚</strong></span> <span class='ocrx_word' id='word_1_209' title='bbox 904 3885 1258 3950; x_wconf 89' lang='lat' dir='ltr'>secundum</span> <span class='ocrx_word' id='word_1_210' title='bbox 1290 3884 1462 3968; x_wconf 87' lang='lat' dir='ltr'>quod</span> <span class='ocrx_word' id='word_1_211' title='bbox 1510 3884 1659 3950; x_wconf 85' lang='lat' dir='ltr'>dicit</span> <span class='ocrx_word' id='word_1_212' title='bbox 1685 3884 1854 3966; x_wconf 86' lang='lat' dir='ltr'>Apo-</span> 
     </span>
     <span class='ocr_line' id='line_1_34' title="bbox 309 3993 1855 4076; baseline -0.001 -18"><span class='ocrx_word' id='word_1_213' title='bbox 309 3996 516 4059; x_wconf 83' lang='lat' dir='ltr'>stolus</span> <span class='ocrx_word' id='word_1_214' title='bbox 532 4000 554 4034; x_wconf 70' lang='lat'><em>*</em></span> <span class='ocrx_word' id='word_1_215' title='bbox 579 4015 597 4058; x_wconf 71' lang='grc' dir='ltr'>ε</span> <span class='ocrx_word' id='word_1_216' title='bbox 623 3994 768 4060; x_wconf 90' lang='lat' dir='ltr'>Non</span> <span class='ocrx_word' id='word_1_217' title='bbox 791 3993 939 4076; x_wconf 79' lang='lat' dir='ltr'>plus</span> <span class='ocrx_word' id='word_1_218' title='bbox 964 4009 1185 4074; x_wconf 84' lang='lat' dir='ltr'>sapere</span> <span class='ocrx_word' id='word_1_219' title='bbox 1206 4039 1227 4071; x_wconf 86' lang='lat'><em>‚</em></span> <span class='ocrx_word' id='word_1_220' title='bbox 1257 4008 1449 4074; x_wconf 82' lang='lat' dir='ltr'>quam</span> <span class='ocrx_word' id='word_1_221' title='bbox 1475 3998 1718 4074; x_wconf 81' lang='lat' dir='ltr'>oportet</span> <span class='ocrx_word' id='word_1_222' title='bbox 1747 4008 1855 4057; x_wconf 84' lang='lat' dir='ltr'>sa-</span> 
     </span>
     <span class='ocr_line' id='line_1_35' title="bbox 303 4097 1858 4184; baseline -0.004 -17"><span class='ocrx_word' id='word_1_223' title='bbox 303 4117 453 4184; x_wconf 78' lang='lat' dir='ltr'>pere</span> <span class='ocrx_word' id='word_1_224' title='bbox 478 4148 498 4179; x_wconf 87' lang='lat'>‚</span> <span class='ocrx_word' id='word_1_225' title='bbox 547 4103 668 4164; x_wconf 86' lang='lat' dir='ltr'>etc.</span> <span class='ocrx_word' id='word_1_226' title='bbox 722 4100 788 4164; x_wconf 90' lang='lat' dir='ltr'>Si</span> <span class='ocrx_word' id='word_1_227' title='bbox 837 4118 994 4182; x_wconf 84' lang='lat' dir='ltr'>ergo</span> <span class='ocrx_word' id='word_1_228' title='bbox 1041 4098 1349 4181; x_wconf 83' lang='lat' dir='ltr'>sapientia</span> <span class='ocrx_word' id='word_1_229' title='bbox 1392 4097 1578 4162; x_wconf 85' lang='lat' dir='ltr'>debet</span> <span class='ocrx_word' id='word_1_230' title='bbox 1621 4097 1858 4161; x_wconf 86' lang='lat' dir='ltr'>habere</span> 
     </span>
     <span class='ocr_line' id='line_1_36' title="bbox 314 4205 1858 4289; baseline -0.001 -17"><span class='ocrx_word' id='word_1_231' title='bbox 314 4209 580 4274; x_wconf 89' lang='lat' dir='ltr'>modum</span> <span class='ocrx_word' id='word_1_232' title='bbox 602 4255 618 4287; x_wconf 91' lang='lat'>,</span> <span class='ocrx_word' id='word_1_233' title='bbox 654 4207 792 4289; x_wconf 87' lang='lat' dir='ltr'>pari</span> <span class='ocrx_word' id='word_1_234' title='bbox 836 4208 1084 4271; x_wconf 88' lang='lat' dir='ltr'>ratione</span> <span class='ocrx_word' id='word_1_235' title='bbox 1124 4205 1382 4271; x_wconf 86' lang='lat' dir='ltr'>videtur</span> <span class='ocrx_word' id='word_1_236' title='bbox 1403 4254 1421 4285; x_wconf 88' lang='lat'>,</span> <span class='ocrx_word' id='word_1_237' title='bbox 1475 4205 1606 4270; x_wconf 91' lang='lat' dir='ltr'>imo</span> <span class='ocrx_word' id='word_1_238' title='bbox 1655 4206 1858 4271; x_wconf 85' lang='lat' dir='ltr'>multo</span> 
     </span>
     <span class='ocr_line' id='line_1_37' title="bbox 308 4312 1852 4397; baseline -0.001 -19"><span class='ocrx_word' id='word_1_239' title='bbox 308 4315 598 4394; x_wconf 82' lang='lat' dir='ltr'>fortiori,</span> <span class='ocrx_word' id='word_1_240' title='bbox 629 4314 801 4397; x_wconf 82' lang='lat' dir='ltr'>quod</span> <span class='ocrx_word' id='word_1_241' title='bbox 840 4314 978 4396; x_wconf 91' lang='lat' dir='ltr'>ipsa</span> <span class='ocrx_word' id='word_1_242' title='bbox 1009 4312 1286 4377; x_wconf 85' lang='lat' dir='ltr'>charitas</span> <span class='ocrx_word' id='word_1_243' title='bbox 1312 4312 1543 4377; x_wconf 84' lang='lat' dir='ltr'>habeat</span> <span class='ocrx_word' id='word_1_244' title='bbox 1565 4313 1852 4377; x_wconf 89' lang='lat' dir='ltr'>modum.</span> 
     </span>
    </p>

    <p class='ocr_par' dir='ltr' id='par_1_9' title="bbox 307 4419 1858 4932">
     <span class='ocr_line' id='line_1_38' title="bbox 392 4419 1856 4504; baseline -0.002 -18"><span class='ocrx_word' id='word_1_245' title='bbox 392 4422 557 4487; x_wconf 86' lang='lat' dir='ltr'>ltem</span> <span class='ocrx_word' id='word_1_246' title='bbox 590 4420 858 4501; x_wconf 85' lang='lat' dir='ltr'>modus,</span> <span class='ocrx_word' id='word_1_247' title='bbox 889 4421 1129 4504; x_wconf 89' lang='lat' dir='ltr'>species</span> <span class='ocrx_word' id='word_1_248' title='bbox 1171 4424 1234 4484; x_wconf 87' lang='lat' dir='ltr'>et</span> <span class='ocrx_word' id='word_1_249' title='bbox 1259 4420 1415 4483; x_wconf 91' lang='lat' dir='ltr'>ordo</span> <span class='ocrx_word' id='word_1_250' title='bbox 1456 4419 1536 4484; x_wconf 89' lang='lat' dir='ltr'>ad</span> <span class='ocrx_word' id='word_1_251' title='bbox 1576 4437 1645 4482; x_wconf 91' lang='lat' dir='ltr'>se</span> <span class='ocrx_word' id='word_1_252' title='bbox 1681 4420 1856 4485; x_wconf 88' lang='lat' dir='ltr'>invi-</span> 
     </span>
     <span class='ocr_line' id='line_1_39' title="bbox 309 4529 1858 4612; baseline -0.001 -19"><span class='ocrx_word' id='word_1_253' title='bbox 309 4547 450 4595; x_wconf 88' lang='lat' dir='ltr'>cem</span> <span class='ocrx_word' id='word_1_254' title='bbox 504 4533 990 4612; x_wconf 78' lang='lat' dir='ltr'>comparantur,</span> <span class='ocrx_word' id='word_1_255' title='bbox 1019 4529 1186 4592; x_wconf 88' lang='lat' dir='ltr'>sicut</span> <span class='ocrx_word' id='word_1_256' title='bbox 1233 4545 1438 4592; x_wconf 91' lang='lat' dir='ltr'>unum</span> <span class='ocrx_word' id='word_1_257' title='bbox 1462 4573 1484 4605; x_wconf 89' lang='lat'><em>,</em></span> <span class='ocrx_word' id='word_1_258' title='bbox 1519 4544 1748 4591; x_wconf 82' lang='lat' dir='ltr'>verum</span> <span class='ocrx_word' id='word_1_259' title='bbox 1795 4531 1858 4592; x_wconf 83' lang='lat' dir='ltr'>et</span> 
     </span>
     <span class='ocr_line' id='line_1_40' title="bbox 307 4634 1852 4717; baseline -0.003 -15"><span class='ocrx_word' id='word_1_260' title='bbox 307 4636 560 4703; x_wconf 87' lang='lat' dir='ltr'>bonum</span> <span class='ocrx_word' id='word_1_261' title='bbox 597 4657 611 4699; x_wconf 90' lang='lat'>:</span> <span class='ocrx_word' id='word_1_262' title='bbox 657 4635 765 4699; x_wconf 87' lang='lat' dir='ltr'>sed</span> <span class='ocrx_word' id='word_1_263' title='bbox 812 4636 1054 4699; x_wconf 89' lang='lat' dir='ltr'>bonum</span> <span class='ocrx_word' id='word_1_264' title='bbox 1103 4634 1537 4717; x_wconf 63' lang='lat' dir='ltr'>praesupponit</span> <span class='ocrx_word' id='word_1_265' title='bbox 1581 4653 1808 4699; x_wconf 82' lang='lat' dir='ltr'>verum</span> <span class='ocrx_word' id='word_1_266' title='bbox 1834 4683 1852 4712; x_wconf 84' lang='lat'>,</span> 
     </span>
     <span class='ocr_line' id='line_1_41' title="bbox 309 4741 1856 4826; baseline -0.001 -19"><span class='ocrx_word' id='word_1_267' title='bbox 309 4748 374 4808; x_wconf 88' lang='lat' dir='ltr'>et</span> <span class='ocrx_word' id='word_1_268' title='bbox 400 4762 635 4811; x_wconf 83' lang='lat' dir='ltr'>verum</span> <span class='ocrx_word' id='word_1_269' title='bbox 664 4742 1100 4826; x_wconf 82' lang='lat' dir='ltr'>praesupponit</span> <span class='ocrx_word' id='word_1_270' title='bbox 1124 4760 1329 4806; x_wconf 90' lang='lat' dir='ltr'>unum</span> <span class='ocrx_word' id='word_1_271' title='bbox 1363 4762 1378 4805; x_wconf 90' lang='lat'>:</span> <span class='ocrx_word' id='word_1_272' title='bbox 1410 4759 1568 4823; x_wconf 82' lang='lat' dir='ltr'>ergo</span> <span class='ocrx_word' id='word_1_273' title='bbox 1591 4741 1729 4825; x_wconf 87' lang='lat' dir='ltr'>pari</span> <span class='ocrx_word' id='word_1_274' title='bbox 1757 4760 1856 4806; x_wconf 88' lang='lat' dir='ltr'>ra·</span> 
     </span>
     <span class='ocr_line' id='line_1_42' title="bbox 308 4847 1855 4932; baseline -0.003 -16"><span class='ocrx_word' id='word_1_275' title='bbox 308 4852 484 4916; x_wconf 85' lang='lat' dir='ltr'>tione</span> <span class='ocrx_word' id='word_1_276' title='bbox 511 4850 668 4915; x_wconf 88' lang='lat' dir='ltr'>ordo</span> <span class='ocrx_word' id='word_1_277' title='bbox 707 4848 1141 4932; x_wconf 58' lang='lat' dir='ltr'>praesupponit</span> <span class='ocrx_word' id='word_1_278' title='bbox 1186 4847 1463 4930; x_wconf 88' lang='lat' dir='ltr'>speciem</span> <span class='ocrx_word' id='word_1_279' title='bbox 1485 4897 1501 4928; x_wconf 90' lang='lat'>,</span> <span class='ocrx_word' id='word_1_280' title='bbox 1528 4851 1592 4911; x_wconf 84' lang='lat' dir='ltr'>et</span> <span class='ocrx_word' id='word_1_281' title='bbox 1616 4848 1855 4930; x_wconf 90' lang='lat' dir='ltr'>species</span> 
     </span>
    </p>
   </div>
   <div class='ocr_carea' id='block_1_8' title="bbox 196 4953 1855 5042">
    <p class='ocr_par' dir='ltr' id='par_1_10' title="bbox 196 4953 1855 5042">
     <span class='ocr_line' id='line_1_43' title="bbox 196 4953 1855 5042; baseline -0.004 -18"><span class='ocrx_word' id='word_1_282' title='bbox 196 5018 201 5024; x_wconf 90' lang='lat'>.</span> <span class='ocrx_word' id='word_1_283' title='bbox 305 4956 748 5042; x_wconf 63' lang='lat' dir='ltr'>praesupponit</span> <span class='ocrx_word' id='word_1_284' title='bbox 775 4955 1039 5020; x_wconf 89' lang='lat' dir='ltr'>modum</span> <span class='ocrx_word' id='word_1_285' title='bbox 1071 4975 1087 5019; x_wconf 73' lang='grc' dir='ltr'>ε</span> <span class='ocrx_word' id='word_1_286' title='bbox 1124 4954 1232 5018; x_wconf 89' lang='lat' dir='ltr'>sed</span> <span class='ocrx_word' id='word_1_287' title='bbox 1274 4957 1486 5018; x_wconf 85' lang='lat' dir='ltr'>motus</span> <span class='ocrx_word' id='word_1_288' title='bbox 1529 4953 1855 5018; x_wconf 86' lang='lat' dir='ltr'>charitatis</span> 
     </span>
    </p>
   </div>
   <div class='ocr_carea' id='block_1_9' title="bbox 304 5056 1849 5138">
    <p class='ocr_par' dir='ltr' id='par_1_11' title="bbox 304 5056 1849 5138">
     <span class='ocr_line' id='line_1_44' title="bbox 304 5056 1849 5138; baseline 0.001 -17"><span class='ocrx_word' id='word_1_289' title='bbox 304 5058 374 5124; x_wconf 89' lang='lat' dir='ltr'>in</span> <span class='ocrx_word' id='word_1_290' title='bbox 404 5058 611 5125; x_wconf 87' lang='lat' dir='ltr'>Deum</span> <span class='ocrx_word' id='word_1_291' title='bbox 633 5063 728 5124; x_wconf 86' lang='lat' dir='ltr'>est</span> <span class='ocrx_word' id='word_1_292' title='bbox 752 5057 1079 5122; x_wconf 87' lang='lat' dir='ltr'>ordinatus</span> <span class='ocrx_word' id='word_1_293' title='bbox 1110 5077 1125 5120; x_wconf 76' lang='lat' dir='ltr'><strong><em>z</em></strong></span> <span class='ocrx_word' id='word_1_294' title='bbox 1158 5074 1316 5138; x_wconf 80' lang='lat' dir='ltr'>ergo</span> <span class='ocrx_word' id='word_1_295' title='bbox 1339 5059 1403 5120; x_wconf 90' lang='lat' dir='ltr'>et</span> <span class='ocrx_word' id='word_1_296' title='bbox 1431 5056 1849 5122; x_wconf 85' lang='lat' dir='ltr'>modificatus.</span> 
     </span>
    </p>
   </div>
   <div class='ocr_carea' id='block_1_10' title="bbox 305 5267 1852 5478">
    <p class='ocr_par' dir='ltr' id='par_1_12' title="bbox 305 5267 1852 5478">
     <span class='ocr_line' id='line_1_45' title="bbox 368 5267 1850 5334; baseline -0.001 -13"><span class='ocrx_word' id='word_1_297' title='bbox 368 5271 386 5306; x_wconf 87' lang='lat'><strong>¹</strong></span> <span class='ocrx_word' id='word_1_298' title='bbox 404 5271 488 5334; x_wconf 77' lang='lat' dir='ltr'>Cf.</span> <span class='ocrx_word' id='word_1_299' title='bbox 511 5269 758 5321; x_wconf 80' lang='lat' dir='ltr'>Alexand.</span> <span class='ocrx_word' id='word_1_300' title='bbox 784 5268 1003 5332; x_wconf 80' lang='lat' dir='ltr'>Alensis,</span> <span class='ocrx_word' id='word_1_301' title='bbox 1023 5268 1187 5328; x_wconf 68' lang='lat' dir='ltr'>Cont„</span> <span class='ocrx_word' id='word_1_302' title='bbox 1217 5280 1268 5331; x_wconf 93' lang='lat' dir='ltr'>p.</span> <span class='ocrx_word' id='word_1_303' title='bbox 1294 5267 1386 5329; x_wconf 81' lang='lat'>11¹,</span> <span class='ocrx_word' id='word_1_304' title='bbox 1405 5267 1522 5319; x_wconf 77' lang='lat' dir='ltr'>coll.</span> <span class='ocrx_word' id='word_1_305' title='bbox 1550 5279 1657 5331; x_wconf 69' lang='grc' dir='ltr'>ιιι,</span> <span class='ocrx_word' id='word_1_306' title='bbox 1682 5271 1778 5319; x_wconf 77' lang='lat' dir='ltr'>art.</span> <span class='ocrx_word' id='word_1_307' title='bbox 1803 5272 1850 5331; x_wconf 74' lang='lat'>15</span> 
     </span>
     <span class='ocr_line' id='line_1_46' title="bbox 305 5337 1850 5407; baseline -0.003 -12"><span class='ocrx_word' id='word_1_308' title='bbox 305 5343 363 5405; x_wconf 84' lang='lat' dir='ltr'>S.</span> <span class='ocrx_word' id='word_1_309' title='bbox 378 5343 585 5407; x_wconf 66' lang='lat' dir='ltr'>Tuom„</span> <span class='ocrx_word' id='word_1_310' title='bbox 606 5343 739 5404; x_wconf 84' lang='grc' dir='ltr'>Ιι-ΙΙ,</span> <span class='ocrx_word' id='word_1_311' title='bbox 756 5355 806 5405; x_wconf 86' lang='lat' dir='ltr'>q.</span> <span class='ocrx_word' id='word_1_312' title='bbox 822 5351 990 5402; x_wconf 84' lang='lat' dir='ltr'>xxvn,</span> <span class='ocrx_word' id='word_1_313' title='bbox 1006 5344 1103 5389; x_wconf 85' lang='lat' dir='ltr'>art.</span> <span class='ocrx_word' id='word_1_314' title='bbox 1125 5342 1182 5402; x_wconf 73' lang='lat'>65</span> <span class='ocrx_word' id='word_1_315' title='bbox 1202 5342 1254 5389; x_wconf 87' lang='lat' dir='ltr'>et</span> <span class='ocrx_word' id='word_1_316' title='bbox 1270 5339 1336 5388; x_wconf 87' lang='lat'>111</span> <span class='ocrx_word' id='word_1_317' title='bbox 1357 5337 1517 5404; x_wconf 67' lang='lat' dir='ltr'>Sem„</span> <span class='ocrx_word' id='word_1_318' title='bbox 1546 5339 1662 5390; x_wconf 81' lang='lat' dir='ltr'>dist.</span> <span class='ocrx_word' id='word_1_319' title='bbox 1688 5350 1850 5400; x_wconf 81' lang='lat' dir='ltr'>xxvn,</span> 
     </span>
     <span class='ocr_line' id='line_1_47' title="bbox 306 5411 1852 5478; baseline -0.001 -14"><span class='ocrx_word' id='word_1_320' title='bbox 306 5426 359 5478; x_wconf 87' lang='lat' dir='ltr'>q.</span> <span class='ocrx_word' id='word_1_321' title='bbox 399 5425 485 5477; x_wconf 87' lang='lat'>111,</span> <span class='ocrx_word' id='word_1_322' title='bbox 512 5418 606 5465; x_wconf 80' lang='lat' dir='ltr'>art.</span> <span class='ocrx_word' id='word_1_323' title='bbox 637 5415 694 5476; x_wconf 79' lang='lat'>33</span> <span class='ocrx_word' id='word_1_324' title='bbox 726 5412 866 5463; x_wconf 80' lang='lat' dir='ltr'>etde</span> <span class='ocrx_word' id='word_1_325' title='bbox 900 5411 1074 5471; x_wconf 77' lang='lat' dir='ltr'>Verit„</span> <span class='ocrx_word' id='word_1_326' title='bbox 1113 5423 1166 5475; x_wconf 87' lang='lat' dir='ltr'>q.</span> <span class='ocrx_word' id='word_1_327' title='bbox 1200 5421 1259 5473; x_wconf 91' lang='lat'>11,</span> <span class='ocrx_word' id='word_1_328' title='bbox 1288 5413 1388 5460; x_wconf 85' lang='lat' dir='ltr'>art.</span> <span class='ocrx_word' id='word_1_329' title='bbox 1427 5412 1487 5474; x_wconf 78' lang='lat'>23</span> <span class='ocrx_word' id='word_1_330' title='bbox 1540 5411 1852 5475; x_wconf 81' lang='lat' dir='ltr'>Richardus,</span> 
     </span>
    </p>
   </div>
   <div class='ocr_carea' id='block_1_11' title="bbox 3411 440 3522 501">
    <p class='ocr_par' dir='ltr' id='par_1_13' title="bbox 3411 440 3522 501">
     <span class='ocr_line' id='line_1_48' title="bbox 3411 440 3522 501; baseline 0.009 -1"><span class='ocrx_word' id='word_1_331' title='bbox 3411 440 3522 501; x_wconf 76' lang='lat'>62¹</span> 
     </span>
    </p>
   </div>
   <div class='ocr_carea' id='block_1_12' title="bbox 1977 667 3531 2893">
    <p class='ocr_par' dir='ltr' id='par_1_14' title="bbox 1985 667 3530 1592">
     <span class='ocr_line' id='line_1_49' title="bbox 1988 667 3529 752; baseline 0.008 -21"><span class='ocrx_word' id='word_1_332' title='bbox 1988 667 2117 733; x_wconf 87' lang='lat' dir='ltr'>Deo</span> <span class='ocrx_word' id='word_1_333' title='bbox 2144 687 2167 732; x_wconf 93' lang='lat'>.·</span> <span class='ocrx_word' id='word_1_334' title='bbox 2196 690 2227 729; x_wconf 77' lang='grc' dir='ltr'><strong>α</strong></span> <span class='ocrx_word' id='word_1_335' title='bbox 2250 669 2451 733; x_wconf 85' lang='lat' dir='ltr'>Causa</span> <span class='ocrx_word' id='word_1_336' title='bbox 2481 670 2783 752; x_wconf 84' lang='lat' dir='ltr'>diligendi</span> <span class='ocrx_word' id='word_1_337' title='bbox 2806 673 3009 738; x_wconf 89' lang='lat' dir='ltr'>Deum</span> <span class='ocrx_word' id='word_1_338' title='bbox 3042 673 3203 739; x_wconf 85' lang='lat' dir='ltr'>Deus</span> <span class='ocrx_word' id='word_1_339' title='bbox 3230 681 3361 743; x_wconf 83' lang='lat' dir='ltr'>est:</span> <span class='ocrx_word' id='word_1_340' title='bbox 3392 697 3529 743; x_wconf 92' lang='lat' dir='ltr'>mo-</span> 
     </span>
     <span class='ocr_line' id='line_1_50' title="bbox 1988 773 3525 861; baseline 0.008 -24"><span class='ocrx_word' id='word_1_341' title='bbox 1988 773 2111 837; x_wconf 91' lang='lat' dir='ltr'>dus</span> <span class='ocrx_word' id='word_1_342' title='bbox 2161 780 2256 838; x_wconf 88' lang='lat' dir='ltr'>est</span> <span class='ocrx_word' id='word_1_343' title='bbox 2298 777 2435 840; x_wconf 88' lang='lat' dir='ltr'>sine</span> <span class='ocrx_word' id='word_1_344' title='bbox 2481 778 2670 842; x_wconf 91' lang='lat' dir='ltr'>modo</span> <span class='ocrx_word' id='word_1_345' title='bbox 2715 779 3002 861; x_wconf 86' lang='lat' dir='ltr'>diligere.</span> <span class='ocrx_word' id='word_1_346' title='bbox 3053 803 3083 841; x_wconf 73' lang='grc' dir='ltr'>ι)</span> <span class='ocrx_word' id='word_1_347' title='bbox 3139 781 3211 846; x_wconf 83' lang='lat' dir='ltr'>Et</span> <span class='ocrx_word' id='word_1_348' title='bbox 3240 784 3525 849; x_wconf 88' lang='lat' dir='ltr'>iterum:</span> 
     </span>
     <span class='ocr_line' id='line_1_51' title="bbox 1996 879 3527 967; baseline 0.01 -27"><span class='ocrx_word' id='word_1_349' title='bbox 1996 903 2027 940; x_wconf 79' lang='grc' dir='ltr'>α</span> <span class='ocrx_word' id='word_1_350' title='bbox 2063 879 2219 945; x_wconf 88' lang='lat' dir='ltr'>Mihi</span> <span class='ocrx_word' id='word_1_351' title='bbox 2260 883 2416 947; x_wconf 83' lang='lat' dir='ltr'>fides</span> <span class='ocrx_word' id='word_1_352' title='bbox 2453 888 2627 948; x_wconf 72' lang='lat' dir='ltr'>tanto</span> <span class='ocrx_word' id='word_1_353' title='bbox 2667 885 2811 967; x_wconf 90' lang='lat' dir='ltr'>plus</span> <span class='ocrx_word' id='word_1_354' title='bbox 2854 888 3003 951; x_wconf 87' lang='lat' dir='ltr'>dicit</span> <span class='ocrx_word' id='word_1_355' title='bbox 3052 889 3251 954; x_wconf 89' lang='lat' dir='ltr'>Deum</span> <span class='ocrx_word' id='word_1_356' title='bbox 3300 910 3527 955; x_wconf 89' lang='lat' dir='ltr'>aman-</span> 
     </span>
     <span class='ocr_line' id='line_1_52' title="bbox 1987 987 3530 1077; baseline 0.008 -25"><span class='ocrx_word' id='word_1_357' title='bbox 1987 987 2145 1052; x_wconf 90' lang='lat' dir='ltr'>dum</span> <span class='ocrx_word' id='word_1_358' title='bbox 2166 1038 2183 1067; x_wconf 92' lang='lat'><strong>‚</strong></span> <span class='ocrx_word' id='word_1_359' title='bbox 2211 997 2451 1072; x_wconf 86' lang='lat' dir='ltr'>quanto</span> <span class='ocrx_word' id='word_1_360' title='bbox 2482 1010 2583 1056; x_wconf 89' lang='lat' dir='ltr'>me</span> <span class='ocrx_word' id='word_1_361' title='bbox 2613 993 2813 1076; x_wconf 89' lang='lat' dir='ltr'>pluris</span> <span class='ocrx_word' id='word_1_362' title='bbox 2839 995 3053 1077; x_wconf 89' lang='lat' dir='ltr'>ipsum</span> <span class='ocrx_word' id='word_1_363' title='bbox 3079 999 3530 1070; x_wconf 76' lang='lat' dir='ltr'>aestimandum</span> 
     </span>
     <span class='ocr_line' id='line_1_53' title="bbox 1987 1093 3528 1189; baseline 0.009 -33"><span class='ocrx_word' id='word_1_364' title='bbox 1987 1093 2306 1178; x_wconf 80' lang='lat' dir='ltr'>intelligO.</span> <span class='ocrx_word' id='word_1_365' title='bbox 2352 1121 2382 1158; x_wconf 73' lang='grc' dir='ltr'>ι)</span> <span class='ocrx_word' id='word_1_366' title='bbox 2429 1098 2548 1164; x_wconf 87' lang='lat' dir='ltr'>Sed</span> <span class='ocrx_word' id='word_1_367' title='bbox 2596 1100 2888 1182; x_wconf 83' lang='lat' dir='ltr'>intelligo</span> <span class='ocrx_word' id='word_1_368' title='bbox 2932 1105 3104 1185; x_wconf 87' lang='lat' dir='ltr'>quod</span> <span class='ocrx_word' id='word_1_369' title='bbox 3142 1105 3276 1188; x_wconf 90' lang='lat' dir='ltr'>ipse</span> <span class='ocrx_word' id='word_1_370' title='bbox 3321 1106 3528 1189; x_wconf 86' lang='lat' dir='ltr'>pluris</span> 
     </span>
     <span class='ocr_line' id='line_1_54' title="bbox 1988 1203 3525 1291; baseline 0.009 -28"><span class='ocrx_word' id='word_1_371' title='bbox 1988 1203 2403 1269; x_wconf 59' lang='lat' dir='ltr'>aestimandus</span> <span class='ocrx_word' id='word_1_372' title='bbox 2441 1210 2565 1284; x_wconf 90' lang='lat' dir='ltr'>est,</span> <span class='ocrx_word' id='word_1_373' title='bbox 2611 1225 2808 1289; x_wconf 87' lang='lat' dir='ltr'>quam</span> <span class='ocrx_word' id='word_1_374' title='bbox 2850 1228 3008 1291; x_wconf 86' lang='lat' dir='ltr'>ego,</span> <span class='ocrx_word' id='word_1_375' title='bbox 3050 1211 3116 1274; x_wconf 90' lang='lat' dir='ltr'>in</span> <span class='ocrx_word' id='word_1_376' title='bbox 3158 1211 3525 1277; x_wconf 86' lang='lat' dir='ltr'>infinitum:</span> 
     </span>
     <span class='ocr_line' id='line_1_55' title="bbox 1985 1309 3529 1396; baseline 0.009 -26"><span class='ocrx_word' id='word_1_377' title='bbox 1985 1325 2146 1390; x_wconf 82' lang='lat' dir='ltr'>ergo</span> <span class='ocrx_word' id='word_1_378' title='bbox 2178 1309 2247 1373; x_wconf 90' lang='lat' dir='ltr'>in</span> <span class='ocrx_word' id='word_1_379' title='bbox 2293 1310 2619 1376; x_wconf 83' lang='lat' dir='ltr'>infinitum</span> <span class='ocrx_word' id='word_1_380' title='bbox 2647 1317 2742 1377; x_wconf 82' lang='lat' dir='ltr'>est</span> <span class='ocrx_word' id='word_1_381' title='bbox 2777 1315 3140 1396; x_wconf 85' lang='lat' dir='ltr'>diligendus</span> <span class='ocrx_word' id='word_1_382' title='bbox 3171 1339 3185 1380; x_wconf 93' lang='lat'><strong>:</strong></span> <span class='ocrx_word' id='word_1_383' title='bbox 3215 1318 3326 1382; x_wconf 90' lang='lat' dir='ltr'>sed</span> <span class='ocrx_word' id='word_1_384' title='bbox 3362 1320 3529 1384; x_wconf 90' lang='lat' dir='ltr'>nihil</span> 
     </span>
     <span class='ocr_line' id='line_1_56' title="bbox 1985 1416 3528 1504; baseline 0.008 -26"><span class='ocrx_word' id='word_1_385' title='bbox 1985 1416 2109 1479; x_wconf 86' lang='lat' dir='ltr'>tale</span> <span class='ocrx_word' id='word_1_386' title='bbox 2146 1417 2336 1482; x_wconf 84' lang='lat' dir='ltr'>habet</span> <span class='ocrx_word' id='word_1_387' title='bbox 2364 1420 2663 1484; x_wconf 88' lang='lat' dir='ltr'>modum:</span> <span class='ocrx_word' id='word_1_388' title='bbox 2685 1440 2842 1504; x_wconf 83' lang='lat' dir='ltr'>ergo</span> <span class='ocrx_word' id='word_1_389' title='bbox 2870 1428 3083 1488; x_wconf 89' lang='lat' dir='ltr'>motus</span> <span class='ocrx_word' id='word_1_390' title='bbox 3111 1425 3434 1491; x_wconf 83' lang='lat' dir='ltr'>eharitatis</span> <span class='ocrx_word' id='word_1_391' title='bbox 3460 1428 3528 1491; x_wconf 92' lang='lat' dir='ltr'>in</span> 
     </span>
     <span class='ocr_line' id='line_1_57' title="bbox 1986 1521 2885 1592; baseline 0.007 -6"><span class='ocrx_word' id='word_1_392' title='bbox 1986 1521 2191 1587; x_wconf 90' lang='lat' dir='ltr'>Deum</span> <span class='ocrx_word' id='word_1_393' title='bbox 2218 1543 2352 1589; x_wconf 91' lang='lat' dir='ltr'>non</span> <span class='ocrx_word' id='word_1_394' title='bbox 2381 1525 2571 1590; x_wconf 85' lang='lat' dir='ltr'>habet</span> <span class='ocrx_word' id='word_1_395' title='bbox 2598 1527 2885 1592; x_wconf 88' lang='lat' dir='ltr'>modum.</span> 
     </span>
    </p>

    <p class='ocr_par' dir='ltr' id='par_1_15' title="bbox 1983 1629 3531 2358">
     <span class='ocr_line' id='line_1_58' title="bbox 2012 1629 3531 1720; baseline 0.007 -28"><span class='ocrx_word' id='word_1_396' title='bbox 2012 1676 2021 1692; x_wconf 87' lang='lat'>.</span> <span class='ocrx_word' id='word_1_397' title='bbox 2065 1635 2129 1693; x_wconf 76' lang='lat'>2.</span> <span class='ocrx_word' id='word_1_398' title='bbox 2158 1629 2315 1695; x_wconf 85' lang='lat' dir='ltr'>Item</span> <span class='ocrx_word' id='word_1_399' title='bbox 2342 1632 2503 1697; x_wconf 90' lang='lat' dir='ltr'>ratio</span> <span class='ocrx_word' id='word_1_400' title='bbox 2527 1633 2831 1715; x_wconf 86' lang='lat' dir='ltr'>diligendi</span> <span class='ocrx_word' id='word_1_401' title='bbox 2857 1634 3059 1700; x_wconf 89' lang='lat' dir='ltr'>Deum</span> <span class='ocrx_word' id='word_1_402' title='bbox 3088 1641 3181 1701; x_wconf 89' lang='lat' dir='ltr'>est</span> <span class='ocrx_word' id='word_1_403' title='bbox 3200 1638 3337 1720; x_wconf 89' lang='lat' dir='ltr'>ipsa</span> <span class='ocrx_word' id='word_1_404' title='bbox 3354 1656 3531 1703; x_wconf 90' lang='lat' dir='ltr'>sum-</span> 
     </span>
     <span class='ocr_line' id='line_1_59' title="bbox 1985 1737 3524 1826; baseline 0.006 -26"><span class='ocrx_word' id='word_1_405' title='bbox 1985 1755 2092 1800; x_wconf 90' lang='lat' dir='ltr'>ma</span> <span class='ocrx_word' id='word_1_406' title='bbox 2118 1737 2370 1803; x_wconf 88' lang='lat' dir='ltr'>bonitas</span> <span class='ocrx_word' id='word_1_407' title='bbox 2395 1760 2411 1805; x_wconf 76' lang='grc' dir='ltr'><strong>ε</strong></span> <span class='ocrx_word' id='word_1_408' title='bbox 2437 1741 2547 1805; x_wconf 89' lang='lat' dir='ltr'>sed</span> <span class='ocrx_word' id='word_1_409' title='bbox 2574 1761 2831 1806; x_wconf 90' lang='lat' dir='ltr'>summa</span> <span class='ocrx_word' id='word_1_410' title='bbox 2856 1743 3103 1808; x_wconf 82' lang='lat' dir='ltr'>bonitas</span> <span class='ocrx_word' id='word_1_411' title='bbox 3130 1748 3226 1808; x_wconf 88' lang='lat' dir='ltr'>est</span> <span class='ocrx_word' id='word_1_412' title='bbox 3249 1746 3524 1826; x_wconf 84' lang='lat' dir='ltr'>infinita,</span> 
     </span>
     <span class='ocr_line' id='line_1_60' title="bbox 1984 1844 3528 1935; baseline 0.008 -29"><span class='ocrx_word' id='word_1_413' title='bbox 1984 1862 2118 1908; x_wconf 91' lang='lat' dir='ltr'>non</span> <span class='ocrx_word' id='word_1_414' title='bbox 2145 1844 2388 1909; x_wconf 87' lang='lat' dir='ltr'>habens</span> <span class='ocrx_word' id='word_1_415' title='bbox 2418 1848 2683 1913; x_wconf 89' lang='lat' dir='ltr'>modum</span> <span class='ocrx_word' id='word_1_416' title='bbox 2703 1869 2913 1932; x_wconf 87' lang='lat' dir='ltr'>neque</span> <span class='ocrx_word' id='word_1_417' title='bbox 2940 1869 3306 1916; x_wconf 87' lang='lat' dir='ltr'>mensuram</span> <span class='ocrx_word' id='word_1_418' title='bbox 3332 1874 3347 1918; x_wconf 90' lang='lat'>:</span> <span class='ocrx_word' id='word_1_419' title='bbox 3370 1872 3528 1935; x_wconf 81' lang='lat' dir='ltr'>ergo</span> 
     </span>
     <span class='ocr_line' id='line_1_61' title="bbox 1983 1952 3526 2037; baseline 0.008 -22"><span class='ocrx_word' id='word_1_420' title='bbox 1983 1957 2045 2015; x_wconf 86' lang='lat' dir='ltr'>et</span> <span class='ocrx_word' id='word_1_421' title='bbox 2074 1952 2332 2017; x_wconf 88' lang='lat' dir='ltr'>habitus</span> <span class='ocrx_word' id='word_1_422' title='bbox 2353 1956 2469 2037; x_wconf 87' lang='lat' dir='ltr'>qui</span> <span class='ocrx_word' id='word_1_423' title='bbox 2497 1975 2754 2022; x_wconf 85' lang='lat' dir='ltr'>movere</span> <span class='ocrx_word' id='word_1_424' title='bbox 2779 1963 2844 2022; x_wconf 85' lang='lat' dir='ltr'>et</span> <span class='ocrx_word' id='word_1_425' title='bbox 2868 1958 3175 2023; x_wconf 88' lang='lat' dir='ltr'>inclinare</span> <span class='ocrx_word' id='word_1_426' title='bbox 3202 1961 3394 2026; x_wconf 80' lang='lat' dir='ltr'>habet</span> <span class='ocrx_word' id='word_1_427' title='bbox 3421 1980 3526 2027; x_wconf 85' lang='lat' dir='ltr'>se-</span> 
     </span>
     <span class='ocr_line' id='line_1_62' title="bbox 1983 2060 3526 2151; baseline 0.006 -28"><span class='ocrx_word' id='word_1_428' title='bbox 1983 2060 2270 2124; x_wconf 87' lang='lat' dir='ltr'>cundum</span> <span class='ocrx_word' id='word_1_429' title='bbox 2297 2061 2611 2127; x_wconf 87' lang='lat' dir='ltr'>rationem</span> <span class='ocrx_word' id='word_1_430' title='bbox 2637 2064 2814 2128; x_wconf 91' lang='lat' dir='ltr'>illam</span> <span class='ocrx_word' id='word_1_431' title='bbox 2850 2065 3147 2130; x_wconf 79' lang='lat' dir='ltr'>:videtur</span> <span class='ocrx_word' id='word_1_432' title='bbox 3172 2085 3329 2149; x_wconf 84' lang='lat' dir='ltr'>ergo</span> <span class='ocrx_word' id='word_1_433' title='bbox 3356 2069 3526 2151; x_wconf 87' lang='lat' dir='ltr'>quod</span> 
     </span>
     <span class='ocr_line' id='line_1_63' title="bbox 1983 2167 3527 2239; baseline 0.006 -10"><span class='ocrx_word' id='word_1_434' title='bbox 1983 2172 2197 2231; x_wconf 86' lang='lat' dir='ltr'>motus</span> <span class='ocrx_word' id='word_1_435' title='bbox 2224 2167 2576 2233; x_wconf 87' lang='lat' dir='ltr'>dilectionis</span> <span class='ocrx_word' id='word_1_436' title='bbox 2601 2172 2673 2234; x_wconf 93' lang='lat' dir='ltr'>in</span> <span class='ocrx_word' id='word_1_437' title='bbox 2707 2171 2902 2236; x_wconf 85' lang='lat' dir='ltr'>Deum</span> <span class='ocrx_word' id='word_1_438' title='bbox 2936 2191 3065 2236; x_wconf 91' lang='lat' dir='ltr'>non</span> <span class='ocrx_word' id='word_1_439' title='bbox 3094 2173 3289 2239; x_wconf 87' lang='lat' dir='ltr'>habet</span> <span class='ocrx_word' id='word_1_440' title='bbox 3317 2176 3527 2239; x_wconf 86' lang='lat' dir='ltr'>termi-</span> 
     </span>
     <span class='ocr_line' id='line_1_64' title="bbox 1989 2276 2733 2358; baseline 0.005 -21"><span class='ocrx_word' id='word_1_441' title='bbox 1989 2292 2176 2351; x_wconf 85' lang='lat' dir='ltr'>num,</span> <span class='ocrx_word' id='word_1_442' title='bbox 2206 2293 2418 2358; x_wconf 86' lang='lat' dir='ltr'>neque</span> <span class='ocrx_word' id='word_1_443' title='bbox 2449 2276 2733 2341; x_wconf 90' lang='lat' dir='ltr'>modum.</span> 
     </span>
    </p>

    <p class='ocr_par' dir='ltr' id='par_1_16' title="bbox 1977 2382 3525 2893">
     <span class='ocr_line' id='line_1_65' title="bbox 2064 2382 3520 2470; baseline 0.007 -25"><span class='ocrx_word' id='word_1_444' title='bbox 2064 2388 2123 2446; x_wconf 88' lang='lat'>3.</span> <span class='ocrx_word' id='word_1_445' title='bbox 2167 2382 2322 2447; x_wconf 86' lang='lat' dir='ltr'>Item</span> <span class='ocrx_word' id='word_1_446' title='bbox 2371 2384 2645 2448; x_wconf 84' lang='lat' dir='ltr'>charitas</span> <span class='ocrx_word' id='word_1_447' title='bbox 2692 2390 2788 2450; x_wconf 86' lang='lat' dir='ltr'>est</span> <span class='ocrx_word' id='word_1_448' title='bbox 2836 2404 3024 2470; x_wconf 85' lang='lat' dir='ltr'>aequa</span> <span class='ocrx_word' id='word_1_449' title='bbox 3073 2388 3482 2470; x_wconf 86' lang='lat' dir='ltr'>ponderatrix</span> <span class='ocrx_word' id='word_1_450' title='bbox 3501 2439 3520 2470; x_wconf 91' lang='lat'><strong>‚</strong></span> 
     </span>
     <span class='ocr_line' id='line_1_66' title="bbox 1981 2490 3524 2577; baseline 0.005 -25"><span class='ocrx_word' id='word_1_451' title='bbox 1981 2507 2131 2553; x_wconf 91' lang='lat' dir='ltr'>cum</span> <span class='ocrx_word' id='word_1_452' title='bbox 2162 2491 2243 2553; x_wconf 91' lang='lat' dir='ltr'>sit</span> <span class='ocrx_word' id='word_1_453' title='bbox 2271 2490 2518 2555; x_wconf 79' lang='lat' dir='ltr'>affectio</span> <span class='ocrx_word' id='word_1_454' title='bbox 2545 2491 2875 2556; x_wconf 86' lang='lat' dir='ltr'>ordinata:</span> <span class='ocrx_word' id='word_1_455' title='bbox 2908 2493 3016 2556; x_wconf 89' lang='lat' dir='ltr'>sed</span> <span class='ocrx_word' id='word_1_456' title='bbox 3048 2494 3160 2575; x_wconf 87' lang='lat' dir='ltr'>qui</span> <span class='ocrx_word' id='word_1_457' title='bbox 3192 2496 3524 2577; x_wconf 83' lang='lat' dir='ltr'>aequaliter</span> 
     </span>
     <span class='ocr_line' id='line_1_67' title="bbox 1980 2597 3525 2682; baseline 0.005 -23"><span class='ocrx_word' id='word_1_458' title='bbox 1980 2600 2043 2659; x_wconf 85' lang='lat' dir='ltr'>ct</span> <span class='ocrx_word' id='word_1_459' title='bbox 2086 2597 2374 2662; x_wconf 87' lang='lat' dir='ltr'>ordinate</span> <span class='ocrx_word' id='word_1_460' title='bbox 2406 2598 2758 2681; x_wconf 86' lang='lat' dir='ltr'>ponderat,</span> <span class='ocrx_word' id='word_1_461' title='bbox 2807 2600 3201 2682; x_wconf 83' lang='lat' dir='ltr'>appretiatur</span> <span class='ocrx_word' id='word_1_462' title='bbox 3242 2607 3307 2666; x_wconf 90' lang='lat' dir='ltr'>et</span> <span class='ocrx_word' id='word_1_463' title='bbox 3350 2608 3525 2668; x_wconf 88' lang='lat' dir='ltr'>amat</span> 
     </span>
     <span class='ocr_line' id='line_1_68' title="bbox 1980 2691 3525 2789; baseline 0.005 -23"><span class='ocrx_word' id='word_1_464' title='bbox 1980 2705 2492 2787; x_wconf 86' lang='lat' dir='ltr'>unumquodque</span> <span class='ocrx_word' id='word_1_465' title='bbox 2512 2691 2825 2787; x_wconf 72' lang='lat' dir='ltr'>quantum</span> <span class='ocrx_word' id='word_1_466' title='bbox 2842 2710 2936 2770; x_wconf 84' lang='lat' dir='ltr'>est</span> <span class='ocrx_word' id='word_1_467' title='bbox 2952 2709 3440 2789; x_wconf 84' lang='lat' dir='ltr'>appretiandum</span> <span class='ocrx_word' id='word_1_468' title='bbox 3462 2716 3525 2774; x_wconf 90' lang='lat' dir='ltr'>et</span> 
     </span>
     <span class='ocr_line' id='line_1_69' title="bbox 1977 2812 3523 2893; baseline 0.006 -19"><span class='ocrx_word' id='word_1_469' title='bbox 1977 2812 2328 2877; x_wconf 88' lang='lat' dir='ltr'>amandum</span> <span class='ocrx_word' id='word_1_470' title='bbox 2354 2832 2370 2876; x_wconf 75' lang='grc' dir='ltr'><strong><em>ε</em></strong></span> <span class='ocrx_word' id='word_1_471' title='bbox 2402 2813 2455 2875; x_wconf 89' lang='lat' dir='ltr'>si</span> <span class='ocrx_word' id='word_1_472' title='bbox 2484 2831 2641 2893; x_wconf 84' lang='lat' dir='ltr'>ergo</span> <span class='ocrx_word' id='word_1_473' title='bbox 2667 2832 2999 2878; x_wconf 89' lang='lat' dir='ltr'>summum</span> <span class='ocrx_word' id='word_1_474' title='bbox 3025 2815 3271 2880; x_wconf 88' lang='lat' dir='ltr'>bonum</span> <span class='ocrx_word' id='word_1_475' title='bbox 3297 2819 3366 2882; x_wconf 90' lang='lat' dir='ltr'>in</span> <span class='ocrx_word' id='word_1_476' title='bbox 3383 2820 3523 2883; x_wconf 82' lang='lat' dir='ltr'>infl-</span> 
     </span>
    </p>
   </div>
   <div class='ocr_carea' id='block_1_13' title="bbox 1978 2919 3639 3005">
    <p class='ocr_par' dir='ltr' id='par_1_17' title="bbox 1978 2919 3639 3005">
     <span class='ocr_line' id='line_1_70' title="bbox 1978 2919 3639 3005; baseline 0.007 -24"><span class='ocrx_word' id='word_1_477' title='bbox 1978 2919 2189 2982; x_wconf 88' lang='lat' dir='ltr'>nitum</span> <span class='ocrx_word' id='word_1_478' title='bbox 2208 2920 2455 2984; x_wconf 82' lang='lat' dir='ltr'>excedit</span> <span class='ocrx_word' id='word_1_479' title='bbox 2472 2938 2664 2984; x_wconf 88' lang='lat' dir='ltr'>omne</span> <span class='ocrx_word' id='word_1_480' title='bbox 2680 2920 2925 2985; x_wconf 90' lang='lat' dir='ltr'>bonum</span> <span class='ocrx_word' id='word_1_481' title='bbox 2943 2928 3248 3005; x_wconf 85' lang='lat' dir='ltr'>creatum,</span> <span class='ocrx_word' id='word_1_482' title='bbox 3269 2926 3525 2992; x_wconf 85' lang='lat' dir='ltr'>videtur</span> <span class='ocrx_word' id='word_1_483' title='bbox 3636 2947 3639 2948; x_wconf 46' lang='lat'><em>⁷</em></span> 
     </span>
    </p>
   </div>
   <div class='ocr_carea' id='block_1_14' title="bbox 1969 3026 3523 4182">
    <p class='ocr_par' dir='ltr' id='par_1_18' title="bbox 1975 3026 3521 3325">
     <span class='ocr_line' id='line_1_71' title="bbox 1976 3026 3521 3106; baseline 0.006 -18"><span class='ocrx_word' id='word_1_484' title='bbox 1976 3026 2148 3106; x_wconf 86' lang='lat' dir='ltr'>quod</span> <span class='ocrx_word' id='word_1_485' title='bbox 2180 3029 2390 3090; x_wconf 86' lang='lat' dir='ltr'>motus</span> <span class='ocrx_word' id='word_1_486' title='bbox 2428 3026 2748 3092; x_wconf 84' lang='lat' dir='ltr'>charitatis</span> <span class='ocrx_word' id='word_1_487' title='bbox 2775 3029 2843 3091; x_wconf 91' lang='lat' dir='ltr'>in</span> <span class='ocrx_word' id='word_1_488' title='bbox 2870 3028 3076 3093; x_wconf 89' lang='lat' dir='ltr'>Deum</span> <span class='ocrx_word' id='word_1_489' title='bbox 3103 3032 3168 3094; x_wconf 90' lang='lat' dir='ltr'>in</span> <span class='ocrx_word' id='word_1_490' title='bbox 3202 3033 3521 3097; x_wconf 84' lang='lat' dir='ltr'>infinitum</span> 
     </span>
     <span class='ocr_line' id='line_1_72' title="bbox 1975 3132 3515 3222; baseline 0.007 -26"><span class='ocrx_word' id='word_1_491' title='bbox 1975 3132 2237 3198; x_wconf 78' lang='lat' dir='ltr'>excedat</span> <span class='ocrx_word' id='word_1_492' title='bbox 2281 3138 2529 3198; x_wconf 89' lang='lat' dir='ltr'>motum</span> <span class='ocrx_word' id='word_1_493' title='bbox 2582 3135 2904 3200; x_wconf 82' lang='lat' dir='ltr'>charitatis</span> <span class='ocrx_word' id='word_1_494' title='bbox 2960 3137 3030 3201; x_wconf 93' lang='lat' dir='ltr'>in</span> <span class='ocrx_word' id='word_1_495' title='bbox 3075 3140 3445 3222; x_wconf 89' lang='lat' dir='ltr'>proximum</span> <span class='ocrx_word' id='word_1_496' title='bbox 3499 3164 3515 3208; x_wconf 74' lang='grc' dir='ltr'>ε</span> 
     </span>
     <span class='ocr_line' id='line_1_73' title="bbox 1975 3242 3396 3325; baseline 0.005 -20"><span class='ocrx_word' id='word_1_497' title='bbox 1975 3258 2137 3323; x_wconf 81' lang='lat' dir='ltr'>ergo</span> <span class='ocrx_word' id='word_1_498' title='bbox 2175 3260 2307 3306; x_wconf 91' lang='lat' dir='ltr'>non</span> <span class='ocrx_word' id='word_1_499' title='bbox 2339 3242 2593 3306; x_wconf 82' lang='lat' dir='ltr'>videtur</span> <span class='ocrx_word' id='word_1_500' title='bbox 2627 3243 2797 3325; x_wconf 90' lang='lat' dir='ltr'>quod</span> <span class='ocrx_word' id='word_1_501' title='bbox 2839 3244 3070 3308; x_wconf 85' lang='lat' dir='ltr'>habeat</span> <span class='ocrx_word' id='word_1_502' title='bbox 3110 3247 3396 3312; x_wconf 91' lang='lat' dir='ltr'>modum.</span> 
     </span>
    </p>

    <p class='ocr_par' dir='ltr' id='par_1_19' title="bbox 1969 3346 3523 4182">
     <span class='ocr_line' id='line_1_74' title="bbox 2053 3346 3521 3437; baseline 0.007 -26"><span class='ocrx_word' id='word_1_503' title='bbox 2053 3352 2117 3411; x_wconf 71' lang='lat'>4.</span> <span class='ocrx_word' id='word_1_504' title='bbox 2149 3346 2310 3411; x_wconf 89' lang='lat' dir='ltr'>Item</span> <span class='ocrx_word' id='word_1_505' title='bbox 2336 3366 2526 3412; x_wconf 87' lang='lat' dir='ltr'>omne</span> <span class='ocrx_word' id='word_1_506' title='bbox 2553 3348 2723 3431; x_wconf 87' lang='lat' dir='ltr'>quod</span> <span class='ocrx_word' id='word_1_507' title='bbox 2753 3348 2946 3415; x_wconf 87' lang='lat' dir='ltr'>habet</span> <span class='ocrx_word' id='word_1_508' title='bbox 2973 3352 3261 3431; x_wconf 88' lang='lat' dir='ltr'>modum,</span> <span class='ocrx_word' id='word_1_509' title='bbox 3283 3373 3399 3437; x_wconf 88' lang='lat' dir='ltr'>per</span> <span class='ocrx_word' id='word_1_510' title='bbox 3415 3358 3521 3421; x_wconf 89' lang='lat' dir='ltr'>sui</span> 
     </span>
     <span class='ocr_line' id='line_1_75' title="bbox 1973 3454 3523 3540; baseline 0.006 -22"><span class='ocrx_word' id='word_1_511' title='bbox 1973 3472 2307 3519; x_wconf 84' lang='lat' dir='ltr'>excessum</span> <span class='ocrx_word' id='word_1_512' title='bbox 2333 3454 2542 3520; x_wconf 86' lang='lat' dir='ltr'>vitiari</span> <span class='ocrx_word' id='word_1_513' title='bbox 2577 3461 2781 3538; x_wconf 87' lang='lat' dir='ltr'>potest</span> <span class='ocrx_word' id='word_1_514' title='bbox 2820 3480 2835 3520; x_wconf 79' lang='lat' dir='ltr'><strong><em>z</em></strong></span> <span class='ocrx_word' id='word_1_515' title='bbox 2870 3476 3027 3540; x_wconf 83' lang='lat' dir='ltr'>ergo</span> <span class='ocrx_word' id='word_1_516' title='bbox 3055 3459 3108 3523; x_wconf 90' lang='lat' dir='ltr'>si</span> <span class='ocrx_word' id='word_1_517' title='bbox 3135 3466 3348 3526; x_wconf 88' lang='lat' dir='ltr'>motus</span> <span class='ocrx_word' id='word_1_518' title='bbox 3380 3463 3523 3528; x_wconf 86' lang='lat' dir='ltr'>cha-</span> 
     </span>
     <span class='ocr_line' id='line_1_76' title="bbox 1971 3561 3521 3653; baseline 0.008 -29"><span class='ocrx_word' id='word_1_519' title='bbox 1971 3561 2176 3625; x_wconf 87' lang='lat' dir='ltr'>ritatis</span> <span class='ocrx_word' id='word_1_520' title='bbox 2203 3562 2272 3625; x_wconf 92' lang='lat' dir='ltr'>in</span> <span class='ocrx_word' id='word_1_521' title='bbox 2318 3562 2517 3626; x_wconf 89' lang='lat' dir='ltr'>Deum</span> <span class='ocrx_word' id='word_1_522' title='bbox 2555 3562 2820 3628; x_wconf 88' lang='lat' dir='ltr'>haberet</span> <span class='ocrx_word' id='word_1_523' title='bbox 2862 3568 3158 3648; x_wconf 88' lang='lat' dir='ltr'>modum,</span> <span class='ocrx_word' id='word_1_524' title='bbox 3189 3587 3303 3653; x_wconf 88' lang='lat' dir='ltr'>per</span> <span class='ocrx_word' id='word_1_525' title='bbox 3328 3589 3521 3635; x_wconf 92' lang='lat' dir='ltr'>suum</span> 
     </span>
     <span class='ocr_line' id='line_1_77' title="bbox 1973 3668 3516 3761; baseline 0.007 -29"><span class='ocrx_word' id='word_1_526' title='bbox 1973 3687 2307 3733; x_wconf 84' lang='lat' dir='ltr'>excessum</span> <span class='ocrx_word' id='word_1_527' title='bbox 2338 3668 2548 3732; x_wconf 83' lang='lat' dir='ltr'>vitiari</span> <span class='ocrx_word' id='word_1_528' title='bbox 2591 3676 2799 3752; x_wconf 87' lang='lat' dir='ltr'>posset</span> <span class='ocrx_word' id='word_1_529' title='bbox 2830 3693 2845 3735; x_wconf 73' lang='grc' dir='ltr'><strong><em>ε</em></strong></span> <span class='ocrx_word' id='word_1_530' title='bbox 2879 3673 2989 3737; x_wconf 88' lang='lat' dir='ltr'>sed</span> <span class='ocrx_word' id='word_1_531' title='bbox 3036 3693 3226 3741; x_wconf 89' lang='lat' dir='ltr'>nemo</span> <span class='ocrx_word' id='word_1_532' title='bbox 3262 3678 3516 3761; x_wconf 87' lang='lat' dir='ltr'>vitupe-</span> 
     </span>
     <span class='ocr_line' id='line_1_78' title="bbox 1970 3776 3519 3863; baseline 0.006 -23"><span class='ocrx_word' id='word_1_533' title='bbox 1970 3776 2188 3841; x_wconf 88' lang='lat' dir='ltr'>rabilis</span> <span class='ocrx_word' id='word_1_534' title='bbox 2242 3781 2376 3856; x_wconf 83' lang='lat' dir='ltr'>est,</span> <span class='ocrx_word' id='word_1_535' title='bbox 2421 3783 3016 3863; x_wconf 81' lang='lat' dir='ltr'>quantumcumque</span> <span class='ocrx_word' id='word_1_536' title='bbox 3062 3782 3287 3863; x_wconf 84' lang='lat' dir='ltr'>diligat</span> <span class='ocrx_word' id='word_1_537' title='bbox 3326 3785 3519 3850; x_wconf 82' lang='lat' dir='ltr'>affec-</span> 
     </span>
     <span class='ocr_line' id='line_1_79' title="bbox 1971 3885 3519 3968; baseline 0.006 -20"><span class='ocrx_word' id='word_1_538' title='bbox 1971 3887 2154 3949; x_wconf 81' lang='lat' dir='ltr'>tuose</span> <span class='ocrx_word' id='word_1_539' title='bbox 2181 3889 2245 3948; x_wconf 85' lang='lat' dir='ltr'>et</span> <span class='ocrx_word' id='word_1_540' title='bbox 2270 3885 2514 3950; x_wconf 83' lang='lat' dir='ltr'>intense</span> <span class='ocrx_word' id='word_1_541' title='bbox 2544 3904 2561 3948; x_wconf 74' lang='grc' dir='ltr'><strong><em>ε</em></strong></span> <span class='ocrx_word' id='word_1_542' title='bbox 2590 3885 2643 3949; x_wconf 92' lang='lat' dir='ltr'>si</span> <span class='ocrx_word' id='word_1_543' title='bbox 2669 3904 2826 3968; x_wconf 86' lang='lat' dir='ltr'>ergo</span> <span class='ocrx_word' id='word_1_544' title='bbox 2855 3893 3069 3953; x_wconf 87' lang='lat' dir='ltr'>motus</span> <span class='ocrx_word' id='word_1_545' title='bbox 3096 3890 3421 3957; x_wconf 78' lang='lat' dir='ltr'>charitatis</span> <span class='ocrx_word' id='word_1_546' title='bbox 3449 3893 3519 3957; x_wconf 91' lang='lat' dir='ltr'>in</span> 
     </span>
     <span class='ocr_line' id='line_1_80' title="bbox 1969 3990 3516 4080; baseline 0.006 -25"><span class='ocrx_word' id='word_1_547' title='bbox 1969 3990 2175 4056; x_wconf 91' lang='lat' dir='ltr'>Deum</span> <span class='ocrx_word' id='word_1_548' title='bbox 2204 4011 2337 4057; x_wconf 91' lang='lat' dir='ltr'>non</span> <span class='ocrx_word' id='word_1_549' title='bbox 2370 3997 2575 4077; x_wconf 87' lang='lat' dir='ltr'>potest</span> <span class='ocrx_word' id='word_1_550' title='bbox 2607 3994 2818 4058; x_wconf 90' lang='lat' dir='ltr'>vitiari</span> <span class='ocrx_word' id='word_1_551' title='bbox 2856 4014 2969 4078; x_wconf 87' lang='lat' dir='ltr'>per</span> <span class='ocrx_word' id='word_1_552' title='bbox 3009 4016 3340 4063; x_wconf 84' lang='lat' dir='ltr'>excessum</span> <span class='ocrx_word' id='word_1_553' title='bbox 3363 4049 3383 4080; x_wconf 92' lang='lat'><strong><em>,</em></strong></span> <span class='ocrx_word' id='word_1_554' title='bbox 3416 4002 3516 4064; x_wconf 87' lang='lat' dir='ltr'>vi·-</span> 
     </span>
     <span class='ocr_line' id='line_1_81' title="bbox 1969 4098 3289 4182; baseline 0.004 -19"><span class='ocrx_word' id='word_1_555' title='bbox 1969 4098 2157 4163; x_wconf 88' lang='lat' dir='ltr'>detur</span> <span class='ocrx_word' id='word_1_556' title='bbox 2184 4100 2357 4182; x_wconf 88' lang='lat' dir='ltr'>quod</span> <span class='ocrx_word' id='word_1_557' title='bbox 2386 4100 2455 4163; x_wconf 92' lang='lat' dir='ltr'>in</span> <span class='ocrx_word' id='word_1_558' title='bbox 2480 4119 2549 4163; x_wconf 90' lang='lat' dir='ltr'>se</span> <span class='ocrx_word' id='word_1_559' title='bbox 2578 4119 2712 4165; x_wconf 89' lang='lat' dir='ltr'>non</span> <span class='ocrx_word' id='word_1_560' title='bbox 2738 4100 2971 4167; x_wconf 88' lang='lat' dir='ltr'>habeat</span> <span class='ocrx_word' id='word_1_561' title='bbox 3002 4105 3289 4168; x_wconf 88' lang='lat' dir='ltr'>modum.</span> 
     </span>
    </p>
   </div>
   <div class='ocr_carea' id='block_1_15' title="bbox 2516 4295 2966 4364">
    <p class='ocr_par' dir='ltr' id='par_1_20' title="bbox 2516 4295 2966 4364">
     <span class='ocr_line' id='line_1_82' title="bbox 2516 4295 2966 4364; baseline 0.007 -4"><span class='ocrx_word' id='word_1_562' title='bbox 2516 4295 2664 4363; x_wconf 89' lang='lat' dir='ltr'>CON</span> <span class='ocrx_word' id='word_1_563' title='bbox 2673 4296 2966 4364; x_wconf 87' lang='lat' dir='ltr'>CLUSlO.</span> 
     </span>
    </p>
   </div>
   <div class='ocr_carea' id='block_1_16' title="bbox 1967 4440 3516 4870">
    <p class='ocr_par' dir='ltr' id='par_1_21' title="bbox 1967 4440 3516 4870">
     <span class='ocr_line' id='line_1_83' title="bbox 1967 4440 3516 4517; baseline 0.004 -20"><span class='ocrx_word' id='word_1_564' title='bbox 1967 4443 2140 4498; x_wconf 84' lang='lat' dir='ltr'>Actus</span> <span class='ocrx_word' id='word_1_565' title='bbox 2165 4440 2470 4498; x_wconf 79' lang='lat' dir='ltr'>dilectionis</span> <span class='ocrx_word' id='word_1_566' title='bbox 2496 4457 2625 4512; x_wconf 70' lang='lat' dir='ltr'>erpa</span> <span class='ocrx_word' id='word_1_567' title='bbox 2656 4444 2848 4509; x_wconf 80' lang='lat' dir='ltr'>Deum,</span> <span class='ocrx_word' id='word_1_568' title='bbox 2874 4458 2991 4499; x_wconf 84' lang='lat' dir='ltr'>cum</span> <span class='ocrx_word' id='word_1_569' title='bbox 3015 4445 3091 4499; x_wconf 83' lang='lat' dir='ltr'>sit</span> <span class='ocrx_word' id='word_1_570' title='bbox 3119 4444 3422 4517; x_wconf 80' lang='lat' dir='ltr'>limitatus,</span> <span class='ocrx_word' id='word_1_571' title='bbox 3463 4451 3516 4504; x_wconf 86' lang='lat' dir='ltr'>et</span> 
     </span>
     <span class='ocr_line' id='line_1_84' title="bbox 2037 4529 3511 4604; baseline 0.003 -18"><span class='ocrx_word' id='word_1_572' title='bbox 2037 4546 2158 4587; x_wconf 83' lang='lat' dir='ltr'>cum</span> <span class='ocrx_word' id='word_1_573' title='bbox 2185 4529 2381 4586; x_wconf 83' lang='lat' dir='ltr'>debitis</span> <span class='ocrx_word' id='word_1_574' title='bbox 2407 4530 2594 4586; x_wconf 81' lang='lat' dir='ltr'>debeat</span> <span class='ocrx_word' id='word_1_575' title='bbox 2618 4534 2739 4601; x_wconf 76' lang='lat' dir='ltr'>fieri</span> <span class='ocrx_word' id='word_1_576' title='bbox 2768 4535 3189 4589; x_wconf 78' lang='lat' dir='ltr'>circumstantiis</span> <span class='ocrx_word' id='word_1_577' title='bbox 3197 4574 3217 4603; x_wconf 95' lang='lat'>‚</span> <span class='ocrx_word' id='word_1_578' title='bbox 3248 4540 3511 4604; x_wconf 76' lang='lat' dir='ltr'>quantum</span> 
     </span>
     <span class='ocr_line' id='line_1_85' title="bbox 2039 4619 3514 4694; baseline 0.003 -19"><span class='ocrx_word' id='word_1_579' title='bbox 2039 4621 2114 4676; x_wconf 83' lang='lat' dir='ltr'>ad</span> <span class='ocrx_word' id='word_1_580' title='bbox 2130 4620 2256 4690; x_wconf 78' lang='lat' dir='ltr'>hoc,</span> <span class='ocrx_word' id='word_1_581' title='bbox 2284 4619 2499 4676; x_wconf 81' lang='lat' dir='ltr'>modum</span> <span class='ocrx_word' id='word_1_582' title='bbox 2518 4621 2678 4677; x_wconf 83' lang='lat' dir='ltr'>habet</span> <span class='ocrx_word' id='word_1_583' title='bbox 2690 4639 2709 4692; x_wconf 82' lang='lat'><em>3</em></span> <span class='ocrx_word' id='word_1_584' title='bbox 2741 4626 2887 4677; x_wconf 81' lang='lat' dir='ltr'>caret</span> <span class='ocrx_word' id='word_1_585' title='bbox 2913 4626 3087 4679; x_wconf 78' lang='lat' dir='ltr'>tamen</span> <span class='ocrx_word' id='word_1_586' title='bbox 3106 4624 3285 4690; x_wconf 80' lang='lat' dir='ltr'>mode,</span> <span class='ocrx_word' id='word_1_587' title='bbox 3316 4626 3414 4694; x_wconf 77' lang='lat' dir='ltr'>qui</span> <span class='ocrx_word' id='word_1_588' title='bbox 3436 4628 3514 4680; x_wconf 85' lang='lat' dir='ltr'>est</span> 
     </span>
     <span class='ocr_line' id='line_1_86' title="bbox 2036 4710 3511 4782; baseline 0.003 -15"><span class='ocrx_word' id='word_1_589' title='bbox 2036 4727 2106 4767; x_wconf 72' lang='lat' dir='ltr'>ex</span> <span class='ocrx_word' id='word_1_590' title='bbox 2129 4710 2414 4768; x_wconf 78' lang='lat' dir='ltr'>medietate</span> <span class='ocrx_word' id='word_1_591' title='bbox 2440 4714 2583 4766; x_wconf 81' lang='lat' dir='ltr'>inter</span> <span class='ocrx_word' id='word_1_592' title='bbox 2609 4714 2929 4782; x_wconf 74' lang='lat' dir='ltr'>superfluum</span> <span class='ocrx_word' id='word_1_593' title='bbox 2946 4717 2997 4769; x_wconf 89' lang='lat' dir='ltr'>et</span> <span class='ocrx_word' id='word_1_594' title='bbox 3026 4713 3366 4781; x_wconf 76' lang='lat' dir='ltr'>diminutum,</span> <span class='ocrx_word' id='word_1_595' title='bbox 3395 4731 3511 4772; x_wconf 81' lang='lat' dir='ltr'>cum</span> 
     </span>
     <span class='ocr_line' id='line_1_87' title="bbox 2035 4799 2857 4870; baseline 0 -16"><span class='ocrx_word' id='word_1_596' title='bbox 2035 4799 2297 4869; x_wconf 77' lang='lat' dir='ltr'>obJ&#39;ectum</span> <span class='ocrx_word' id='word_1_597' title='bbox 2324 4799 2436 4870; x_wconf 80' lang='lat' dir='ltr'>ejus</span> <span class='ocrx_word' id='word_1_598' title='bbox 2463 4802 2538 4856; x_wconf 82' lang='lat' dir='ltr'>sit</span> <span class='ocrx_word' id='word_1_599' title='bbox 2558 4801 2857 4869; x_wconf 75' lang='lat' dir='ltr'>infinitum.</span> 
     </span>
    </p>
   </div>
   <div class='ocr_carea' id='block_1_17' title="bbox 1962 4960 3507 5256">
    <p class='ocr_par' dir='ltr' id='par_1_22' title="bbox 1962 4960 3507 5256">
     <span class='ocr_line' id='line_1_88' title="bbox 2045 4960 3507 5061; baseline 0.004 -36"><span class='ocrx_word' id='word_1_600' title='bbox 2045 4961 2232 5043; x_wconf 87' lang='lat' dir='ltr'>Resp.</span> <span class='ocrx_word' id='word_1_601' title='bbox 2277 4961 2358 5026; x_wconf 86' lang='lat' dir='ltr'>ad</span> <span class='ocrx_word' id='word_1_602' title='bbox 2384 4976 2526 5041; x_wconf 83' lang='lat' dir='ltr'>arg.</span> <span class='ocrx_word' id='word_1_603' title='bbox 2565 4960 2918 5061; x_wconf 27' lang='lat' dir='ltr'>‘Dicendum</span> <span class='ocrx_word' id='word_1_604' title='bbox 2962 4963 3132 5043; x_wconf 87' lang='lat' dir='ltr'>quod</span> <span class='ocrx_word' id='word_1_605' title='bbox 3175 4963 3507 5046; x_wconf 83' lang='lat' dir='ltr'>tripliciter</span> 
     </span>
     <span class='ocr_line' id='line_1_89' title="bbox 1962 5065 3502 5149; baseline 0.003 -17"><span class='ocrx_word' id='word_1_606' title='bbox 1962 5067 2087 5132; x_wconf 90' lang='lat' dir='ltr'>dici</span> <span class='ocrx_word' id='word_1_607' title='bbox 2134 5070 2339 5149; x_wconf 90' lang='lat' dir='ltr'>potest</span> <span class='ocrx_word' id='word_1_608' title='bbox 2388 5065 2622 5147; x_wconf 89' lang='lat' dir='ltr'>aliquis</span> <span class='ocrx_word' id='word_1_609' title='bbox 2665 5070 2844 5130; x_wconf 88' lang='lat' dir='ltr'>actus</span> <span class='ocrx_word' id='word_1_610' title='bbox 2890 5067 3123 5133; x_wconf 86' lang='lat' dir='ltr'>habere</span> <span class='ocrx_word' id='word_1_611' title='bbox 3173 5070 3440 5135; x_wconf 91' lang='lat' dir='ltr'>modum</span> <span class='ocrx_word' id='word_1_612' title='bbox 3486 5094 3502 5137; x_wconf 89' lang='lat'>:</span> 
     </span>
     <span class='ocr_line' id='line_1_90' title="bbox 1963 5172 3503 5256; baseline 0.004 -18"><span class='ocrx_word' id='word_1_613' title='bbox 1963 5192 2097 5239; x_wconf 91' lang='lat' dir='ltr'>uno</span> <span class='ocrx_word' id='word_1_614' title='bbox 2123 5173 2315 5238; x_wconf 91' lang='lat' dir='ltr'>modo</span> <span class='ocrx_word' id='word_1_615' title='bbox 2344 5191 2457 5255; x_wconf 89' lang='lat' dir='ltr'>per</span> <span class='ocrx_word' id='word_1_616' title='bbox 2485 5172 2929 5238; x_wconf 80' lang='lat' dir='ltr'>limitationem</span> <span class='ocrx_word' id='word_1_617' title='bbox 2951 5179 3268 5256; x_wconf 86' lang='lat' dir='ltr'>quantum</span> <span class='ocrx_word' id='word_1_618' title='bbox 3294 5177 3373 5242; x_wconf 88' lang='lat' dir='ltr'>ad</span> <span class='ocrx_word' id='word_1_619' title='bbox 3400 5197 3503 5244; x_wconf 88' lang='lat' dir='ltr'>se-</span> 
     </span>
    </p>
   </div>
   <div class='ocr_carea' id='block_1_18' title="bbox 1961 5334 3510 5477">
    <p class='ocr_par' dir='ltr' id='par_1_23' title="bbox 1961 5334 3510 5477">
     <span class='ocr_line' id='line_1_91' title="bbox 1965 5334 3510 5405; baseline -0.005 -17"><span class='ocrx_word' id='word_1_620' title='bbox 1965 5338 2031 5388; x_wconf 79' lang='lat' dir='ltr'>lu</span> <span class='ocrx_word' id='word_1_621' title='bbox 2062 5338 2200 5388; x_wconf 76' lang='lat' dir='ltr'>Sene.</span> <span class='ocrx_word' id='word_1_622' title='bbox 2230 5334 2344 5386; x_wconf 84' lang='lat' dir='ltr'>dist.</span> <span class='ocrx_word' id='word_1_623' title='bbox 2382 5347 2549 5398; x_wconf 73' lang='lat' dir='ltr'>xxvix,</span> <span class='ocrx_word' id='word_1_624' title='bbox 2577 5338 2672 5387; x_wconf 86' lang='lat' dir='ltr'>art.</span> <span class='ocrx_word' id='word_1_625' title='bbox 2699 5336 2747 5396; x_wconf 82' lang='lat'>3,</span> <span class='ocrx_word' id='word_1_626' title='bbox 2774 5349 2826 5400; x_wconf 85' lang='lat' dir='ltr'>q.</span> <span class='ocrx_word' id='word_1_627' title='bbox 2854 5347 2894 5387; x_wconf 93' lang='lat'>1.</span> <span class='ocrx_word' id='word_1_628' title='bbox 2927 5362 2989 5374; x_wconf 90' lang='lat'><em>-</em></span> <span class='ocrx_word' id='word_1_629' title='bbox 3015 5338 3037 5373; x_wconf 81' lang='lat'><strong>¹</strong></span> <span class='ocrx_word' id='word_1_630' title='bbox 3059 5338 3201 5405; x_wconf 63' lang='lat' dir='ltr'>Sap„</span> <span class='ocrx_word' id='word_1_631' title='bbox 3232 5353 3308 5405; x_wconf 76' lang='lat'>11,</span> <span class='ocrx_word' id='word_1_632' title='bbox 3336 5345 3415 5392; x_wconf 77' lang='lat'>22.</span> <span class='ocrx_word' id='word_1_633' title='bbox 3448 5367 3510 5381; x_wconf 88' lang='lat'>...</span> 
     </span>
     <span class='ocr_line' id='line_1_92' title="bbox 1961 5407 3480 5477; baseline 0.001 -17"><span class='ocrx_word' id='word_1_634' title='bbox 1961 5409 1985 5444; x_wconf 79' lang='lat'>⁸</span> <span class='ocrx_word' id='word_1_635' title='bbox 2013 5411 2185 5471; x_wconf 61' lang='lat' dir='ltr'>Rern„</span> <span class='ocrx_word' id='word_1_636' title='bbox 2212 5407 2272 5458; x_wconf 82' lang='lat' dir='ltr'>de</span> <span class='ocrx_word' id='word_1_637' title='bbox 2298 5408 2419 5459; x_wconf 76' lang='lat' dir='ltr'>Nat.</span> <span class='ocrx_word' id='word_1_638' title='bbox 2444 5421 2603 5458; x_wconf 79' lang='lat' dir='ltr'>amor.</span> <span class='ocrx_word' id='word_1_639' title='bbox 2627 5407 2806 5471; x_wconf 66' lang='lat' dir='ltr'>divin„</span> <span class='ocrx_word' id='word_1_640' title='bbox 2835 5421 2882 5457; x_wconf 85' lang='lat' dir='ltr'>e.</span> <span class='ocrx_word' id='word_1_641' title='bbox 2907 5419 2964 5459; x_wconf 81' lang='grc' dir='ltr'>Π.</span> <span class='ocrx_word' id='word_1_642' title='bbox 2990 5434 3050 5445; x_wconf 90' lang='grc'>-</span> <span class='ocrx_word' id='word_1_643' title='bbox 3069 5410 3090 5443; x_wconf 73' lang='lat'>⁸</span> <span class='ocrx_word' id='word_1_644' title='bbox 3113 5411 3275 5476; x_wconf 66' lang='lat' dir='ltr'>Rom„</span> <span class='ocrx_word' id='word_1_645' title='bbox 3305 5425 3399 5477; x_wconf 69' lang='lat' dir='ltr'>xli,</span> <span class='ocrx_word' id='word_1_646' title='bbox 3434 5416 3480 5463; x_wconf 87' lang='grc'>3.</span> 
     </span>
    </p>
   </div>
  </div>
 </body>
</html>
