4185 6288
1295 466 1491 534 ms‘r.
1538 464 1702 531 xm.
1747 460 1932 530 ΛΒΤ.
1978 459 2056 527 11.
2101 454 2404 535 QUAEST.
2450 458 2499 525 1.

382 619 440 677 4.
486 611 587 676 Ad
627 609 791 674 illud
834 608 1008 692 quod
1047 607 1344 690 objicitur
1361 652 1379 680 ,
1428 602 1600 687 quod
1645 601 1846 666 multa

309 721 467 784 bona
495 737 695 802 opera
714 717 1001 794 faciebat,
1032 714 1374 781 dicendum
1401 710 1572 794 quod
1589 712 1846 794 propter

308 827 409 892 illa
434 827 505 890 in
530 826 740 908 gratia
761 843 894 888 non
921 823 1269 899 crescebat3
1300 838 1418 884 nec
1443 823 1661 883 tamen
1687 834 1846 898 ope-

307 934 559 998 rabatur
581 934 843 1010 frustra,
874 931 1029 1014 quia
1067 948 1201 994 non
1242 931 1500 1011 propter
1523 942 1715 990 suum
1745 923 1847 986 in-

309 1044 725 1119 crementum,
757 1041 866 1104 sed
893 1043 1149 1123 propter
1181 1040 1473 1101 nostrum
1510 1032 1619 1096 illa
1653 1030 1849 1095 tacie-

310 1148 434 1212 bat.
491 1146 669 1211 Unde
735 1151 800 1211 et
846 1163 966 1210 nos
1026 1144 1387 1208 maximum
1440 1138 1849 1205 commodum

306 1259 728 1340 reportamus.

387 1368 445 1427 5.
483 1363 584 1428 Ad
632 1360 790 1426 illud
836 1359 1010 1443 quod
1049 1358 1371 1440 objicitur,
1408 1354 1577 1439 quod
1623 1370 1854 1436 corpus

309 1489 496 1536 suum
508 1469 743 1534 habuit
765 1467 1079 1533 defectum
1104 1462 1519 1548 plenitudinis
1545 1461 1618 1524 in
1643 1464 1850 1538 aetate,

308 1577 648 1642 dicendum
672 1574 847 1657 quod
873 1591 1005 1638 non
1024 1574 1121 1636 est
1141 1570 1369 1647 simile,
1398 1567 1553 1650 quia
1577 1565 1857 1631 detectus

313 1685 511 1749 aetatis
533 1684 608 1747 in
634 1699 896 1765 corpore
921 1679 1186 1744 faciebat
1211 1677 1292 1741 ad
1313 1675 1854 1753 humiliationem,

310 1797 371 1857 et
395 1809 569 1856 verae
598 1794 850 1855 naturae
876 1786 1304 1853 ostensionem
1319 1832 1336 1860 ,
1369 1789 1434 1848 et
1465 1784 1558 1847 sic
1588 1783 1670 1847 ad
1709 1780 1858 1845 fidei

311 1899 866 1964 confirmationem
926 1919 942 1959 ι
1001 1894 1111 1959 sed
1162 1893 1439 1958 defectus
1502 1889 1728 1972 gratiae
1790 1889 1858 1952 in

312 2008 528 2071 anima
554 2006 628 2068 in
654 2003 839 2068 nullo
881 2002 1066 2067 nobis
1110 1999 1454 2083 prodesset,
1505 2014 1622 2060 nec
1659 1996 1860 2060 Deum

313 2113 556 2178 deceret
594 2137 611 2176 z
657 2116 723 2176 et
766 2112 907 2176 ideo
953 2128 1084 2174 non
1131 2113 1227 2170 aet
1269 2104 1495 2169 simile.
1548 2102 1862 2167 Praeterea

312 2220 433 2283 alia
459 2219 625 2283 ratio
649 2222 744 2284 est
772 2236 790 2281 ε
821 2216 976 2299 quia
1004 2214 1328 2298 dispositio
1355 2212 1437 2276 ad
1467 2211 1770 2276 unionem
1793 2227 1861 2272 se

314 2332 482 2391 tenet
507 2344 592 2390 ex
618 2328 798 2409 parte
825 2323 1061 2387 animae
1080 2370 1099 2400 ,
1133 2339 1268 2386 non
1306 2338 1386 2384 ex
1426 2323 1605 2402 parte
1630 2316 1858 2391 carnis,

314 2434 475 2498 sicut
495 2434 681 2517 prius
703 2436 1031 2496 ostensum
1061 2433 1193 2492 est:
1223 2427 1366 2491 ideo
1392 2425 1602 2506 magis
1628 2421 1863 2506 perfec-

314 2548 444 2607 tam
467 2542 752 2625 oportuit
774 2559 909 2604 esse
932 2538 1239 2615 animam,
1268 2553 1465 2618 quam
1501 2548 1779 2597 carnem.

392 2655 452 2714 6.
503 2649 604 2713 Ad
645 2648 803 2713 illud
849 2649 1023 2731 quod
1061 2644 1383 2727 objicitur,
1429 2641 1600 2725 quod
1655 2638 1866 2722 gratia

315 2757 579 2841 ampliat
605 2756 1039 2840 capacitatem,
1085 2752 1425 2817 dicendum
1467 2749 1638 2833 quod
1670 2765 1865 2829 capa-

318 2866 567 2929 citatem
616 2862 910 2946 ampliari
961 2860 1277 2942 contingit
1313 2857 1648 2941 dupliciter
1694 2877 1709 2919 :
1754 2857 1867 2918 aut

324 2972 569 3036 ratione
595 2968 1026 3053 possibilitatis
1051 2966 1315 3050 majoris
1346 2966 1412 3028 in
1438 2960 1865 3044 suscipiendo,

321 3084 429 3144 aut
455 3079 707 3144 ratione
750 3076 1008 3141 virtutis
1046 3076 1117 3139 in
1161 3072 1578 3158 cooperando.
1630 3070 1867 3135 Eadem

326 3189 495 3251 enim
521 3190 617 3251 est
646 3186 951 3269 potentia,
980 3203 1127 3268 quae
1163 3183 1438 3266 gratiam
1482 3178 1776 3260 suscepit,
1806 3181 1871 3242 et

233 3310 244 3321 ·
321 3314 464 3378 quae
503 3294 734 3377 gratiae
769 3297 1076 3375 susceptas
1103 3293 1499 3373 cooperatur.
1545 3286 1613 3350 Si
1645 3284 1871 3364 loqua-

324 3421 469 3468 mur
500 3404 580 3467 de
603 3399 1013 3483 ampliatione
1041 3395 1403 3480 capacitatis
1442 3395 1763 3475 quantum
1789 3391 1870 3455 ad

325 3511 632 3575 virtutem
677 3504 1056 3588 cooperandi
1073 3553 1091 3583 ,
1140 3503 1230 3567 sic
1275 3518 1507 3566 verum
1557 3504 1654 3563 est
1700 3497 1870 3581 quod

326 3618 532 3698 gratia
572 3614 920 3681 adveniens
957 3615 1157 3693 auget
1195 3610 1469 3674 liberum
1510 3607 1869 3685 arbitrium,

327 3726 461 3791 sive
487 3722 838 3790 voluntatis
867 3722 1101 3786 bonam
1127 3718 1521 3784 habilitatem
1551 3720 1614 3780 et
1637 3714 1876 3797 capaci-

329 3836 545 3898 tatem.
576 3831 646 3896 Si
673 3848 827 3895 vero
865 3828 1211 3910 loquamur
1250 3825 1330 3890 de
1371 3824 1780 3907 possibilitate
1807 3821 1874 3885 in

331 3937 752 4022 suscipiendo,
800 3935 891 4000 sic
926 3935 1120 3999 habet
1158 3933 1517 4011 salsitatem,
1565 3930 1872 4013 quoniam

332 4046 537 4126 gratia
557 4048 657 4109 est
682 4042 1053 4123 sicutactus
1080 4045 1142 4104 et
1170 4025 1708 4123 complementum
1752 4058 1768 4100 ε
1814 4040 1879 4100 et

333 4156 572 4234 quanto
597 4151 742 4234 plus
762 4149 950 4214 datur
975 4147 1165 4211 alicui
1191 4147 1270 4211 de
1286 4145 1668 4223 actualitate,
1700 4147 1875 4207 tanto

335 4260 477 4340 plus
519 4256 756 4323 recedit
795 4275 835 4320 a
867 4254 1276 4338 possibilitate
1315 4254 1392 4336 (α)
1433 4252 1649 4316 :unde
1674 4255 1736 4315 et
1762 4267 1881 4313 nos

337 4365 629 4443 dicimus,
649 4363 824 4447 quod
841 4379 990 4444 quae
1011 4361 1293 4425 multum
1310 4359 1550 4423 habent
1574 4358 1652 4423 de
1674 4356 1883 4439 specie

339 4473 440 4537 cui
466 4470 768 4555 competit
806 4487 1001 4551 agere
1019 4516 1038 4545 ,
1085 4485 1318 4549 parum
1357 4465 1596 4530 hahent
1628 4465 1707 4529 de
1744 4482 1881 4527 ma·

343 4581 498 4644 teria
536 4579 643 4644 cui
680 4576 980 4660 competit
1004 4574 1136 4657 pati
1157 4577 1220 4639 et
1243 4572 1585 4656 suscipere.
1614 4570 1694 4635 Et
1717 4589 1848 4652 quo
1880 4606 1888 4613 ·

341 4687 512 4751 niam
540 4688 613 4750 in
642 4683 887 4748 Christo
914 4681 1053 4765 ipsa
1077 4680 1375 4744 habilitas
1400 4679 1481 4743 ad
1521 4678 1768 4743 bonum
1793 4680 1889 4741 est

343 4810 455 4875 per
494 4792 774 4875 gratiam
825 4788 1166 4872 perfectam
1217 4787 1298 4851 ad
1350 4772 1887 4869 complementum

346 4902 682 4983 producta,
730 4898 881 4963 hinc
920 4901 1014 4960 est
1059 4895 1231 4977 quod
1270 4896 1411 4977 ejus
1447 4893 1756 4976 capacitas
1794 4896 1891 4957 est

347 5006 623 5092 impleta,
660 5005 828 5069 sicut
867 5002 1137 5067 dicimus
1164 5000 1244 5065 de
1277 4999 1684 5085 formacoeli,
1717 4999 1889 5081 quod

352 5116 613 5201 complet
658 5111 1013 5198 appetitum
1055 5111 1369 5190 materiae,
1418 5111 1573 5194 quia
1625 5110 1893 5176 materia

418 5319 530 5386 ¹Cs.
566 5322 711 5373 Alex.
750 5314 986 5377 alensis,
1012 5328 1065 5378 p.
1095 5314 1185 5379 Ill,
1207 5328 1260 5378 q.
1281 5327 1376 5375 111,
1397 5316 1590 5367 memb.
1618 5321 1666 5381 l,
1699 5320 1794 5368 art.
1826 5321 1889 5380 13

357 5390 416 5442 S.
436 5393 632 5457 Thom„
657 5393 725 5443 lll
754 5391 923 5449 sent„
945 5386 1059 5436 dist.
1085 5396 1206 5449 1111,
1231 5400 1282 5451 q.
1314 5399 1397 5451 m,
1413 5393 1510 5439 art.
1542 5394 1560 5439 l
1587 5404 1606 5453 3
1633 5389 1892 5453 Richard„

362 5460 423 5514 ΙΙΙ
439 5466 594 5530 sat„
617 5466 738 5517 dist.
764 5471 888 5524 xm,
907 5471 960 5521 q.
984 5456 1239 5520 13'1'120111·
1259 5461 1490 5524 argent„
1511 5460 1578 5511 ΙΙΙ
1602 5460 1891 5523 Sent.,dist.

3376 465 3495 527 285

1952 601 2097 682 ejus
2135 615 2269 661 non
2306 598 2545 681 appetit
2584 617 2721 664 esse
2765 601 2887 664 sub
2934 598 3222 665 ulteriori
3266 600 3495 675 forma,

1950 706 2111 770 adeo
2162 704 2435 769 sormam
2484 707 2687 790 ipsam
2756 707 2974 773 statuit
3021 708 3090 771 in
3142 707 3502 772 actualitate

1952 813 2285 895 completa.
2331 813 2434 876 Sic
2482 814 2551 877 in
2596 815 2806 897 gratia
2859 814 3087 879 Christi
3137 833 3255 879 suo
3308 814 3503 878 modo

1952 919 2441 1001 intelligendum
2482 927 2578 985 est
2624 944 2638 985 ε
2690 924 2862 987 unde
2911 923 3017 987 hic
3057 923 3301 987 seducit
3338 922 3505 986 mala

1952 1028 2355 1108 imaginatio,
2385 1029 2538 1111 quia
2579 1048 2708 1093 non
2750 1031 3055 1114 impletur
3081 1031 3299 1094 anima
3330 1030 3503 1093 dono

1956 1136 2204 1218 gratiae,
2235 1136 2402 1200 sicut
2432 1137 2609 1201 locus
2629 1157 2872 1203 vacuus
2892 1138 3195 1222 impletur
3212 1155 3501 1220 corpore,

1956 1242 2066 1306 sed
2094 1241 2309 1325 potius
2335 1242 2500 1306 sicut
2527 1243 2904 1325 possibilitas
2926 1245 2999 1327 (b)
3022 1244 3304 1310 materiae
3334 1262 3505 1308 com·

1969 1351 2185 1433 pletur
2208 1350 2568 1415 actualitate
2594 1351 2840 1417 formae.

2421 1582 2899 1654 ARTICULUS
2947 1585 3035 1654 ΙΙ.

2045 1777 2514 1859 Consequenter
2539 1781 2852 1863 quaeritur
2891 1782 2971 1846 de
3018 1782 3228 1864 gratia
3264 1781 3507 1864 capitis,

1964 1884 2043 1949 de
2073 1905 2206 1968 qua
2231 1891 2611 1968 qnaeruntur
2642 1891 2764 1953 tria
2794 1909 2810 1953 ε
2843 1890 3051 1972 primo
3090 1891 3408 1972 quaeritur
3432 1891 3513 1954 de

1967 1994 2107 2076 ipsa
2151 2000 2466 2076 quantum
2510 1996 2590 2061 ad
2629 1997 2989 2077 essentiam,
3046 1998 3201 2080 quid
3245 1999 3357 2077 sit;
3411 2017 3515 2062 se-

1967 2101 2178 2166 cundo
2199 2108 2509 2184 quantum
2539 2102 2618 2166 ad
2640 2103 3088 2181 differentiam,
3120 2109 3342 2170 utrum
3387 2106 3514 2169 dif-

1969 2208 2128 2273 ferat
2181 2209 2263 2273 ab
2331 2210 2455 2274 alia
2508 2211 2753 2291 gratia3
2823 2213 3009 2276 tertio
3064 2218 3382 2295 quantum
3438 2213 3516 2276 ad

1970 2316 2374 2382 influentiam
2397 2365 2413 2394 ,
2461 2323 2684 2382 utrum
2728 2319 3039 2383 redundet
3064 2319 3133 2382 in
3169 2322 3367 2384 totam
3395 2318 3517 2383 Ec-

1970 2418 2254 2485 clesiam.

2466 2535 2879 2613 onAEs‘rlo
2951 2485 3000 2601 1'.

1971 2696 2063 2753 An
2082 2701 2274 2769 qratia
2298 2701 2498 2771 capitis
2516 2701 2596 2754 sit
2610 2698 2745 2771 quid
2761 2703 3013 2767 creatum,
3041 2701 3128 2756 vel
3154 2702 3454 2758 increatum
3476 2704 3516 2757 ¹.

2053 2856 2218 2934 Quid
2270 2858 2356 2922 sit
2396 2859 2604 2939 gratia
2648 2859 2871 2941 capitis
2910 2861 3263 2925 secundum
3304 2881 3517 2927 essen-
3550 2897 3759 2943 pm·

1972 2963 2161 3042 tiam,
2192 2968 2416 3028 utrum
2456 2965 2747 3029 videlicet
2775 2965 2854 3027 sit
2895 2966 3048 3047 quid
3075 2971 3384 3048 creatum,
3420 2970 3519 3035 vel

1973 3067 2351 3157 increatum3
2371 3080 2435 3140 et
2452 3077 2622 3160 quod
2643 3076 2724 3141 sit
2741 3077 2894 3160 quid
2913 3081 3194 3143 creatum
3205 3129 3221 3160 ,
3242 3081 3517 3149 videtur.

1975 3182 2198 3248 Omnis
2219 3184 2450 3265 gratia,
2483 3202 2631 3266 quae
2658 3186 2846 3268 coepit
2873 3204 3009 3250 esse
3039 3187 3108 3249 in
3129 3187 3398 3270 Christo,
3429 3194 3525 3255 est

1975 3291 2131 3374 quid
2158 3295 2443 3355 creatum
2476 3309 2493 3354 ε
2529 3292 2637 3356 sed
2664 3293 2874 3373 gratia
2915 3294 3137 3377 capitis
3166 3297 3353 3379 coepit
3389 3316 3521 3362 esse

1976 3398 2047 3462 in
2089 3398 2357 3478 Christ0,
2411 3399 2564 3481 qnia
2600 3399 2885 3464 Christus
2911 3402 3101 3484 coepit
3145 3420 3280 3467 esse
3309 3409 3522 3486 caput,

1977 3505 2330 3569 secundum
2356 3505 2527 3588 quod
2555 3504 2792 3569 dicitur
2809 3508 2833 3541 ¹
2858 3529 2871 3570 ε
2896 3507 3113 3588 Ipsum
3129 3507 3313 3575 dedit
3330 3516 3528 3592 caput

1978 3628 2169 3695 super
2196 3629 2444 3679 omnem
2473 3613 2829 3679 Ecclesiam
2857 3632 2881 3679 .·
2909 3632 3093 3695 ergo,
3121 3619 3240 3680 etc.

2064 3721 2221 3785 Item
2244 3720 2455 3785 omnis
2490 3720 2699 3802 gratia
2725 3739 2873 3803 quae
2900 3726 2995 3785 est
3025 3722 3094 3785 in
3131 3722 3399 3803 Christo,
3429 3743 3525 3789 se-

1972 3828 2267 3892 'cundum
2294 3827 2466 3910 quod
2503 3828 2722 3906 homo,
2760 3832 2857 3892 est
2882 3829 3089 3910 gratia
3115 3834 3324 3894 creata
3368 3850 3384 3892 ι
3420 3833 3529 3897 sed

1982 3938 2193 4019 gratia
2245 3935 2472 4020 capitis
2519 3943 2616 4000 est
2663 3936 3035 4018 hujusmodi
3085 3962 3099 4003 ε
3157 3957 3347 4021 erg0‚
3409 3946 3530 4005 etc.

1984 4043 2188 4126 Major
2215 4047 2411 4127 patet;
2460 4044 2673 4107 minor
2707 4044 3012 4125 probatur
3042 4065 3157 4128 per
3182 4046 3327 4125 hoc,
3360 4048 3530 4130 quod

1986 4151 2196 4234 gratia
2221 4150 2445 4232 capitis
2483 4151 2646 4214 inest
2692 4150 2938 4215 Christo
2982 4154 3339 4217 secundum
3362 4157 3533 4233 quod

1986 4264 2181 4343 caput
2229 4282 2244 4323 ε
2300 4260 2409 4324 sed
2460 4260 2658 4323 unius
2715 4263 2964 4323 naturae
3019 4266 3171 4325 sunt
3226 4267 3418 4345 caput
3473 4268 3536 4327 et

1989 4368 2320 4444 membra3
2377 4371 2440 4430 et
2480 4365 2766 4431 Christus
2813 4371 2908 4430 est
2950 4371 3142 4450 caput
3182 4369 3535 4433 secundum

1989 4476 2345 4540 humanam
2372 4476 2669 4538 naturam
2699 4493 2716 4538 ε
2749 4493 2930 4555 ergo,
2963 4480 3082 4540 etc.

2075 4582 2235 4647 Item
2264 4582 2374 4646 illa
2398 4585 2494 4645 est
2535 4582 2744 4663 gratia
2788 4582 3039 4666 capitiS,
3083 4583 3161 4648 de
3188 4587 3374 4668 cujus
3402 4587 3535 4670 ple-

1991 4690 2283 4754 nitudine
2329 4706 2553 4753 omnes
2603 4691 2963 4772 accepimus
3007 4708 3025 4754 ε
3068 4692 3176 4756 sed
3222 4692 3299 4757 de
3332 4696 3540 4775 gratia

1994 4797 2226 4863 Christi
2248 4800 2457 4860 creata
2470 4796 2832 4878 accepimus
2856 4798 3137 4879 gratiam
3155 4817 3273 4883 pro
3290 4802 3500 4883 gratia
3517 4825 3534 4881 ;

1996 4905 2133 4986 ipse
2156 4903 2330 4966 enim
2356 4900 2657 4965 omnibus
2697 4903 2953 4983 meruit,
2996 4908 3062 4967 et
3094 4923 3213 4987 pro
3239 4908 3540 4972 omnihus

1995 5011 2297 5076 satisfecit
2324 5032 2338 5074 ε
2371 5028 2553 5091 erg0,
2584 5014 2702 5074 etc.

2078 5118 2237 5182 Item
2288 5117 2397 5181 illa
2461 5120 2556 5181 est
2617 5118 2825 5198 gratia
2873 5120 3095 5203 capitis
3111 5168 3129 5201 ,
3186 5125 3541 5191 secundum

1998 5328 2115 5375 xm.
2137 5329 2189 5381 q.
2209 5326 2257 5378 1,
2277 5316 2371 5365 art.
2399 5318 2420 5364 1
2432 5328 2451 5378 3
2475 5314 2763 5381 Stephanus
2781 5318 2989 5380 Brulet„
3015 5319 3078 5369 lll
3105 5320 3265 5386 Sene„
3285 5320 3400 5376 dist.
3422 5335 3540 5383 xm,

1999 5403 2051 5453 q.
2079 5397 2161 5450 ιη
2186 5385 2377 5435 Marsil.
2403 5387 2637 5450 luguen„
2662 5388 2725 5437 lll
2747 5387 2908 5453 Sena,
2925 5404 2977 5453 q.
2997 5403 3051 5455 x,
3070 5396 3164 5442 art.
3192 5397 3323 5445 1.-²
3339 5396 3542 5461 Ephes„

2002 5473 2049 5523 1,
2077 5461 2158 5510 22.
2182 5482 2245 5496 -
2262 5455 2443 5521 (a).Al.
2471 5457 2889 5521 passibilitate.-
2909 5461 2977 5526 (ὁ)
3003 5463 3088 5517 Al.
3118 5464 3437 5529 mmmm..
