4185 6288
559 459 680 526 Ἀθ

557 589 675 658 ced
697 593 866 659 siout
889 597 963 660 tu
988 612 1011 655 .-
1033 606 1193 674 ergo
1219 609 1351 658 non
1376 592 1681 676 processit
1718 609 1758 656 a
1782 589 2095 657 sensuali-

557 701 709 778 tate,
737 698 846 763 sed
864 698 1181 764 aratione.

637 803 819 881 Item,
841 805 1039 869 solius
1063 805 1325 870 rationis
1363 811 1459 869 est
1477 806 1692 870 sutum
1713 822 2098 889 praecogno-

558 929 730 977 scere
762 933 778 975 t
805 910 914 977 sed
957 912 1159 977 oratio
1206 912 1339 991 illa,
1369 931 1498 995 qua
1549 912 1884 996 petebatur
1934 913 2100 977 calix

557 1020 811 1083 tuturus
846 1019 1197 1099 transferri,
1237 1023 1372 1084 erat
1417 1038 1500 1084 ex
1529 1021 1896 1084 futurorum
1926 1037 2099 1101 prae-

557 1125 921 1207 cognitione
956 1148 972 1191 ι
1003 1144 1162 1208 ergo
1187 1143 1317 1190 non
1361 1129 1499 1190 erat
1518 1125 1966 1205 sensualitatis,
1990 1125 2101 1190 sed

557 1230 842 1296 rationis.

1097 1409 1549 1478 CONCLUSIO.

561 1557 763 1615 Clu-isti
790 1559 967 1613 oratio
994 1558 1054 1612 in
1078 1556 1228 1611 horto
1250 1553 1326 1612 ad
1349 1556 1567 1611 Patrem
1593 1558 1855 1627 quantum
1880 1555 1956 1612 ad
1978 1571 2101 1612 ma-

631 1649 824 1703 teriam
850 1648 966 1716 fuit
996 1645 1409 1712 sensualitatis3
1436 1644 1533 1700 sed
1558 1649 1820 1715 quantum
1866 1644 1940 1700 ad
1982 1648 2100 1714 tor-

626 1752 770 1791 mam
796 1739 849 1792 et
875 1735 1272 1803 discretionem,
1311 1734 1426 1801 fuit
1453 1733 1756 1789 voluntatis
1788 1736 2098 1792 rationalis.

638 1893 822 1977 Resp.
840 1894 1078 1975 adarg.
1105 1891 1454 1958 Dicendum
1480 1890 1654 1974 quod
1679 1891 1759 1956 de
1803 1894 2104 1976 praedicta

558 2000 845 2066 oratione
855 2003 950 2065 est
961 2000 1139 2082 loqui
1152 1997 1519 2082 dupliciter;
1542 2001 1656 2062 aut
1677 2003 1994 2081 quantum
2021 2001 2104 2064 ad

560 2107 911 2187 materiam,
942 2111 1057 2172 aut
1098 2108 1417 2190 quantum
1442 2105 1522 2171 ad
1569 2106 1867 2170 formam.
1894 2107 1964 2171 Si
2005 2106 2105 2172 lo-

556 2233 838 2300 quamur
866 2214 943 2278 de
969 2214 1107 2296 ipsa
1122 2217 1439 2296 quantum
1459 2212 1923 2291 admateriam,
1950 2233 2102 2279 cum

557 2322 827 2387 materia
877 2320 1181 2386 orationis
1236 2318 1532 2402 respiciat
1574 2319 1959 2385 desiderium
1999 2340 2105 2404 pe-

557 2428 769 2508 tentis,
806 2428 950 2493 talis
987 2427 1209 2510 petitio
1254 2427 1376 2491 tuit
1419 2425 1637 2509 petitio
1683 2427 2104 2493 sensualitatis

557 2537 835 2618 tantum,
866 2538 1057 2620 cujus
1082 2533 1466 2599 desiderium
1494 2536 1630 2597 erat
1657 2532 1739 2596 ad
1776 2551 1909 2598 non
1961 2553 2103 2600 mo-

557 2644 877 2708 riendum.
929 2642 998 2706 Si
1043 2644 1258 2706 autem
1304 2639 1649 2722 loquamur
1675 2638 1755 2703 de
1802 2641 2104 2723 praedicta

558 2747 843 2815 oratione
886 2753 1203 2830 qnantum
1245 2745 1326 2811 ad
1352 2746 1649 2824 formam,
1679 2744 1769 2809 sic
1795 2764 1945 2810 cum
1970 2748 2098 2813 for-

557 2876 666 2923 ma
691 2858 1015 2941 petitionis
1039 2854 1340 2937 respiciat
1382 2856 1823 2921 discretionem
1866 2877 2103 2942 propo-

555 2964 788 3043 nentis,
821 2968 885 3029 et
928 2962 1071 3027 talis
1107 2960 1338 3027 modus
1363 2963 1760 3046 proponendi
1800 2963 1881 3030 sit
1909 2984 1948 3029 a
1970 2966 2102 3030 dis·-

555 3072 833 3137 cmtione
859 3071 1146 3152 rationis,
1174 3070 1650 3136 concedendum
1678 3078 1772 3137 est
1815 3074 1986 3156 quod
2011 3079 2103 3139 ta-

555 3180 635 3246 lis
658 3181 861 3245 oratio
885 3179 1079 3244 fuerit
1123 3177 1475 3244 voluntatis
1498 3179 1848 3246 rationalis.
1879 3180 1958 3247 Et
1984 3201 2104 3264 per

554 3286 677 3352 boc
700 3290 870 3371 patet
891 3286 1221 3369 responsio
1243 3285 1324 3350 ad
1348 3285 1769 3368 quaestionem
1819 3290 2103 3370 proposi-

554 3397 712 3473 tam,
768 3397 831 3458 et
870 3394 1062 3458 etiam
1092 3393 1173 3457 ad
1218 3393 1467 3476 objecta
1497 3415 1513 3459 ε
1545 3394 1627 3458 ad
1675 3396 2099 3477 quaestionem

553 3501 962 3587 propositam,
985 3499 1138 3583 quia
1162 3518 1296 3565 non
1346 3504 1441 3565 est
1467 3499 1835 3583 simpliciter
1866 3519 2097 3567 conce-

554 3608 858 3685 dendum,
889 3607 1064 3690 quod
1089 3607 1234 3671 talis
1276 3607 1481 3672 oratio
1505 3607 1700 3672 fuerit
1724 3608 2098 3691 simpliciter

553 3715 840 3794 rationis,
896 3715 1001 3779 vel
1053 3714 1422 3798 simpliciter
1478 3716 1928 3797 sensualitatis;
1984 3718 2094 3784 sed

553 3822 832 3907 quodam
857 3821 1049 3887 modo
1096 3822 1315 3905 hnjus,
1345 3822 1624 3905 quodam
1655 3823 1843 3889 modo
1871 3824 2041 3889 illius
2072 3848 2088 3890 ε

554 3929 996 4006 sensualitatis,
1025 3934 1343 4012 quantum
1357 3929 1437 3994 ad
1461 3930 1832 4009 materiam;
1863 3932 2087 3997 sedra-

554 4034 766 4113 tionis,
793 4039 1110 4118 quantum
1136 4036 1215 4100 ad
1243 4035 1557 4101 formam:
1582 4037 1758 4116 item,
1782 4040 2089 4103 sensuali-

556 4140 724 4221 tatis,
745 4146 820 4206 ut
831 4144 1149 4209 moventis
1164 4163 1183 4224 ;
1206 4162 1275 4209 se
1289 4144 1619 4226 drationis,
1638 4150 1714 4211 ut
1729 4164 2087 4229 proponen-

621 4264 686 4329 (ο)
709 4265 832 4321 Gal.
859 4266 981 4320 edit.
1005 4268 1176 4322 toruo.

1708 455 2332 527 SENTENTIARUM
2367 457 2517 526 ΠΒ.
2556 459 2663 528 111.

2202 592 2532 675 tissitem,
2550 597 2996 678 sensualitatis,
3027 602 3104 662 ut
3125 614 3435 682 proqu03
3481 596 3592 663 sed
3638 613 3738 661 ra-

2203 699 2415 778 tionis,
2439 706 2514 767 ut
2554 722 2595 767 a
2619 722 2771 786 quo.
2794 703 2973 770 Unde
2999 705 3160 770 bene
3187 711 3251 770 et
3287 709 3454 771 recte
3480 723 3740 770 consue-

2204 807 2298 872 vit
2322 808 2466 887 dici,
2494 811 2664 893 quod
2689 812 2851 876 ratio
2871 812 3062 878 fuerit
3077 814 3448 879 advocatrix
3474 830 3736 877 sensua-

2204 909 2395 977 litatis
2428 937 2442 978 ε
2470 919 2535 979 et
2579 935 2694 1000 per
2728 917 2850 982 hoc
2875 919 3131 984 dissolvi
3175 923 3440 1002 possunt
3464 919 3743 983 rationes

2205 1018 2284 1082 ad
2337 1025 2680 1108 utramque
2715 1030 2986 1108 partem,
3042 1026 3349 1109 quoniam
3392 1026 3746 1109 procedunt

2208 1130 2310 1194 his
2340 1131 2589 1197 duabus
2615 1133 2759 1214 viis,
2815 1135 2977 1199 sicut
3016 1138 3187 1218 patet
3234 1135 3582 1217 aspicienti.
3619 1132 3741 1200 Sed

2205 1258 2379 1304 nunc
2391 1244 2586 1307 restat
2604 1242 2895 1324 quaestio,
2923 1261 3075 1307 cum
3101 1242 3263 1306 ratio
3279 1242 3468 1306 sciret
3490 1259 3746 1307 sensua-

2206 1346 2447 1412 litatem
2487 1349 2556 1412 in
2603 1350 2725 1413 bac
2773 1350 3075 1433 petitione
3107 1369 3225 1415 nec
3250 1350 3742 1428 exaudiendam,

2209 1473 2326 1520 nec
2366 1455 2631 1537 dignam
2658 1457 2969 1536 exaudiri,
3021 1460 3238 1540 utpote
3297 1458 3448 1541 quia
3497 1459 3749 1540 petebat

2208 1564 2600 1627 contrarium
2618 1563 2826 1629 divini
2852 1565 3177 1648 propositi,
3223 1566 3544 1649 quomodo
3579 1565 3748 1631 hanc

2208 1670 2574 1754 petitionem
2601 1673 2950 1755 proposuit,
2977 1677 3040 1738 et
3070 1691 3187 1756 pro
3212 1691 3288 1738 ea
3308 1673 3633 1755 allegavit.
3666 1672 3748 1737 Et

2208 1777 2550 1844 dicendum
2576 1784 2671 1844 est
2708 1781 2790 1846 ad
2815 1781 2958 1860 hoc,
3008 1781 3177 1863 quod
3204 1780 3404 1863 hujus
3440 1779 3563 1844 fuit
3584 1780 3746 1844 ratio

2211 1885 2462 1969 triplex.
2493 1885 2729 1967 Prima,
2756 1889 2838 1952 ad
2855 1889 3436 1954 manifestationem
3462 1887 3748 1953 veritatis

2208 1999 2457 2060 naturae
2475 2000 2840 2079 assumptae,
2869 2015 3017 2079 quae
3047 1995 3417 2061 naturaliter
3433 1997 3750 2061 refutabat

2209 2104 2600 2187 passionem3
2639 2109 2704 2168 et
2742 2104 2815 2168 in
2856 2103 2980 2168 hoc
3014 2104 3292 2169 erudivit
3329 2108 3612 2169 nostram
3662 2105 3741 2168 fl-

2209 2208 2377 2275 dem.
2410 2209 2700 2276 Secunda
2728 2228 2905 2289 vero,
2935 2211 3017 2275 ad
3054 2211 3557 2276 confirmandam
3592 2227 3746 2275 nos-

2208 2323 2372 2384 tram
2399 2318 2917 2396 imbecillitatem,
2966 2321 3041 2383 ut
3087 2335 3219 2383 non
3261 2318 3644 2399 diffidamus,
3685 2320 3746 2385 si

2208 2426 2573 2509 passionum
2601 2425 2886 2509 pericula
2919 2426 3376 2505 exhorremus;
3416 2430 3479 2491 et
3516 2426 3588 2491 in
3623 2427 3747 2492 hoc

2208 2533 2412 2597 erexit
2427 2538 2712 2598 nostram
2737 2551 2938 2616 spem.
2970 2532 3179 2598 Tertia
3206 2533 3311 2616 (a),
3342 2537 3419 2598 ut
3453 2534 3743 2600 ostende-

2207 2646 2304 2706 ret
2321 2642 2712 2707 voluntatem
2732 2644 3015 2704 nostram
3027 2639 3262 2704 divinae
3284 2640 3592 2706 voluntati
3608 2659 3746 2707 esse

2207 2768 2322 2834 per
2365 2750 2581 2815 omnia
2632 2748 3096 2831 subjiciendam
3125 2765 3143 2812 ι
3171 2748 3344 2830 quod
3376 2748 3645 2814 ostendit
3673 2750 3741 2816 in

2208 2858 2567 2923 conditione
2584 2857 2911 2940 apposita:
2944 2857 3089 2923 Non
3105 2858 3274 2923 sicut
3300 2872 3409 2939 eqo
3437 2857 3597 2937 volo,
3626 2859 3743 2925 sed

2207 2967 2375 3032 siout
2403 2970 2472 3032 tu
2504 2969 2615 3029 :et
2643 2965 2711 3029 in
2749 2965 2872 3028 boc
2897 2963 3216 3028 ordinavit
3259 2964 3630 3030 charitatem
3672 2964 3741 3030 in

2207 3071 2410 3152 nobis,
2466 3088 2615 3155 quae
2668 3070 2965 3135 aflectum
3020 3073 3311 3135 nostrum
3351 3071 3586 3137 divinae
3624 3090 3740 3138 vo·

2204 3179 2437 3245 luntati
2487 3198 2600 3263 per
2637 3178 2855 3244 omnia
2894 3181 3161 3243 conatur
3196 3179 3528 3261 subjicere.
3561 3179 3739 3246 Unde

2207 3288 2412 3370 magis
2429 3289 2634 3352 oravit
2651 3287 2720 3351 in
2738 3287 2847 3350 illa
2870 3287 3151 3352 oratione
3176 3305 3294 3368 pro
3316 3288 3520 3367 nobis,
3541 3307 3736 3372 quam

2203 3399 2413 3459 oraret
2424 3412 2540 3477 pro
2565 3413 2655 3458 se.
2685 3392 2762 3457 Et
2782 3393 3234 3458 attendendum
3256 3398 3372 3473 est,
3389 3394 3559 3476 quod
3586 3413 3738 3459 ora-

2203 3502 2293 3566 tio
2319 3501 2429 3566 illa
2451 3501 2520 3564 in
2546 3500 2845 3583 petitione
2868 3499 3267 3565 illaservavit
3291 3501 3562 3565 formam
3588 3522 3738 3586 pru-

2202 3607 2406 3672 dentis
2424 3611 2486 3672 et
2512 3607 2713 3672 fidelis
2735 3607 3043 3686 advocati,
3065 3607 3179 3690 qui
3192 3607 3578 3674 desiderium
3596 3628 3736 3674 sen-

2201 3716 2509 3780 sualitatis
2538 3713 2854 3798 proponit,
2888 3718 3137 3779 servata
3162 3719 3376 3780 tamen
3399 3717 3603 3781 forma
3620 3720 3736 3800 ju-

2199 3824 2311 3888 ris.
2351 3822 2550 3886 Dictat
2593 3822 2768 3886 enim
2811 3824 2923 3903 jus
2967 3821 3284 3899 divinum,
3330 3824 3500 3907 quod
3528 3826 3735 3889 omnis

2199 3928 2513 4012 appetitus
2550 3928 2731 3993 debet
2775 3945 2909 3991 esse
2939 3926 3065 3993 Deo
3114 3928 3462 4011 subjectus
3506 3930 3583 3995 Et
3621 3949 3736 4013 per

2199 4036 2319 4102 hoc
2370 4041 2539 4120 patet
2592 4036 3029 4102 determinatio
3104 4038 3499 4121 objectorum
3557 4060 3572 4102 z
3629 4057 3733 4121 pa-

2197 4150 2287 4210 tet
2332 4143 2522 4209 etiam
2560 4143 2877 4227 praedictae
2928 4144 3230 4209 orationis
3265 4144 3411 4209 finis
3463 4147 3529 4210 et
3552 4146 3728 4211 utili-

2194 4256 2310 4316 tas.
