4185 6288
1415 423 1612 494 msT.
1656 422 1816 492 m.
1862 418 2045 487 ΛΒΤ.
2083 417 2134 486 Ι.
2179 420 2486 500 QUAEST.
2530 421 2607 486 11.
2675 460 2680 464 -

3528 414 3647 483 ⁴09

422 571 710 638 'bularei
732 578 781 635 n
833 569 1120 634 novitate
1161 568 1351 647 vitae,
1386 566 1581 648 juxta
1627 560 1788 626 illud
1826 557 1999 641 quod
2104 575 2220 642 per
2244 574 2312 622 se
2336 576 2470 623 non
2497 563 2590 623 est
2618 557 2799 624 cibus
2828 556 3085 635 animae,
3113 554 3185 618 in
3211 570 3279 618 se
3310 555 3528 617 tamen
3554 548 3653 613 est

443 680 677 745 dicitur
729 675 820 744 ad
871 676 1185 743 Romanos
1211 676 1230 712 ¹
1269 695 1294 740 .·
1344 668 1659 746 Quomodo
1704 667 2000 733 Christus

446 785 807 854 resurrexit
831 801 875 850 a
900 785 1170 851 mortuis
1192 798 1309 865 per
1334 780 1606 864 qloriam
1632 775 1872 853 Patris,
1900 776 2004 840 ita

445 902 505 962 et
548 908 664 960 nos
708 893 785 959 in
834 892 1117 959 novitate
1159 891 1313 956 vitoe
1341 885 1731 954 ambulemus
1759 886 1875 948 :et
1913 880 2003 944 sic

446 1004 582 1066 tam
626 1000 854 1085 passio,
899 1016 1096 1082 quam
1146 994 1527 1061 resurrectio
1573 990 1767 1056 habet
1809 987 2005 1053 ratio—

452 1127 603 1175 nem
629 1105 961 1173 excitantis
978 1108 1043 1169 et
1064 1102 1421 1185 regulantis
1447 1103 1742 1183 respectu
1768 1099 2004 1160 nostrae

306 1207 313 1212 ’
446 1213 948 1300 Justiflcationis,
977 1210 1331 1276 secundum
1358 1208 1488 1273 duo
1515 1224 1665 1290 quae
1692 1205 1764 1269 in
1791 1204 2008 1267 nostra

446 1321 904 1407 justificatione
972 1319 1212 1383 habent
1276 1314 1657 1381 considerari
1675 1361 1693 1391 ,
1773 1309 2011 1375 scilicet

454 1427 690 1495 ablatio
730 1426 885 1492 mali
903 1475 922 1504 ,
958 1428 1023 1491 et
1064 1424 1313 1490 collatio
1341 1422 1517 1487 boni.
1560 1418 1812 1484 Ablatio
1853 1415 2010 1481 mali

457 1535 908 1620 appropriatur
972 1533 1097 1616 ipsi
1168 1529 1482 1614 passioni;
1540 1527 1791 1591 collatio
1852 1541 2011 1590 vero

459 1643 611 1709 boni
639 1642 765 1726 ipsi
790 1639 1260 1706 resurrectioni.
1308 1636 1387 1702 Et
1420 1637 1543 1700 hoc
1581 1639 1674 1699 est
1711 1632 1882 1716 quod
1912 1631 2013 1702 di-

426 1789 433 1794 -
462 1750 626 1814 citur
653 1749 721 1813 in
745 1748 1004 1813 Glossa:
1036 1745 1346 1813 Traditus
1379 1749 1474 1811 est
1496 1748 1756 1826 propter
1782 1740 2017 1807 delicta

461 1864 715 1936 nostra,
761 1861 879 1921 etc.
912 1879 928 1920 ε
970 1879 1002 1917 ιι
1028 1854 1200 1920 Mors
1239 1851 1469 1918 Christi
1511 1850 1646 1914 sola
1686 1848 2016 1912 interitum

464 1966 615 2032 vitae
661 1963 895 2030 veteris
941 1962 1283 2045 significat,
1323 1963 1389 2025 et
1432 1958 1501 2022 in
1550 1954 2018 2021 resurrectione

466 2070 600 2136 sola
639 2089 811 2135 nova
849 2055 980 2134 vita
1016 2068 1444 2151 significatur.
1479 2087 1510 2124 n
1549 2064 1646 2128 Ex
1690 2061 1791 2125 his
1837 2076 2015 2142 ergo,

469 2196 616 2263 quae
644 2178 810 2243 dicta
833 2181 1023 2255 sunt,
1055 2180 1226 2260 patet
1254 2173 1580 2257 responsio
1606 2172 1686 2236 ad
1713 2168 2022 2253 quaestio-

470 2304 621 2352 nem
671 2305 868 2371 supra
920 2284 1312 2369 propositam
1336 2332 1354 2361 ,
1403 2282 1698 2347 videlicet
1748 2277 2022 2362 qualiter

454 2397 687 2460 nomra
725 2393 1118 2476 justificatio,
1165 2391 1302 2457 sive
1327 2390 1568 2471 {deletio
1597 2387 1828 2470 culpae,
1864 2385 1945 2448 sit
1984 2402 2024 2447 a

472 2503 763 2585 passione
791 2500 1018 2567 Christi
1046 2503 1173 2564 :est
1199 2499 1373 2562 enim
1400 2497 1482 2561 ab
1509 2514 1583 2560 ea
1612 2511 1727 2577 per
1755 2491 2024 2557 modum

474 2609 711 2688 meriti,
742 2612 807 2673 et
832 2626 946 2691 per
980 2605 1247 2670 modum
1292 2600 1673 2686 exemplaris
1707 2605 1771 2665 et
1823 2597 2019 2680 signi.

449 2756 452 2760 .
475 2716 654 2782 Patet
679 2716 873 2782 etiam
899 2713 1171 2798 qualiter
1197 2712 1279 2775 sit
1311 2731 1350 2775 a
1379 2708 1863 2775 resurrectione.

559 2830 619 2889 1.
655 2823 734 2889 Et
767 2841 882 2907 per
921 2822 1045 2886 hoc
1080 2818 1413 2883 manifesta
1446 2821 1542 2881 est
1575 2813 1901 2898 responsio
1948 2811 2029 2876 ad

480 2932 765 3016 primum
811 2929 1134 3013 objectum
1178 2927 1257 2992 de
1305 2924 1674 2990 auctoritate
1716 2919 2026 3003 Apostoli,

482 3059 611 3124 qua
634 3040 965 3109 dicebatur
999 3035 1170 3119 quod
1208 3036 1426 3098 nostra
1455 3029 1827 3113 justificatio
1873 3031 1968 3091 est
1994 3047 2033 3091 a

484 3148 962 3221 resurrectione.
1013 3142 1123 3208 Est
1159 3141 1334 3207 enim
1382 3159 1422 3204 a
1454 3135 1912 3203 resurrectione
1972 3137 2036 3199 et

489 3261 804 3346 passione,
834 3255 971 3319 sine
987 3251 1204 3333 aliqua
1223 3246 1739 3326 contradictione,
1762 3248 1835 3309 ut
1853 3242 2032 3326 prius

442 3396 453 3401 ·
488 3373 815 3435 ostensum
841 3366 955 3427 est.

568 3481 630 3541 2.
677 3472 770 3538 Ad
815 3468 975 3534 illud
1017 3464 1192 3550 quod
1245 3462 1546 3546 objicitur
1570 3510 1588 3540 ,
1645 3458 1819 3542 quod
1861 3455 2036 3521 solus

491 3585 659 3651 neus
698 3583 795 3645 est
836 3577 952 3663 qui
972 3652 979 3659 ,
999 3573 1161 3639 delet
1200 3554 1568 3653 iniquitates
1587 3617 1605 3647 ‚
1645 3571 1792 3646 etc.,
1825 3564 2038 3629 dicen·

490 3692 649 3757 dum
698 3686 875 3771 quod
917 3699 1149 3751 verum
1189 3682 1286 3744 est
1324 3695 1438 3760 per
1464 3676 1732 3740 modum
1758 3672 2042 3738 efficien-

494 3799 577 3863 tis
608 3819 624 3860 ι
656 3812 770 3879 per
809 3793 936 3857 hoc
982 3794 1200 3853 tamen
1258 3802 1391 3849 non
1435 3782 1794 3848 excluditur
1815 3828 1831 3857 ,
1873 3778 2044 3862 quod

494 3906 606 3971 alii
629 3920 764 3968 non
786 3897 980 3982 possit
1003 3891 1348 3961 convenire
1368 3908 1482 3973 per
1505 3889 1768 3953 modum
1796 3904 2045 3951 meren-

493 4014 577 4079 tis
595 4015 658 4077 et
686 4004 1020 4074 excitantis
1035 4053 1057 4083 ,
1106 4000 1270 4064 sicut
1304 3997 1544 4062 dictum
1574 3999 1670 4062 est
1696 3994 2039 4060 convenire

496 4115 774 4203 passioni
802 4112 1054 4178 Christi.

581 4231 643 4291 3.
692 4223 791 4288 Ad
831 4220 988 4285 illud
1032 4218 1204 4302 quod
1246 4214 1542 4299 objicitur
1567 4259 1583 4291 ,
1614 4209 1786 4293 quod
1811 4207 2048 4292 justifl-

503 4334 666 4400 catio
690 4334 787 4396 est
810 4345 926 4412 per
954 4327 1255 4408 gratiam,
1288 4338 1436 4405 quae
1458 4316 1822 4383 infunditur
1848 4334 1888 4380 a
1913 4313 2049 4379 solo

506 4442 632 4508 Deo
655 4486 674 4517 ,
713 4434 1055 4503 dicendum
1089 4433 1265 4519 quod
1311 4429 1430 4495 etsi
1461 4426 1673 4510 gratia
1698 4443 1739 4489 a
1765 4422 2050 4509 solo-Deo

505 4549 739 4615 habeat
761 4542 1016 4609 infundi
1031 4590 1049 4623 ‚
1074 4538 1501 4604 nihilominus
1525 4538 1743 4598 tamen
1770 4531 2054 4598 Christus

2107 667 2287 731 cibus
2326 685 2410 731 ex
2451 667 2696 732 unione
2735 665 2840 730 sui
2865 665 2946 730 ad
2986 663 3274 730 divinam
3301 664 3648 726 naturamt

2105 775 2200 839 sic
2239 779 2302 838 et
2343 774 2550 857 passio
2581 773 2850 853 Christi,
2881 772 2999 836 etsi
3024 789 3158 835 non
3179 769 3413 834 habeat
3435 770 3653 849 poten-

2108 882 2263 946 tiam
2282 881 2673 963 justiflcandi
2704 880 2772 944 in
2799 882 3120 963 quantum
3145 881 3240 942 est
3265 874 3472 959 passio
3511 890 3655 936 cor-

2109 990 2375 1072 poralis,
2424 990 2618 1054 habet
2661 992 2878 1053 tamen
2916 987 2983 1050 in
3012 988 3330 1069 quantum
3356 1001 3396 1046 a
3422 980 3650 1046 volun-

2109 1100 2239 1161 tate
2285 1097 2524 1180 optima
2571 1095 2951 1179 procedebat
2998 1094 3140 1175 ejus
3191 1088 3545 1167 tolerantia,
3594 1088 3658 1151 et

2113 1204 2384 1270 habebat
2412 1202 2553 1269 fieri
2584 1203 2753 1268 circa
2794 1218 3130 1285 personam
3182 1195 3652 1280 dignissimam,

2114 1330 2260 1398 quae
2286 1316 2382 1378 est
2407 1312 2616 1377 omnis
2641 1309 2910 1394 justitiae
2937 1313 2997 1374 et
3030 1303 3379 1372 sanctitatis
3412 1301 3656 1385 prinei-

2115 1424 2298 1504 pium
2325 1424 2387 1484 et
2413 1436 2624 1484 causa.

2198 1534 2257 1592 5.
2307 1527 2406 1593 Ad
2445 1526 2602 1591 illud
2633 1523 2804 1609 quod
2831 1520 3168 1606 objicitur,
3214 1517 3387 1602 quod
3417 1514 3657 1600 justifl-

2118 1655 2269 1702 cans
2312 1637 2494 1700 debet
2532 1652 2669 1698 esse
2705 1634 2845 1714 conj
2857 1633 3125 1696 unctum
3151 1626 3527 1710 justificato,
3555 1623 3657 1687 di·-

2119 1746 2393 1810 cendum
2440 1743 2614 1827 quod
2664 1739 2903 1825 aliquid
2953 1740 3094 1820 conj
3104 1735 3271 1818 ungi
3312 1734 3422 1799 alii
3458 1734 3661 1815 potest

2121 1853 2458 1936 dupliciter
2473 1899 2492 1932 ,
2520 1850 2812 1916 videlicet
2836 1866 2949 1931 per
2977 1843 3424 1922 substantiam,
3456 1845 3520 1906 et
3547 1855 3662 1924 per

2121 1965 2440 2030 effectum.
2475 1960 2782 2039 Quamvis
2816 1960 3033 2023 autem
3059 1955 3267 2039 passio
3291 1951 3519 2018 Christi
3544 1968 3660 2014 no·

2123 2073 2224 2137 bis
2262 2091 2392 2137 non
2427 2071 2859 2154 conjungatur
2884 2083 2999 2149 per
3024 2060 3444 2128 substantiam
3467 2106 3487 2137 ,
3518 2075 3665 2121 con-

2118 2181 2320 2265 jungi
2358 2184 2571 2244 tamen
2616 2179 2821 2260 potest
2845 2192 2959 2259 per
2999 2170 3376 2236 efficaciam.
3402 2165 3483 2230 Et
3507 2164 3562 2228 si
3588 2168 3664 2229 tu

2126 2289 2409 2373 objicias,
2440 2287 2615 2371 quod
2645 2302 2778 2350 non
2805 2283 3060 2348 videtur
3085 2278 3259 2362 quod
3287 2276 3483 2361 possit
3509 2292 3665 2338 con-

2121 2398 2320 2481 jungi
2345 2414 2459 2480 per
2494 2393 2839 2459 efficaciam
2862 2440 2880 2471 ,
2914 2390 3036 2453 nisi
3062 2387 3278 2469 aliquo
3307 2383 3497 2449 modo
3523 2399 3670 2445 con-

2124 2508 2440 2588 jungatur
2471 2520 2584 2585 per
2618 2497 3036 2565 substantiam
3059 2544 3079 2573 ,
3123 2492 3465 2558 dicendum
3500 2488 3673 2571 quod

2134 2628 2264 2674 non
2292 2615 2387 2675 est
2418 2625 2673 2674 necesse
2712 2624 2856 2671 eam
2889 2601 3207 2686 conjungi
3234 2617 3349 2682 per
3372 2598 3673 2662 substan-

2133 2718 2290 2782 tiam
2313 2766 2332 2795 ,
2382 2717 2492 2781 sed
2551 2714 2783 2780 sufficit
2829 2710 3000 2794 quod
3037 2710 3500 2789 conjungatur,
3531 2721 3675 2768 me-

2136 2827 2348 2891 diante
2373 2825 2520 2901 flde,
2550 2842 2663 2906 per
2693 2822 3092 2886 dilectionen.
3134 2817 3214 2881 Et
3240 2816 3363 2879 hoc
3387 2818 3482 2878 est
3505 2812 3676 2895 quod

2138 2935 2368 3001 dieitur
2398 2931 2488 2998 ad
2513 2931 2827 2996 Romanos
2841 2928 2864 2961 ¹
2881 2948 2906 2992 .·
2931 2927 3118 3000 Quem
3137 2923 3489 3007 praeposuit
3515 2921 3679 2986 Deus

2134 3041 2626 3127 propitiatorem
2700 3038 2777 3120 (a)
2837 3052 2948 3118 per
2995 3034 3189 3115 fidem
3238 3035 3313 3099 in
3368 3030 3682 3112 sanquine

2142 3152 2302 3234 effus.
2326 3150 2543 3214 Glossa
2577 3170 2592 3211 ε
2638 3170 2668 3207 «
2693 3144 2952 3223 Fidem,
2982 3147 3045 3207 et
3089 3140 3452 3225 passionem
3487 3136 3683 3203 simul

2136 3259 2382 3343 jungit,
2410 3256 2563 3339 quia
2587 3258 2894 3318 neutrum
2925 3251 3061 3315 sine
3085 3248 3280 3312 altero
3305 3245 3494 3311 valet.
3524 3267 3555 3303 »

2225 3371 2288 3430 6.
2323 3365 2417 3429 Ad
2446 3362 2604 3426 illud
2627 3360 2802 3444 quod
2834 3357 3166 3441 quaeritur,
3198 3355 3268 3418 in
3290 3370 3422 3436 quo
3452 3367 3691 3432 genere

2149 3491 2358 3540 causae
2411 3471 2618 3556 passio
2679 3468 2907 3534 Christi
2964 3466 3046 3530 sit
3093 3462 3482 3547 principium
3541 3476 3694 3524 nos-

2149 3588 2267 3648 trae
2307 3578 2782 3663 justificationis
2802 3625 2820 3655 ,
2862 3577 3001 3658 jam
3044 3574 3218 3655 patet
3250 3567 3578 3651 responsio
3611 3583 3696 3630 ex

2150 3691 2290 3769 his,
2338 3706 2486 3772 quae
2534 3686 2702 3750 dicta
2739 3686 2913 3747 sunt.
2959 3679 3101 3745 Non
3138 3677 3314 3742 enim
3358 3679 3454 3739 est
3504 3690 3698 3738 causa

2153 3798 2408 3884 proprie
2428 3845 2449 3876 ,
2495 3795 2641 3859 licet
2675 3792 2891 3874 aliquo
2930 3788 3122 3853 modo
3148 3784 3380 3849 habeat
3403 3781 3697 3865 proprie-

2153 3911 2349 3972 tatem
2375 3918 2607 3979 causae,
2638 3900 2804 3962 sicut
2828 3898 3008 3979 prius
3041 3893 3456 3976 explanatum
3500 3893 3596 3954 est
3632 3891 3698 3951 in

2153 4013 2467 4099 principio
2506 4005 2939 4090 responsionis
2961 4051 2978 4083 ,
3011 4001 3120 4065 ubi
3166 3999 3358 4063 etiam
3395 3994 3695 4063 determi-

2153 4127 2380 4187 natum
2425 4121 2553 4197 est,
2585 4114 2859 4199 qualiter
2899 4108 3215 4174 differenti
3248 4104 3437 4169 modo
3456 4102 3700 4187 ,iustifi-

2158 4229 2320 4294 catio
2346 4230 2565 4291 nostra
2588 4220 2864 4308 passioni
2889 4221 2953 4283 et
2986 4211 3438 4280 resurrectioni
3468 4206 3702 4277 Christi

2158 4336 2351 4402 habet
2376 4330 2661 4399 attribui.

2669 4543 3089 4629 QUAESTIO
3140 4541 3230 4607 11.

508 4677 622 4743 per
656 4672 842 4721 suam
880 4651 1243 4735 passionem
1286 4645 1494 4731 potuit
1527 4661 1671 4709 eam
1695 4642 1879 4707 nobis
1904 4659 2070 4725 pro—·

510 4763 781 4831 mereri:
814 4765 878 4827 et
904 4760 995 4824 sic
1016 4756 1291 4828 dicimur
1317 4774 1356 4818 a
1382 4751 1674 4837 passione
1692 4749 2051 4833 justificari.

594 4878 656 4937 4.
702 4870 801 4936 Ad
850 4866 1007 4932 illud
1044 4864 1215 4948 quod
1241 4862 1562 4946 objicitur,
1602 4858 1775 4942 quod
1803 4857 2056 4923 nullum

516 4978 841 5065 corporale
880 4973 1094 5040 influit
1134 4970 1449 5055 Justitiam
1479 4969 1550 5032 in
1577 4966 1928 5049 spirituale,
1958 4965 2058 5031 di·
2247 4957 2478 5023 Utrum
2502 4969 2619 5036 per
2647 4947 3005 5033 passionem
3035 4939 3265 5007 Christi
3306 4937 3469 5001 facta
3518 4931 3713 4998 fuerit
3739 4958 3953 5006 ranam,

519 5088 791 5155 cendum
833 5081 1007 5166 quod
1044 5076 1589 5164 quemadmodum
1636 5092 1783 5141 caro
1832 5072 2061 5141 Christi
2170 5058 2753 5144 chirographorum
2792 5050 3059 5131 deleti03
3103 5050 3166 5112 et
3191 5043 3365 5128 quod
3390 5041 3481 5107 sic
3494 5088 3513 5119 ,
3540 5038 3716 5105 vide-

1151 5253 1160 5263 ,
2000 5248 2008 5257 ,
2169 5176 2279 5239 tur
2305 5169 2517 5256 primo
2554 5161 2926 5231 auctoritate
2960 5153 3246 5243 Apostoli
3279 5150 3371 5220 ad
3403 5148 3719 5218 Colossen-

590 5266 604 5299 t
631 5263 789 5323 Rom„
809 5271 887 5319 vr,
912 5257 1024 5307 4.-
1042 5254 1063 5289 ²
1083 5251 1233 5314 llud„
1254 5262 1336 5313 ιη,
1355 5253 1435 5307 25,
1456 5251 1549 5289 -3
1577 5251 1660 5314 Cf.
1684 5249 1821 5301 Alex.
1846 5249 2062 5308 Mensis,

524 5347 573 5396 p.
603 5334 699 5395 111,
729 5346 781 5398 q.
808 5338 964 5392 xvnr,
991 5323 1185 5378 memb.
1215 5325 1264 5384 6,
1290 5325 1387 5373 art.
1419 5322 1474 5385 45
1504 5322 1558 5373 S.
1598 5321 1841 5382 Thomas,
1879 5333 1928 5383 p.
1962 5320 2049 5382 ΙΙΙ,

590 5427 653 5491 (a)
679 5425 856 5490 vulg„
878 5418 1301 5487 propitiationem.

2305 4707 2399 4763 An
2440 4717 2543 4777 per
2588 4700 2892 4774 passionem
2935 4694 3138 4754 Christi
3184 4693 3342 4761 sacta
3392 4688 3569 4759 tuerit

2554 4787 3025 4871 chirographorum
3051 4781 3245 4839 deletio
3260 4779 3300 4832 ⁸.

2175 5352 2227 5402 q.
2263 5346 2407 5393 mx,
2433 5332 2534 5381 art.
2572 5331 2620 5393 53
2656 5329 2710 5377 et
2736 5324 2804 5376 111
2834 5323 2998 5385 sent„
3033 5319 3148 5371 dist.
3179 5328 3301 5377 111.
3331 5329 3384 5379 q.
3426 5325 3463 5375 ι,
3506 5314 3600 5364 art.
3651 5312 3717 5375 63

2177 5409 2423 5476 Stephan.
2455 5399 2663 5463 Brutos„
2686 5399 2750 5450 lu
2777 5397 2938 5459 Sem„
2962 5394 3081 5445 dist.
3095 5402 3216 5454 ιιι,
3234 5404 3286 5456 q.
3311 5402 3372 5443 ιι.
