4185 6288
1302 502 1499 571 DIST.
1542 502 1619 568 V.
1663 498 1847 568 ΛΒΤ.
1892 498 1942 567 1.
1987 498 2288 579 QUAEST.
2332 500 2411 565 11.

261 635 418 701 nullo
463 638 669 704 modo
708 641 1080 707 conceditur
1123 664 1138 704 ε
1195 664 1226 702 α
1270 639 1556 708 Essentia
1598 655 1797 720 gene·

263 745 364 822 rat,
395 765 426 804 n
461 744 623 827 quia
648 745 815 812 illud
844 752 940 812 est
972 747 1311 832 proprium
1337 764 1669 832 personae3
1700 745 1798 811 di·

264 849 518 916 cendum
541 853 723 935 quod
750 872 884 919 non
913 858 1008 919 est
1032 856 1238 920 simile
1274 878 1290 920 :
1323 856 1476 939 quia
1501 869 1803 938 pertertare

264 955 546 1039 importat
569 959 1072 1039 distinctionem,
1097 980 1243 1045 quae
1264 963 1631 1028 nullatenus
1656 980 1795 1026 con·

264 1066 422 1130 venit
449 1072 753 1148 naturae3
784 1085 1107 1137 assumere
1127 1089 1283 1136 vero
1308 1071 1457 1135 dicit
1487 1071 1802 1136 actionem

266 1176 318 1235 et
343 1174 741 1256 relationem,
776 1195 927 1259 quae
954 1179 1253 1243 convenit
1287 1178 1523 1244 divinae
1550 1182 1800 1242 naturae

265 1282 602 1348 secundum
645 1302 863 1350 unum
908 1286 1332 1363 intellectum,
1361 1288 1436 1350 ut
1476 1286 1656 1369 prius
1697 1288 1798 1351 vi·-

268 1408 396 1453 sum
422 1396 537 1456 est.

337 1503 394 1564 6.
422 1501 519 1566 Ad
562 1502 728 1568 illud
759 1502 932 1587 quod
960 1503 1339 1586 opponitur,
1369 1504 1541 1588 quod
1570 1507 1802 1569 natura

271 1623 388 1671 non
424 1609 730 1691 supponit
768 1627 889 1693 pro
916 1627 1222 1692 persona,
1254 1609 1593 1676 dicendum
1626 1611 1802 1695 quod

270 1730 482 1778 verum
507 1720 604 1777 est
634 1735 650 1779 ε
685 1719 748 1778 et
774 1716 1034 1799 quando
1068 1716 1148 1799 (a)
1187 1716 1463 1780 dicitur:
1505 1741 1534 1777 α
1563 1717 1802 1782 Natura

271 1817 473 1884 divina
496 1823 846 1904 assumpmt
872 1822 1249 1902 humanam,
1268 1843 1299 1882 r
1321 1823 1438 1888 iste
1461 1825 1798 1901 terminus,

270 1934 514 2003 natura,
561 1946 693 1992 non
737 1929 944 1994 reddit
984 1930 1374 1996 locutionem
1420 1950 1641 1996 veram
1685 1951 1802 2015 pro

271 2051 558 2116 persona,
586 2037 699 2101 oed
743 2038 954 2119 magis
996 2042 1118 2102 stat
1163 2039 1232 2103 in
1273 2043 1507 2105 natura
1538 2060 1654 2123 pro
1698 2060 1796 2105 se·

274 2140 396 2223 ipsa
439 2143 606 2228 :ipsi
650 2146 829 2210 enim
869 2148 1120 2211 naturae
1168 2147 1470 2214 convenit
1507 2165 1800 2229 assump-

276 2249 498 2316 tionem
539 2255 765 2333 tacere,
807 2257 872 2319 et
921 2255 1224 2319 convenit
1267 2256 1441 2318 uniri
1493 2254 1799 2319 humanm

278 2362 550 2425 naturae:
584 2365 647 2428 et
670 2362 812 2427 haec
862 2362 992 2427 duo
1028 2361 1330 2446 importat
1369 2362 1643 2427 verbum
1686 2379 1800 2428 as-

282 2467 579 2547 sumendi,
608 2469 963 2534 secundum
986 2486 1188 2534 unam
1215 2470 1317 2533 sui
1344 2468 1796 2551 acceptionem.

795 2780 1157 2860 QUAESTIO
1199 2783 1278 2849 11.

411 2955 501 3013 An
534 2972 794 3015 antenero
831 2962 1115 3016 conveniat
1142 2957 1343 3017 divim
1376 2960 1671 3033 persona&

123 3120 274 3171 radan
363 3111 570 3182 Utrum
592 3136 918 3185 assumere
947 3119 1290 3185 conveniat
1317 3120 1552 3186 divinae
1579 3139 1802 3206 perso-

296 3237 415 3302 nae3
456 3229 512 3288 et
547 3227 714 3309 quod
753 3228 874 3307 sic,
916 3228 1193 3293 videtur.
1234 3228 1683 3310 Augustinus¹
1719 3231 1800 3297 de

297 3327 408 3404 fide
446 3332 527 3398 ad
566 3335 819 3402 Petrum
863 3355 886 3397 .·
934 3357 967 3396 α
1012 3334 1178 3401 Deus
1224 3336 1604 3418 unigenitus
1643 3338 1800 3403 dum

298 3437 698 3520 conciperetur
715 3490 734 3520 ,
782 3443 1120 3508 veritatem
1171 3445 1378 3507 carnis
1429 3444 1670 3527 accepit
1721 3446 1801 3511 de

301 3537 554 3627 Virgine.
581 3573 611 3610 ιι
650 3549 779 3615 Sed
802 3549 971 3615 Deus
997 3550 1378 3633 unigenitus
1404 3570 1537 3616 non
1568 3552 1799 3617 estnisi

300 3665 574 3729 persona:
603 3675 786 3738 erg0,
815 3662 935 3722 etc.

368 3756 502 3825 Item
528 3766 766 3831 ratione
791 3767 1071 3847 videtur,
1093 3766 1246 3851 quia
1265 3767 1615 3852 assumptio
1636 3769 1800 3835 nihil

303 3863 423 3945 plus
443 3869 576 3935 dicit
600 3874 726 3936 nisi
763 3874 1079 3939 actionem
1116 3879 1408 3959 respectu
1449 3882 1756 3943 creaturae
1773 3927 1795 3958 ,

304 3975 358 4036 et
375 3976 717 4045 relationem
754 3986 861 4046 :et
887 3986 1234 4066 utrumque
1261 3989 1487 4050 natum
1519 3990 1613 4051 est
1639 4003 1797 4051 con-

303 4083 485 4149 venire
511 4088 742 4154 divinae
770 4108 1058 4172 personae
1095 4111 1112 4155 z
1142 4110 1322 4175 erg0,
1353 4097 1472 4158 etc.

368 4190 500 4259 Item
525 4197 873 4282 assumptio
901 4202 993 4262 est
1023 4199 1105 4262 ad
1130 4200 1412 4283 aliquam
1441 4202 1749 4268 unionem
1777 4225 1792 4267 ε

303 4298 389 4362 sed
417 4304 557 4370 unio
597 4307 710 4370 illa
745 4325 879 4372 non
924 4311 1305 4374 terminatur
1348 4311 1427 4375 ad
1469 4315 1792 4389 naturam,

303 4405 388 4468 Sed
412 4410 480 4474 ad
501 4430 870 4495 personam3
904 4416 1056 4499 quia
1090 4415 1426 4493 divinitas,
1459 4420 1525 4482 et
1559 4418 1796 4481 huma-

303 4509 455 4593 nitas,
492 4521 771 4602 ejusdem
815 4525 1066 4586 naturae
1116 4539 1253 4587 esse
1303 4540 1434 4587 non
1474 4528 1743 4607 possunt
1775 4546 1790 4588 ι

304 4631 433 4696 ergo
464 4623 705 4691 videtur
744 4627 917 4711 quod
965 4630 1103 4713 ipsa
1147 4631 1501 4714 assumptio
1545 4649 1697 4697 vere
1733 4639 1797 4698 et

307 4729 514 4808 Pmprie
539 4735 873 4800 conveniat
895 4736 1017 4819 ipsi
1039 4755 1348 4821 personae.

368 4829 498 4903 Item
538 4845 888 4928 assumptio
928 4849 1023 4909 est
1067 4847 1146 4910 ad
1187 4847 1687 4931 redemptionem
1733 4856 1796 4915 et

297 4942 734 5016 satisfactionem
787 4969 908 5034 pro
972 4953 1260 5019 humano
1318 4974 1555 5038 genere
1609 4981 1624 5022 :
1684 4961 1794 5025 sed

293 5056 541 5121 camdem
586 5078 930 5142 personam
975 5063 1276 5145 competit
1321 5082 1461 5129 esse
1503 5066 1750 5132 unitam
1772 5116 1790 5146 ,

294 5176 416 5240 quae
437 5163 609 5230 debet
633 5167 988 5231 satisfacere
1011 5171 1078 5231 et
1103 5168 1390 5234 debitum
1419 5172 1698 5252 solvere,
1726 5180 1793 5239 et

347 5327 364 5361 ¹
388 5328 456 5391 Cf.
482 5332 532 5382 S.
557 5332 667 5399 Th„
696 5349 749 5398 p.
782 5334 873 5398 111,
901 5347 953 5398 q.
981 5345 1063 5400 ιιι,
1100 5337 1194 5385 art.
1229 5339 1289 5399 ¹3
1317 5339 1369 5387 et
1393 5337 1459 5386 ΙΙΙ
1491 5338 1790 5404 Sent.,dist.

301 5405 340 5458 v,
364 5412 412 5463 q.
431 5413 485 5465 ιι,
503 5409 587 5455 art.
620 5410 672 5470 ις
699 5405 873 5470 AEgid.
911 5407 1085 5467 Rom..
1114 5407 1182 5460 ΙΙΙ
1209 5407 1379 5471 Seni„
1424 5409 1543 5462 dist.
1571 5424 1621 5472 v,
1652 5424 1689 5463 ιι
1717 5427 1793 5477 p.,

352 5484 410 5545 (a)
435 5484 542 5538 Coet.
565 5490 679 5543 edit.
702 5491 865 5556 quod.

3345 499 3457 562 421

1914 655 2062 721 quae
2104 639 2310 720 potest
2350 653 2369 700 z
2399 653 2557 718 ergo
2594 635 2852 700 videtur
2897 634 3073 718 quod
3112 634 3466 718 aaeumptio

1912 763 2065 811 vere
2095 749 2412 829 competat
2436 745 2560 828 ipsi
2594 760 2908 827 personae.

1993 852 2177 929 Item,
2216 853 2321 917 cui
2354 852 2658 936 competit
2701 851 2925 916 missio
2968 855 3034 917 et
3072 851 3460 931 incarnatio,

1912 959 2120 1025 eidem
2160 961 2461 1044 competit
2505 960 2859 1043 assumptio
2897 982 2912 1022 ε
2949 959 3058 1024 sed
3099 960 3318 1025 missio
3359 960 3466 1026 vel

1913 1065 2269 1132 incarnatio
2296 1067 2603 1150 compe'it
2647 1083 2939 1149 personae
2980 1064 3123 1130 Filii
3155 1087 3171 1130 :
3202 1085 3361 1148 ergo
3398 1070 3467 1131 et

1910 1174 2283 1257 assumptio.

1993 1283 2119 1350 Sed
2145 1287 2367 1349 contra
2398 1306 2415 1348 ε
2450 1291 2509 1350 1.
2546 1285 2939 1369 Ubicumque
2964 1286 3061 1349 est
3082 1284 3458 1368 assumptio,
3495 1291 3564 1338 M
3598 1305 3705 1351 m·

1911 1391 1999 1456 ibi
2026 1396 2124 1456 est
2158 1392 2316 1456 unio
2351 1392 2431 1457 ad
2468 1393 2777 1469 alterum,
2807 1398 2871 1457 et
2913 1392 3408 1458 communicatio
3442 1414 3458 1456 :

1911 1499 2023 1564 sed
2054 1518 2325 1582 persona
2353 1499 2502 1564 dicit
2530 1500 2683 1583 quid
2714 1500 3086 1565 distinctum
3113 1503 3179 1563 et
3208 1500 3464 1564 incom-

1914 1608 2297 1673 municabile
2347 1630 2362 1673 ε
2412 1627 2572 1690 ergo
2617 1609 2970 1674 intellectus
3018 1627 3310 1692 personae
3358 1628 3461 1674 re-

1912 1722 2164 1800 pugnat
2205 1716 2430 1781 unioni
2477 1720 2544 1781 et
2588 1716 3007 1800 assumptioni
3052 1737 3068 1781 ε
3121 1734 3279 1799 ergo
3326 1736 3458 1783 non

1913 1827 2118 1906 potest
2140 1824 2201 1888 ei
2231 1841 2382 1890 vere
2417 1823 2706 1889 attribui.

1989 1936 2051 1995 2.
2095 1930 2251 1995 Item
2295 1948 2567 2014 persona
2607 1938 2704 1995 est
2741 1931 3075 1997 individua
3112 1933 3463 1998 substantia

1910 2038 2240 2103 rationalis
2279 2045 2580 2104 naturae:
2624 2040 2733 2103 sed
2780 2039 3187 2104 individuum
3231 2041 3463 2105 dicitur

1912 2163 2044 2209 non
2085 2145 2297 2209 solum
2346 2145 2520 2228 quod
2564 2149 2661 2209 est
2706 2145 3055 2212 indivisum
3106 2166 3148 2210 a
3193 2164 3296 2224 se,
3351 2146 3461 2212 sed

1911 2250 2082 2333 quod
2112 2256 2205 2317 est
2237 2252 2520 2320 divisum
2546 2255 2628 2318 ab
2666 2253 2805 2317 aliis
2835 2274 2853 2317 ε
2885 2271 3044 2336 ergo
3071 2254 3126 2318 si
3165 2272 3461 2338 assump—

1911 2359 2002 2422 tio
2029 2358 2186 2424 dicit
2210 2361 2518 2426 unionem
2541 2366 2605 2426 et
2630 2363 3171 2443 conjunctionem,
3200 2363 3461 2429 videtur

1910 2467 2084 2547 quod
2113 2468 2294 2533 nullo
2322 2469 2511 2534 modo
2546 2487 2837 2552 personae
2865 2470 3227 2535 conveniat.

1992 2580 2053 2641 3.
2105 2576 2261 2640 ltem
2308 2578 2522 2641 omnis
2569 2577 2724 2642 unio
2772 2578 3083 2642 naturalis
3126 2578 3460 2644 ordinatur

1909 2684 1987 2748 ad
2018 2684 2206 2764 illud,
2237 2685 2408 2767 quod
2430 2689 2526 2749 est
2554 2686 2644 2749 ita
2670 2704 2878 2750 unum
2902 2686 2971 2749 in
2999 2704 3098 2767 se,
3130 2687 3303 2769 quod
3329 2705 3461 2753 non

1909 2796 2005 2856 est
2027 2791 2208 2856 alteri
2236 2792 2478 2857 unibile
2493 2841 2511 2872 ,
2545 2793 2830 2877 alioquin
2858 2811 2992 2858 non
3017 2798 3182 2857 esset
3203 2796 3407 2858 status
3440 2815 3457 2858 ε

1909 2899 2068 2964 illud
2100 2904 2317 2965 autem
2353 2919 2561 2966 unum
2598 2906 2695 2966 est
2725 2901 3135 2966 individuum
3177 2902 3458 2966 rationa-

1829 3038 1838 3047 ·
1908 3006 1988 3071 lis
2033 3011 2284 3071 naturae
2303 3055 2321 3085 ‚
2371 3008 2545 3091 quod
2593 3009 2857 3092 quidem
2905 3013 3001 3073 est
3039 3026 3345 3091 persona,
3395 3014 3463 3075 et

1908 3115 2105 3182 habet
2157 3135 2481 3183 summam
2545 3117 3034 3203 completionem
3099 3117 3168 3183 in
3222 3136 3459 3200 genere

1909 3230 2221 3292 creaturae
2263 3250 2277 3289 :
2319 3227 2373 3291 si
2413 3246 2573 3310 ergo
2615 3228 2695 3293 ad
2741 3228 3119 3311 dignitatem
3166 3246 3460 3312 personae

1908 3338 2149 3417 spectat
2181 3335 2353 3418 quod
2392 3335 2553 3399 nulli
2594 3335 2703 3399 alii
2735 3337 3039 3416 uniatur,
3083 3339 3147 3400 et
3185 3353 3460 3418 persona

1909 3442 2132 3507 divina
2169 3443 2362 3507 habet
2401 3443 2712 3526 quidquid
2742 3444 3076 3525 dignitatis
3101 3448 3237 3523 est,
3272 3445 3459 3509 vide-

1907 3554 2017 3614 tur
2057 3551 2230 3633 quod
2277 3551 2439 3615 nihil
2486 3553 2681 3634 possit
2728 3551 2851 3614 sibi
2902 3550 3218 3634 copulari,
3266 3555 3331 3615 et
3372 3552 3463 3615 ita

1907 3657 2153 3721 nullam
2174 3660 2476 3722 naturam
2501 3674 2850 3722 assumere.

1986 3768 2047 3826 4.
2082 3762 2239 3827 ltem
2269 3763 2435 3828 nihil
2463 3763 2809 3845 temporale
2846 3766 3050 3846 potest
3088 3762 3229 3829 fleri
3265 3767 3462 3828 aeter-

1905 3888 2066 3936 num
2099 3893 2114 3934 :
2142 3872 2253 3935 sed
2281 3872 2493 3935 unitas
2517 3876 2825 3935 creaturae
2853 3871 3064 3935 debita
3089 3875 3185 3935 est
3214 3874 3460 3954 tempo·

1904 3978 2090 4058 ralis,
2140 3979 2354 4043 unitas
2392 3979 2634 4044 divinae
2682 3996 2972 4061 personae
3013 3983 3108 4043 est
3151 3982 3393 4066 aeterna
3436 4000 3453 4043 ε

1904 4105 2063 4168 ergo
2104 4087 2325 4151 divina
2363 4105 2637 4170 persona
2667 4104 2799 4150 non
2842 4088 3051 4169 potest
3094 4088 3456 4152 creaturam

1903 4194 2185 4277 aliquam
2208 4196 2289 4259 ad
2318 4195 2629 4259 unitatem
2656 4212 2948 4278 personae
2967 4212 3103 4258 suae
3132 4194 3455 4277 accipere:

1903 4302 2014 4366 sed
2041 4302 2165 4367 hoc
2201 4308 2297 4367 est
2321 4320 2646 4367 assumere
2678 4325 2692 4365 :
2727 4320 2886 4385 ergo
2919 4302 3269 4386 assumptio
3300 4302 3459 4367 divi-

1901 4427 2007 4475 nae
2032 4428 2323 4494 personae
2348 4429 2480 4474 non
2506 4414 2711 4493 potest
2737 4411 3101 4476 convenire.

2449 4669 2877 4737 CONCLUSIO
2889 4717 2904 4733 .

1902 4838 2219 4909 Assumptio
2273 4852 2388 4908 quoe
2463 4836 2579 4903 ruit
2657 4837 2722 4891 in
2804 4836 3183 4890 incarnatione
3232 4837 3457 4907 respicit

1968 4943 2250 5001 personam
2276 4927 2544 4993 divinam,
2585 4927 2718 4997 quia
2744 4923 2938 4981 divina
2974 4939 3205 4997 persona
3236 4927 3369 4996 tecit
3390 4929 3456 4983 ut

1963 5020 2150 5090 plures
2174 5023 2385 5075 natum
2408 5019 2696 5074 unirentur
2712 5019 2775 5072 in
2799 5031 2871 5073 se.

1982 5177 2167 5262 Resp.
2199 5179 2276 5241 ad
2311 5196 2452 5258 arg.
2497 5177 2843 5241 Dicendum
2882 5176 3053 5258 quod
3076 5225 3091 5254 ,
3126 5177 3289 5241 sicut
3317 5178 3451 5242 dic-

1901 5363 1954 5413 q.
1984 5359 2033 5412 13
2063 5348 2246 5400 Thom.
2276 5350 2513 5414 Argent„
2541 5348 2607 5397 ΙΙΙ
2637 5347 2799 5410 sent„
2833 5347 2950 5398 dist.
2977 5356 3044 5408 v,
3074 5360 3128 5411 q.
3181 5358 3224 5410 1,
3250 5351 3346 5396 art.
3387 5349 3447 5408 25

1902 5420 2078 5483 Stepb.
2112 5418 2321 5482 Brulef.,
2349 5421 2413 5470 ΙΙΙ
2439 5419 2599 5481 Sem„
2620 5419 2737 5470 dist.
2769 5430 2819 5480 v,
2840 5433 2892 5483 q.
2922 5430 2981 5470 ιι.
3000 5441 3065 5455 -
3093 5419 3116 5453 ²
3143 5418 3253 5469 lmo
3281 5418 3447 5482 Fulg„

1901 5496 1961 5546 de
1981 5495 2109 5547 Fide
2126 5496 2199 5546 ad
2226 5496 2382 5556 Patr„
2407 5510 2454 5547 c.
2482 5507 2545 5559 ιι,
2566 5509 2623 5546 n.
2655 5497 2730 5546 17.
