4185 6288
796 430 915 490 512
1279 427 1390 497 ’‘f-‚1
1408 468 1430 494 2
1451 428 1469 497 3
1909 422 2531 492 SENTENTIARUM
2575 425 2722 492 Lm.
2770 426 2877 492 ΙΙΙ.

1793 775 2610 872 DlSTlNCTlO
2699 777 3052 874 XXIV

1437 1057 1516 1103 DE
1558 1057 1723 1121 ΗΒΕ,
1769 1056 2064 1112 nummu
2112 1058 2193 1105 An
2235 1059 2377 1107 mus
2422 1059 2752 1122 ΟΜΕΠῙΙ,
2796 1058 2936 1107 sm
2978 1059 3324 1110 nnuman.

564 1280 771 1386 ‘5:933-
884 1259 1008 1329 Hic
1045 1259 1388 1352 quteritur,
1418 1260 1471 1328 si
1502 1260 1664 1330 fides
1692 1269 1950 1330 tantum
1982 1261 2061 1331 de
2105 1284 2238 1330 non
2276 1262 2438 1330 visis
2472 1272 2605 1346 est,
2657 1263 2989 1354 quomodo
3020 1265 3281 1335 Veritas
3317 1266 3401 1335 de
3447 1266 3766 1357 apostolis
3791 1264 3913 1334 ait¹
3942 1290 3956 1332 ε

555 1404 768 1477 „mosaei
797 1379 992 1448 Nunc
1035 1375 1183 1447 dico
1220 1376 1433 1460 vobis,
1460 1377 1851 1470 priusquam
1891 1379 2050 1469 fiat,
2081 1390 2159 1446 ut
2186 1400 2336 1447 cum
2365 1360 2622 1446 sactum
2639 1379 2851 1469 fuerit
2875 1432 2893 1464 ,
2938 1379 3224 1450 credatis
3249 1383 3409 1451 :ubi
3450 1382 3652 1451 innui
3695 1383 3957 1467 videtur,

554 1479 770 1584 2⁸:⁹23ss
799 1493 972 1585 quod
1012 1492 1174 1561 fides
1214 1493 1350 1561 illis
1376 1493 1577 1562 fuerit
1622 1494 1702 1562 de
1739 1493 1924 1563 factis
1960 1501 2025 1563 et
2050 1495 2231 1563 visis.
2281 1493 2497 1586 Super
2543 1517 2676 1585 quo
2722 1496 3137 1585 Augustinus
3183 1509 3404 1567 movet
3447 1498 3879 1589 quaestionem
3912 1506 3964 1564 et

557 1591 770 1706 3⁴:22⁴ss
797 1609 1015 1696 solvit,
1048 1610 1140 1678 ita
1163 1610 1471 1702 inquiens
1494 1609 1517 1642 ¹
1549 1635 1564 1678 ε
1599 1637 1633 1676 «
1663 1610 1838 1693 Quid
1864 1610 1989 1679 sibi
2018 1612 2167 1679 vult
2203 1637 2218 1678 ε
2261 1613 2344 1678 Ut
2372 1633 2521 1679 cum
2547 1613 2814 1702 factum
2851 1613 3085 1703 suerit,
3132 1612 3465 1682 credatis?
3506 1613 3669 1683 Haec
3709 1622 3805 1681 est
3842 1613 3964 1681 laus

554 1713 756 1757 ⁸⁰¹'⁸”‘¹⁰
800 1723 980 1813 fidei,
1010 1727 1067 1794 si
1095 1726 1272 1818 quod
1301 1726 1611 1813 creditur,
1640 1750 1776 1796 non
1801 1726 2087 1796 videtur.
2139 1727 2307 1795 Nam
2353 1734 2420 1794 et
2459 1726 2776 1812 Thomas,
2821 1728 2931 1796 cui
2976 1728 3224 1798 dictum
3263 1738 3360 1797 est
3408 1726 3430 1761 ⁸
3480 1755 3496 1796 ε
3543 1730 3728 1813 Quia
3766 1727 3965 1797 vidisti

795 1865 927 1930 me,
985 1841 1344 1927 credidisti,
1407 1866 1539 1912 non
1591 1843 1715 1913 hoc
1763 1842 2036 1912 credidit
2062 1896 2080 1929 ,
2138 1843 2318 1933 quod
2372 1842 2561 1912 vidit.
2624 1844 2944 1912 Cernebat
2996 1845 3173 1913 enim
3225 1853 3290 1913 et
3354 1846 3671 1935 tangebat
3730 1867 3962 1914 carnem

794 1960 1149 2045 viventem,
1181 1982 1381 2052 quam
1413 1960 1664 2028 viderat
1692 1959 2110 2045 morientem,
2142 1969 2205 2027 et
2232 1959 2535 2029 credebat
2557 1959 2769 2028 Deum
2798 1961 2867 2028 in
2895 1982 3086 2030 carne
3115 1961 3255 2053 ipsa
3281 1961 3633 2030 latentem.
3675 1961 3966 2032 Credebat

792 2097 949 2164 ergo
995 2082 1210 2144 mente
1254 2075 1431 2168 quod
1474 2098 1606 2143 non
1651 2074 1938 2162 videbat,
1991 2095 2108 2166 per
2163 2074 2289 2144 hoc
2339 2075 2519 2168 quod
2571 2075 2865 2144 sensibus
2916 2076 3205 2168 corporis
3258 2078 3645 2169 apparebat.
3704 2078 3778 2148 Si
3831 2100 3962 2147 vero

792 2192 1105 2260 dicuntur
1127 2191 1303 2259 credi
1330 2214 1476 2284 quae
1506 2189 1844 2275 videntur,
1875 2191 2044 2258 sicut
2072 2190 2227 2259 dicit
2258 2193 2718 2284 unusquisque
2747 2192 2955 2261 oculis
2994 2193 3133 2261 suis
3156 2215 3223 2262 se
3249 2194 3602 2264 credidisse
3628 2226 3648 2279 ;
3682 2220 3815 2265 non
3847 2197 3963 2286 ipsa

793 2319 913 2399 est,
944 2332 1090 2402 quae
1117 2310 1189 2378 in
1217 2304 1406 2377 nobis
1430 2307 1790 2377 aedificatur
1828 2306 1991 2375 fides
2026 2331 2042 2373 :
2074 2306 2185 2375 sed
2216 2330 2298 2376 ex
2340 2308 2571 2394 rebus,
2615 2331 2764 2400 quae
2791 2309 3127 2395 videntur,
3175 2311 3394 2399 agitur
3435 2313 3508 2382 in
3557 2314 3759 2382 nobis
3797 2321 3865 2381 ut
3901 2334 3962 2380 ea

792 2426 1165 2510 credantur,
1210 2447 1357 2516 quoe
1402 2449 1538 2494 non
1581 2425 1912 2494 videntur.
1960 2449 1997 2489 ι)
2050 2424 2151 2492 Ex
2188 2424 2291 2492 his
2330 2431 2551 2517 aperte
2595 2425 3033 2514 intelligitur,
3082 2426 3259 2519 quod
3309 2430 3572 2521 proprie
3634 2430 3797 2498 fides
3844 2451 3956 2497 non

792 2544 1248 2637 apparentium
1290 2551 1417 2630 est3
1466 2565 1584 2612 nec
1629 2543 1748 2635 illa
1792 2550 1889 2609 est
1934 2541 2138 2627 fides,
2185 2564 2319 2633 qua
2362 2541 2431 2609 in
2475 2541 2731 2610 Christo
2779 2542 3207 2628 aedificamur,
3257 2568 3393 2637 qua
3428 2545 3720 2615 dicimus
3760 2544 3963 2613 usitata

793 2662 1144 2747 locutione,
1196 2683 1316 2729 nos
1359 2684 1437 2728 ea
1478 2659 1765 2745 credere,
1812 2681 1962 2750 quae
2004 2657 2333 2726 videmus.
2385 2657 2562 2726 Alibi
2606 2667 2822 2726 tamen
2865 2658 3023 2727 dicit
3062 2661 3481 2749 Augustinus
3506 2661 3713 2730 fidem
3750 2659 3962 2730 essede

795 2779 992 2847 rebus
1020 2777 1474 2870 praesentibus,
1509 2774 1687 2868 quod
1718 2773 1843 2842 erit
1869 2773 1939 2841 in
1968 2773 2224 2860 futuro,
2257 2797 2407 2843 cum
2435 2796 2552 2866 per
2577 2775 2855 2866 speciem
2892 2775 3103 2844 Deum
3147 2786 3534 2868 praesentem
3583 2777 3962 2869 contempla-

793 2893 1066 2963 bimur:
1098 2916 1249 2986 quae
1288 2902 1507 2962 tamen
1556 2913 1689 2958 non
1725 2890 1984 2982 proprie
2024 2888 2267 2958 dicitur
2309 2888 2503 2976 fides,
2552 2890 2664 2959 sed
2692 2891 2955 2960 veritaS.
3014 2918 3049 2958 α
3093 2892 3242 2977 Est,
3294 2893 3515 2985 inquit
3540 2907 3589 2978 ὁ,
3646 2894 3809 2962 fides
3852 2915 3963 2985 qua

795 3010 1154 3079 creduntur
1179 3033 1256 3079 ea
1281 3031 1428 3101 quae
1455 3030 1591 3077 non
1617 3006 1951 3078 videntur.
1985 3004 2114 3074 Sed
2144 3014 2365 3074 tamen
2393 3014 2489 3074 est
2516 3006 2712 3076 etiam
2742 3006 2903 3076 fides
2947 3030 3202 3091 rerum,
3253 3010 3521 3101 quando
3561 3032 3706 3079 non
3746 3010 3959 3091 verbis,

793 3128 906 3199 sed
934 3128 1131 3198 rebus
1155 3128 1313 3220 ipsis
1338 3124 1769 3220 praesentibus
1791 3123 2109 3209 creditur,
2140 3123 2318 3217 quod
2346 3122 2471 3193 erit
2493 3146 2646 3193 cum
2673 3147 2790 3216 per
2821 3124 3104 3216 speciem
3133 3124 3546 3195 manifestam
3586 3149 3660 3195 se
3702 3134 3961 3195 contem·

792 3247 1103 3339 plaudam
1129 3245 1364 3313 sanctis
1392 3243 1703 3336 praebebit
1729 3241 1847 3311 Dei
1874 3240 2221 3332 sapientia.
2261 3268 2294 3305 »
2325 3239 2455 3309 Sed
2484 3263 2620 3310 non
2648 3242 2908 3334 proprie
2951 3241 3089 3311 baec
3125 3242 3367 3311 dicitur
3411 3243 3609 3330 fides,
3656 3244 3792 3313 imo
3831 3242 3963 3310 fidei

797 3385 1063 3448 merces,
1092 3361 1175 3430 ad
1205 3383 1403 3453 quam
1442 3359 1763 3429 credendo
1800 3358 2212 3451 pervenitur,
2256 3365 2331 3425 ut
2374 3380 2459 3426 ex
2507 3357 2638 3425 fide
2681 3357 3033 3427 verborum
3079 3366 3363 3428 transeat
3397 3359 3622 3450 justus
3671 3361 3744 3429 in
3790 3359 3963 3428 fidem

795 3501 1043 3549 rerum.

631 3610 697 3650 An
888 3596 960 3665 Si
986 3618 1144 3667 vero
1171 3594 1495 3689 quaeritur
1539 3600 1765 3662 utrum
1811 3593 2046 3661 Petrus
2095 3591 2293 3660 fidem
2340 3593 2656 3683 passionis
2700 3591 3028 3679 babuerit,
3077 3616 3228 3663 cum
3272 3593 3611 3663 hominem
3649 3594 3959 3663 Christum

597 3668 746 3711 Petrus

575 3730 774 3834 *affin
801 3713 1008 3782 oculis
1032 3713 1167 3805 pati
1193 3712 1520 3797 cernebat,
1550 3710 1830 3779 dicimus
1865 3731 2019 3777 eum
2063 3706 2263 3776 fidem
2309 3708 2624 3800 passionis
2662 3707 2993 3793 babuisse,
3048 3732 3183 3778 non
3224 3710 3296 3777 in
3336 3732 3412 3778 eo
3453 3709 3637 3802 quod
3682 3707 3963 3778 credebat

553 3855 766 3910 pusionis
801 3830 1135 3899 bominem
1161 3830 1314 3921 pati,
1349 3828 1507 3920 quia
1532 3827 1655 3895 hoc
1678 3825 1977 3911 videbat3
2008 3824 2219 3893 sedin
2264 3847 2340 3893 eo
2385 3824 2563 3917 quod
2608 3824 2910 3893 credebat
2950 3825 3160 3894 Deum
3208 3848 3367 3913 esse,
3417 3826 3536 3917 qui
3572 3827 3951 3917 patiebatur.

553 3918 767 4022 vim.
800 3945 945 4016 Non
973 3946 1150 4016 enim
1179 3945 1390 4015 virtus
1415 3943 1571 4012 fidei
1601 3951 1772 4028 erat,
1802 3940 1981 4034 quod
2020 3940 2410 4008 credebatur
2448 3940 2645 4009 homo
2689 3942 2826 4034 pati
2855 3949 2918 4010 et
2953 3943 3152 4027 mori,
3193 3942 3372 4034 quod
3405 3941 3683 4011 Judaeus
3716 3960 3960 4011 cernens

553 4042 712 4084 minem
723 4043 772 4085 il-

555 4103 643 4148 ,m
663 4107 770 4161 pm,
798 4063 1129 4149 credebat3
1189 4062 1301 4132 sed
1355 4059 1530 4153 quod
1578 4058 1962 4127 credebatur
2008 4057 2184 4125 Deus
2231 4079 2367 4124 esse
2391 4109 2411 4143 ,
2461 4059 2578 4148 qui
2624 4058 3016 4149 patiebatur.
3062 4057 3251 4127 Unde
3315 4059 3737 4148 Augustinus
3788 4076 3959 4148 super

796 4179 990 4249 illum
1033 4177 1281 4247 Psalmi
1330 4177 1548 4247 locum
1576 4176 1598 4211 ⁸
1628 4199 1643 4242 :
1679 4171 2035 4266 Respondit
2090 4173 2152 4242 ei
2204 4173 2278 4241 in
2320 4173 2432 4241 via
2467 4173 2734 4243 virtutis
2767 4195 2901 4246 suae
2937 4200 2959 4241 .·
2993 4201 3025 4240 α
3059 4174 3233 4244 Laus
3277 4174 3436 4243 fidei
3476 4184 3607 4261 est,
3655 4197 3790 4244 non
3824 4173 3957 4265 quia

794 4296 1001 4364 credit
1027 4294 1364 4364 hominem
1392 4292 1589 4361 illum
1617 4298 1976 4377 mortuum,
2008 4290 2186 4382 quod
2227 4297 2291 4357 et
2327 4312 2621 4381 paganus
2661 4290 2895 4377 credit3
2941 4290 3053 4359 sed
3089 4292 3251 4384 quia
3294 4290 3497 4360 credit
3538 4314 3698 4360 eum
3733 4287 3956 4381 glorifi-

792 4419 1013 4481 catum
1041 4417 1107 4479 et
1132 4432 1362 4481 verum
1390 4409 1625 4477 Deum.
1659 4433 1694 4474 w
1730 4406 1953 4476 Credit
1978 4428 2137 4495 ergo
2173 4405 2332 4474 fides
2359 4405 2572 4475 Deum
2620 4415 2981 4494 mortuum,
3023 4416 3088 4476 et
3122 4407 3455 4476 hominem
3505 4407 3949 4497 glorificatum.

791 4525 941 4597 Non
987 4549 1144 4616 ergo
1187 4526 1314 4595 fuit
1358 4525 1556 4594 Petro
1592 4523 1756 4593 fides
1789 4522 2050 4591 credere
2104 4521 2444 4590 bominem
2493 4521 2689 4591 illum
2739 4525 2932 4609 mori,
2979 4524 3160 4617 quod
3212 4524 3418 4594 oculis
3472 4524 3814 4608 cernebat;
3861 4517 3953 4589 sed

788 4643 1050 4713 credere
1104 4642 1314 4712 Deum
1367 4663 1527 4727 esse,
1575 4639 1693 4734 qui
1744 4638 2171 4709 moriebatur.
2226 4638 2360 4707 Nec
2416 4638 2606 4708 nobis
2656 4639 2853 4709 etiam
2888 4640 3068 4709 -fides
3121 4640 3193 4709 in
3251 4640 3373 4710 hoc
3427 4649 3743 4726 meretur,
3796 4633 3951 4730 quod

788 4760 1115 4830 credimus
1165 4758 1499 4828 hominem
1553 4757 1749 4826 illum
1803 4763 2166 4842 mortuum,
2221 4754 2401 4847 quod
2453 4762 2519 4824 et
2588 4754 2856 4826 Judaeus
2925 4755 3163 4843 credit3
3249 4756 3362 4826 sed
3428 4755 3586 4850 quia
3651 4754 3951 4825 credimus

789 4876 1127 4946 hominem
1153 4875 1363 4944 Deum
1394 4882 1735 4943 mortuum
1762 4894 1920 4940 esse.

628 5029 694 5067 Aa
877 4993 1035 5062 Post
1060 4993 1196 5062 baec
1221 4991 1428 5086 quaeri
1455 4991 1644 5077 solet,
1673 5012 1828 5059 cum
1871 4989 2034 5058 fides
2072 4990 2158 5057 sit
2193 4989 2274 5058 de
2321 5011 2455 5058 non
2488 4989 2957 5081 apparentibus
2995 4999 3058 5059 et
3095 5014 3231 5060 non
3275 4991 3457 5077 visis,
3501 4999 3729 5059 utrum
3774 4986 3947 5056 etiam

549 5085 765 5205 affl,
791 5109 878 5178 sit
901 5110 982 5177 de
1008 5084 1367 5198 incognitis*
1382 5116 1640 5177 tantum
1673 5136 1690 5190 ς
1721 5106 1978 5176 sienim
2003 5105 2085 5174 de
2112 5105 2460 5195 incognitis
2486 5112 2743 5173 tantum
2772 5115 2910 5193 est,
2957 5107 3038 5175 de
3076 5107 3181 5175 his
3218 5107 3480 5176 videtur
3522 5129 3661 5175 esse
3715 5111 3946 5173 tantum

550 5219 765 5316 2:43?
791 5247 943 5318 quae
966 5226 1380 5314 ignorantur.
1416 5225 1544 5294 Sed
1571 5223 1906 5293 sciendum
1936 5231 2054 5308 est,
2085 5222 2262 5315 quod
2289 5244 2443 5292 cum
2470 5221 2636 5290 visio
2664 5222 2797 5291 alia
2831 5223 2917 5291 sit
2946 5223 3252 5309 interior,
3291 5222 3423 5291 alia
3461 5223 3744 5290 exterior
3765 5272 3786 5307 ,
3830 5236 3944 5285 non

609 5337 695 5380 ω’·
852 5369 870 5404 ¹
907 5369 1074 5432 lm,
1104 5379 1213 5430 xlv,
1240 5373 1319 5420 29.
1350 5394 1408 5406 —
1427 5370 1450 5403 ¹
1473 5373 1622 5434 Aug„
1651 5370 1704 5418 in
1728 5369 1870 5418 loon.
1900 5371 2045 5418 tract.
2073 5378 2235 5418 Lxxlx
2259 5405 2278 5431 ,
2304 5381 2360 5417 n.
2392 5371 2440 5419 1.
2469 5392 2523 5403 —
2544 5365 2566 5400 ⁸
2584 5366 2750 5423 Joan..
2778 5377 2884 5430 xx,
2912 5369 2990 5418 29.
3012 5367 3110 5404 -δ
3137 5369 3288 5431 Aug„
3313 5365 3507 5426 Quoeet.
3537 5380 3737 5430 eumq„
3762 5363 3846 5413 lib.
3882 5359 3939 5417 ll,

780 5451 977 5493 c.mx.
999 5465 1062 5479 -
1083 5439 1217 5504 θιὼ,
1247 5444 1300 5489 in
1327 5441 1409 5489 1²2.
1428 5452 1509 5502 cx,
1538 5444 1620 5503 2⁴,
1648 5440 1855 5503 Euam,
1883 5452 2025 5489 serm
2049 5474 2061 5488 .
2095 5449 2158 5503 11,
2184 5451 2240 5488 n.
2267 5441 2317 5502 7,
2345 5437 2527 5503 quoad
2561 5449 2790 5488 semum.
