4185 6288
577 479 698 541 236

580 620 639 680 et
659 611 913 695 Spiritu
930 615 1173 691 sancto,
1196 614 1315 675 etc.
1336 610 1415 676 Et
1436 611 1700 676 iterum¹
1719 636 1734 678 z
1757 613 1861 680 Sic
1879 620 1969 681 est
1986 631 2112 682 om-

578 721 713 799 nis,
742 720 860 801 qui
883 722 1077 785 natus
1107 724 1200 784 est
1230 734 1315 784 ea·
1347 718 1624 802 Spiritu.
1652 719 1775 786 Sed
1804 723 1910 786 cui
1940 724 2123 787 attri-

577 825 803 891 buitur
827 826 1152 904 nativitaS‚
1180 826 1386 892 eidem
1409 827 1810 894 attribuenda
1837 833 1930 894 est
1954 831 2121 895 filia-

578 932 687 998 tio,
722 932 789 998 Si
815 951 972 1014 ergo
998 952 1113 1016 per
1159 932 1468 1016 Spiritum
1506 940 1799 1000 sanctum
1838 939 2122 1013 renasci-

577 1059 725 1103 mur
751 1041 1182 1123 spiritualiter,
1203 1041 1457 1106 videtur
1481 1043 1652 1126 quod
1674 1064 1787 1128 per
1809 1045 2121 1130 Spiritum

576 1148 852 1229 proprie,
882 1166 1011 1211 non
1038 1167 1154 1230 per
1181 1148 1499 1214 Christum
1526 1153 1905 1237 adoptemur
1944 1155 2015 1219 in
2041 1157 2120 1219 ss-

573 1252 713 1317 1103.
738 1254 918 1329 Quod
944 1255 999 1317 si
1024 1260 1097 1319 tu
1119 1254 1288 1320 dicas
1308 1256 1430 1321 hoc
1445 1264 1803 1342 competere
1833 1263 2115 1345 utrique,

574 1362 871 1442 arguitur
909 1364 1133 1429 saltem
1168 1366 1341 1448 quod
1380 1386 1493 1449 per
1537 1371 2118 1452 appropriationem

574 1486 707 1532 non
752 1474 1067 1553 competat
1094 1472 1361 1553 Christo,
1406 1475 1515 1540 sed
1544 1474 1811 1558 Spiritui
1839 1480 2056 1541 sancto
2099 1501 2114 1544 z

571 1576 889 1656 praedictae
942 1583 1159 1644 autem
1198 1581 1475 1645 rationes
1504 1582 1888 1647 videbantur
1915 1590 2121 1651 osten-

569 1682 717 1747 dere
734 1685 1117 1767 oppositum.

651 1793 711 1852 3.
747 1790 905 1855 Item
935 1798 1081 1856 ante
1131 1792 1357 1858 Christi
1405 1796 1908 1861 incarnationem
1955 1798 2121 1865 Deus

570 1894 799 1960 habuit
827 1898 1122 1964 homines
1144 1901 1330 1981 filios,
1360 1903 1525 1966 sicut
1546 1902 1682 1986 ipse
1727 1904 1878 1968 dicit
1894 1905 1971 1969 de
1998 1906 2114 1970 Sa-

568 2004 823 2069 lomone
852 2014 874 2047 ²
901 2027 917 2070 :
951 2009 1079 2074 Ero
1108 2010 1212 2076 illi
1252 2014 1327 2076 in
1354 2016 1628 2093 patrem.
1681 2012 1803 2077 Sed
1849 2019 2114 2096 constat,

570 2112 741 2189 quod
761 2115 1049 2179 nondum
1076 2116 1275 2181 Filius
1313 2117 1422 2182 Dei
1452 2120 1519 2182 in
1548 2138 1805 2184 carnem
1844 2122 2117 2188 advene·

572 2224 669 2282 rat
701 2239 896 2302 :ergo
923 2224 974 2286 si
1006 2224 1296 2291 Christus
1324 2227 1533 2291 filium
1567 2228 1677 2293 Dei
1701 2230 1988 2293 nominat
2014 2232 2117 2295 in-

572 2334 925 2407 carnatum,
967 2332 1221 2397 videtur
1254 2336 1424 2416 quod
1455 2354 1585 2400 non
1634 2337 1837 2402 simus
1871 2339 1985 2402 filii
2002 2338 2116 2403 Dei

571 2452 683 2515 per
706 2435 1045 2502 Christum.
1358 2500 1373 2517 ,

649 2546 709 2605 4.
767 2543 947 2626 Item,
988 2552 1581 2633 quantumcumque
1637 2552 1718 2615 sit
1770 2552 1968 2618 Filius
2006 2554 2116 2620 Dei

570 2648 953 2731 incarnatus,
977 2653 1193 2719 nullus
1220 2659 1435 2720 tamen
1462 2663 1556 2722 est
1588 2659 1691 2724 Dei
1720 2660 1890 2724 filius
1917 2662 2114 2745 adop-

567 2757 766 2835 tivuS,
796 2758 919 2823 nisi
946 2762 1057 2843 qui
1087 2763 1370 2845 suscepit
1412 2765 1655 2829 donum
1699 2769 1925 2848 gratias
1960 2789 2114 2851 gra-

567 2868 709 2927 tum
745 2866 1050 2948 facientis,
1098 2889 1229 2952 qua
1269 2877 1559 2955 suscepta
1599 2874 1791 2938 etiam
1820 2881 1966 2940 ante
2011 2877 2112 2939 in·-

567 2972 997 3037 carnationem
1029 2979 1125 3039 est
1173 2978 1346 3041 filius
1383 3002 1398 3042 ε
1440 2998 1623 3061 ergO,
1657 2982 1863 3063 posita
1892 2983 1994 3046 vel
2016 3001 2114 3048 re-

565 3083 741 3143 mota
770 3080 1201 3149 incarnatione
1226 3084 1370 3150 Filii
1399 3085 1530 3167 Dei,
1564 3087 1743 3153 salva
1769 3096 1984 3155 manet
2015 3111 2114 3155 ra-

566 3187 654 3251 tio
678 3188 1034 3272 adoptionis
1067 3214 1081 3254 :
1113 3192 1369 3257 videtur
1396 3213 1554 3277 ergo
1583 3198 1754 3279 quod
1782 3204 2013 3265 nostras
2040 3202 2113 3263 si-

564 3294 841 3359 liationis
875 3298 1128 3381 adoptio
1174 3318 1305 3364 non
1343 3302 1534 3365 suerit
1557 3304 1719 3367 facta
1755 3325 1868 3387 per
1900 3307 2106 3371 Chris-

565 3407 726 3466 tum.
775 3403 969 3468 Juxta
1014 3405 1135 3470 1100
1179 3410 1491 3490 quaeritur
1520 3429 1633 3493 per
1667 3413 1839 3494 quod
1867 3414 2111 3478 donum

564 3510 794 3591 gratiae
845 3513 1198 3578 efficiamur
1260 3515 1377 3579 filii
1438 3517 1718 3600 adoptivi
1767 3542 1782 3582 :
1860 3521 2114 3585 videtur

563 3617 735 3680 enim
776 3620 947 3700 quod
986 3639 1100 3702 per
1136 3622 1531 3701 charitatem,
1574 3627 1740 3690 sicut
1796 3629 1946 3692 dicit
1981 3630 2113 3693 Au-

561 3725 863 3803 gustinus
887 3731 909 3765 ⁸
944 3747 958 3790 :
1000 3750 1031 3788 α
1060 3727 1209 3792 Sola
1236 3731 1512 3796 charitas
1542 3737 1658 3812 est,
1681 3753 1829 3816 quae
1868 3736 2111 3800 discer-

560 3831 659 3892 nit
686 3831 852 3895 inter
875 3834 1038 3899 filios
1062 3838 1271 3918 regni,
1290 3844 1353 3902 et
1379 3841 1823 3921 perditionis.»
1846 3842 2111 3909 Videtur

561 3938 754 4002 etiam
782 3942 953 4022 quod
980 3961 1095 4033 per
1123 3946 1338 4024 fidem,
1369 3947 1534 4010 sicut
1558 3948 1791 4013 dicitur
1821 3956 1843 3990 ⁴
1874 3969 1891 4013 ε
1926 3951 2111 4019 Dedit

561 4047 653 4111 eis
680 4052 1052 4128 potestatem
1077 4052 1251 4131 tilios
1280 4055 1398 4120 Dei
1443 4055 1615 4135 sieri,
1656 4057 1785 4136 liis,
1823 4059 1940 4140 qui
1987 4075 2112 4126 cre-

559 4153 725 4221 dunt
752 4157 827 4221 in
874 4159 1131 4223 nomine
1166 4159 1327 4240 ejus.
1377 4160 1640 4226 Videtur
1689 4165 2111 4230 nihilominus

559 4263 732 4345 quod
759 4282 873 4346 per
902 4266 1197 4330 timorem
1226 4287 1242 4330 ς
1276 4288 1469 4351 super
1496 4269 1655 4334 illud
1685 4272 1745 4334 ⁸:
1776 4272 1921 4338 Non
1942 4289 2111 4339 acce-

554 4373 757 4453 pistis
821 4373 1054 4440 iterum
1123 4378 1434 4457 spiritum
1504 4381 1840 4447 servitutis
1866 4431 1886 4459 ,
1958 4387 2106 4463 ete„

560 4478 774 4544 Glossa
817 4500 833 4543 z
892 4506 923 4542 α
952 4481 1171 4546 Timor
1210 4488 1439 4561 castuS,
1489 4486 1600 4568 qui
1654 4491 1749 4551 est
1799 4488 2008 4554 bonus
2047 4495 2111 4554 et

557 4587 914 4669 perficiens,
939 4595 1207 4671 generat
1232 4610 1350 4656 nos
1375 4592 1561 4658 filios,
1588 4594 1896 4660 »Videtur
1914 4598 2109 4662 etiam

557 4695 728 4777 quod
760 4715 875 4779 per
901 4699 1174 4779 gratiam
1204 4700 1646 4783 baptismalem
1697 4722 1812 4786 per
1838 4708 2110 4770 auctori-

557 4808 752 4868 tatem
772 4803 1098 4871 Domini⁶:
1127 4808 1277 4874 Nisi
1293 4811 1441 4891 quis
1470 4816 1758 4890 renatus,
1790 4818 1908 4876 etc.
1952 4836 1966 4878 :
1998 4816 2106 4879 sed

554 4910 676 4975 1100
702 4915 796 4975 est
816 4931 931 4994 per
957 4914 1368 4996 baptismum.
1417 4917 1738 4994 Quaeritur
1768 4938 1925 5002 ergo
1943 4971 1960 5000 ‚
2002 4923 2108 4985 cui

555 5019 824 5082 istarum
845 5022 1226 5102 gratiarum,
1260 5025 1395 5090 sive
1420 5027 1763 5106 donorum,
1803 5030 2111 5094 attribua-

556 5129 667 5190 tur
695 5127 946 5208 proprie
967 5128 1187 5194 flliatio
1219 5129 1593 5214 adoptionis
1625 5134 1786 5198 Etsi
1808 5137 2110 5202 omnibus

558 5231 838 5316 quodam
897 5235 1109 5315 modo,
1156 5239 1470 5320 quaeritur
1520 5242 1626 5306 cui
1682 5244 1896 5324 magis
1958 5262 2110 5326 pro-

560 5339 722 5424 prie.
875 5344 884 5353 '

629 5464 701 5531 (a)
728 5464 871 5517 Edit.
902 5465 1091 5518 amma
1107 5504 1127 5533 ,
1145 5482 1268 5536 quo.

1703 475 2328 544 SENTENTIARUM
2369 479 2517 545 LIB.
2563 480 2672 550 11¹.

2802 669 3139 738 CONCLUS
3149 674 3241 739 10.

2234 804 2300 859 In
2352 804 2452 859 hac
2490 809 2862 878 propositione
2901 824 2923 864 .·
2967 829 2997 859 α
3038 812 3178 867 Deus
3212 810 3502 884 adoptavit
3549 829 3646 870 nos
3694 831 3798 887 per

2305 893 2577 950 Christum
2605 937 2624 966 ,
2665 917 2693 948 n
2742 915 2833 970 per
2877 901 3143 972 importat
3180 916 3398 957 causam
3438 904 3743 975 effectivam
3771 947 3792 975 ,

2306 986 2432 1054 ipsa
2458 988 2535 1038 est
2560 999 2721 1054 vera,
2754 992 2807 1041 et
2847 990 3014 1043 etiam
3041 989 3332 1061 adoptavit
3352 1007 3454 1062 per
3481 993 3789 1065 Spiritum,

2305 1071 2398 1127 sed
2417 1089 2520 1145 per
2537 1078 3045 1147 appropriationem
3085 1080 3392 1137 inchoativa
3425 1098 3524 1153 per
3550 1085 3792 1152 Filium,

2305 1166 2723 1219 consummative
2753 1181 2857 1235 per
2889 1165 3161 1237 Spiritum
3195 1175 3440 1226 sanctum
3454 1189 3473 1239 3
3512 1174 3564 1227 si
3609 1177 3795 1229 autem

2302 1250 2560 1319 importet
2605 1266 2823 1307 causam
2874 1258 3212 1312 meritoriam
3244 1300 3265 1324 ,
3305 1259 3385 1314 sic
3429 1261 3640 1315 tantum
3688 1276 3796 1332 per

2306 1337 2575 1395 Christum
2601 1339 2912 1413 adoptavit.

2313 1475 2499 1558 Resp.
2532 1478 2614 1542 ad
2655 1497 2798 1561 arg.
2849 1480 3194 1550 Dicendum
3226 1485 3398 1569 quod
3437 1505 3587 1551 cum
3615 1506 3796 1571 quae—

2231 1584 2397 1648 ritur
2429 1590 2654 1650 utrum
2683 1587 2886 1654 simus
2912 1590 3028 1653 filii
3056 1592 3414 1675 adoptionis
3439 1613 3554 1678 per
3582 1596 3796 1661 Chris-

2230 1693 2396 1769 tum,
2435 1690 2559 1756 hoc
2608 1697 2813 1776 potest
2874 1696 3150 1779 intelligi
3206 1700 3540 1783 dupliciter
3558 1753 3576 1782 ,
3632 1707 3795 1789 quia

2230 1799 2593 1881 praepositio
2637 1800 2748 1864 illa
2766 1850 2784 1879 ‚
2811 1819 2960 1884 per,
3006 1811 3211 1887 potest
3243 1809 3587 1892 importare
3634 1832 3794 1878 cau-

2229 1923 2368 1968 sam
2395 1906 2777 1987 effectivam,
2810 1909 2915 1973 vel
2942 1913 3361 1995 meritoriam,
3397 1918 3531 1983 sive
3567 1920 3788 2004 dispo—

2228 2012 2506 2077 sitivam.
2542 2013 2621 2076 Et
2663 2016 2717 2077 si
2749 2016 3050 2100 importat
3076 2038 3334 2086 causam
3363 2026 3784 2110 meritoriam,

2228 2118 2332 2182 vel
2356 2119 2817 2202 dispositivam‚
2871 2125 3114 2208 absque
3166 2130 3362 2194 dubio
3397 2150 3630 2198 verum
3658 2142 3781 2217 est,

2227 2226 2398 2308 quod
2428 2228 2633 2292 simus
2685 2229 2799 2293 filii
2840 2232 3196 2315 adoptionis
3249 2255 3363 2319 per
3404 2238 3729 2307 Christum
3761 2265 3780 2308 :

2227 2334 2363 2415 ipse
2386 2335 2559 2399 enim
2602 2336 2789 2401 nobis
2833 2341 3068 2405 meruit
3107 2345 3408 2427 gratiam,
3441 2366 3554 2430 per
3581 2368 3786 2433 quam

2226 2460 2455 2505 sumus
2480 2444 2598 2508 filii
2641 2445 2946 2528 adoptivi,
2996 2449 3064 2512 in
3094 2457 3414 2532 quantum
3466 2459 3562 2519 est
3585 2465 3787 2541 caput

2225 2546 2542 2614 Ecclesiae.
2578 2550 2657 2615 Et
2681 2552 2803 2616 hoc
2829 2572 2958 2618 non
2985 2555 3196 2621 solum
3219 2561 3471 2642 respicit
3490 2563 3781 2631 divinam

2225 2659 2550 2737 naturam,
2578 2659 2683 2721 sed
2712 2661 2906 2724 etiam
2935 2667 3234 2728 naturam
3258 2674 3673 2752 assumptam.
3707 2673 3781 2739 Si

2224 2780 2379 2826 vero
2406 2764 2711 2847 importat
2739 2786 2999 2833 causam
3028 2770 3407 2854 effectivam,
3443 2777 3535 2840 sic
3565 2780 3784 2846 adhue

2225 2887 2454 2932 verum
2496 2876 2589 2935 est
2622 2895 2636 2936 ε
2684 2873 2870 2938 Pater
2906 2877 3078 2941 enim
3124 2897 3243 2943 nos
3292 2882 3617 2966 adoptavit
3658 2906 3785 2970 per

2223 2974 2461 3040 Filium
2510 2984 2574 3043 et
2622 2979 2934 3063 Spiritum
2961 2991 3275 3050 sanctum.
3309 2988 3390 3052 Et
3414 2991 3470 3053 si
3520 3011 3631 3075 per
3654 3013 3780 3077 ap-

2221 3085 2724 3176 propriationem
2777 3088 3144 3173 loquamur,
3201 3113 3315 3177 per
3360 3095 3596 3163 Filium
3651 3120 3780 3168 nos

2221 3191 2544 3274 adoptavit
2602 3196 2815 3277 quoad
2865 3198 3363 3282 inchoationem,
3407 3224 3520 3287 per
3568 3207 3772 3292 Spiri-

2221 3303 2361 3362 tum
2397 3306 2692 3366 sanctum
2721 3306 2932 3386 quoad
2980 3312 3618 3379 consummationem.
3670 3318 3780 3384 Ad

2221 3411 2504 3471 nostram
2538 3410 2715 3495 enim
2763 3413 3170 3496 adoptionem
3196 3418 3326 3483 duo
3354 3432 3774 3507 concurrunt,

2219 3514 2454 3578 scilicet
2503 3517 2878 3601 redemptio,
2929 3540 3078 3603 quae
3105 3524 3269 3588 sacta
3321 3531 3415 3590 est
3460 3547 3574 3611 per
3629 3530 3781 3598 Filii

2219 3622 2608 3703 missionem,
2639 3627 2703 3688 et
2731 3628 3130 3708 gratificatio,
3162 3651 3311 3714 quae
3338 3635 3502 3700 sacta
3525 3642 3617 3702 est
3653 3659 3781 3723 per

2218 3728 2586 3795 missionem
2637 3733 2914 3817 Spiritus
2940 3741 3158 3803 sancti.
3194 3741 3274 3805 Et
3303 3743 3427 3807 hoc
3454 3750 3545 3809 est
3596 3750 3777 3829 quod

2218 3835 2451 3901 dicitur
2477 3838 2545 3901 in
2573 3839 2738 3905 libro
2777 3841 2854 3908 de
2885 3845 3128 3912 Anima
3155 3855 3214 3914 et
3240 3851 3504 3931 Spiritu
3530 3860 3551 3893 '¹
3582 3875 3604 3914 .·
3640 3878 3673 3915 α
3714 3858 3781 3921 A

2220 3942 2404 4007 Patre
2435 3964 2548 4027 per
2575 3946 2813 4012 Filium
2825 3954 2889 4015 et
2912 3953 3221 4034 Spiritum
3251 3964 3542 4023 sanctum
3557 3961 3635 4026 ad
3649 3981 3779 4028 nos

2217 4051 2436 4115 divina
2479 4053 2892 4140 descendunt.
2953 4058 3140 4123 Pater
3169 4062 3486 4145 siquidem
3513 4069 3779 4136 tradidit

2218 4158 2474 4238 Filium,
2502 4180 2632 4243 quo
2660 4164 3003 4229 redimeret
3030 4185 3148 4230 nos
3180 4191 3195 4232 ε
3236 4171 3409 4235 misit
3452 4171 3775 4256 Spiritum

2217 4271 2527 4347 sanctum,
2561 4269 2674 4350 qui
2707 4273 2788 4350 (a)
2839 4290 3056 4338 servos
3085 4276 3413 4360 adoptaret
3454 4282 3523 4345 in
3549 4283 3716 4348 filios
3750 4309 3766 4351 :

2217 4374 2453 4440 Filium
2483 4378 2652 4442 dedit
2680 4379 2748 4441 in
2776 4381 3056 4462 pretium
3084 4385 3539 4470 redemptionis
3569 4412 3585 4454 ε
3619 4391 3772 4476 Spi-

2215 4482 2415 4546 ritum
2436 4475 2728 4548 sanctum
2775 4487 2842 4550 in
2870 4489 3290 4572 privilegium
3315 4496 3693 4579 adoptioni&
3732 4523 3765 4560 n

2217 4587 2294 4652 Et
2317 4590 2405 4652 sic
2432 4595 2603 4672 patet
2649 4593 2823 4674 quod
2853 4613 2967 4676 per
3010 4614 3269 4663 omnem
3310 4605 3598 4684 modum,
3632 4607 3779 4674 sive

2209 4714 2324 4779 per
2349 4697 2517 4761 dicat
2547 4699 2863 4763 rationem
2899 4701 3371 4787 dispositivam‚
3401 4712 3536 4777 sive
3570 4714 3777 4781 effec-

2215 4804 2448 4882 tivam3
2505 4810 2569 4868 et
2610 4805 2733 4869 hoc
2772 4808 2907 4872 sive
2959 4828 3075 4892 per
3120 4816 3597 4898 proprietatem,
3626 4823 3778 4888 sive

2215 4930 2330 4994 per
2356 4913 2956 4995 appropriationem,
2975 4936 3204 4983 verum
3220 4926 3513 5006 estquod
3540 4945 3779 4994 sumus

2214 5018 2332 5081 filii
2358 5019 2637 5101 adoptivi
2684 5038 2798 5102 per
2834 5020 3178 5100 Christum.
3223 5026 3304 5092 Et
3349 5034 3774 5101 concedendae

2215 5130 2366 5191 sunt
2393 5126 2692 5207 rationeS,
2725 5146 2871 5210 quae
2896 5130 3018 5196 hoc
3034 5135 3398 5201 ostendunt.

2282 5256 2299 5290 ¹
2316 5253 2478 5314 loun„
2499 5264 2579 5315 111,
2600 5255 2722 5303 8.—
2738 5255 2760 5288 ²
2776 5256 2818 5304 11
2851 5256 2989 5321 Req„
3013 5269 3106 5324 vn,
3133 5263 3208 5312 14.
3226 5290 3280 5300 -
3301 5261 3322 5296 ⁸
3348 5265 3580 5329 Δημώ
3605 5268 3768 5336 mm,

2216 5325 2305 5376 lib.
2336 5326 2514 5387 xv,c.
2544 5335 2695 5387 xvm,
2718 5339 2773 5377 n.
2798 5329 2878 5377 32.
2898 5354 2962 5366 —
2978 5329 2999 5363 ⁴
3015 5331 3179 5394 Joan„
3203 5336 3451 5395 1‚12.—⁸
3469 5338 3770 5402 Rom.,v111,

2220 5406 2360 5452 15.--
2388 5400 2407 5429 ⁸
2425 5400 2588 5460 Joam,
2612 5409 2691 5460 111,
2710 5400 2757 5447 5.
2775 5425 2836 5437 —·
2850 5402 2871 5432 ⁷
2888 5400 2949 5451 de
2965 5401 3166 5466 Spiritu
3189 5410 3240 5456 et
3262 5408 3450 5474 Arnim„
3471 5426 3518 5460 0.
3541 5423 3614 5474 Vl,
3632 5413 3771 5468 inter

2220 5480 2373 5540 oper.
2411 5472 2464 5523 S.
2499 5473 2651 5533 Aug„
2689 5473 2814 5525 tom.
2842 5472 2930 5535 vt,
2968 5476 3204 5540 append.
