<?xml version="1.0" encoding="UTF-8"?>
<!DOCTYPE html PUBLIC "-//W3C//DTD XHTML 1.0 Transitional//EN"
    "http://www.w3.org/TR/xhtml1/DTD/xhtml1-transitional.dtd">
<html xmlns="http://www.w3.org/1999/xhtml" xml:lang="en" lang="en">
 <head>
  <title>
</title>
<meta http-equiv="Content-Type" content="text/html;charset=utf-8" />
  <meta name='ocr-system' content='tesseract 3.04.00' />
  <meta name='ocr-capabilities' content='ocr_page ocr_carea ocr_par ocr_line ocrx_word'/>
</head>
<body>
  <div class='ocr_page' id='page_1' title='image "./srecardinalissb01cargoog_0472.png"; bbox 0 0 4185 6288; ppageno 0'>
   <div class='ocr_carea' id='block_1_1' title="bbox 670 358 792 422">
    <p class='ocr_par' dir='ltr' id='par_1_1' title="bbox 670 358 792 422">
     <span class='ocr_line' id='line_1_1' title="bbox 670 358 792 422; baseline 0 0"><span class='ocrx_word' id='word_1_1' title='bbox 670 358 792 422; x_wconf 65' lang='lat'><strong>450</strong></span> 
     </span>
    </p>
   </div>
   <div class='ocr_carea' id='block_1_2' title="bbox 654 481 2210 3041">
    <p class='ocr_par' dir='ltr' id='par_1_2' title="bbox 659 481 2210 1732">
     <span class='ocr_line' id='line_1_2' title="bbox 667 481 2207 572; baseline -0.004 -18"><span class='ocrx_word' id='word_1_2' title='bbox 667 491 832 556; x_wconf 87' lang='lat' dir='ltr'><strong>sicut</strong></span> <span class='ocrx_word' id='word_1_3' title='bbox 882 490 1170 572; x_wconf 81' lang='lat' dir='ltr'><strong>peccator</strong></span> <span class='ocrx_word' id='word_1_4' title='bbox 1219 486 1458 571; x_wconf 88' lang='lat' dir='ltr'><strong>patitur</strong></span> <span class='ocrx_word' id='word_1_5' title='bbox 1509 484 1591 550; x_wconf 87' lang='lat' dir='ltr'><strong>ab</strong></span> <span class='ocrx_word' id='word_1_6' title='bbox 1640 483 1856 568; x_wconf 90' lang='lat' dir='ltr'><strong>aliquo</strong></span> <span class='ocrx_word' id='word_1_7' title='bbox 1918 481 2207 549; x_wconf 78' lang='lat' dir='ltr'><strong>afflictio·</strong></span> 
     </span>
     <span class='ocr_line' id='line_1_3' title="bbox 667 590 2207 677; baseline -0.003 -16"><span class='ocrx_word' id='word_1_8' title='bbox 667 614 855 673; x_wconf 89' lang='lat' dir='ltr'><strong>nem;</strong></span> <span class='ocrx_word' id='word_1_9' title='bbox 885 595 989 660; x_wconf 84' lang='lat' dir='ltr'><strong>vel</strong></span> <span class='ocrx_word' id='word_1_10' title='bbox 1014 594 1363 660; x_wconf 85' lang='lat' dir='ltr'><strong>secundum</strong></span> <span class='ocrx_word' id='word_1_11' title='bbox 1397 591 1930 677; x_wconf 76' lang='lat' dir='ltr'><strong>dispensationem</strong></span> <span class='ocrx_word' id='word_1_12' title='bbox 1967 590 2207 657; x_wconf 81' lang='lat' dir='ltr'><strong>divinae</strong></span> 
     </span>
     <span class='ocr_line' id='line_1_4' title="bbox 666 700 2208 782; baseline -0.003 -15"><span class='ocrx_word' id='word_1_13' title='bbox 666 701 1147 781; x_wconf 72' lang='lat' dir='ltr'><strong>misericordiae,</strong></span> <span class='ocrx_word' id='word_1_14' title='bbox 1189 701 1353 766; x_wconf 89' lang='lat' dir='ltr'><strong>sicut</strong></span> <span class='ocrx_word' id='word_1_15' title='bbox 1401 700 1783 782; x_wconf 82' lang='lat' dir='ltr'>Redemptor</span> <span class='ocrx_word' id='word_1_16' title='bbox 1836 716 2059 781; x_wconf 87' lang='lat' dir='ltr'><strong>passus</strong></span> <span class='ocrx_word' id='word_1_17' title='bbox 2112 702 2208 763; x_wconf 89' lang='lat' dir='ltr'><strong>est</strong></span> 
     </span>
     <span class='ocr_line' id='line_1_5' title="bbox 664 804 2208 893; baseline -0.004 -20"><span class='ocrx_word' id='word_1_18' title='bbox 664 828 782 893; x_wconf 90' lang='lat' dir='ltr'><strong>pro</strong></span> <span class='ocrx_word' id='word_1_19' title='bbox 812 808 1093 874; x_wconf 88' lang='lat' dir='ltr'><strong>sanando</strong></span> <span class='ocrx_word' id='word_1_20' title='bbox 1129 810 1348 873; x_wconf 90' lang='lat' dir='ltr'><strong>nostro</strong></span> <span class='ocrx_word' id='word_1_21' title='bbox 1393 806 1641 872; x_wconf 87' lang='lat' dir='ltr'><strong>morbo.</strong></span> <span class='ocrx_word' id='word_1_22' title='bbox 1674 804 1792 871; x_wconf 88' lang='lat' dir='ltr'><strong>Sed</strong></span> <span class='ocrx_word' id='word_1_23' title='bbox 1832 805 2010 869; x_wconf 89' lang='lat' dir='ltr'><strong>nullo</strong></span> <span class='ocrx_word' id='word_1_24' title='bbox 2053 804 2208 869; x_wconf 83' lang='lat' dir='ltr'><strong>isto-</strong></span> 
     </span>
     <span class='ocr_line' id='line_1_6' title="bbox 664 911 2208 1000; baseline -0.003 -19"><span class='ocrx_word' id='word_1_25' title='bbox 664 934 816 981; x_wconf 88' lang='lat' dir='ltr'><strong>rum</strong></span> <span class='ocrx_word' id='word_1_26' title='bbox 882 916 1221 982; x_wconf 89' lang='lat' dir='ltr'><strong>modorum</strong></span> <span class='ocrx_word' id='word_1_27' title='bbox 1276 920 1419 1000; x_wconf 87' lang='lat' dir='ltr'><strong>post</strong></span> <span class='ocrx_word' id='word_1_28' title='bbox 1476 914 1938 998; x_wconf 77' lang='lat' dir='ltr'>separationem</span> <span class='ocrx_word' id='word_1_29' title='bbox 2001 911 2208 996; x_wconf 78' lang='lat' dir='ltr'>passio</span> 
     </span>
     <span class='ocr_line' id='line_1_7' title="bbox 663 1020 2208 1107; baseline -0.003 -19"><span class='ocrx_word' id='word_1_30' title='bbox 663 1023 872 1107; x_wconf 88' lang='lat' dir='ltr'><strong>potuit</strong></span> <span class='ocrx_word' id='word_1_31' title='bbox 896 1023 1099 1090; x_wconf 86' lang='lat' dir='ltr'><strong>inesse</strong></span> <span class='ocrx_word' id='word_1_32' title='bbox 1124 1022 1243 1106; x_wconf 88' lang='lat' dir='ltr'><strong>ipsi</strong></span> <span class='ocrx_word' id='word_1_33' title='bbox 1288 1022 1521 1088; x_wconf 67' lang='lat' dir='ltr'><strong>animas</strong></span> <span class='ocrx_word' id='word_1_34' title='bbox 1552 1020 1778 1087; x_wconf 85' lang='lat' dir='ltr'>Christi</span> <span class='ocrx_word' id='word_1_35' title='bbox 1810 1044 1826 1087; x_wconf 78' lang='lat' dir='ltr'><strong>t</strong></span> <span class='ocrx_word' id='word_1_36' title='bbox 1860 1039 1994 1086; x_wconf 90' lang='lat' dir='ltr'><strong>non</strong></span> <span class='ocrx_word' id='word_1_37' title='bbox 2031 1020 2208 1085; x_wconf 91' lang='lat' dir='ltr'><strong>enim</strong></span> 
     </span>
     <span class='ocr_line' id='line_1_8' title="bbox 663 1129 2210 1212; baseline -0.003 -15"><span class='ocrx_word' id='word_1_38' title='bbox 663 1132 891 1197; x_wconf 87' lang='lat' dir='ltr'><strong>babuit</strong></span> <span class='ocrx_word' id='word_1_39' title='bbox 916 1130 1335 1212; x_wconf 87' lang='lat' dir='ltr'><strong>contrarium,</strong></span> <span class='ocrx_word' id='word_1_40' title='bbox 1363 1150 1482 1198; x_wconf 88' lang='lat' dir='ltr'><strong>nec</strong></span> <span class='ocrx_word' id='word_1_41' title='bbox 1505 1129 1734 1196; x_wconf 88' lang='lat' dir='ltr'><strong>habuit</strong></span> <span class='ocrx_word' id='word_1_42' title='bbox 1760 1131 2115 1212; x_wconf 86' lang='lat' dir='ltr'><strong>peccatum,</strong></span> <span class='ocrx_word' id='word_1_43' title='bbox 2146 1131 2210 1192; x_wconf 89' lang='lat' dir='ltr'><strong>et</strong></span> 
     </span>
     <span class='ocr_line' id='line_1_9' title="bbox 664 1234 2210 1318; baseline -0.004 -14"><span class='ocrx_word' id='word_1_44' title='bbox 664 1243 1178 1305; x_wconf 81' lang='lat' dir='ltr'><strong>consummatum</strong></span> <span class='ocrx_word' id='word_1_45' title='bbox 1255 1243 1394 1303; x_wconf 88' lang='lat' dir='ltr'><strong>erat</strong></span> <span class='ocrx_word' id='word_1_46' title='bbox 1453 1242 1692 1303; x_wconf 77' lang='lat' dir='ltr'><strong>nostrae</strong></span> <span class='ocrx_word' id='word_1_47' title='bbox 1757 1234 2210 1318; x_wconf 77' lang='lat' dir='ltr'><strong>redemptionis</strong></span> 
     </span>
     <span class='ocr_line' id='line_1_10' title="bbox 663 1340 2206 1426; baseline 0 -20"><span class='ocrx_word' id='word_1_48' title='bbox 663 1343 1075 1426; x_wconf 77' lang='lat' dir='ltr'><strong>mysterium,</strong></span> <span class='ocrx_word' id='word_1_49' title='bbox 1104 1342 1269 1407; x_wconf 84' lang='lat' dir='ltr'><strong>sicut</strong></span> <span class='ocrx_word' id='word_1_50' title='bbox 1292 1342 1524 1408; x_wconf 90' lang='lat' dir='ltr'><strong>dicitur</strong></span> <span class='ocrx_word' id='word_1_51' title='bbox 1560 1343 1627 1407; x_wconf 92' lang='lat' dir='ltr'><strong>in</strong></span> <span class='ocrx_word' id='word_1_52' title='bbox 1661 1341 1943 1407; x_wconf 84' lang='lat' dir='ltr'><strong>Joanne¹</strong></span> <span class='ocrx_word' id='word_1_53' title='bbox 1975 1363 1992 1404; x_wconf 89' lang='lat'><strong>:</strong></span> <span class='ocrx_word' id='word_1_54' title='bbox 2039 1340 2206 1406; x_wconf 79' lang='lat' dir='ltr'><strong>Gon·</strong></span> 
     </span>
     <span class='ocr_line' id='line_1_11' title="bbox 661 1447 2206 1533; baseline -0.003 -16"><span class='ocrx_word' id='word_1_55' title='bbox 661 1457 1049 1517; x_wconf 74' lang='lat' dir='ltr'><strong>summatum</strong></span> <span class='ocrx_word' id='word_1_56' title='bbox 1076 1456 1189 1517; x_wconf 76' lang='lat' dir='ltr'><strong>est.</strong></span> <span class='ocrx_word' id='word_1_57' title='bbox 1221 1450 1397 1533; x_wconf 83' lang='lat' dir='ltr'><strong>Ergo</strong></span> <span class='ocrx_word' id='word_1_58' title='bbox 1422 1450 1599 1516; x_wconf 91' lang='lat' dir='ltr'><strong>nullo</strong></span> <span class='ocrx_word' id='word_1_59' title='bbox 1634 1448 1825 1515; x_wconf 92' lang='lat' dir='ltr'><strong>modo</strong></span> <span class='ocrx_word' id='word_1_60' title='bbox 1848 1447 1980 1532; x_wconf 87' lang='lat' dir='ltr'><strong>pati</strong></span> <span class='ocrx_word' id='word_1_61' title='bbox 2022 1451 2206 1531; x_wconf 89' lang='lat' dir='ltr'><strong>pote-</strong></span> 
     </span>
     <span class='ocr_line' id='line_1_12' title="bbox 659 1555 2207 1643; baseline -0.001 -21"><span class='ocrx_word' id='word_1_62' title='bbox 659 1562 760 1623; x_wconf 87' lang='lat' dir='ltr'><strong>rat</strong></span> <span class='ocrx_word' id='word_1_63' title='bbox 787 1582 804 1624; x_wconf 75' lang='lat'>2</span> <span class='ocrx_word' id='word_1_64' title='bbox 838 1562 1032 1625; x_wconf 89' lang='lat' dir='ltr'><strong>restat</strong></span> <span class='ocrx_word' id='word_1_65' title='bbox 1062 1578 1219 1642; x_wconf 83' lang='lat' dir='ltr'><strong>ergo</strong></span> <span class='ocrx_word' id='word_1_66' title='bbox 1243 1560 1417 1643; x_wconf 87' lang='lat' dir='ltr'><strong>quod</strong></span> <span class='ocrx_word' id='word_1_67' title='bbox 1441 1558 1657 1623; x_wconf 84' lang='lat' dir='ltr'><strong>statim</strong></span> <span class='ocrx_word' id='word_1_68' title='bbox 1687 1555 2089 1641; x_wconf 86' lang='lat' dir='ltr'><strong>impassibilis</strong></span> <span class='ocrx_word' id='word_1_69' title='bbox 2112 1559 2207 1622; x_wconf 91' lang='lat' dir='ltr'><strong>est</strong></span> 
     </span>
     <span class='ocr_line' id='line_1_13' title="bbox 659 1666 905 1732; baseline -0.004 -1"><span class='ocrx_word' id='word_1_70' title='bbox 659 1666 905 1732; x_wconf 80' lang='lat' dir='ltr'><strong>effecta.</strong></span> 
     </span>
    </p>

    <p class='ocr_par' dir='ltr' id='par_1_3' title="bbox 654 1773 2207 2396">
     <span class='ocr_line' id='line_1_14' title="bbox 739 1773 2205 1856; baseline -0.001 -19"><span class='ocrx_word' id='word_1_71' title='bbox 739 1773 897 1838; x_wconf 88' lang='lat' dir='ltr'><strong>Item</strong></span> <span class='ocrx_word' id='word_1_72' title='bbox 926 1774 1162 1839; x_wconf 83' lang='lat' dir='ltr'><strong>animae</strong></span> <span class='ocrx_word' id='word_1_73' title='bbox 1207 1778 1605 1853; x_wconf 86' lang='lat' dir='ltr'><strong>sanctorum,</strong></span> <span class='ocrx_word' id='word_1_74' title='bbox 1634 1774 1894 1856; x_wconf 84' lang='lat' dir='ltr'><strong>quando</strong></span> <span class='ocrx_word' id='word_1_75' title='bbox 1919 1788 2050 1837; x_wconf 89' lang='lat' dir='ltr'><strong>non</strong></span> <span class='ocrx_word' id='word_1_76' title='bbox 2081 1773 2205 1836; x_wconf 89' lang='lat' dir='ltr'><strong>ha-</strong></span> 
     </span>
     <span class='ocr_line' id='line_1_15' title="bbox 657 1878 2207 1965; baseline -0.002 -19"><span class='ocrx_word' id='word_1_77' title='bbox 657 1879 812 1946; x_wconf 90' lang='lat' dir='ltr'><strong>bent</strong></span> <span class='ocrx_word' id='word_1_78' title='bbox 838 1880 1123 1965; x_wconf 78' lang='lat' dir='ltr'><strong>aliquem</strong></span> <span class='ocrx_word' id='word_1_79' title='bbox 1151 1885 1426 1958; x_wconf 87' lang='lat' dir='ltr'><strong>reatum,</strong></span> <span class='ocrx_word' id='word_1_80' title='bbox 1458 1882 1671 1945; x_wconf 89' lang='lat' dir='ltr'><strong>statim</strong></span> <span class='ocrx_word' id='word_1_81' title='bbox 1697 1878 2064 1945; x_wconf 80' lang='lat' dir='ltr'><strong>efficiuntur</strong></span> <span class='ocrx_word' id='word_1_82' title='bbox 2090 1880 2207 1943; x_wconf 90' lang='lat' dir='ltr'><strong>im·</strong></span> 
     </span>
     <span class='ocr_line' id='line_1_16' title="bbox 656 1987 2207 2071; baseline 0 -18"><span class='ocrx_word' id='word_1_83' title='bbox 656 1987 1029 2071; x_wconf 85' lang='lat' dir='ltr'><strong>passibiles:</strong></span> <span class='ocrx_word' id='word_1_84' title='bbox 1059 2007 1218 2071; x_wconf 80' lang='lat' dir='ltr'><strong>ergo</strong></span> <span class='ocrx_word' id='word_1_85' title='bbox 1244 1988 1298 2051; x_wconf 90' lang='lat' dir='ltr'><strong>si</strong></span> <span class='ocrx_word' id='word_1_86' title='bbox 1326 1988 1542 2052; x_wconf 90' lang='lat' dir='ltr'><strong>anima</strong></span> <span class='ocrx_word' id='word_1_87' title='bbox 1582 1988 1813 2052; x_wconf 80' lang='lat' dir='ltr'><strong>Christi</strong></span> <span class='ocrx_word' id='word_1_88' title='bbox 1852 1987 2057 2052; x_wconf 89' lang='lat' dir='ltr'><strong>multo</strong></span> <span class='ocrx_word' id='word_1_89' title='bbox 2097 2005 2207 2053; x_wconf 83' lang='lat' dir='ltr'><strong>ve-</strong></span> 
     </span>
     <span class='ocr_line' id='line_1_17' title="bbox 654 2092 2202 2177; baseline 0 -19"><span class='ocrx_word' id='word_1_90' title='bbox 654 2092 860 2159; x_wconf 84' lang='lat' dir='ltr'><strong>locius</strong></span> <span class='ocrx_word' id='word_1_91' title='bbox 885 2094 1085 2177; x_wconf 83' lang='lat' dir='ltr'><strong>digna</strong></span> <span class='ocrx_word' id='word_1_92' title='bbox 1111 2097 1247 2160; x_wconf 90' lang='lat' dir='ltr'><strong>erat</strong></span> <span class='ocrx_word' id='word_1_93' title='bbox 1271 2096 1445 2159; x_wconf 90' lang='lat' dir='ltr'><strong>omni</strong></span> <span class='ocrx_word' id='word_1_94' title='bbox 1476 2093 1937 2176; x_wconf 80' lang='lat' dir='ltr'><strong>glorificatione</strong></span> <span class='ocrx_word' id='word_1_95' title='bbox 1956 2143 1975 2175; x_wconf 87' lang='lat'>‚</span> <span class='ocrx_word' id='word_1_96' title='bbox 2005 2113 2202 2177; x_wconf 83' lang='lat' dir='ltr'><strong>quam</strong></span> 
     </span>
     <span class='ocr_line' id='line_1_18' title="bbox 656 2202 2204 2287; baseline 0.001 -21"><span class='ocrx_word' id='word_1_97' title='bbox 656 2202 869 2267; x_wconf 91' lang='lat' dir='ltr'><strong>omnis</strong></span> <span class='ocrx_word' id='word_1_98' title='bbox 893 2202 1019 2266; x_wconf 90' lang='lat' dir='ltr'><strong>alia</strong></span> <span class='ocrx_word' id='word_1_99' title='bbox 1052 2202 1303 2281; x_wconf 90' lang='lat' dir='ltr'><strong>anima,</strong></span> <span class='ocrx_word' id='word_1_100' title='bbox 1331 2202 1586 2268; x_wconf 88' lang='lat' dir='ltr'><strong>videtur</strong></span> <span class='ocrx_word' id='word_1_101' title='bbox 1630 2203 1805 2287; x_wconf 88' lang='lat' dir='ltr'><strong>quod</strong></span> <span class='ocrx_word' id='word_1_102' title='bbox 1832 2202 2046 2268; x_wconf 84' lang='lat' dir='ltr'><strong>statim</strong></span> <span class='ocrx_word' id='word_1_103' title='bbox 2070 2202 2204 2268; x_wconf 92' lang='lat' dir='ltr'><strong>im-</strong></span> 
     </span>
     <span class='ocr_line' id='line_1_19' title="bbox 659 2312 1365 2396; baseline 0 -18"><span class='ocrx_word' id='word_1_104' title='bbox 659 2312 974 2396; x_wconf 84' lang='lat' dir='ltr'><strong>passibilis</strong></span> <span class='ocrx_word' id='word_1_105' title='bbox 999 2318 1094 2378; x_wconf 89' lang='lat' dir='ltr'><strong>est</strong></span> <span class='ocrx_word' id='word_1_106' title='bbox 1120 2313 1365 2379; x_wconf 81' lang='lat' dir='ltr'><strong>effecta.</strong></span> 
     </span>
    </p>

    <p class='ocr_par' dir='ltr' id='par_1_4' title="bbox 658 2418 2207 3041">
     <span class='ocr_line' id='line_1_20' title="bbox 739 2418 2200 2506; baseline 0.003 -22"><span class='ocrx_word' id='word_1_107' title='bbox 739 2418 894 2486; x_wconf 90' lang='lat' dir='ltr'><strong>Item</strong></span> <span class='ocrx_word' id='word_1_108' title='bbox 938 2420 1120 2485; x_wconf 85' lang='lat' dir='ltr'><strong>nulla</strong></span> <span class='ocrx_word' id='word_1_109' title='bbox 1157 2421 1365 2505; x_wconf 79' lang='lat' dir='ltr'><strong>passio</strong></span> <span class='ocrx_word' id='word_1_110' title='bbox 1405 2421 1614 2506; x_wconf 88' lang='lat' dir='ltr'><strong>potuit</strong></span> <span class='ocrx_word' id='word_1_111' title='bbox 1651 2439 1786 2487; x_wconf 85' lang='lat' dir='ltr'><strong>esse</strong></span> <span class='ocrx_word' id='word_1_112' title='bbox 1823 2421 1894 2485; x_wconf 93' lang='lat' dir='ltr'><strong>in</strong></span> <span class='ocrx_word' id='word_1_113' title='bbox 1932 2420 2200 2501; x_wconf 86' lang='lat' dir='ltr'><strong>Christo,</strong></span> 
     </span>
     <span class='ocr_line' id='line_1_21' title="bbox 661 2529 2204 2610; baseline 0.002 -18"><span class='ocrx_word' id='word_1_114' title='bbox 661 2544 809 2610; x_wconf 82' lang='lat' dir='ltr'><strong>quae</strong></span> <span class='ocrx_word' id='word_1_115' title='bbox 851 2531 1106 2594; x_wconf 82' lang='lat' dir='ltr'><strong>vacaret</strong></span> <span class='ocrx_word' id='word_1_116' title='bbox 1145 2548 1186 2593; x_wconf 91' lang='lat' dir='ltr'><strong>a</strong></span> <span class='ocrx_word' id='word_1_117' title='bbox 1228 2530 1458 2596; x_wconf 90' lang='lat' dir='ltr'><strong>merito</strong></span> <span class='ocrx_word' id='word_1_118' title='bbox 1500 2554 1518 2596; x_wconf 75' lang='grc' dir='ltr'>ι</span> <span class='ocrx_word' id='word_1_119' title='bbox 1565 2531 1674 2597; x_wconf 87' lang='lat' dir='ltr'><strong>sed</strong></span> <span class='ocrx_word' id='word_1_120' title='bbox 1719 2530 1936 2595; x_wconf 88' lang='lat' dir='ltr'><strong>anima</strong></span> <span class='ocrx_word' id='word_1_121' title='bbox 1979 2529 2204 2595; x_wconf 79' lang='lat' dir='ltr'><strong>Christi</strong></span> 
     </span>
     <span class='ocr_line' id='line_1_22' title="bbox 659 2636 2200 2721; baseline 0.002 -22"><span class='ocrx_word' id='word_1_122' title='bbox 659 2636 875 2701; x_wconf 84' lang='lat' dir='ltr'><strong>statim</strong></span> <span class='ocrx_word' id='word_1_123' title='bbox 902 2641 1045 2720; x_wconf 90' lang='lat' dir='ltr'><strong>post</strong></span> <span class='ocrx_word' id='word_1_124' title='bbox 1071 2636 1533 2721; x_wconf 77' lang='lat' dir='ltr'><strong>separationem</strong></span> <span class='ocrx_word' id='word_1_125' title='bbox 1572 2638 1787 2704; x_wconf 88' lang='lat' dir='ltr'><strong>amisit</strong></span> <span class='ocrx_word' id='word_1_126' title='bbox 1828 2637 2200 2721; x_wconf 89' lang='lat' dir='ltr'><strong>potentiam,</strong></span> 
     </span>
     <span class='ocr_line' id='line_1_23' title="bbox 658 2740 2207 2828; baseline 0.002 -22"><span class='ocrx_word' id='word_1_127' title='bbox 658 2740 795 2806; x_wconf 86' lang='lat' dir='ltr'><strong>sive</strong></span> <span class='ocrx_word' id='word_1_128' title='bbox 843 2747 1081 2809; x_wconf 85' lang='lat' dir='ltr'><strong>statum</strong></span> <span class='ocrx_word' id='word_1_129' title='bbox 1124 2744 1408 2809; x_wconf 90' lang='lat' dir='ltr'><strong>merendi</strong></span> <span class='ocrx_word' id='word_1_130' title='bbox 1455 2763 1475 2811; x_wconf 76' lang='grc' dir='ltr'><strong><em>ε</em></strong></span> <span class='ocrx_word' id='word_1_131' title='bbox 1527 2763 1684 2828; x_wconf 81' lang='lat' dir='ltr'><strong>ergo</strong></span> <span class='ocrx_word' id='word_1_132' title='bbox 1726 2744 1941 2810; x_wconf 87' lang='lat' dir='ltr'><strong>statim</strong></span> <span class='ocrx_word' id='word_1_133' title='bbox 1992 2744 2207 2809; x_wconf 90' lang='lat' dir='ltr'><strong>amisit</strong></span> 
     </span>
     <span class='ocr_line' id='line_1_24' title="bbox 658 2849 2206 2935; baseline 0 -21"><span class='ocrx_word' id='word_1_134' title='bbox 658 2849 1011 2935; x_wconf 87' lang='lat' dir='ltr'><strong>potentiam</strong></span> <span class='ocrx_word' id='word_1_135' title='bbox 1056 2850 1331 2933; x_wconf 86' lang='lat' dir='ltr'><strong>patiendi</strong></span> <span class='ocrx_word' id='word_1_136' title='bbox 1375 2872 1393 2915; x_wconf 72' lang='grc' dir='ltr'>ι</span> <span class='ocrx_word' id='word_1_137' title='bbox 1442 2868 1600 2934; x_wconf 82' lang='lat' dir='ltr'><strong>ergo</strong></span> <span class='ocrx_word' id='word_1_138' title='bbox 1646 2851 1856 2916; x_wconf 89' lang='lat' dir='ltr'><strong>statim</strong></span> <span class='ocrx_word' id='word_1_139' title='bbox 1900 2850 2066 2916; x_wconf 83' lang='lat' dir='ltr'><strong>facta</strong></span> <span class='ocrx_word' id='word_1_140' title='bbox 2109 2854 2206 2916; x_wconf 88' lang='lat' dir='ltr'><strong>est</strong></span> 
     </span>
     <span class='ocr_line' id='line_1_25' title="bbox 659 2956 1075 3041; baseline 0.005 -21"><span class='ocrx_word' id='word_1_141' title='bbox 659 2956 1075 3041; x_wconf 89' lang='lat' dir='ltr'><strong>impassibilis.</strong></span> 
     </span>
    </p>
   </div>
   <div class='ocr_carea' id='block_1_3' title="bbox 444 3062 2206 3148">
    <p class='ocr_par' dir='ltr' id='par_1_5' title="bbox 444 3062 2206 3148">
     <span class='ocr_line' id='line_1_26' title="bbox 444 3062 2206 3148; baseline -0.001 -18"><span class='ocrx_word' id='word_1_142' title='bbox 444 3088 509 3132; x_wconf 72' lang='grc' dir='ltr'><strong>,ω</strong></span> <span class='ocrx_word' id='word_1_143' title='bbox 527 3099 633 3144; x_wconf 70' lang='lat' dir='ltr'><strong>onv-</strong></span> <span class='ocrx_word' id='word_1_144' title='bbox 741 3062 864 3128; x_wconf 85' lang='lat' dir='ltr'><strong>Sed</strong></span> <span class='ocrx_word' id='word_1_145' title='bbox 908 3067 1129 3129; x_wconf 84' lang='lat' dir='ltr'><strong>contra</strong></span> <span class='ocrx_word' id='word_1_146' title='bbox 1183 3083 1202 3128; x_wconf 71' lang='grc' dir='ltr'><strong>ι</strong></span> <span class='ocrx_word' id='word_1_147' title='bbox 1244 3069 1305 3129; x_wconf 74' lang='lat'><strong>1.</strong></span> <span class='ocrx_word' id='word_1_148' title='bbox 1356 3064 1538 3130; x_wconf 83' lang='lat' dir='ltr'><strong>Sicut</strong></span> <span class='ocrx_word' id='word_1_149' title='bbox 1581 3062 1954 3148; x_wconf 85' lang='lat' dir='ltr'><strong>passibilitas</strong></span> <span class='ocrx_word' id='word_1_150' title='bbox 1996 3063 2206 3130; x_wconf 87' lang='lat' dir='ltr'><strong>inerat</strong></span> 
     </span>
    </p>
   </div>
   <div class='ocr_carea' id='block_1_4' title="bbox 639 3171 2206 5404">
    <p class='ocr_par' dir='ltr' id='par_1_6' title="bbox 653 3171 2206 3902">
     <span class='ocr_line' id='line_1_27' title="bbox 663 3171 2205 3258; baseline 0.001 -22"><span class='ocrx_word' id='word_1_151' title='bbox 663 3172 901 3237; x_wconf 80' lang='lat' dir='ltr'><strong>animae</strong></span> <span class='ocrx_word' id='word_1_152' title='bbox 945 3171 1177 3238; x_wconf 82' lang='lat' dir='ltr'><strong>Christi</strong></span> <span class='ocrx_word' id='word_1_153' title='bbox 1220 3177 1455 3258; x_wconf 73' lang='lat' dir='ltr'><strong>praeter</strong></span> <span class='ocrx_word' id='word_1_154' title='bbox 1484 3175 1723 3257; x_wconf 87' lang='lat' dir='ltr'><strong>peccati</strong></span> <span class='ocrx_word' id='word_1_155' title='bbox 1759 3173 2044 3240; x_wconf 90' lang='lat' dir='ltr'><strong>debitum</strong></span> <span class='ocrx_word' id='word_1_156' title='bbox 2061 3220 2083 3252; x_wconf 94' lang='lat'>‚</span> <span class='ocrx_word' id='word_1_157' title='bbox 2116 3171 2205 3237; x_wconf 90' lang='lat' dir='ltr'><strong>ita</strong></span> 
     </span>
     <span class='ocr_line' id='line_1_28' title="bbox 657 3279 2202 3362; baseline -0.001 -18"><span class='ocrx_word' id='word_1_158' title='bbox 657 3281 721 3345; x_wconf 90' lang='lat' dir='ltr'><strong>et</strong></span> <span class='ocrx_word' id='word_1_159' title='bbox 745 3279 923 3344; x_wconf 83' lang='lat' dir='ltr'><strong>carni</strong></span> <span class='ocrx_word' id='word_1_160' title='bbox 955 3301 972 3345; x_wconf 71' lang='grc' dir='ltr'><strong><em>ε</em></strong></span> <span class='ocrx_word' id='word_1_161' title='bbox 1002 3298 1160 3362; x_wconf 82' lang='lat' dir='ltr'><strong>ergo</strong></span> <span class='ocrx_word' id='word_1_162' title='bbox 1186 3280 1350 3347; x_wconf 86' lang='lat' dir='ltr'><strong>sicut</strong></span> <span class='ocrx_word' id='word_1_163' title='bbox 1376 3280 1681 3348; x_wconf 84' lang='lat' dir='ltr'><strong>velociter</strong></span> <span class='ocrx_word' id='word_1_164' title='bbox 1707 3281 1930 3347; x_wconf 86' lang='lat' dir='ltr'><strong>collata</strong></span> <span class='ocrx_word' id='word_1_165' title='bbox 1952 3285 2045 3344; x_wconf 85' lang='lat' dir='ltr'><strong>est</strong></span> <span class='ocrx_word' id='word_1_166' title='bbox 2071 3279 2202 3343; x_wconf 89' lang='lat' dir='ltr'><strong>im·</strong></span> 
     </span>
     <span class='ocr_line' id='line_1_29' title="bbox 653 3385 2203 3472; baseline 0.001 -21"><span class='ocrx_word' id='word_1_167' title='bbox 653 3387 1034 3472; x_wconf 83' lang='lat' dir='ltr'><strong>passibilitas</strong></span> <span class='ocrx_word' id='word_1_168' title='bbox 1061 3385 1297 3453; x_wconf 81' lang='lat' dir='ltr'><strong>animae</strong></span> <span class='ocrx_word' id='word_1_169' title='bbox 1313 3434 1333 3467; x_wconf 91' lang='lat'><strong>,</strong></span> <span class='ocrx_word' id='word_1_170' title='bbox 1362 3388 1452 3453; x_wconf 87' lang='lat' dir='ltr'><strong>ita</strong></span> <span class='ocrx_word' id='word_1_171' title='bbox 1474 3389 1778 3454; x_wconf 82' lang='lat' dir='ltr'><strong>velociter</strong></span> <span class='ocrx_word' id='word_1_172' title='bbox 1804 3387 2026 3453; x_wconf 84' lang='lat' dir='ltr'><strong>debuit</strong></span> <span class='ocrx_word' id='word_1_173' title='bbox 2049 3404 2203 3453; x_wconf 86' lang='lat' dir='ltr'><strong>con·</strong></span> 
     </span>
     <span class='ocr_line' id='line_1_30' title="bbox 654 3492 2206 3580; baseline 0.001 -21"><span class='ocrx_word' id='word_1_174' title='bbox 654 3492 809 3560; x_wconf 75' lang='lat' dir='ltr'><strong>ferri</strong></span> <span class='ocrx_word' id='word_1_175' title='bbox 833 3494 953 3579; x_wconf 89' lang='lat' dir='ltr'><strong>ipsi</strong></span> <span class='ocrx_word' id='word_1_176' title='bbox 982 3494 1235 3578; x_wconf 85' lang='lat' dir='ltr'><strong>corpori</strong></span> <span class='ocrx_word' id='word_1_177' title='bbox 1265 3515 1282 3560; x_wconf 74' lang='grc' dir='ltr'><strong><em>ε</em></strong></span> <span class='ocrx_word' id='word_1_178' title='bbox 1315 3496 1426 3561; x_wconf 90' lang='lat' dir='ltr'><strong>sed</strong></span> <span class='ocrx_word' id='word_1_179' title='bbox 1449 3494 1921 3580; x_wconf 85' lang='lat' dir='ltr'><strong>impassibilitas</strong></span> <span class='ocrx_word' id='word_1_180' title='bbox 1944 3512 2077 3562; x_wconf 89' lang='lat' dir='ltr'><strong>non</strong></span> <span class='ocrx_word' id='word_1_181' title='bbox 2109 3498 2206 3560; x_wconf 89' lang='lat' dir='ltr'><strong>est</strong></span> 
     </span>
     <span class='ocr_line' id='line_1_31' title="bbox 654 3603 2203 3689; baseline -0.001 -20"><span class='ocrx_word' id='word_1_182' title='bbox 654 3603 880 3670; x_wconf 80' lang='lat' dir='ltr'><strong>collata</strong></span> <span class='ocrx_word' id='word_1_183' title='bbox 913 3604 1035 3688; x_wconf 89' lang='lat' dir='ltr'><strong>ipsi</strong></span> <span class='ocrx_word' id='word_1_184' title='bbox 1076 3604 1325 3689; x_wconf 89' lang='lat' dir='ltr'><strong>corpori</strong></span> <span class='ocrx_word' id='word_1_185' title='bbox 1361 3622 1570 3689; x_wconf 80' lang='lat' dir='ltr'><strong>usque</strong></span> <span class='ocrx_word' id='word_1_186' title='bbox 1603 3605 1683 3668; x_wconf 92' lang='lat' dir='ltr'><strong>ad</strong></span> <span class='ocrx_word' id='word_1_187' title='bbox 1716 3603 2001 3669; x_wconf 89' lang='lat' dir='ltr'><strong>triduum</strong></span> <span class='ocrx_word' id='word_1_188' title='bbox 2022 3651 2041 3683; x_wconf 88' lang='lat'><strong>,</strong></span> <span class='ocrx_word' id='word_1_189' title='bbox 2071 3621 2203 3687; x_wconf 84' lang='lat' dir='ltr'><strong>quo</strong></span> 
     </span>
     <span class='ocr_line' id='line_1_32' title="bbox 653 3710 2204 3795; baseline -0.001 -18"><span class='ocrx_word' id='word_1_190' title='bbox 653 3712 1004 3778; x_wconf 83' lang='lat' dir='ltr'><strong>resurrexit</strong></span> <span class='ocrx_word' id='word_1_191' title='bbox 1033 3732 1051 3778; x_wconf 72' lang='grc' dir='ltr'>ε</span> <span class='ocrx_word' id='word_1_192' title='bbox 1079 3730 1239 3794; x_wconf 81' lang='lat' dir='ltr'><strong>ergo</strong></span> <span class='ocrx_word' id='word_1_193' title='bbox 1264 3711 1559 3777; x_wconf 88' lang='lat' dir='ltr'><strong>similiter</strong></span> <span class='ocrx_word' id='word_1_194' title='bbox 1582 3710 1859 3793; x_wconf 81' lang='lat' dir='ltr'><strong>videtur,</strong></span> <span class='ocrx_word' id='word_1_195' title='bbox 1886 3712 2060 3795; x_wconf 84' lang='lat' dir='ltr'><strong>quod</strong></span> <span class='ocrx_word' id='word_1_196' title='bbox 2082 3729 2204 3777; x_wconf 91' lang='lat' dir='ltr'><strong>nec</strong></span> 
     </span>
     <span class='ocr_line' id='line_1_33' title="bbox 653 3817 1550 3902; baseline 0 -19"><span class='ocrx_word' id='word_1_197' title='bbox 653 3817 890 3885; x_wconf 78' lang='lat' dir='ltr'><strong>animae</strong></span> <span class='ocrx_word' id='word_1_198' title='bbox 915 3820 1064 3885; x_wconf 88' lang='lat' dir='ltr'><strong>aute</strong></span> <span class='ocrx_word' id='word_1_199' title='bbox 1086 3821 1341 3902; x_wconf 85' lang='lat' dir='ltr'><strong>tempus</strong></span> <span class='ocrx_word' id='word_1_200' title='bbox 1368 3817 1550 3884; x_wconf 86' lang='lat' dir='ltr'><strong>illud.</strong></span> 
     </span>
    </p>

    <p class='ocr_par' dir='ltr' id='par_1_7' title="bbox 639 3924 2202 4761">
     <span class='ocr_line' id='line_1_34' title="bbox 731 3924 2202 4011; baseline -0.001 -19"><span class='ocrx_word' id='word_1_201' title='bbox 731 3932 795 3993; x_wconf 77' lang='lat'><strong>2.</strong></span> <span class='ocrx_word' id='word_1_202' title='bbox 840 3924 1000 3992; x_wconf 91' lang='lat' dir='ltr'><strong>Item</strong></span> <span class='ocrx_word' id='word_1_203' title='bbox 1030 3930 1308 4010; x_wconf 90' lang='lat' dir='ltr'><strong>ponatur</strong></span> <span class='ocrx_word' id='word_1_204' title='bbox 1335 3925 1508 4011; x_wconf 85' lang='lat' dir='ltr'><strong>quod</strong></span> <span class='ocrx_word' id='word_1_205' title='bbox 1544 3927 1761 3992; x_wconf 89' lang='lat' dir='ltr'><strong>anima</strong></span> <span class='ocrx_word' id='word_1_206' title='bbox 1789 3926 2025 3992; x_wconf 89' lang='lat' dir='ltr'><strong>iterum</strong></span> <span class='ocrx_word' id='word_1_207' title='bbox 2049 3927 2202 3991; x_wconf 87' lang='lat' dir='ltr'><strong>uni·</strong></span> 
     </span>
     <span class='ocr_line' id='line_1_35' title="bbox 651 4033 2202 4117; baseline 0 -18"><span class='ocrx_word' id='word_1_208' title='bbox 651 4036 832 4099; x_wconf 88' lang='lat' dir='ltr'><strong>retur</strong></span> <span class='ocrx_word' id='word_1_209' title='bbox 871 4034 1119 4117; x_wconf 88' lang='lat' dir='ltr'><strong>corpori</strong></span> <span class='ocrx_word' id='word_1_210' title='bbox 1157 4033 1254 4099; x_wconf 89' lang='lat' dir='ltr'><strong>illi</strong></span> <span class='ocrx_word' id='word_1_211' title='bbox 1291 4033 1649 4100; x_wconf 90' lang='lat' dir='ltr'><strong>secundum</strong></span> <span class='ocrx_word' id='word_1_212' title='bbox 1674 4038 1944 4113; x_wconf 89' lang='lat' dir='ltr'><strong>statum,</strong></span> <span class='ocrx_word' id='word_1_213' title='bbox 1973 4033 2042 4098; x_wconf 92' lang='lat' dir='ltr'><strong>in</strong></span> <span class='ocrx_word' id='word_1_214' title='bbox 2069 4052 2202 4116; x_wconf 89' lang='lat' dir='ltr'><strong>quo</strong></span> 
     </span>
     <span class='ocr_line' id='line_1_36' title="bbox 653 4139 2202 4224; baseline 0 -19"><span class='ocrx_word' id='word_1_215' title='bbox 653 4139 865 4224; x_wconf 87' lang='lat' dir='ltr'><strong>ipsum</strong></span> <span class='ocrx_word' id='word_1_216' title='bbox 895 4139 1196 4221; x_wconf 88' lang='lat' dir='ltr'><strong>deseruit,</strong></span> <span class='ocrx_word' id='word_1_217' title='bbox 1227 4145 1385 4207; x_wconf 90' lang='lat' dir='ltr'><strong>tunc</strong></span> <span class='ocrx_word' id='word_1_218' title='bbox 1408 4140 1706 4223; x_wconf 81' lang='lat' dir='ltr'><strong>arguitur</strong></span> <span class='ocrx_word' id='word_1_219' title='bbox 1728 4141 1857 4206; x_wconf 84' lang='lat' dir='ltr'><strong>sic:</strong></span> <span class='ocrx_word' id='word_1_220' title='bbox 1890 4140 1959 4205; x_wconf 91' lang='lat' dir='ltr'><strong>Si</strong></span> <span class='ocrx_word' id='word_1_221' title='bbox 1984 4140 2202 4205; x_wconf 91' lang='lat' dir='ltr'><strong>anima</strong></span> 
     </span>
     <span class='ocr_line' id='line_1_37' title="bbox 651 4247 2194 4333; baseline 0 -22"><span class='ocrx_word' id='word_1_222' title='bbox 651 4248 936 4331; x_wconf 84' lang='lat' dir='ltr'><strong>passibili</strong></span> <span class='ocrx_word' id='word_1_223' title='bbox 980 4247 1229 4333; x_wconf 89' lang='lat' dir='ltr'><strong>corpori</strong></span> <span class='ocrx_word' id='word_1_224' title='bbox 1270 4248 1593 4326; x_wconf 88' lang='lat' dir='ltr'><strong>uniretur,</strong></span> <span class='ocrx_word' id='word_1_225' title='bbox 1624 4252 1788 4313; x_wconf 90' lang='lat' dir='ltr'><strong>esset</strong></span> <span class='ocrx_word' id='word_1_226' title='bbox 1829 4247 2145 4332; x_wconf 87' lang='lat' dir='ltr'><strong>passibilis</strong></span> <span class='ocrx_word' id='word_1_227' title='bbox 2174 4265 2194 4312; x_wconf 77' lang='lat' dir='ltr'><em>z</em></span> 
     </span>
     <span class='ocr_line' id='line_1_38' title="bbox 639 4354 2197 4439; baseline -0.002 -18"><span class='ocrx_word' id='word_1_228' title='bbox 639 4356 761 4421; x_wconf 53' lang='lat' dir='ltr'><strong>«sed</strong></span> <span class='ocrx_word' id='word_1_229' title='bbox 796 4355 1013 4421; x_wconf 91' lang='lat' dir='ltr'><strong>anima</strong></span> <span class='ocrx_word' id='word_1_230' title='bbox 1048 4354 1275 4421; x_wconf 88' lang='lat' dir='ltr'><strong>Christi</strong></span> <span class='ocrx_word' id='word_1_231' title='bbox 1311 4359 1558 4439; x_wconf 89' lang='lat' dir='ltr'><strong>poterat</strong></span> <span class='ocrx_word' id='word_1_232' title='bbox 1598 4354 1774 4420; x_wconf 85' lang='lat' dir='ltr'><strong>uniri</strong></span> <span class='ocrx_word' id='word_1_233' title='bbox 1812 4355 1904 4418; x_wconf 82' lang='lat' dir='ltr'><strong>illi</strong></span> <span class='ocrx_word' id='word_1_234' title='bbox 1947 4354 2197 4438; x_wconf 87' lang='lat' dir='ltr'><strong>corpori</strong></span> 
     </span>
     <span class='ocr_line' id='line_1_39' title="bbox 650 4461 2198 4545; baseline 0 -18"><span class='ocrx_word' id='word_1_235' title='bbox 650 4465 800 4528; x_wconf 88' lang='lat' dir='ltr'><strong>ante</strong></span> <span class='ocrx_word' id='word_1_236' title='bbox 827 4462 1384 4545; x_wconf 81' lang='lat' dir='ltr'><strong>glorificationem,</strong></span> <span class='ocrx_word' id='word_1_237' title='bbox 1416 4462 1571 4545; x_wconf 87' lang='lat' dir='ltr'><strong>quia</strong></span> <span class='ocrx_word' id='word_1_238' title='bbox 1605 4461 1768 4527; x_wconf 88' lang='lat' dir='ltr'><strong>nihil</strong></span> <span class='ocrx_word' id='word_1_239' title='bbox 1810 4479 1955 4527; x_wconf 92' lang='lat' dir='ltr'><strong>eam</strong></span> <span class='ocrx_word' id='word_1_240' title='bbox 1988 4462 2198 4545; x_wconf 88' lang='lat' dir='ltr'><strong>impe-</strong></span> 
     </span>
     <span class='ocr_line' id='line_1_40' title="bbox 648 4568 2196 4655; baseline -0.001 -19"><span class='ocrx_word' id='word_1_241' title='bbox 648 4568 859 4636; x_wconf 90' lang='lat' dir='ltr'><strong>diebat</strong></span> <span class='ocrx_word' id='word_1_242' title='bbox 888 4588 907 4637; x_wconf 69' lang='grc' dir='ltr'><strong>ε</strong></span> <span class='ocrx_word' id='word_1_243' title='bbox 936 4587 1096 4652; x_wconf 82' lang='lat' dir='ltr'><strong>ergo</strong></span> <span class='ocrx_word' id='word_1_244' title='bbox 1123 4569 1336 4636; x_wconf 87' lang='lat' dir='ltr'><strong>adhuc</strong></span> <span class='ocrx_word' id='word_1_245' title='bbox 1367 4573 1615 4655; x_wconf 86' lang='lat' dir='ltr'><strong>poterat</strong></span> <span class='ocrx_word' id='word_1_246' title='bbox 1649 4569 1779 4654; x_wconf 88' lang='lat' dir='ltr'><strong>pati</strong></span> <span class='ocrx_word' id='word_1_247' title='bbox 1812 4591 1829 4634; x_wconf 72' lang='grc' dir='ltr'><strong>ε</strong></span> <span class='ocrx_word' id='word_1_248' title='bbox 1860 4587 2019 4652; x_wconf 80' lang='lat' dir='ltr'><strong>ergo</strong></span> <span class='ocrx_word' id='word_1_249' title='bbox 2062 4588 2196 4635; x_wconf 92' lang='lat' dir='ltr'><strong>non</strong></span> 
     </span>
     <span class='ocr_line' id='line_1_41' title="bbox 649 4675 1236 4761; baseline 0.002 -20"><span class='ocrx_word' id='word_1_250' title='bbox 649 4680 786 4741; x_wconf 85' lang='lat' dir='ltr'><strong>erat</strong></span> <span class='ocrx_word' id='word_1_251' title='bbox 810 4675 1236 4761; x_wconf 85' lang='lat' dir='ltr'><strong>impassibilis.</strong></span> 
     </span>
    </p>

    <p class='ocr_par' dir='ltr' id='par_1_8' title="bbox 646 4782 2195 5280">
     <span class='ocr_line' id='line_1_42' title="bbox 728 4782 2194 4850; baseline 0 0"><span class='ocrx_word' id='word_1_252' title='bbox 728 4787 791 4850; x_wconf 88' lang='grc'><strong>3.</strong></span> <span class='ocrx_word' id='word_1_253' title='bbox 838 4782 999 4850; x_wconf 88' lang='lat' dir='ltr'><strong>Item</strong></span> <span class='ocrx_word' id='word_1_254' title='bbox 1023 4784 1185 4848; x_wconf 90' lang='lat' dir='ltr'><strong>nihil</strong></span> <span class='ocrx_word' id='word_1_255' title='bbox 1210 4801 1458 4850; x_wconf 87' lang='lat' dir='ltr'><strong>novum</strong></span> <span class='ocrx_word' id='word_1_256' title='bbox 1486 4783 1788 4850; x_wconf 88' lang='lat' dir='ltr'><strong>collatum</strong></span> <span class='ocrx_word' id='word_1_257' title='bbox 1822 4788 1918 4849; x_wconf 89' lang='lat' dir='ltr'><strong>est</strong></span> <span class='ocrx_word' id='word_1_258' title='bbox 1955 4783 2194 4850; x_wconf 81' lang='lat' dir='ltr'><strong>animae</strong></span> 
     </span>
     <span class='ocr_line' id='line_1_43' title="bbox 646 4888 2193 4976; baseline 0.002 -21"><span class='ocrx_word' id='word_1_259' title='bbox 646 4888 716 4955; x_wconf 92' lang='lat' dir='ltr'><strong>in</strong></span> <span class='ocrx_word' id='word_1_260' title='bbox 741 4888 882 4974; x_wconf 91' lang='lat' dir='ltr'><strong>ipso</strong></span> <span class='ocrx_word' id='word_1_261' title='bbox 904 4890 1166 4957; x_wconf 87' lang='lat' dir='ltr'><strong>instanti</strong></span> <span class='ocrx_word' id='word_1_262' title='bbox 1194 4891 1607 4974; x_wconf 84' lang='lat' dir='ltr'><strong>separationis</strong></span> <span class='ocrx_word' id='word_1_263' title='bbox 1632 4910 1673 4956; x_wconf 93' lang='lat' dir='ltr'><strong>a</strong></span> <span class='ocrx_word' id='word_1_264' title='bbox 1699 4909 2001 4976; x_wconf 86' lang='lat' dir='ltr'><strong>corpore:</strong></span> <span class='ocrx_word' id='word_1_265' title='bbox 2032 4910 2193 4975; x_wconf 80' lang='lat' dir='ltr'><strong>ergo</strong></span> 
     </span>
     <span class='ocr_line' id='line_1_44' title="bbox 646 4996 2195 5083; baseline 0.003 -22"><span class='ocrx_word' id='word_1_266' title='bbox 646 4996 702 5061; x_wconf 84' lang='lat' dir='ltr'><strong>si</strong></span> <span class='ocrx_word' id='word_1_267' title='bbox 726 4997 910 5080; x_wconf 90' lang='lat' dir='ltr'><strong>prius</strong></span> <span class='ocrx_word' id='word_1_268' title='bbox 936 5016 1070 5064; x_wconf 90' lang='lat' dir='ltr'><strong>non</strong></span> <span class='ocrx_word' id='word_1_269' title='bbox 1094 4999 1372 5065; x_wconf 88' lang='lat' dir='ltr'><strong>habebat</strong></span> <span class='ocrx_word' id='word_1_270' title='bbox 1396 4999 1989 5083; x_wconf 86' lang='lat' dir='ltr'><strong>impassibilitatem,</strong></span> <span class='ocrx_word' id='word_1_271' title='bbox 2018 5000 2195 5066; x_wconf 83' lang='lat' dir='ltr'><strong>vide-</strong></span> 
     </span>
     <span class='ocr_line' id='line_1_45' title="bbox 647 5105 2193 5187; baseline 0.004 -19"><span class='ocrx_word' id='word_1_272' title='bbox 647 5106 757 5169; x_wconf 88' lang='lat' dir='ltr'><strong>tur</strong></span> <span class='ocrx_word' id='word_1_273' title='bbox 782 5105 954 5187; x_wconf 85' lang='lat' dir='ltr'><strong>quod</strong></span> <span class='ocrx_word' id='word_1_274' title='bbox 987 5124 1105 5173; x_wconf 89' lang='lat' dir='ltr'><strong>nec</strong></span> <span class='ocrx_word' id='word_1_275' title='bbox 1136 5110 1293 5174; x_wconf 89' lang='lat' dir='ltr'><strong>tunc</strong></span> <span class='ocrx_word' id='word_1_276' title='bbox 1330 5105 1561 5174; x_wconf 87' lang='lat' dir='ltr'><strong>habuit</strong></span> <span class='ocrx_word' id='word_1_277' title='bbox 1596 5110 1748 5174; x_wconf 89' lang='lat' dir='ltr'><strong>ante</strong></span> <span class='ocrx_word' id='word_1_278' title='bbox 1771 5106 1943 5174; x_wconf 90' lang='lat' dir='ltr'><strong>diem</strong></span> <span class='ocrx_word' id='word_1_279' title='bbox 1982 5124 2193 5174; x_wconf 89' lang='lat' dir='ltr'><strong>resur-</strong></span> 
     </span>
     <span class='ocr_line' id='line_1_46' title="bbox 648 5209 968 5280; baseline 0.009 -3"><span class='ocrx_word' id='word_1_280' title='bbox 648 5209 968 5280; x_wconf 86' lang='lat' dir='ltr'><strong>rectionis.</strong></span> 
     </span>
    </p>

    <p class='ocr_par' dir='ltr' id='par_1_9' title="bbox 713 5337 1938 5404">
     <span class='ocr_line' id='line_1_47' title="bbox 713 5337 1938 5404; baseline 0.002 -16"><span class='ocrx_word' id='word_1_281' title='bbox 713 5337 732 5372; x_wconf 81' lang='lat'><strong>·</strong></span> <span class='ocrx_word' id='word_1_282' title='bbox 759 5337 924 5402; x_wconf 70' lang='lat' dir='ltr'><strong>loon„</strong></span> <span class='ocrx_word' id='word_1_283' title='bbox 952 5351 1069 5402; x_wconf 75' lang='lat' dir='ltr'><strong>xxx,</strong></span> <span class='ocrx_word' id='word_1_284' title='bbox 1095 5340 1244 5391; x_wconf 82' lang='grc' dir='ltr'><strong>3ο.--</strong></span> <span class='ocrx_word' id='word_1_285' title='bbox 1267 5339 1333 5404; x_wconf 79' lang='lat' dir='ltr'><strong>(a)</strong></span> <span class='ocrx_word' id='word_1_286' title='bbox 1363 5338 1504 5389; x_wconf 72' lang='lat' dir='ltr'><strong>Edit.</strong></span> <span class='ocrx_word' id='word_1_287' title='bbox 1528 5339 1788 5392; x_wconf 65' lang='lat' dir='ltr'><strong>Vemdeest</strong></span> <span class='ocrx_word' id='word_1_288' title='bbox 1815 5340 1938 5391; x_wconf 75' lang='lat' dir='ltr'><strong>nisi.</strong></span> 
     </span>
    </p>
   </div>
   <div class='ocr_carea' id='block_1_5' title="bbox 1762 338 2726 417">
    <p class='ocr_par' dir='ltr' id='par_1_10' title="bbox 1762 338 2726 417">
     <span class='ocr_line' id='line_1_48' title="bbox 1762 338 2726 417; baseline -0.006 0"><span class='ocrx_word' id='word_1_289' title='bbox 1762 338 2383 417; x_wconf 74' lang='lat' dir='ltr'><strong>SENTENTIARUM</strong></span> <span class='ocrx_word' id='word_1_290' title='bbox 2417 342 2571 412; x_wconf 75' lang='lat' dir='ltr'><strong>Lm.</strong></span> <span class='ocrx_word' id='word_1_291' title='bbox 2617 344 2726 412; x_wconf 87' lang='lat'>111.</span> 
     </span>
    </p>
   </div>
   <div class='ocr_carea' id='block_1_6' title="bbox 2314 482 3884 1102">
    <p class='ocr_par' dir='ltr' id='par_1_11' title="bbox 2314 482 3884 1102">
     <span class='ocr_line' id='line_1_49' title="bbox 2392 482 3878 568; baseline 0.003 -21"><span class='ocrx_word' id='word_1_292' title='bbox 2392 487 2456 547; x_wconf 69' lang='lat'><strong>4.</strong></span> <span class='ocrx_word' id='word_1_293' title='bbox 2508 482 2666 548; x_wconf 87' lang='lat' dir='ltr'><strong>ltem</strong></span> <span class='ocrx_word' id='word_1_294' title='bbox 2692 483 2942 564; x_wconf 87' lang='lat' dir='ltr'><strong>anima,</strong></span> <span class='ocrx_word' id='word_1_295' title='bbox 2972 502 3121 566; x_wconf 78' lang='lat' dir='ltr'><strong>quae</strong></span> <span class='ocrx_word' id='word_1_296' title='bbox 3148 482 3732 568; x_wconf 77' lang='lat' dir='ltr'><strong>impassibilitatem</strong></span> <span class='ocrx_word' id='word_1_297' title='bbox 3759 485 3878 551; x_wconf 81' lang='lat' dir='ltr'><strong>ha-</strong></span> 
     </span>
     <span class='ocr_line' id='line_1_50' title="bbox 2314 588 3877 673; baseline 0.003 -20"><span class='ocrx_word' id='word_1_298' title='bbox 2314 588 2451 668; x_wconf 91' lang='lat' dir='ltr'><strong>bet,</strong></span> <span class='ocrx_word' id='word_1_299' title='bbox 2485 589 2698 654; x_wconf 83' lang='lat' dir='ltr'><strong>statim</strong></span> <span class='ocrx_word' id='word_1_300' title='bbox 2729 608 2880 654; x_wconf 90' lang='lat' dir='ltr'><strong>cum</strong></span> <span class='ocrx_word' id='word_1_301' title='bbox 2907 608 2948 654; x_wconf 91' lang='lat' dir='ltr'><strong>a</strong></span> <span class='ocrx_word' id='word_1_302' title='bbox 2990 607 3254 673; x_wconf 81' lang='lat' dir='ltr'><strong>corpore</strong></span> <span class='ocrx_word' id='word_1_303' title='bbox 3295 591 3574 673; x_wconf 88' lang='lat' dir='ltr'><strong>recedit,</strong></span> <span class='ocrx_word' id='word_1_304' title='bbox 3605 594 3826 659; x_wconf 82' lang='lat' dir='ltr'><strong>evolat</strong></span> <span class='ocrx_word' id='word_1_305' title='bbox 3858 614 3877 657; x_wconf 75' lang='lat' dir='ltr'><em>z</em></span> 
     </span>
     <span class='ocr_line' id='line_1_51' title="bbox 2316 695 3880 780; baseline 0.003 -19"><span class='ocrx_word' id='word_1_306' title='bbox 2316 695 2423 761; x_wconf 88' lang='lat' dir='ltr'><strong>sed</strong></span> <span class='ocrx_word' id='word_1_307' title='bbox 2450 697 2670 761; x_wconf 91' lang='lat' dir='ltr'><strong>anima</strong></span> <span class='ocrx_word' id='word_1_308' title='bbox 2705 695 2938 761; x_wconf 89' lang='lat' dir='ltr'><strong>Christi</strong></span> <span class='ocrx_word' id='word_1_309' title='bbox 2980 714 3115 761; x_wconf 91' lang='lat' dir='ltr'><strong>non</strong></span> <span class='ocrx_word' id='word_1_310' title='bbox 3152 697 3370 762; x_wconf 89' lang='lat' dir='ltr'><strong>statim</strong></span> <span class='ocrx_word' id='word_1_311' title='bbox 3411 698 3730 780; x_wconf 80' lang='lat' dir='ltr'><strong>evolavit,</strong></span> <span class='ocrx_word' id='word_1_312' title='bbox 3759 718 3880 766; x_wconf 90' lang='lat' dir='ltr'><strong>nec</strong></span> 
     </span>
     <span class='ocr_line' id='line_1_52' title="bbox 2315 801 3884 883; baseline 0.003 -16"><span class='ocrx_word' id='word_1_313' title='bbox 2315 801 2598 869; x_wconf 85' lang='lat' dir='ltr'><strong>ascendit</strong></span> <span class='ocrx_word' id='word_1_314' title='bbox 2637 803 2853 868; x_wconf 88' lang='lat' dir='ltr'><strong>statim</strong></span> <span class='ocrx_word' id='word_1_315' title='bbox 2891 802 2973 867; x_wconf 90' lang='lat' dir='ltr'><strong>ad</strong></span> <span class='ocrx_word' id='word_1_316' title='bbox 3013 802 3227 883; x_wconf 75' lang='lat' dir='ltr'><strong>coeloS,</strong></span> <span class='ocrx_word' id='word_1_317' title='bbox 3274 805 3385 870; x_wconf 90' lang='lat' dir='ltr'><strong>sed</strong></span> <span class='ocrx_word' id='word_1_318' title='bbox 3427 804 3758 873; x_wconf 86' lang='lat' dir='ltr'><strong>descendit</strong></span> <span class='ocrx_word' id='word_1_319' title='bbox 3798 808 3884 872; x_wconf 82' lang='lat' dir='ltr'><strong>ad</strong></span> 
     </span>
     <span class='ocr_line' id='line_1_53' title="bbox 2317 908 3880 992; baseline 0.006 -21"><span class='ocrx_word' id='word_1_320' title='bbox 2317 908 2553 975; x_wconf 83' lang='lat' dir='ltr'><strong>inferos</strong></span> <span class='ocrx_word' id='word_1_321' title='bbox 2580 932 2599 974; x_wconf 70' lang='grc' dir='ltr'><strong><em>ε</em></strong></span> <span class='ocrx_word' id='word_1_322' title='bbox 2629 927 2789 992; x_wconf 80' lang='lat' dir='ltr'><strong>ergo</strong></span> <span class='ocrx_word' id='word_1_323' title='bbox 2814 927 2949 975; x_wconf 92' lang='lat' dir='ltr'><strong>non</strong></span> <span class='ocrx_word' id='word_1_324' title='bbox 2975 910 3190 975; x_wconf 84' lang='lat' dir='ltr'><strong>statim</strong></span> <span class='ocrx_word' id='word_1_325' title='bbox 3219 914 3362 992; x_wconf 87' lang='lat' dir='ltr'><strong>post</strong></span> <span class='ocrx_word' id='word_1_326' title='bbox 3389 910 3637 977; x_wconf 87' lang='lat' dir='ltr'><strong>instans</strong></span> <span class='ocrx_word' id='word_1_327' title='bbox 3660 931 3880 979; x_wconf 86' lang='lat' dir='ltr'><strong>resur-</strong></span> 
     </span>
     <span class='ocr_line' id='line_1_54' title="bbox 2315 1016 3383 1102; baseline 0.003 -21"><span class='ocrx_word' id='word_1_328' title='bbox 2315 1016 2616 1082; x_wconf 88' lang='lat' dir='ltr'><strong>rectionis</strong></span> <span class='ocrx_word' id='word_1_329' title='bbox 2641 1018 2807 1083; x_wconf 85' lang='lat' dir='ltr'><strong>t&#39;acta</strong></span> <span class='ocrx_word' id='word_1_330' title='bbox 2829 1020 2926 1083; x_wconf 90' lang='lat' dir='ltr'><strong>est</strong></span> <span class='ocrx_word' id='word_1_331' title='bbox 2952 1017 3383 1102; x_wconf 86' lang='lat' dir='ltr'><strong>impassibilis.</strong></span> 
     </span>
    </p>
   </div>
   <div class='ocr_carea' id='block_1_7' title="bbox 2866 1260 3328 1331">
    <p class='ocr_par' dir='ltr' id='par_1_12' title="bbox 2866 1260 3328 1331">
     <span class='ocr_line' id='line_1_55' title="bbox 2866 1260 3328 1331; baseline -0.002 -2"><span class='ocrx_word' id='word_1_332' title='bbox 2866 1260 3328 1331; x_wconf 87' lang='lat' dir='ltr'><strong>CONCLUSIO.</strong></span> 
     </span>
    </p>
   </div>
   <div class='ocr_carea' id='block_1_8' title="bbox 2322 1433 3877 1515">
    <p class='ocr_par' dir='ltr' id='par_1_13' title="bbox 2322 1433 3877 1515">
     <span class='ocr_line' id='line_1_56' title="bbox 2322 1433 3877 1515; baseline 0.005 -25"><span class='ocrx_word' id='word_1_333' title='bbox 2322 1433 2496 1491; x_wconf 78' lang='lat' dir='ltr'><strong>Valde</strong></span> <span class='ocrx_word' id='word_1_334' title='bbox 2516 1433 2802 1508; x_wconf 78' lang='lat' dir='ltr'><strong>probabile</strong></span> <span class='ocrx_word' id='word_1_335' title='bbox 2827 1435 3069 1507; x_wconf 75' lang='lat' dir='ltr'><strong>estquod</strong></span> <span class='ocrx_word' id='word_1_336' title='bbox 3089 1438 3279 1492; x_wconf 79' lang='lat' dir='ltr'><strong>anima</strong></span> <span class='ocrx_word' id='word_1_337' title='bbox 3307 1437 3512 1496; x_wconf 75' lang='lat' dir='ltr'><strong>Christi</strong></span> <span class='ocrx_word' id='word_1_338' title='bbox 3529 1442 3728 1496; x_wconf 76' lang='lat' dir='ltr'><strong>statim</strong></span> <span class='ocrx_word' id='word_1_339' title='bbox 3750 1450 3877 1515; x_wconf 73' lang='lat' dir='ltr'><strong>post</strong></span> 
     </span>
    </p>
   </div>
   <div class='ocr_carea' id='block_1_9' title="bbox 2385 1526 3872 1690">
    <p class='ocr_par' dir='ltr' id='par_1_14' title="bbox 2385 1526 3872 1690">
     <span class='ocr_line' id='line_1_57' title="bbox 2385 1526 3872 1601; baseline 0.006 -23"><span class='ocrx_word' id='word_1_340' title='bbox 2385 1526 2781 1597; x_wconf 77' lang='lat' dir='ltr'><strong>separationem</strong></span> <span class='ocrx_word' id='word_1_341' title='bbox 2806 1539 2843 1579; x_wconf 91' lang='lat' dir='ltr'><strong>a</strong></span> <span class='ocrx_word' id='word_1_342' title='bbox 2864 1540 3081 1598; x_wconf 77' lang='lat' dir='ltr'><strong>corpore</strong></span> <span class='ocrx_word' id='word_1_343' title='bbox 3104 1527 3277 1594; x_wconf 78' lang='lat' dir='ltr'><strong>tuerit</strong></span> <span class='ocrx_word' id='word_1_344' title='bbox 3301 1528 3460 1595; x_wconf 76' lang='lat' dir='ltr'><strong>tacta</strong></span> <span class='ocrx_word' id='word_1_345' title='bbox 3483 1530 3872 1601; x_wconf 70' lang='lat' dir='ltr'><strong>impassibilis,</strong></span> 
     </span>
     <span class='ocr_line' id='line_1_58' title="bbox 2388 1612 3731 1690; baseline 0.004 -23"><span class='ocrx_word' id='word_1_346' title='bbox 2388 1612 2513 1669; x_wconf 77' lang='lat' dir='ltr'><strong>licet</strong></span> <span class='ocrx_word' id='word_1_347' title='bbox 2537 1614 2839 1685; x_wconf 75' lang='lat' dir='ltr'><strong>oppositum</strong></span> <span class='ocrx_word' id='word_1_348' title='bbox 2863 1629 2972 1670; x_wconf 81' lang='lat' dir='ltr'><strong>non</strong></span> <span class='ocrx_word' id='word_1_349' title='bbox 2997 1616 3074 1670; x_wconf 80' lang='lat' dir='ltr'><strong>sit</strong></span> <span class='ocrx_word' id='word_1_350' title='bbox 3098 1616 3316 1671; x_wconf 76' lang='lat' dir='ltr'><strong>omnino</strong></span> <span class='ocrx_word' id='word_1_351' title='bbox 3347 1618 3731 1690; x_wconf 76' lang='lat' dir='ltr'><strong>improbabile.</strong></span> 
     </span>
    </p>
   </div>
   <div class='ocr_carea' id='block_1_10' title="bbox 2301 1774 3908 5408">
    <p class='ocr_par' dir='ltr' id='par_1_15' title="bbox 2308 1774 3908 4113">
     <span class='ocr_line' id='line_1_59' title="bbox 2394 1774 3871 1863; baseline 0.008 -25"><span class='ocrx_word' id='word_1_352' title='bbox 2394 1774 2534 1839; x_wconf 87' lang='lat' dir='ltr'><strong>Res.</strong></span> <span class='ocrx_word' id='word_1_353' title='bbox 2574 1775 2653 1840; x_wconf 90' lang='lat' dir='ltr'><strong>ad</strong></span> <span class='ocrx_word' id='word_1_354' title='bbox 2680 1794 2824 1857; x_wconf 83' lang='lat' dir='ltr'><strong>arg.</strong></span> <span class='ocrx_word' id='word_1_355' title='bbox 2866 1776 3212 1842; x_wconf 81' lang='lat' dir='ltr'><strong>Dicendum</strong></span> <span class='ocrx_word' id='word_1_356' title='bbox 3256 1780 3431 1863; x_wconf 83' lang='lat' dir='ltr'><strong>quod</strong></span> <span class='ocrx_word' id='word_1_357' title='bbox 3472 1798 3557 1847; x_wconf 81' lang='lat' dir='ltr'><strong>ex</strong></span> <span class='ocrx_word' id='word_1_358' title='bbox 3603 1783 3871 1850; x_wconf 83' lang='lat' dir='ltr'><strong>certitu-</strong></span> 
     </span>
     <span class='ocr_line' id='line_1_60' title="bbox 2313 1880 3879 1957; baseline 0.008 -13"><span class='ocrx_word' id='word_1_359' title='bbox 2313 1880 2460 1946; x_wconf 87' lang='lat' dir='ltr'><strong>dine</strong></span> <span class='ocrx_word' id='word_1_360' title='bbox 2490 1883 2880 1949; x_wconf 88' lang='lat' dir='ltr'><strong>auctoritatis</strong></span> <span class='ocrx_word' id='word_1_361' title='bbox 2917 1903 3054 1950; x_wconf 93' lang='lat' dir='ltr'><strong>non</strong></span> <span class='ocrx_word' id='word_1_362' title='bbox 3090 1889 3185 1950; x_wconf 92' lang='lat' dir='ltr'><strong>est</strong></span> <span class='ocrx_word' id='word_1_363' title='bbox 3226 1887 3413 1951; x_wconf 89' lang='lat' dir='ltr'><strong>nobis</strong></span> <span class='ocrx_word' id='word_1_364' title='bbox 3456 1889 3727 1955; x_wconf 90' lang='lat' dir='ltr'><strong>omnino</strong></span> <span class='ocrx_word' id='word_1_365' title='bbox 3773 1892 3879 1957; x_wconf 87' lang='lat' dir='ltr'><strong>de-</strong></span> 
     </span>
     <span class='ocr_line' id='line_1_61' title="bbox 2313 1989 3873 2067; baseline 0.008 -16"><span class='ocrx_word' id='word_1_366' title='bbox 2313 1989 2768 2067; x_wconf 86' lang='lat' dir='ltr'><strong>terminatum,</strong></span> <span class='ocrx_word' id='word_1_367' title='bbox 2825 1996 3048 2056; x_wconf 89' lang='lat' dir='ltr'><strong>utrum</strong></span> <span class='ocrx_word' id='word_1_368' title='bbox 3102 1992 3318 2057; x_wconf 89' lang='lat' dir='ltr'><strong>anima</strong></span> <span class='ocrx_word' id='word_1_369' title='bbox 3376 1994 3605 2059; x_wconf 89' lang='lat' dir='ltr'><strong>Christi</strong></span> <span class='ocrx_word' id='word_1_370' title='bbox 3651 1999 3873 2063; x_wconf 83' lang='lat' dir='ltr'><strong>statim</strong></span> 
     </span>
     <span class='ocr_line' id='line_1_62' title="bbox 2312 2096 3869 2187; baseline 0.008 -28"><span class='ocrx_word' id='word_1_371' title='bbox 2312 2099 2454 2177; x_wconf 84' lang='lat' dir='ltr'><strong>post</strong></span> <span class='ocrx_word' id='word_1_372' title='bbox 2480 2096 2945 2179; x_wconf 87' lang='lat' dir='ltr'><strong>separationem</strong></span> <span class='ocrx_word' id='word_1_373' title='bbox 2966 2099 3376 2183; x_wconf 89' lang='lat' dir='ltr'><strong>impassibilis</strong></span> <span class='ocrx_word' id='word_1_374' title='bbox 3402 2102 3597 2167; x_wconf 76' lang='lat' dir='ltr'><strong>fuerit</strong></span> <span class='ocrx_word' id='word_1_375' title='bbox 3616 2105 3869 2187; x_wconf 79' lang='lat' dir='ltr'><strong>effecta,</strong></span> 
     </span>
     <span class='ocr_line' id='line_1_63' title="bbox 2310 2202 3871 2295; baseline 0.006 -29"><span class='ocrx_word' id='word_1_376' title='bbox 2310 2202 2478 2269; x_wconf 89' lang='lat' dir='ltr'><strong>sicut</strong></span> <span class='ocrx_word' id='word_1_377' title='bbox 2503 2203 2804 2286; x_wconf 83' lang='lat' dir='ltr'><strong>Magister</strong></span> <span class='ocrx_word' id='word_1_378' title='bbox 2829 2207 3036 2288; x_wconf 84' lang='lat' dir='ltr'><strong>tangit</strong></span> <span class='ocrx_word' id='word_1_379' title='bbox 3061 2225 3278 2292; x_wconf 89' lang='lat' dir='ltr'><strong>supra.</strong></span> <span class='ocrx_word' id='word_1_380' title='bbox 3308 2207 3489 2274; x_wconf 87' lang='lat' dir='ltr'><strong>Unde</strong></span> <span class='ocrx_word' id='word_1_381' title='bbox 3515 2211 3657 2275; x_wconf 89' lang='lat' dir='ltr'><strong>sine</strong></span> <span class='ocrx_word' id='word_1_382' title='bbox 3697 2214 3871 2295; x_wconf 86' lang='lat' dir='ltr'><strong>peri-</strong></span> 
     </span>
     <span class='ocr_line' id='line_1_64' title="bbox 2312 2310 3874 2400; baseline 0.007 -26"><span class='ocrx_word' id='word_1_383' title='bbox 2312 2310 2455 2374; x_wconf 91' lang='lat' dir='ltr'><strong>culo</strong></span> <span class='ocrx_word' id='word_1_384' title='bbox 2477 2311 2628 2376; x_wconf 82' lang='lat' dir='ltr'><strong>ndei</strong></span> <span class='ocrx_word' id='word_1_385' title='bbox 2653 2316 2858 2395; x_wconf 89' lang='lat' dir='ltr'><strong>potest</strong></span> <span class='ocrx_word' id='word_1_386' title='bbox 2882 2314 3029 2397; x_wconf 87' lang='lat' dir='ltr'><strong>quis</strong></span> <span class='ocrx_word' id='word_1_387' title='bbox 3055 2319 3409 2400; x_wconf 85' lang='lat' dir='ltr'><strong>utrumque</strong></span> <span class='ocrx_word' id='word_1_388' title='bbox 3437 2317 3681 2385; x_wconf 89' lang='lat' dir='ltr'><strong>horum</strong></span> <span class='ocrx_word' id='word_1_389' title='bbox 3719 2339 3874 2385; x_wconf 87' lang='lat' dir='ltr'><strong>sen-</strong></span> 
     </span>
     <span class='ocr_line' id='line_1_65' title="bbox 2312 2417 3870 2505; baseline 0.008 -23"><span class='ocrx_word' id='word_1_390' title='bbox 2312 2417 2462 2497; x_wconf 87' lang='lat' dir='ltr'><strong>tire,</strong></span> <span class='ocrx_word' id='word_1_391' title='bbox 2493 2418 2598 2483; x_wconf 86' lang='lat' dir='ltr'><strong>vel</strong></span> <span class='ocrx_word' id='word_1_392' title='bbox 2624 2421 2795 2503; x_wconf 85' lang='lat' dir='ltr'><strong>quod</strong></span> <span class='ocrx_word' id='word_1_393' title='bbox 2836 2422 3242 2505; x_wconf 85' lang='lat' dir='ltr'><strong>impassibilis</strong></span> <span class='ocrx_word' id='word_1_394' title='bbox 3273 2426 3495 2490; x_wconf 78' lang='lat' dir='ltr'><strong>effecta</strong></span> <span class='ocrx_word' id='word_1_395' title='bbox 3528 2432 3627 2491; x_wconf 86' lang='lat' dir='ltr'><strong>est</strong></span> <span class='ocrx_word' id='word_1_396' title='bbox 3654 2430 3870 2493; x_wconf 84' lang='lat' dir='ltr'><strong>statim</strong></span> 
     </span>
     <span class='ocr_line' id='line_1_66' title="bbox 2310 2516 3908 2619; baseline 0.008 -29"><span class='ocrx_word' id='word_1_397' title='bbox 2310 2531 2454 2610; x_wconf 87' lang='lat' dir='ltr'><strong>post</strong></span> <span class='ocrx_word' id='word_1_398' title='bbox 2491 2530 2988 2611; x_wconf 79' lang='lat' dir='ltr'><strong>separationem,</strong></span> <span class='ocrx_word' id='word_1_399' title='bbox 3017 2532 3122 2597; x_wconf 84' lang='lat' dir='ltr'><strong>vel</strong></span> <span class='ocrx_word' id='word_1_400' title='bbox 3149 2533 3216 2597; x_wconf 93' lang='lat' dir='ltr'><strong>in</strong></span> <span class='ocrx_word' id='word_1_401' title='bbox 3243 2534 3382 2617; x_wconf 88' lang='lat' dir='ltr'><strong>ipsa</strong></span> <span class='ocrx_word' id='word_1_402' title='bbox 3410 2536 3699 2619; x_wconf 87' lang='lat' dir='ltr'><strong>corporis</strong></span> <span class='ocrx_word' id='word_1_403' title='bbox 3724 2539 3868 2619; x_wconf 86' lang='lat' dir='ltr'><strong>glo·</strong></span> <span class='ocrx_word' id='word_1_404' title='bbox 3901 2516 3908 2521; x_wconf 47' lang='grc'><em>’</em></span> 
     </span>
     <span class='ocr_line' id='line_1_67' title="bbox 2310 2632 3867 2723; baseline 0.009 -27"><span class='ocrx_word' id='word_1_405' title='bbox 2310 2632 2682 2699; x_wconf 87' lang='lat' dir='ltr'><strong>risscatione.</strong></span> <span class='ocrx_word' id='word_1_406' title='bbox 2714 2636 3170 2703; x_wconf 82' lang='lat' dir='ltr'><strong>Verumtamen</strong></span> <span class='ocrx_word' id='word_1_407' title='bbox 3200 2641 3631 2723; x_wconf 88' lang='lat' dir='ltr'><strong>probabilitati</strong></span> <span class='ocrx_word' id='word_1_408' title='bbox 3663 2645 3867 2710; x_wconf 87' lang='lat' dir='ltr'><strong>ratio-</strong></span> 
     </span>
     <span class='ocr_line' id='line_1_68' title="bbox 2309 2741 3868 2831; baseline 0.008 -28"><span class='ocrx_word' id='word_1_409' title='bbox 2309 2741 2414 2804; x_wconf 87' lang='lat' dir='ltr'><strong>nis</strong></span> <span class='ocrx_word' id='word_1_410' title='bbox 2461 2744 2670 2825; x_wconf 83' lang='lat' dir='ltr'><strong>magis</strong></span> <span class='ocrx_word' id='word_1_411' title='bbox 2706 2761 3057 2812; x_wconf 86' lang='lat' dir='ltr'><strong>consonare</strong></span> <span class='ocrx_word' id='word_1_412' title='bbox 3100 2747 3383 2826; x_wconf 84' lang='lat' dir='ltr'><strong>videtur,</strong></span> <span class='ocrx_word' id='word_1_413' title='bbox 3431 2750 3605 2831; x_wconf 85' lang='lat' dir='ltr'><strong>quod</strong></span> <span class='ocrx_word' id='word_1_414' title='bbox 3652 2752 3868 2815; x_wconf 86' lang='lat' dir='ltr'><strong>statim</strong></span> 
     </span>
     <span class='ocr_line' id='line_1_69' title="bbox 2313 2851 3863 2938; baseline 0.006 -26"><span class='ocrx_word' id='word_1_415' title='bbox 2313 2853 2456 2930; x_wconf 88' lang='lat' dir='ltr'><strong>post</strong></span> <span class='ocrx_word' id='word_1_416' title='bbox 2475 2852 2939 2932; x_wconf 87' lang='lat' dir='ltr'><strong>separationem</strong></span> <span class='ocrx_word' id='word_1_417' title='bbox 2951 2851 3250 2918; x_wconf 88' lang='lat' dir='ltr'><strong>habuerit</strong></span> <span class='ocrx_word' id='word_1_418' title='bbox 3268 2854 3863 2938; x_wconf 86' lang='lat' dir='ltr'><strong>impassibilitatem.</strong></span> 
     </span>
     <span class='ocr_line' id='line_1_70' title="bbox 2312 2953 3863 3047; baseline 0.008 -28"><span class='ocrx_word' id='word_1_419' title='bbox 2312 2953 2380 3019; x_wconf 90' lang='lat' dir='ltr'><strong>Si</strong></span> <span class='ocrx_word' id='word_1_420' title='bbox 2403 2957 2578 3021; x_wconf 90' lang='lat' dir='ltr'><strong>enim</strong></span> <span class='ocrx_word' id='word_1_421' title='bbox 2605 2974 2737 3022; x_wconf 91' lang='lat' dir='ltr'><strong>non</strong></span> <span class='ocrx_word' id='word_1_422' title='bbox 2761 2959 3122 3041; x_wconf 86' lang='lat' dir='ltr'><strong>patiebatur</strong></span> <span class='ocrx_word' id='word_1_423' title='bbox 3138 2962 3357 3026; x_wconf 87' lang='lat' dir='ltr'><strong>anima</strong></span> <span class='ocrx_word' id='word_1_424' title='bbox 3383 2961 3616 3027; x_wconf 71' lang='lat' dir='ltr'><strong>Chr-Isti</strong></span> <span class='ocrx_word' id='word_1_425' title='bbox 3632 2964 3757 3027; x_wconf 88' lang='lat' dir='ltr'><strong>nisi</strong></span> <span class='ocrx_word' id='word_1_426' title='bbox 3787 2966 3863 3047; x_wconf 83' lang='lat' dir='ltr'><strong>(a)</strong></span> 
     </span>
     <span class='ocr_line' id='line_1_71' title="bbox 2311 3062 3865 3151; baseline 0.005 -24"><span class='ocrx_word' id='word_1_427' title='bbox 2311 3062 2758 3147; x_wconf 80' lang='lat' dir='ltr'><strong>dispensative,</strong></span> <span class='ocrx_word' id='word_1_428' title='bbox 2785 3069 2850 3130; x_wconf 89' lang='lat' dir='ltr'><strong>et</strong></span> <span class='ocrx_word' id='word_1_429' title='bbox 2875 3071 3135 3151; x_wconf 87' lang='lat' dir='ltr'><strong>propter</strong></span> <span class='ocrx_word' id='word_1_430' title='bbox 3160 3072 3449 3134; x_wconf 88' lang='lat' dir='ltr'><strong>nostram</strong></span> <span class='ocrx_word' id='word_1_431' title='bbox 3483 3069 3780 3151; x_wconf 85' lang='lat' dir='ltr'><strong>salutem,</strong></span> <span class='ocrx_word' id='word_1_432' title='bbox 3811 3072 3865 3135; x_wconf 89' lang='lat' dir='ltr'><strong>si</strong></span> 
     </span>
     <span class='ocr_line' id='line_1_72' title="bbox 2310 3170 3865 3262; baseline 0.006 -28"><span class='ocrx_word' id='word_1_433' title='bbox 2310 3170 2445 3254; x_wconf 86' lang='lat' dir='ltr'><strong>jam</strong></span> <span class='ocrx_word' id='word_1_434' title='bbox 2475 3189 2605 3237; x_wconf 90' lang='lat' dir='ltr'><strong>non</strong></span> <span class='ocrx_word' id='word_1_435' title='bbox 2633 3177 2772 3238; x_wconf 90' lang='lat' dir='ltr'><strong>erat</strong></span> <span class='ocrx_word' id='word_1_436' title='bbox 2796 3178 3053 3257; x_wconf 89' lang='lat' dir='ltr'><strong>tempus</strong></span> <span class='ocrx_word' id='word_1_437' title='bbox 3077 3179 3142 3239; x_wconf 91' lang='lat' dir='ltr'><strong>et</strong></span> <span class='ocrx_word' id='word_1_438' title='bbox 3165 3175 3345 3242; x_wconf 89' lang='lat' dir='ltr'><strong>locus</strong></span> <span class='ocrx_word' id='word_1_439' title='bbox 3373 3179 3700 3258; x_wconf 89' lang='lat' dir='ltr'><strong>merendi,</strong></span> <span class='ocrx_word' id='word_1_440' title='bbox 3724 3182 3865 3262; x_wconf 85' lang='lat' dir='ltr'><strong>jam</strong></span> 
     </span>
     <span class='ocr_line' id='line_1_73' title="bbox 2311 3278 3861 3369; baseline 0.005 -26"><span class='ocrx_word' id='word_1_441' title='bbox 2311 3278 2526 3344; x_wconf 84' lang='lat' dir='ltr'><strong>anima</strong></span> <span class='ocrx_word' id='word_1_442' title='bbox 2554 3280 2779 3345; x_wconf 87' lang='lat' dir='ltr'><strong>Christi</strong></span> <span class='ocrx_word' id='word_1_443' title='bbox 2811 3299 2942 3345; x_wconf 91' lang='lat' dir='ltr'><strong>non</strong></span> <span class='ocrx_word' id='word_1_444' title='bbox 2968 3281 3256 3365; x_wconf 89' lang='lat' dir='ltr'><strong>debebat,</strong></span> <span class='ocrx_word' id='word_1_445' title='bbox 3285 3302 3406 3348; x_wconf 89' lang='lat' dir='ltr'><strong>nec</strong></span> <span class='ocrx_word' id='word_1_446' title='bbox 3432 3288 3685 3367; x_wconf 88' lang='lat' dir='ltr'><strong>poterat</strong></span> <span class='ocrx_word' id='word_1_447' title='bbox 3710 3286 3861 3369; x_wconf 76' lang='lat' dir='ltr'><strong>pati.</strong></span> 
     </span>
     <span class='ocr_line' id='line_1_74' title="bbox 2311 3383 3865 3474; baseline 0.007 -26"><span class='ocrx_word' id='word_1_448' title='bbox 2311 3383 2491 3451; x_wconf 91' lang='lat' dir='ltr'><strong>Unde</strong></span> <span class='ocrx_word' id='word_1_449' title='bbox 2516 3405 2651 3451; x_wconf 94' lang='lat' dir='ltr'><strong>non</strong></span> <span class='ocrx_word' id='word_1_450' title='bbox 2686 3387 2895 3452; x_wconf 88' lang='lat' dir='ltr'><strong>solum</strong></span> <span class='ocrx_word' id='word_1_451' title='bbox 2923 3387 3000 3452; x_wconf 92' lang='lat' dir='ltr'><strong>de</strong></span> <span class='ocrx_word' id='word_1_452' title='bbox 3025 3389 3247 3453; x_wconf 89' lang='lat' dir='ltr'><strong>anima</strong></span> <span class='ocrx_word' id='word_1_453' title='bbox 3276 3389 3507 3454; x_wconf 81' lang='lat' dir='ltr'><strong>Christi</strong></span> <span class='ocrx_word' id='word_1_454' title='bbox 3538 3393 3865 3474; x_wconf 87' lang='lat' dir='ltr'><strong>probabile</strong></span> 
     </span>
     <span class='ocr_line' id='line_1_75' title="bbox 2310 3494 3868 3581; baseline 0.006 -23"><span class='ocrx_word' id='word_1_455' title='bbox 2310 3497 2427 3570; x_wconf 85' lang='lat' dir='ltr'><strong>est,</strong></span> <span class='ocrx_word' id='word_1_456' title='bbox 2468 3494 2642 3576; x_wconf 86' lang='lat' dir='ltr'><strong>quod</strong></span> <span class='ocrx_word' id='word_1_457' title='bbox 2681 3494 2896 3557; x_wconf 86' lang='lat' dir='ltr'><strong>statim</strong></span> <span class='ocrx_word' id='word_1_458' title='bbox 2942 3499 3086 3579; x_wconf 88' lang='lat' dir='ltr'><strong>post</strong></span> <span class='ocrx_word' id='word_1_459' title='bbox 3125 3497 3593 3581; x_wconf 88' lang='lat' dir='ltr'><strong>separationem</strong></span> <span class='ocrx_word' id='word_1_460' title='bbox 3648 3518 3689 3564; x_wconf 86' lang='lat' dir='ltr'><strong>a</strong></span> <span class='ocrx_word' id='word_1_461' title='bbox 3733 3519 3868 3566; x_wconf 89' lang='lat' dir='ltr'><strong>cor·</strong></span> 
     </span>
     <span class='ocr_line' id='line_1_76' title="bbox 2310 3600 3869 3690; baseline 0.005 -26"><span class='ocrx_word' id='word_1_462' title='bbox 2310 3617 2464 3682; x_wconf 90' lang='lat' dir='ltr'><strong>pore</strong></span> <span class='ocrx_word' id='word_1_463' title='bbox 2494 3600 2658 3665; x_wconf 82' lang='lat' dir='ltr'><strong>facta</strong></span> <span class='ocrx_word' id='word_1_464' title='bbox 2682 3602 2763 3665; x_wconf 89' lang='lat' dir='ltr'><strong>sit</strong></span> <span class='ocrx_word' id='word_1_465' title='bbox 2788 3601 3221 3686; x_wconf 85' lang='lat' dir='ltr'><strong>impassibilis,</strong></span> <span class='ocrx_word' id='word_1_466' title='bbox 3243 3604 3351 3668; x_wconf 90' lang='lat' dir='ltr'><strong>sed</strong></span> <span class='ocrx_word' id='word_1_467' title='bbox 3378 3604 3578 3670; x_wconf 89' lang='lat' dir='ltr'><strong>etiam</strong></span> <span class='ocrx_word' id='word_1_468' title='bbox 3606 3607 3687 3672; x_wconf 91' lang='lat' dir='ltr'><strong>de</strong></span> <span class='ocrx_word' id='word_1_469' title='bbox 3714 3626 3869 3690; x_wconf 84' lang='lat' dir='ltr'><strong>qua-</strong></span> 
     </span>
     <span class='ocr_line' id='line_1_77' title="bbox 2308 3706 3868 3798; baseline 0.006 -26"><span class='ocrx_word' id='word_1_470' title='bbox 2308 3706 2462 3773; x_wconf 88' lang='lat' dir='ltr'><strong>libet</strong></span> <span class='ocrx_word' id='word_1_471' title='bbox 2481 3708 2700 3773; x_wconf 90' lang='lat' dir='ltr'><strong>anima</strong></span> <span class='ocrx_word' id='word_1_472' title='bbox 2724 3709 2849 3774; x_wconf 80' lang='lat' dir='ltr'><strong>viri</strong></span> <span class='ocrx_word' id='word_1_473' title='bbox 2876 3711 3098 3792; x_wconf 85' lang='lat' dir='ltr'><strong>saneti,</strong></span> <span class='ocrx_word' id='word_1_474' title='bbox 3129 3710 3198 3775; x_wconf 93' lang='lat' dir='ltr'><strong>in</strong></span> <span class='ocrx_word' id='word_1_475' title='bbox 3223 3730 3358 3795; x_wconf 79' lang='lat' dir='ltr'><strong>qua</strong></span> <span class='ocrx_word' id='word_1_476' title='bbox 3379 3732 3516 3778; x_wconf 91' lang='lat' dir='ltr'><strong>non</strong></span> <span class='ocrx_word' id='word_1_477' title='bbox 3540 3716 3868 3798; x_wconf 85' lang='lat' dir='ltr'><strong>reperitur</strong></span> 
     </span>
     <span class='ocr_line' id='line_1_78' title="bbox 2308 3816 3866 3908; baseline 0.006 -28"><span class='ocrx_word' id='word_1_478' title='bbox 2308 3817 2525 3880; x_wconf 88' lang='lat' dir='ltr'><strong>reatus</strong></span> <span class='ocrx_word' id='word_1_479' title='bbox 2563 3816 2840 3899; x_wconf 87' lang='lat' dir='ltr'><strong>alicujus</strong></span> <span class='ocrx_word' id='word_1_480' title='bbox 2875 3817 3138 3900; x_wconf 87' lang='lat' dir='ltr'><strong>peccati.</strong></span> <span class='ocrx_word' id='word_1_481' title='bbox 3183 3818 3332 3885; x_wconf 92' lang='lat' dir='ltr'><strong>Ideo</strong></span> <span class='ocrx_word' id='word_1_482' title='bbox 3373 3821 3682 3902; x_wconf 87' lang='lat' dir='ltr'><strong>rationes,</strong></span> <span class='ocrx_word' id='word_1_483' title='bbox 3712 3841 3866 3908; x_wconf 70' lang='lat' dir='ltr'><strong>quse</strong></span> 
     </span>
     <span class='ocr_line' id='line_1_79' title="bbox 2310 3922 3866 4010; baseline 0.008 -25"><span class='ocrx_word' id='word_1_484' title='bbox 2310 3922 2391 3986; x_wconf 90' lang='lat' dir='ltr'><strong>ad</strong></span> <span class='ocrx_word' id='word_1_485' title='bbox 2437 3927 2685 4006; x_wconf 88' lang='lat' dir='ltr'><strong>partem</strong></span> <span class='ocrx_word' id='word_1_486' title='bbox 2727 3925 2915 3989; x_wconf 87' lang='lat' dir='ltr'><strong>istam</strong></span> <span class='ocrx_word' id='word_1_487' title='bbox 2956 3929 3109 3990; x_wconf 88' lang='lat' dir='ltr'><strong>sunt</strong></span> <span class='ocrx_word' id='word_1_488' title='bbox 3125 3977 3146 4010; x_wconf 86' lang='lat'><strong>,</strong></span> <span class='ocrx_word' id='word_1_489' title='bbox 3198 3926 3354 3993; x_wconf 89' lang='lat' dir='ltr'><strong>satis</strong></span> <span class='ocrx_word' id='word_1_490' title='bbox 3398 3929 3866 3998; x_wconf 86' lang='lat' dir='ltr'><strong>rationabiliter</strong></span> 
     </span>
     <span class='ocr_line' id='line_1_80' title="bbox 2308 4032 2884 4113; baseline 0.007 -19"><span class='ocrx_word' id='word_1_491' title='bbox 2308 4034 2575 4113; x_wconf 87' lang='lat' dir='ltr'><strong>possunt</strong></span> <span class='ocrx_word' id='word_1_492' title='bbox 2602 4032 2884 4097; x_wconf 90' lang='lat' dir='ltr'><strong>concedi.</strong></span> 
     </span>
    </p>

    <p class='ocr_par' dir='ltr' id='par_1_16' title="bbox 2301 4138 3865 5408">
     <span class='ocr_line' id='line_1_81' title="bbox 2390 4138 3865 4223; baseline 0.006 -22"><span class='ocrx_word' id='word_1_493' title='bbox 2390 4144 2450 4202; x_wconf 78' lang='lat'><strong>1.</strong></span> <span class='ocrx_word' id='word_1_494' title='bbox 2490 4138 2591 4202; x_wconf 89' lang='lat' dir='ltr'><strong>Ad</strong></span> <span class='ocrx_word' id='word_1_495' title='bbox 2635 4139 2796 4204; x_wconf 89' lang='lat' dir='ltr'><strong>illud</strong></span> <span class='ocrx_word' id='word_1_496' title='bbox 2835 4156 2990 4205; x_wconf 85' lang='lat' dir='ltr'><strong>vero</strong></span> <span class='ocrx_word' id='word_1_497' title='bbox 3031 4138 3204 4223; x_wconf 86' lang='lat' dir='ltr'><strong>quod</strong></span> <span class='ocrx_word' id='word_1_498' title='bbox 3246 4139 3547 4223; x_wconf 83' lang='lat' dir='ltr'><strong>objicitur</strong></span> <span class='ocrx_word' id='word_1_499' title='bbox 3584 4142 3656 4207; x_wconf 93' lang='lat' dir='ltr'><strong>in</strong></span> <span class='ocrx_word' id='word_1_500' title='bbox 3705 4162 3865 4210; x_wconf 87' lang='lat' dir='ltr'><strong>con-</strong></span> 
     </span>
     <span class='ocr_line' id='line_1_82' title="bbox 2306 4246 3861 4332; baseline 0.005 -23"><span class='ocrx_word' id='word_1_501' title='bbox 2306 4247 2604 4325; x_wconf 68' lang='lat' dir='ltr'><strong>tranum,</strong></span> <span class='ocrx_word' id='word_1_502' title='bbox 2645 4246 2818 4331; x_wconf 86' lang='lat' dir='ltr'><strong>quod</strong></span> <span class='ocrx_word' id='word_1_503' title='bbox 2859 4264 3090 4332; x_wconf 88' lang='lat' dir='ltr'><strong>corpus</strong></span> <span class='ocrx_word' id='word_1_504' title='bbox 3132 4263 3263 4313; x_wconf 89' lang='lat' dir='ltr'><strong>non</strong></span> <span class='ocrx_word' id='word_1_505' title='bbox 3306 4249 3523 4315; x_wconf 87' lang='lat' dir='ltr'><strong>statim</strong></span> <span class='ocrx_word' id='word_1_506' title='bbox 3570 4251 3691 4316; x_wconf 83' lang='lat' dir='ltr'><strong>fuit</strong></span> <span class='ocrx_word' id='word_1_507' title='bbox 3735 4251 3861 4317; x_wconf 90' lang='lat' dir='ltr'><strong>im-</strong></span> 
     </span>
     <span class='ocr_line' id='line_1_83' title="bbox 2307 4352 3859 4441; baseline 0.006 -26"><span class='ocrx_word' id='word_1_508' title='bbox 2307 4352 2718 4436; x_wconf 87' lang='lat' dir='ltr'><strong>passibilitate</strong></span> <span class='ocrx_word' id='word_1_509' title='bbox 2760 4353 3074 4434; x_wconf 90' lang='lat' dir='ltr'><strong>dotatum,</strong></span> <span class='ocrx_word' id='word_1_510' title='bbox 3120 4353 3464 4420; x_wconf 84' lang='lat' dir='ltr'><strong>dicendum</strong></span> <span class='ocrx_word' id='word_1_511' title='bbox 3504 4358 3677 4441; x_wconf 89' lang='lat' dir='ltr'><strong>quod</strong></span> <span class='ocrx_word' id='word_1_512' title='bbox 3725 4378 3859 4424; x_wconf 92' lang='lat' dir='ltr'><strong>non</strong></span> 
     </span>
     <span class='ocr_line' id='line_1_84' title="bbox 2307 4459 3855 4549; baseline 0.005 -26"><span class='ocrx_word' id='word_1_513' title='bbox 2307 4463 2403 4523; x_wconf 89' lang='lat' dir='ltr'><strong>est</strong></span> <span class='ocrx_word' id='word_1_514' title='bbox 2425 4459 2666 4539; x_wconf 89' lang='lat' dir='ltr'><strong>simile,</strong></span> <span class='ocrx_word' id='word_1_515' title='bbox 2697 4460 2933 4543; x_wconf 89' lang='lat' dir='ltr'><strong>duplici</strong></span> <span class='ocrx_word' id='word_1_516' title='bbox 2969 4478 3052 4526; x_wconf 87' lang='lat' dir='ltr'><strong>ex</strong></span> <span class='ocrx_word' id='word_1_517' title='bbox 3095 4478 3288 4526; x_wconf 86' lang='lat' dir='ltr'><strong>causa</strong></span> <span class='ocrx_word' id='word_1_518' title='bbox 3319 4483 3336 4527; x_wconf 74' lang='lat' dir='ltr'><strong>t</strong></span> <span class='ocrx_word' id='word_1_519' title='bbox 3365 4461 3657 4546; x_wconf 89' lang='lat' dir='ltr'><strong>primum</strong></span> <span class='ocrx_word' id='word_1_520' title='bbox 3702 4467 3855 4549; x_wconf 83' lang='lat' dir='ltr'><strong>qui-</strong></span> 
     </span>
     <span class='ocr_line' id='line_1_85' title="bbox 2305 4565 3848 4654; baseline 0.003 -21"><span class='ocrx_word' id='word_1_521' title='bbox 2305 4565 2477 4646; x_wconf 84' lang='lat' dir='ltr'><strong>dem,</strong></span> <span class='ocrx_word' id='word_1_522' title='bbox 2518 4567 2671 4651; x_wconf 87' lang='lat' dir='ltr'><strong>quia</strong></span> <span class='ocrx_word' id='word_1_523' title='bbox 2695 4567 2913 4632; x_wconf 89' lang='lat' dir='ltr'><strong>anima</strong></span> <span class='ocrx_word' id='word_1_524' title='bbox 2952 4568 3372 4652; x_wconf 84' lang='lat' dir='ltr'><strong>propinquior</strong></span> <span class='ocrx_word' id='word_1_525' title='bbox 3412 4575 3551 4636; x_wconf 89' lang='lat' dir='ltr'><strong>erat</strong></span> <span class='ocrx_word' id='word_1_526' title='bbox 3596 4572 3848 4654; x_wconf 81' lang='lat' dir='ltr'><strong>gloriae,</strong></span> 
     </span>
     <span class='ocr_line' id='line_1_86' title="bbox 2305 4675 3851 4756; baseline 0.005 -19"><span class='ocrx_word' id='word_1_527' title='bbox 2305 4691 2501 4756; x_wconf 89' lang='lat' dir='ltr'><strong>quam</strong></span> <span class='ocrx_word' id='word_1_528' title='bbox 2530 4691 2676 4738; x_wconf 84' lang='lat' dir='ltr'><strong>caro</strong></span> <span class='ocrx_word' id='word_1_529' title='bbox 2703 4695 2718 4736; x_wconf 73' lang='grc' dir='ltr'>ε</span> <span class='ocrx_word' id='word_1_530' title='bbox 2750 4678 2888 4739; x_wconf 90' lang='lat' dir='ltr'><strong>erat</strong></span> <span class='ocrx_word' id='word_1_531' title='bbox 2920 4675 3096 4739; x_wconf 90' lang='lat' dir='ltr'><strong>enim</strong></span> <span class='ocrx_word' id='word_1_532' title='bbox 3131 4676 3314 4740; x_wconf 77' lang='lat' dir='ltr'><strong>beata</strong></span> <span class='ocrx_word' id='word_1_533' title='bbox 3339 4678 3697 4743; x_wconf 86' lang='lat' dir='ltr'><strong>secundum</strong></span> <span class='ocrx_word' id='word_1_534' title='bbox 3724 4679 3851 4744; x_wconf 88' lang='lat' dir='ltr'><strong>ali-</strong></span> 
     </span>
     <span class='ocr_line' id='line_1_87' title="bbox 2304 4780 3851 4868; baseline 0.005 -24"><span class='ocrx_word' id='word_1_535' title='bbox 2304 4799 2500 4864; x_wconf 88' lang='lat' dir='ltr'><strong>quam</strong></span> <span class='ocrx_word' id='word_1_536' title='bbox 2528 4781 2629 4844; x_wconf 92' lang='lat' dir='ltr'><strong>sui</strong></span> <span class='ocrx_word' id='word_1_537' title='bbox 2656 4785 2924 4863; x_wconf 88' lang='lat' dir='ltr'><strong>partem.</strong></span> <span class='ocrx_word' id='word_1_538' title='bbox 2956 4780 3249 4849; x_wconf 87' lang='lat' dir='ltr'><strong>Secundo</strong></span> <span class='ocrx_word' id='word_1_539' title='bbox 3279 4804 3435 4850; x_wconf 82' lang='lat' dir='ltr'><strong>vero</strong></span> <span class='ocrx_word' id='word_1_540' title='bbox 3444 4833 3467 4866; x_wconf 91' lang='lat'><strong>,</strong></span> <span class='ocrx_word' id='word_1_541' title='bbox 3497 4786 3656 4868; x_wconf 86' lang='lat' dir='ltr'><strong>quia</strong></span> <span class='ocrx_word' id='word_1_542' title='bbox 3698 4786 3851 4852; x_wconf 88' lang='lat' dir='ltr'><strong>dila·</strong></span> 
     </span>
     <span class='ocr_line' id='line_1_88' title="bbox 2303 4887 3849 4971; baseline 0.006 -21"><span class='ocrx_word' id='word_1_543' title='bbox 2303 4889 2394 4952; x_wconf 90' lang='lat' dir='ltr'><strong>tio</strong></span> <span class='ocrx_word' id='word_1_544' title='bbox 2418 4887 2937 4971; x_wconf 88' lang='lat' dir='ltr'><strong>impassibilitatis</strong></span> <span class='ocrx_word' id='word_1_545' title='bbox 2963 4890 3032 4955; x_wconf 92' lang='lat' dir='ltr'><strong>in</strong></span> <span class='ocrx_word' id='word_1_546' title='bbox 3064 4908 3254 4956; x_wconf 86' lang='lat' dir='ltr'><strong>earne</strong></span> <span class='ocrx_word' id='word_1_547' title='bbox 3295 4892 3566 4958; x_wconf 80' lang='lat' dir='ltr'><strong>faciebat</strong></span> <span class='ocrx_word' id='word_1_548' title='bbox 3593 4894 3677 4958; x_wconf 88' lang='lat' dir='ltr'><strong>ad</strong></span> <span class='ocrx_word' id='word_1_549' title='bbox 3706 4894 3849 4960; x_wconf 84' lang='lat' dir='ltr'><strong>fidei</strong></span> 
     </span>
     <span class='ocr_line' id='line_1_89' title="bbox 2303 4998 3852 5080; baseline 0.003 -19"><span class='ocrx_word' id='word_1_550' title='bbox 2303 5001 2538 5076; x_wconf 83' lang='lat' dir='ltr'><strong>nostrae</strong></span> <span class='ocrx_word' id='word_1_551' title='bbox 2581 4998 3168 5080; x_wconf 86' lang='lat' dir='ltr'><strong>confirmationem,</strong></span> <span class='ocrx_word' id='word_1_552' title='bbox 3210 4999 3503 5066; x_wconf 84' lang='lat' dir='ltr'><strong>videlicet</strong></span> <span class='ocrx_word' id='word_1_553' title='bbox 3529 5004 3606 5066; x_wconf 89' lang='lat' dir='ltr'><strong>ut</strong></span> <span class='ocrx_word' id='word_1_554' title='bbox 3634 5005 3852 5067; x_wconf 88' lang='lat' dir='ltr'><strong>osten-</strong></span> 
     </span>
     <span class='ocr_line' id='line_1_90' title="bbox 2303 5103 3849 5190; baseline 0.001 -21"><span class='ocrx_word' id='word_1_555' title='bbox 2303 5103 2562 5169; x_wconf 89' lang='lat' dir='ltr'><strong>deretur</strong></span> <span class='ocrx_word' id='word_1_556' title='bbox 2606 5103 2895 5169; x_wconf 87' lang='lat' dir='ltr'><strong>Christus</strong></span> <span class='ocrx_word' id='word_1_557' title='bbox 2934 5108 3247 5172; x_wconf 84' lang='lat' dir='ltr'><strong>veraciter</strong></span> <span class='ocrx_word' id='word_1_558' title='bbox 3289 5124 3518 5190; x_wconf 87' lang='lat' dir='ltr'><strong>passus</strong></span> <span class='ocrx_word' id='word_1_559' title='bbox 3559 5110 3627 5173; x_wconf 91' lang='lat' dir='ltr'><strong>et</strong></span> <span class='ocrx_word' id='word_1_560' title='bbox 3677 5123 3849 5173; x_wconf 89' lang='lat' dir='ltr'><strong>mor-</strong></span> 
     </span>
     <span class='ocr_line' id='line_1_91' title="bbox 2301 5209 3852 5298; baseline 0.004 -24"><span class='ocrx_word' id='word_1_561' title='bbox 2301 5212 2457 5275; x_wconf 88' lang='lat' dir='ltr'><strong>tuus</strong></span> <span class='ocrx_word' id='word_1_562' title='bbox 2497 5209 2715 5292; x_wconf 81' lang='lat' dir='ltr'><strong>fuisse,</strong></span> <span class='ocrx_word' id='word_1_563' title='bbox 2764 5228 2899 5277; x_wconf 88' lang='lat' dir='ltr'><strong>non</strong></span> <span class='ocrx_word' id='word_1_564' title='bbox 2940 5213 3032 5278; x_wconf 87' lang='lat' dir='ltr'><strong>sic</strong></span> <span class='ocrx_word' id='word_1_565' title='bbox 3067 5212 3286 5279; x_wconf 89' lang='lat' dir='ltr'><strong>dilatio</strong></span> <span class='ocrx_word' id='word_1_566' title='bbox 3332 5213 3852 5298; x_wconf 82' lang='lat' dir='ltr'><strong>impassibilitatis</strong></span> 
     </span>
     <span class='ocr_line' id='line_1_92' title="bbox 2303 5319 3851 5408; baseline 0.002 -25"><span class='ocrx_word' id='word_1_567' title='bbox 2303 5319 2373 5383; x_wconf 90' lang='lat' dir='ltr'><strong>in</strong></span> <span class='ocrx_word' id='word_1_568' title='bbox 2411 5320 2627 5383; x_wconf 84' lang='lat' dir='ltr'><strong>anima</strong></span> <span class='ocrx_word' id='word_1_569' title='bbox 2661 5341 2676 5385; x_wconf 75' lang='grc' dir='ltr'><strong><em>ε</em></strong></span> <span class='ocrx_word' id='word_1_570' title='bbox 2707 5320 2851 5386; x_wconf 91' lang='lat' dir='ltr'><strong>ideo</strong></span> <span class='ocrx_word' id='word_1_571' title='bbox 2877 5321 3089 5405; x_wconf 81' lang='lat' dir='ltr'><strong>magis</strong></span> <span class='ocrx_word' id='word_1_572' title='bbox 3113 5322 3306 5388; x_wconf 87' lang='lat' dir='ltr'><strong>dilata</strong></span> <span class='ocrx_word' id='word_1_573' title='bbox 3344 5323 3467 5387; x_wconf 77' lang='lat' dir='ltr'><strong>fuit</strong></span> <span class='ocrx_word' id='word_1_574' title='bbox 3490 5322 3851 5408; x_wconf 86' lang='lat' dir='ltr'><strong>impassibi-</strong></span> 
     </span>
    </p>
   </div>
  </div>
 </body>
</html>
