4185 6288
1539 428 1920 498 nls'rmc'r.
1986 427 2064 496 V.
3247 438 3365 498 11³

232 563 487 635 Petnuw
512 590 538 632 .-
559 594 597 635 ι
620 567 801 637 Deus
829 569 1237 660 unigenitus,
1272 568 1432 638 dum
1459 568 1931 660 conciperetur,
1963 567 2303 636 veritatem
2328 566 2545 636 carnis
2572 567 2818 659 accepit
2839 590 2923 637 ex
2948 566 3227 658 Virgine
3260 594 3277 656 ;
3312 578 3376 638 et

234 702 352 749 cum
375 689 767 773 nasceretur,
800 684 1244 776 integritatem
1270 683 1671 775 virginitatis
1694 683 1981 753 servavit
2007 682 2078 752 in
2107 691 2336 753 matre.
2360 708 2396 747 ι»
2431 684 2514 752 Et
2538 683 2738 776 paulo
2764 689 2980 777 post‘:
3006 710 3041 751 α
3067 684 3178 754 Sic
3201 685 3377 754 Deus

233 796 551 867 humanam
577 806 890 870 naturam
916 802 990 870 in
1019 802 1337 871 unitatem
1363 821 1654 894 persouae
1681 800 1986 892 suscepit,
2018 799 2198 892 quod
2216 821 2286 868 se
2303 800 2665 870 humilians
2687 823 2805 894 per
2834 800 3371 890 misericordiam,

232 912 589 1007 incorruptae
612 916 915 1008 Virginis
938 926 1202 988 uterum
1232 939 1309 987 ex
1336 940 1414 987 ea
1437 917 1808 986 nasciturus
1835 915 2159 1008 implevit.
2209 916 2517 986 Formam
2544 939 2702 1007 ergo
2728 916 2924 1002 servi,
2957 916 3026 985 id
3061 924 3158 986 est
3184 925 3374 985 natu·

232 1050 344 1097 ram
358 1033 523 1100 servi
549 1032 621 1100 in
650 1056 841 1102 suam
869 1034 1112 1127 accepit
1137 1034 1251 1103 ille
1278 1033 1453 1103 Deus
1478 1055 1847 1126 personam.
1882 1059 1917 1098 »
1953 1034 2117 1101 Item
2135 1034 2158 1068 ³
2179 1057 2194 1100 ε
2218 1059 2252 1099 α
2274 1032 2449 1102 Deus
2474 1033 2772 1103 Verbum
2801 1055 2934 1103 non
2961 1034 3204 1127 accepit
3229 1055 3377 1126 per-

231 1166 418 1215 sonam
443 1146 760 1235 hominiS,
792 1150 904 1219 sed
933 1159 1263 1221 naturam.
1295 1177 1330 1217 ιο
1362 1150 1609 1219 Item⁴2
1650 1176 1684 1215 «
1717 1149 1835 1217 Dei
1863 1148 2074 1217 Filius
2101 1149 2510 1238 unigenitus,
2542 1157 2616 1218 ut
2641 1172 2902 1219 carnem
2922 1149 3210 1220 hominis
3236 1151 3378 1221 ani·

231 1284 499 1356 mamque
520 1265 895 1355 mundaret,
916 1268 1321 1360 susceptione
1335 1266 1550 1336 carnis
1564 1265 1932 1358 animmque
1964 1266 2302 1336 rationalis
2327 1266 2704 1335 incarnatus
2730 1274 2847 1336 est.
2885 1293 2921 1331 >³
2949 1268 3071 1336 His
3097 1266 3377 1359 aliisque

229 1379 493 1468 pluribus
519 1383 1019 1452 auctoritatibus
1041 1384 1379 1454 evidenter
1396 1382 1785 1468 ostenditur,
1809 1405 1944 1451 non
1974 1390 2278 1451 naturam
2308 1404 2677 1474 personam,
2707 1405 2828 1452 nec
2858 1405 3203 1475 personam
3231 1406 3377 1476 per-

230 1514 442 1584 sonam,
469 1498 587 1568 sed
617 1521 963 1592 personam
990 1508 1294 1569 naturam
1340 1498 1676 1591 recepisse.
1731 1498 1823 1566 De
1876 1505 2115 1591 quarto
2174 1520 2331 1567 vero
2381 1499 2764 1591 quaestionis
2815 1499 3117 1587 articulo,
3150 1507 3378 1568 utrum

229 1612 433 1683 scilicet
457 1623 703 1685 natura
729 1626 1036 1687 naturam
1062 1617 1511 1709 assumpserit,
1542 1615 1929 1708 scrupulosa
1955 1616 2153 1685 etiam
2183 1616 2356 1685 inter
2380 1615 2601 1686 doctos
2637 1615 2915 1708 quaestio
2956 1623 3084 1704 est3
3129 1615 3290 1708 quia
3313 1622 3379 1684 et

230 1726 286 1795 in
307 1728 413 1799 hoc
434 1732 808 1824 plurimum
835 1733 1179 1803 dissentire
1207 1731 1544 1818 videntur,
1574 1732 1693 1825 qui
1720 1733 2105 1801 auctoritate
2131 1730 2425 1824 praeclari
2450 1731 2729 1823 aliisque
2756 1731 3075 1801 doctiores
3103 1731 3172 1800 in
3198 1754 3380 1801 sacra

229 1846 428 1933 pagina
443 1849 829 1918 extiterunt.
851 1849 985 1919 Nec
998 1858 1256 1919 tantum
1275 1849 1389 1918 alii
1404 1849 1487 1918 ab
1502 1849 1679 1935 aliis,
1700 1871 1931 1917 verum
1952 1849 2149 1918 etiam
2172 1848 2372 1917 iidem
2391 1871 2431 1917 a
2452 1849 2680 1939 seipsis
2698 1849 3030 1918 dissonare
3040 1849 3375 1936 videntur,

230 1960 366 2030 sicut
385 1964 673 2055 subjecta
696 1966 985 2059 capitula
1009 1966 1267 2036 docent.
1298 1964 1570 2055 Legitur
1611 1964 1890 2034 enimin
1936 1965 2229 2034 Concilio
2281 1965 2599 2034 Toletano
2623 1972 2804 2034 sexto
2844 1965 3160 2034 traditum
3185 1966 3278 2034 sic
3297 1969 3319 2002 ⁸
3357 1990 3372 2032 ε

238 2104 266 2142 ι
283 2077 489 2148 Solum
517 2081 817 2150 Verbum
845 2104 996 2150 caro
1021 2082 1272 2151 factum
1295 2088 1414 2169 est,
1449 2089 1513 2149 et
1539 2080 1860 2150 habitavit
1885 2083 1957 2149 iu
1988 2081 2179 2150 nobis
2212 2107 2228 2150 ι
2261 2090 2502 2151 etcum
2530 2089 2666 2150 tota
2691 2082 2979 2150 Trinitas
3006 2092 3270 2174 operata
3297 2082 3382 2152 sit

230 2191 649 2266 formationem
675 2199 958 2291 suscepti
985 2197 1298 2284 hominiS,
1333 2198 1650 2290 quoniam
1668 2197 2132 2291 inseparabilia
2148 2207 2303 2267 sunt
2316 2220 2513 2290 opera
2540 2196 2915 2283 Trinitatis3
2949 2198 3129 2267 solus
3157 2208 3381 2268 tamen

234 2306 404 2379 Filius
418 2314 661 2406 accepit
683 2312 1020 2383 hominem
1041 2314 1109 2382 in
1132 2314 1656 2403 singularitatem
1679 2316 1768 2406 (a)
1790 2337 2109 2408 personas,
2140 2338 2276 2383 non
2304 2316 2374 2382 in
2405 2300 2726 2383 unitatem
2743 2314 2822 2405 (b)
2843 2314 3085 2385 divinae
3101 2324 3376 2404 naturae,

236 2423 289 2491 id
308 2437 410 2514 est,
435 2429 611 2521 quod
627 2428 706 2522 (c)
723 2438 823 2499 aet
848 2431 1189 2522 proprium
1216 2430 1400 2517 Filii,
1429 2454 1565 2500 non
1594 2431 1774 2523 quod
1824 2453 2176 2500 commune
2213 2440 2310 2500 est
2350 2430 2679 2500 Trinitati.
2718 2457 2756 2495 »
2798 2431 2959 2500 Item
2988 2430 3060 2498 in
3088 2430 3379 2500 Concilio

240 2542 542 2614 undecimo
563 2546 881 2615 Toletano
909 2554 962 2613 ⁸:
985 2573 1020 2613 ι(
1052 2547 1267 2616 Unius
1292 2548 1670 2616 substantias
1696 2548 2024 2617 credimus
2051 2548 2262 2617 Deum
2288 2548 2550 2618 Patrem
2573 2557 2638 2617 et
2662 2547 2936 2634 Filium,
2965 2556 3029 2617 et
3057 2546 3379 2641 Spiritum

241 2667 488 2729 sanctum
521 2688 540 2747 ;
571 2686 707 2733 non
735 2671 956 2732 tamen
984 2663 1264 2732 dicimus
1299 2672 1378 2733 ut
1401 2662 1605 2756 hujus
1656 2664 1966 2733 trinitatis
2017 2665 2341 2734 unitatem
2402 2664 2608 2733 Maria
2652 2665 2842 2753 virgo
2868 2663 3171 2752 genuerit
3202 2690 3219 2750 ;
3267 2665 3380 2733 sed

244 2780 451 2846 tantum
474 2778 750 2867 Filium,
786 2779 907 2872 qui
944 2779 1125 2848 solus
1171 2787 1479 2849 naturam
1505 2786 1796 2849 nostram
1832 2779 1904 2848 in
1959 2781 2280 2850 unitatem
2340 2779 2425 2872 (d)
2480 2802 2770 2872 personae
2824 2802 2959 2850 suae
3001 2780 3374 2872 assumpsit.

246 2888 713 2963 Ineamationem
742 2918 1010 2987 quoque
1037 2894 1241 2986 hujus
1281 2895 1437 2964 Filii
1464 2895 1583 2965 Dei
1625 2904 1760 2965 tota
1790 2896 2079 2966 Trinitas
2117 2905 2382 2989 operata
2419 2920 2556 2967 esse
2583 2899 2655 2989 (e)
2678 2897 3001 2968 credenda
3027 2904 3123 2966 est
3153 2922 3170 2966 ε
3200 2897 3381 2966 solus

247 3011 635 3082 tamenFilius
651 3013 933 3081 formam
956 3012 1129 3081 servi
1154 3013 1398 3105 accepit
1423 3012 1495 3081 in
1519 3012 2042 3103 singularitatem
2071 3014 2159 3104 (f)
2186 3036 2498 3103 personae.
2527 3040 2563 3079 ι)
2598 3014 2719 3083 His
2737 3014 3061 3083 insinuari
3092 3013 3376 3102 videtur,

244 3126 380 3214 quod
403 3151 674 3220 persona
697 3136 962 3199 tantum
990 3137 1324 3215 naturam,
1361 3152 1498 3199 non
1542 3138 1775 3222 natura
1815 3138 2123 3200 naturam
2168 3131 2592 3224 assumpserit
2626 3158 2643 3199 τ
2693 3132 2747 3201 si
2781 3131 2956 3201 enim
2984 3129 3163 3229 quod
3189 3154 3381 3202 com-

242 3258 402 3312 mune
425 3251 523 3313 est
545 3246 879 3333 Trinitati,
911 3268 1045 3316 non
1074 3248 1319 3338 accepit
1346 3246 1723 3334 hominem3
1773 3271 1929 3338 ergo
1987 3271 2121 3317 uon
2170 3257 2410 3319 natura
2436 3249 2685 3338 diviua,
2717 3272 2864 3342 quae
2890 3250 3261 3318 communis
3287 3258 3383 3317 est

243 3358 412 3428 tribus
429 3364 740 3454 personis.
773 3363 892 3434 Cui
922 3363 1183 3434 videtur
1209 3364 1476 3433 obviare
1515 3363 1694 3457 quod
1724 3364 2173 3453 Augustinus⁷
2200 3366 2292 3434 ait
2326 3366 2396 3434 in
2441 3365 2613 3435 libro
2641 3363 2723 3434 de
2748 3364 2913 3435 Fide
2939 3364 3033 3435 ad
3055 3366 3325 3436 Petrum
3359 3391 3375 3433 ε

249 3499 275 3536 ιι
296 3472 406 3545 Nec
419 3478 725 3549 divinitas
755 3481 1003 3571 inquit,
1025 3480 1275 3550 Christi
1297 3480 1514 3549 aliena
1539 3488 1636 3548 est
1669 3504 1709 3549 a
1734 3489 1971 3549 natura
1995 3481 2236 3567 Patris,
2269 3482 2632 3551 secundum
2656 3482 2826 3551 illud
2842 3488 2865 3522 ⁸
2894 3485 3013 3552 :In
3047 3483 3378 3574 principio

245 3606 357 3659 erat
387 3595 682 3680 Verbwm·
706 3618 826 3665 uec
848 3595 1228 3692 humanitas
1246 3596 1389 3688 ejus
1401 3597 1618 3666 aliena
1641 3605 1737 3666 est
1762 3606 2057 3668 anatura
2086 3599 2338 3684 matris,
2368 3600 2730 3667 secundum
2757 3599 2825 3667 id
2852 3599 3066 3692 quod·
3108 3599 3380 3668 Verbum

245 3712 634 3801 rarefactum
664 3725 785 3781 est.
811 3712 937 3781 Illa
960 3713 1139 3781 euim
1166 3722 1431 3801 natura,
1460 3737 1612 3807 quae
1638 3737 1896 3808 semper
1917 3715 2142 3804 genita
2158 3724 2379 3784 manet
2405 3738 2483 3783 ex
2513 3715 2732 3801 Patre,
2755 3724 3060 3784 naturam
3090 3725 3380 3785 nostram

246 3823 353 3893 siue
374 3837 616 3918 peccato
647 3830 953 3921 suscepit,
986 3840 1062 3898 ut
1105 3838 1482 3900 nasceretur
1509 3854 1589 3899 ex
1640 3832 1941 3922 Virgine.
1975 3858 2012 3898 ι)
2069 3832 2207 3900 Hac
2258 3832 2642 3901 auctoritate
2685 3831 2949 3901 videtur
2978 3832 3169 3919 tradi,
3200 3834 3380 3926 quod

248 3937 431 4012 divina
449 3955 679 4015 natura
699 3945 1062 4015 humanam
1090 3947 1394 4039 suscepit.
1427 3946 1556 4017 Ubi
1584 3948 2006 4018 vehementer
2031 3949 2281 4018 moveri
2309 3969 2682 4039 possumus,
2710 3947 2890 4041 quod
2909 3971 3055 4018 eam
3089 3950 3378 4038 genitam

250 4061 586 4130 eternaliter
611 4085 696 4131 ex
721 4061 916 4130 Patre
957 4062 1140 4150 dicit,
1188 4063 1317 4131 nisi
1360 4064 1527 4133 forte
1573 4076 1812 4134 natura
1864 4087 1984 4157 pro
2036 4087 2313 4158 persona
2365 4064 2472 4134 hic
2516 4063 2875 4157 accipiatur
2905 4090 2922 4133 ε
2955 4065 3281 4158 alioquin,
3322 4066 3380 4135 si

249 4169 556 4247 dixerimus
607 4187 916 4247 naturam
975 4178 1187 4247 tribus
1235 4179 1530 4271 personis
1591 4203 2010 4253 communem
2059 4182 2350 4272 genitam
2421 4204 2590 4268 esse,
2646 4190 3001 4251 occurrunt
3053 4182 3245 4250 nobis
3298 4205 3380 4251 ex

249 4287 496 4381 adverso,
524 4316 669 4387 quae
691 4295 764 4363 in
791 4302 1070 4363 tractatu
1097 4294 1179 4364 de
1196 4296 1517 4366 Trinitate
1536 4296 1970 4366 disseruimus
1991 4298 2063 4385 ⁶⁰,
2096 4298 2211 4368 ubi
2236 4298 2529 4368 diximus
2558 4321 2692 4367 non
2715 4306 3020 4366 naturam
3043 4306 3377 4387 naturam,

248 4405 336 4472 sed
357 4431 677 4498 personam
705 4432 1050 4503 personam
1077 4412 1382 4501 genuisse
1404 4438 1423 4499 ;
1455 4413 1611 4505 quia
1638 4413 1695 4482 si
1717 4422 1956 4483 natura
1972 4417 2306 4501 genuisset
2334 4424 2665 4503 naturam,
2683 4438 2836 4484 cum
2860 4439 2994 4484 una
3019 4413 3380 4507 eademque

247 4519 316 4586 sit
333 4534 543 4596 natura
565 4525 932 4612 Trinitatis,
970 4519 1194 4596 eadem
1224 4551 1327 4597 res
1354 4529 1633 4622 seipsam
1661 4531 2030 4620 genuisset:
2062 4532 2240 4625 quod
2265 4533 2735 4622 Augustinus¹¹
2765 4530 2914 4600 fieri
2941 4554 3125 4623 posse
3154 4540 3373 4620 negat.

247 4632 353 4707 Sed
369 4642 508 4711 alibi
531 4652 786 4715 certum
813 4644 1178 4736 reperimus
1205 4647 1700 4734 documentum,
1731 4671 1866 4740 quo
1885 4656 2125 4717 natura
2151 4656 2457 4718 naturam
2485 4647 2906 4740 assumpsisse
2932 4653 3376 4733 monstratur3

245 4751 318 4819 ait
332 4757 483 4827 enim
504 4759 922 4850 Augustinus
945 4759 1016 4828 in
1036 4760 1207 4830 libro
1222 4763 1437 4854 primo
1451 4761 1534 4831 de
1555 4763 1930 4833 Trinitate⁸¹
1952 4789 1966 4833 ε
1983 4764 2242 4833 «Etiam
2261 4765 2470 4856 seipso
2489 4747 2789 4833 Christus
2808 4764 3016 4832 factus
3041 4773 3138 4831 est
3163 4763 3383 4834 minor

245 4865 477 4944 formam
501 4878 672 4946 servi
700 4876 1046 4969 accipiens.
1074 4876 1304 4971 Neque
1331 4880 1509 4948 enim
1535 4880 1627 4949 sic
1653 4880 1899 4974 accepit
1926 4872 2207 4950 formam
2237 4883 2437 4969 servi,
2465 4889 2543 4950 ut
2569 4881 2895 4949 amitteret
2920 4880 3202 4948 formam
3229 4879 3376 4969 Dei,

246 4981 304 5052 in
324 5011 432 5079 qua
452 5003 587 5062 erat
610 4993 885 5084 aequalis
911 4993 1093 5063 Patri
1123 5019 1140 5062 x
1171 4994 1346 5064 utin
1374 4996 1587 5065 forma
1614 4997 1813 5083 servi,
1860 5006 1924 5066 et
1960 4998 2031 5065 in
2078 4997 2296 5067 forma
2338 4997 2456 5067 Dei
2496 4997 2668 5065 idem
2704 4997 2843 5089 ipse
2887 4996 2972 5064 sit
2998 4995 3383 5085 unigenitus

298 5177 312 5210 ¹
331 5179 419 5231 lmo
439 5185 599 5250 Futg.,
623 5182 687 5234 de
702 5182 828 5235 Fide
844 5182 1080 5248 adPetr„
1101 5200 1148 5235 c.
1167 5197 1227 5249 ιι,
1249 5199 1303 5235 ιι.
1320 5189 1456 5237 17.-
1480 5187 1503 5222 ²
1521 5187 1672 5249 leid„
1693 5191 1840 5240 n.18.
1861 5214 1922 5225 —-
1939 5188 1963 5223 ⁸
1984 5186 2135 5250 thid„
2152 5198 2348 5245 e.xv11,
2364 5199 2418 5235 n.
2438 5186 2610 5236 soe-⁸
2631 5184 2778 5245 thid..
2799 5199 2847 5235 c.
2872 5198 2931 5249 ιι,
2954 5199 3008 5235 ιι.
3025 5189 3168 5236 17.-
3185 5190 3203 5219 ⁸
3218 5189 3379 5244 Cone.

243 5246 572 5320 ‘folet-,msive
597 5258 720 5308 anni
739 5258 851 5320 638,
877 5270 923 5309 c.
955 5269 1058 5312 1,-
1078 5258 1101 5291 ⁸
1128 5258 1289 5309 Cone.
1310 5259 1472 5309 Tolet.
1497 5270 1572 5311 xi.
1601 5260 1709 5310 sive
1737 5260 1859 5310 anni
1881 5263 1992 5322 675,
2013 5260 2221 5309 Praef.-
2237 5258 2260 5294 ⁷
2275 5260 2383 5308 tmo
2406 5256 2571 5322 Fulg,
2590 5257 2650 5306 de
2669 5256 2794 5307 Fide
2810 5256 3046 5321 adPetr.,
3066 5270 3185 5309 c.11.
3214 5273 3267 5313 n.
3300 5265 3380 5313 ¹4.

243 5321 457 5394 -Umn,
481 5342 518 5393 1,
551 5335 659 5382 1.-
679 5328 872 5392 Heia,
901 5331 1046 5380 ss.-
1068 5329 1112 5365 ¹⁶
1139 5330 1247 5380 Lib.
1280 5331 1321 5390 1.
1352 5330 1453 5381 dist
1475 5342 1590 5380 v.—
1615 5332 1655 5368 ¹¹
1684 5334 1837 5397 Aug„
1859 5331 1927 5381 da
1957 5331 2163 5395 Trinit„
2189 5331 2280 5381 lib.
2313 5333 2354 5394 l,
2383 5345 2429 5380 c.
2452 5342 2492 5391 1,
2510 5343 2565 5379 n.
2590 5335 2699 5379 1.-
2729 5328 2997 5388 ¹⁸Ibid.,c.
3018 5341 3178 5394 V11,n.
3207 5334 3283 5382 14.
3308 5334 3381 5384 De

244 5388 325 5443 hoc
348 5398 472 5451 etiam
499 5417 542 5453 c.
571 5413 627 5453 11
649 5404 702 5453 et
726 5414 837 5467 seq.
872 5427 925 5436 —
950 5400 1022 5464 (a)
1052 5400 1199 5453 conc.
1233 5399 1406 5463 labb„
1434 5400 1868 5468 singularitate.--
1893 5401 1958 5465 (ὁ)
1991 5400 2141 5465 leid„
2169 5402 2445 5453 unitate.-
2471 5401 2532 5464 (c)
2559 5399 2710 5464 thid„
2737 5404 2966 5465 naturae,
2999 5400 3124 5451 inid
3160 5403 3384 5466 quod.-

248 5462 303 5525 (ἀ)
328 5465 447 5534 ἰδία..
472 5475 673 5528 unitate.
701 5500 767 5513 —
788 5474 849 5539 (e)
880 5471 1032 5531 leid..
1059 5486 1318 5536 operasse.
1339 5499 1404 5514 -
1431 5475 1499 5538 (s)
1522 5472 1675 5538 thid„
1702 5474 2069 5540 singularitate.

472 5581 756 5632 ΜΝ.
3020 5567 3060 5626 8
