4185 6288
1194 468 1652 563 n1sr.5xx111.
1697 466 1879 544 Aa'r.
1926 477 2005 543 ιι.
2051 474 2349 557 QUAEST.
2397 478 2446 543 1.

240 614 333 680 sed
356 633 489 680 non
516 621 611 682 est
647 616 1005 700 theologica
1022 666 1041 698 ‚
1079 636 1228 683 cum
1257 634 1389 681 non
1434 614 1650 679 tendat
1688 613 1757 676 in

241 718 451 802 Deum;
484 741 611 788 non
649 726 746 788 est
769 724 1128 801 cardinalis,
1159 741 1311 789 cum
1332 739 1463 787 non
1489 722 1574 784 sit
1594 719 1761 784 circa

240 826 465 893 bonum
515 834 839 895 creatum:
889 849 1047 913 ergo
1086 848 1218 896 non
1263 833 1359 896 est
1403 828 1473 891 in
1521 845 1760 908 genere

238 934 500 1001 virtutis.

305 1048 363 1109 4.
394 1043 576 1122 Item,
603 1044 862 1128 quando
885 1063 1059 1113 unus
1075 1044 1416 1112 haereticus
1435 1041 1632 1108 credit
1655 1041 1762 1107 de-

238 1167 363 1213 cem
387 1149 689 1216 articulos
712 1151 888 1232 fidei,
918 1155 981 1217 et
1005 1152 1161 1219 alios
1181 1150 1497 1232 discredit,
1528 1167 1763 1233 quam-

236 1256 325 1321 vis
361 1257 454 1321 illi
490 1258 745 1324 articuli
779 1258 909 1324 sint
947 1279 1145 1344 supra
1179 1260 1520 1338 rationem,
1547 1261 1765 1322 tamen

235 1363 378 1428 fides
389 1411 413 1445 ,
459 1381 589 1448 qua
635 1365 835 1431 credit
873 1367 1016 1434 illos
1032 1415 1051 1446 ‚
1092 1386 1224 1435 non
1268 1365 1506 1434 dicitur
1558 1366 1766 1431 virtus

236 1490 359 1538 esse
389 1494 406 1538 ε
436 1490 594 1555 ergo
619 1475 671 1539 si
690 1474 912 1541 eadem
939 1475 1087 1555 fide,
1112 1494 1244 1559 qua
1271 1476 1622 1542 creduntur
1646 1475 1765 1538 de-

237 1598 364 1644 cem
404 1580 686 1659 articuli,
715 1585 981 1666 possunt
1004 1586 1068 1647 et
1098 1600 1320 1648 omnes
1351 1581 1553 1662 credi,
1584 1581 1763 1647 vide·

236 1692 335 1755 tur
368 1688 538 1772 quod
582 1689 741 1754 fides
771 1689 1061 1755 informis
1092 1690 1162 1754 in
1188 1689 1375 1754 malis
1398 1687 1766 1754 Christianis

234 1796 404 1862 nullo
428 1798 618 1863 modo
640 1801 848 1865 teneat
873 1799 1187 1865 rationem
1215 1797 1493 1864 virtutis.

315 1909 373 1970 5.
414 1904 575 1971 Item
617 1924 770 1973 cum
805 1906 1154 1990 discipulus
1194 1906 1393 1971 credit
1418 1910 1482 1970 et
1505 1905 1769 1972 assentit

234 2012 535 2094 magistro
571 2014 644 2077 in
683 2013 814 2095 his,
844 2031 992 2096 quae
1033 2012 1151 2077 sibi
1182 2030 1316 2079 non
1352 2012 1676 2089 videntur,
1704 2013 1769 2076 et

231 2123 375 2184 sunt
411 2137 611 2204 supra
645 2138 839 2186 suum
869 2119 1262 2186 intellectum
1288 2167 1307 2200 ,
1340 2117 1636 2202 quamvis
1662 2137 1767 2183 as·

232 2226 451 2292 sentiat
498 2227 569 2292 in
605 2228 729 2308 his,
760 2245 910 2312 qum
942 2232 1096 2294 sunt
1129 2246 1327 2311 supra
1362 2245 1462 2306 se,
1496 2245 1629 2291 non
1667 2228 1768 2289 ta-

234 2351 375 2399 men
401 2334 512 2399 illa
539 2334 876 2402 credulitas
911 2335 1147 2403 dicitur
1171 2354 1308 2402 esse
1337 2334 1582 2400 virtus:
1610 2349 1768 2414 ergo

234 2441 368 2524 pari
408 2443 658 2509 ratione
696 2443 952 2509 videtur
968 2490 987 2522 ‚
1017 2443 1190 2527 quod
1214 2443 1411 2508 homo
1445 2459 1577 2506 non
1603 2440 1770 2504 indi-

235 2553 382 2630 geat
406 2549 624 2634 aliqua
642 2550 883 2615 virtute
908 2551 990 2617 ad
1016 2551 1161 2631 hoc,
1191 2550 1364 2634 quod
1382 2550 1514 2632 ipse
1541 2548 1769 2632 primae

230 2655 479 2721 veritati
510 2657 808 2723 assentiat
852 2680 868 2724 ι
912 2656 1023 2722 sed
1060 2656 1220 2721 fides
1262 2656 1554 2721 informis
1605 2654 1771 2720 nihil

223 2763 392 2829 aliud
426 2764 576 2830 facit
589 2812 608 2844 ,
638 2765 762 2830 nisi
796 2765 970 2849 quod
1014 2764 1170 2831 tacit
1203 2764 1511 2830 assentire
1545 2763 1773 2846 primae

228 2875 477 2940 veritati
520 2878 779 2959 propter
824 2893 895 2940 se
913 2922 932 2954 ,
979 2877 1043 2939 et
1085 2891 1279 2956 super
1320 2872 1531 2938 omnia
1563 2889 1581 2935 ε
1615 2890 1773 2955 ergo

231 2982 486 3049 videtur
527 2981 700 3065 quod
732 2981 893 3050 fides
935 2980 1227 3046 informis
1256 2998 1390 3045 non
1429 2979 1513 3044 sit
1536 2979 1769 3045 virtus.

774 3192 1225 3262 CONCLUSIO.

231 3334 388 3393 Fides
418 3333 673 3403 intumis
717 3335 795 3389 ost
836 3333 900 3387 in
941 3345 1130 3402 aena-e
1165 3331 1432 3399 viv-mis,
1491 3328 1775 3385 secundum

300 3422 444 3496 quod
474 3424 653 3480 virtus
683 3421 818 3477 dicit
843 3420 1091 3476 habitum
1113 3420 1499 3490 notificantem
1539 3422 1593 3474 et
1617 3419 1774 3488 viqu-

297 3516 513 3570 mntem
552 3512 861 3585 potentiam
887 3527 908 3578 ,·
947 3524 1055 3565 non
1090 3512 1268 3565 autem
1310 3511 1376 3563 ut
1421 3509 1641 3579 capitur
1672 3521 1776 3579 pro

296 3605 502 3659 virtute
527 3600 810 3657 meritoria
835 3600 1107 3670 qratuita.

309 3740 498 3824 Resp.
524 3740 626 3804 Ad
651 3757 795 3820 arg.
819 3736 1171 3804 Dicendum
1197 3736 1368 3818 quod
1396 3735 1605 3800 virtus
1649 3734 1778 3798 du-

225 3848 478 3932 pliciter
518 3846 852 3911 consuevit
890 3843 1112 3927 accipi,
1151 3861 1302 3908 cum
1343 3842 1614 3910 dicimus
1659 3841 1781 3905 ali-

224 3973 427 4041 quem
442 3954 738 4022 hahitum
770 3971 907 4019 esse
927 3951 1238 4020 virtutem
1273 3972 1290 4016 ε
1319 3950 1573 4034 proprie
1599 3949 1780 4014 vide-

220 4063 396 4144 licet,
428 4067 493 4128 et
514 4059 964 4129 communiter.
998 4058 1265 4143 Proprie
1308 4074 1588 4139 namque
1614 4054 1782 4120 dici-

222 4175 338 4235 tur
363 4172 579 4238 virtus
606 4173 778 4237 recta
822 4167 988 4238 ratio
1017 4166 1378 4252 perducens
1414 4164 1486 4229 in
1528 4165 1726 4229 finem
1760 4185 1775 4227 ε

223 4283 294 4343 et
331 4279 460 4344 hoc
511 4278 702 4344 modo
745 4276 954 4343 virtus
993 4279 1088 4341 est
1133 4272 1520 4357 principium
1575 4272 1785 4356 operis

223 4386 545 4453 meritorii
572 4405 590 4451 ε
621 4391 686 4452 et
716 4384 944 4451 dicitur
984 4382 1390 4448 solummodo
1432 4381 1510 4446 de
1554 4381 1785 4446 habitu
1844 4435 1851 4447 .

223 4495 449 4578 gratia
473 4493 838 4569 informato,
848 4493 986 4557 sine
1001 4508 1132 4574 quo
1166 4507 1297 4554 non
1314 4488 1629 4569 contingit
1644 4506 1784 4572 per·

221 4602 458 4670 venire
482 4600 564 4667 ad
603 4601 801 4666 finem
827 4597 1080 4683 gloriae.
1115 4596 1260 4664 Alio
1306 4594 1499 4660 modo
1552 4594 1787 4662 dicitur

220 4712 447 4776 virtus
473 4706 901 4773 communiter
923 4704 1179 4769 babitus
1197 4703 1542 4768 rectificans
1567 4705 1787 4785 poten-

218 4818 391 4883 tiam
421 4816 636 4901 aliqua
661 4813 1037 4883 rectitudine
1066 4811 1358 4896 justitiae,
1392 4812 1458 4876 et
1476 4808 1787 4892 vigorans

216 4944 382 4998 eam
410 4925 578 4990 circa
593 4939 756 5007 opus
772 4919 1050 4997 difficile,
1079 4917 1379 5004 quamvis
1399 4934 1533 4981 non
1561 4916 1788 5002 perdu-

215 5037 336 5099 cat
358 5051 507 5098 eam
527 5032 599 5097 in
618 5031 814 5096 finem
834 5028 918 5108 (a)
939 5048 956 5106 ;
976 5029 1040 5091 et
1058 5025 1181 5091 hoc
1205 5025 1401 5092 modo
1421 5024 1786 5108 accipiendo

215 5140 567 5217 virtutem,
593 5137 849 5204 habitus
874 5133 1115 5220 politici
1137 5133 1443 5200 informes
1470 5130 1780 5198 dicuntur

211 5266 373 5314 esse
388 5231 659 5313 virtutes
681 5265 698 5309 ε
723 5243 846 5310 hoc
870 5241 1060 5307 etiam
1081 5240 1269 5304 modo
1292 5240 1448 5303 fides
1466 5237 1781 5321 informis,

206 5372 382 5441 quae
410 5353 671 5437 quidem
705 5353 800 5417 est
841 5346 1125 5438 iumalis
1151 5343 1551 5424 Christianis,
1591 5344 1785 5409 habet

211 5526 229 5539 .
285 5483 370 5547 (a)
402 5478 544 5535 Edit.
578 5476 689 5526 Ven.
720 5475 840 5528 ¹753
860 5507 880 5537 ‚
912 5471 1036 5523 fine.
1521 5471 1522 5474 ’

1872 631 2008 677 esse
2033 614 2101 677 in
2133 632 2371 695 genere
2397 613 2695 681 virtutis:
2728 633 2843 697 per
2877 615 3057 681 illum
3089 616 3261 681 enim
3291 619 3407 685 ba-

1868 720 2078 785 bitum
2106 722 2386 804 quodam
2412 721 2603 786 modo
2639 722 3022 787 rectificatur
3048 723 3405 791 intellectus

1869 830 2152 894 hominis
2172 880 2189 910 ,
2257 832 2412 896 dum
2470 830 2823 913 captivatur
2859 889 2864 895 .
2897 830 2964 896 in
3022 832 3402 916 obsequium

1872 933 2100 1002 Christi
2124 937 2203 1002 ad
2230 939 2699 1003 assentiendum
2716 937 2945 1020 primae
2961 939 3210 1003 veritati
3230 960 3413 1026 prop-

1873 1049 1970 1109 ter
1996 1063 2086 1125 se,
2118 1048 2183 1110 et
2215 1064 2408 1130 super
2447 1045 2684 1111 omnia.
2716 1044 3062 1127 Vigoratur
3106 1048 3300 1111 etiam
3342 1054 3415 1115 ut

1874 1153 2088 1218 credat
2111 1171 2267 1218 vera
2292 1171 2425 1218 non
2450 1152 2843 1237 apparentia,
2875 1157 2950 1219 ut
2959 1154 3120 1220 vitet
3143 1173 3415 1221 erronea

1873 1264 1939 1324 et
1963 1260 2377 1342 phantastica,
2390 1262 2559 1326 sicut
2582 1266 2845 1345 apparet
2870 1261 2941 1326 in
2965 1263 3187 1328 multis
3206 1261 3413 1328 Chris-

1873 1368 2064 1433 tianis
2101 1369 2464 1433 carentibus
2509 1368 2836 1456 charitate,
2881 1370 2996 1451 qui
3038 1370 3311 1435 libenter
3353 1374 3418 1435 et

1873 1476 2203 1543 humiliter
2249 1477 2526 1542 audiunt
2549 1477 2745 1541 verba
2769 1478 3113 1560 spectantia
3139 1479 3219 1543 ad
3259 1480 3415 1544 doc-

1875 1586 2114 1649 trinam
2157 1586 2330 1664 fldei‚
2360 1590 2425 1650 et
2449 1590 2830 1665 constanter,
2882 1589 2945 1650 et
2985 1586 3254 1651 viriliter
3300 1588 3412 1653 ab·

1876 1694 2138 1758 horrent
2181 1694 2546 1759 haereticam
2580 1695 2983 1777 pravitatem.
3014 1693 3093 1758 Et
3138 1695 3231 1759 sic
3258 1714 3417 1760 con-

1876 1802 2013 1867 cedi
2032 1805 2237 1885 potest
2261 1801 2430 1884 quod
2454 1802 2612 1867 fides
2636 1801 2927 1865 informis
2952 1801 3036 1865 sit
3068 1802 3137 1864 in
3183 1820 3420 1883 genere

1875 1909 2158 1987 virtutis,
2188 1908 2542 1974 secundum
2569 1909 2741 1991 quod
2769 1926 3008 1972 nomen
3026 1908 3280 1973 virtutis
3306 1928 3421 1974 ac-

1877 2017 2112 2101 cipitur
2139 2018 2341 2100 large,
2368 2022 2432 2083 et
2458 2017 2823 2082 extenditur
2849 2017 2929 2081 ad
2958 2016 3251 2081 habitum
3278 2035 3420 2082 rec-

1875 2125 2227 2189 tiflcantem
2266 2130 2329 2189 et
2373 2126 2780 2207 vigorantem
2827 2124 3173 2207 potentiam
3207 2124 3275 2187 in
3318 2123 3422 2187 his

1877 2232 2146 2309 actibu5‚
2185 2231 2354 2296 circa
2381 2251 2544 2315 quos
2570 2231 2852 2296 consistit
2874 2230 2980 2295 via
3024 2231 3313 2312 Justitiae.
3343 2228 3423 2293 Et

1877 2338 2031 2420 quia
2056 2339 2178 2403 hoc
2220 2338 2409 2404 modo
2446 2338 2796 2421 procedunt
2833 2338 3109 2401 rationes
3148 2337 3228 2400 ad
3270 2355 3419 2420 par-

1879 2452 2009 2511 tem
2036 2446 2335 2529 primam,
2366 2446 2509 2510 ideo
2536 2444 2952 2511 concedendae
2985 2448 3162 2509 sunt.

1961 2560 2021 2618 1.
2052 2554 2150 2618 Ad
2176 2553 2333 2618 illud
2360 2552 2531 2635 quod
2558 2538 2877 2634 objicitur,
2913 2552 3082 2635 quod
3101 2553 3258 2616 fides
3280 2552 3419 2618 sine

1880 2662 2177 2744 operibus
2222 2664 2477 2726 mortua
2529 2664 2647 2739 est,
2676 2658 3015 2725 dicendum
3061 2660 3233 2742 quod
3284 2677 3420 2724 non

1880 2768 2113 2832 dicitur
2139 2771 2416 2846 mortua,
2448 2767 2599 2852 quia
2620 2772 2832 2832 careat
2858 2767 3034 2831 omni
3065 2767 3332 2831 utilitate
3359 2768 3424 2833 et

1881 2875 2184 2955 efficacia,
2215 2876 2323 2941 sed
2358 2875 2511 2953 quia
2537 2877 2710 2940 caret
2761 2875 2894 2940 vita
2926 2874 3227 2955 gratuita,
3273 2892 3422 2957 quae

1880 2988 1974 3049 est
2002 2984 2137 3049 vita
2163 2985 2436 3067 perfecta
2468 3002 2482 3045 ε
2516 2988 2579 3048 et
2610 2983 2752 3048 ideo
2774 2999 2858 3047 ex
2895 2982 3020 3046 hoc
3044 3000 3175 3046 non
3221 2982 3426 3063 potest

1883 3092 2175 3159 concludi
2202 3093 2373 3177 quod
2396 3111 2529 3157 non
2557 3092 2640 3157 sit
2663 3090 3030 3175 simpliciter
3061 3090 3289 3169 virtus,
3315 3088 3425 3155 sed

1883 3200 2052 3282 quod
2081 3218 2214 3265 non
2236 3200 2319 3264 sit
2344 3199 2552 3263 virtus
2578 3198 2834 3282 proprie
2862 3195 3048 3262 dicta.

1964 3314 2024 3373 2.
2055 3307 2155 3372 Ad
2175 3307 2334 3372 illud
2358 3306 2531 3389 quod
2557 3304 2882 3387 objicitur,
2909 3304 3083 3387 quod
3110 3304 3315 3369 virtus
3333 3308 3429 3371 est

1886 3415 2164 3498 qualitas
2192 3415 2363 3478 bona
2402 3414 2654 3494 mentis,
2685 3417 2833 3491 etc„
2870 3411 3210 3477 dicendum
3255 3412 3429 3494 quod

1883 3523 2291 3604 Augustinus
2316 3522 2403 3586 ibi
2428 3520 2662 3586 diffluit
2678 3521 2982 3586 virtutem
3016 3521 3268 3604 proprie
3296 3520 3427 3584 dic·

1886 3635 2042 3711 tam,
2094 3629 2330 3694 scilicet
2382 3628 2691 3694 virtutem
2739 3627 3088 3710 gratuitam
3118 3648 3137 3706 ;
3195 3631 3259 3693 et
3307 3625 3430 3693 hoc

1888 3738 2077 3803 modo
2094 3737 2567 3803 concedendum
2592 3739 2686 3801 est
2712 3736 2903 3800 fldem
2932 3735 3273 3810 informem
3298 3753 3429 3801 non

1887 3844 2200 3910 contineri
2226 3845 2346 3910 sub
2376 3843 2629 3910 virtutis
2650 3861 2909 3925 genere.
2940 3842 3039 3908 Ex
3064 3843 3189 3907 hoc
3214 3848 3430 3911 tamen

1888 3969 2019 4015 non
2045 3951 2332 4033 sequitur
2358 3950 2538 4015 nullo
2570 3950 2760 4015 modo
2786 3968 2931 4014 eam
2970 3949 3280 4015 contineri
3308 3948 3431 4017 sub

1887 4058 2145 4123 virtutis
2169 4076 2430 4141 genere,
2448 4059 2803 4125 secundum
2826 4058 3001 4140 quod
3019 4057 3228 4121 virtus
3252 4054 3432 4137 large

1889 4167 2201 4250 accipitur
2259 4184 2277 4229 z
2350 4166 2483 4231 imo
2544 4171 2641 4231 est
2685 4167 2773 4231 ibi
2826 4166 3003 4231 locus
3057 4165 3435 4250 sophisticus

1889 4274 2352 4355 consequentis.
2732 4327 2739 4338 .

1971 4385 2030 4446 3.
2060 4381 2160 4445 Ad
2187 4381 2344 4447 illud
2360 4383 2533 4465 quod
2546 4381 2866 4464 objicitur,
2888 4382 3059 4464 quod
3079 4379 3294 4445 omnis
3307 4380 3437 4444 vir·

1890 4493 1997 4552 tus
2022 4493 2136 4554 aut
2161 4494 2256 4554 aet
2281 4489 2638 4570 cardinalis,
2665 4494 2779 4553 aut
2804 4488 3187 4570 theologica,
3218 4486 3437 4553 dicen-

1891 4594 2048 4659 dum
2074 4595 2247 4678 quod
2272 4596 2381 4660 illa
2423 4595 2649 4662 divisio
2694 4600 2791 4660 est
2816 4595 3071 4660 virtutis
3118 4592 3431 4672 formatae,

1892 4703 2244 4767 secundum
2273 4703 2446 4786 quod
2469 4705 2724 4787 proprie
2751 4703 3057 4786 accipitur
3078 4701 3286 4768 virtus
3302 4718 3435 4765 car·

1892 4809 2127 4874 dinalis
2152 4815 2216 4874 et
2257 4811 2620 4893 theologica
2649 4833 2667 4874 ι
2712 4811 2891 4874 etsie
2946 4809 3104 4875 fides
3142 4807 3437 4873 informis
3481 4803 3486 4814 ‘

1892 4935 2024 4980 non
2065 4918 2429 4982 continetur
2465 4918 2585 4982 sub
2620 4936 2856 5000 genere
2894 4917 3173 4982 virtutis.
3217 4913 3438 4980 Posset

1891 5028 2108 5088 tamen
2134 5024 2280 5103 dici,
2309 5024 2481 5106 quod
2509 5023 2664 5087 fides
2690 5023 3005 5104 informis,
3035 5024 3202 5087 sicut
3244 5021 3437 5087 habet

1892 5131 2204 5197 rationem
2240 5130 2496 5195 virtutis
2520 5129 2943 5215 incompletae,
2972 5131 3063 5195 sic
3107 5129 3300 5195 habet
3324 5147 3434 5194 ra-

1892 5240 2133 5304 tionem
2184 5238 2441 5304 virtutis
2491 5238 2891 5320 theologic'ae,
2943 5239 3099 5322 quia
3146 5237 3438 5321 quodam

1894 5346 2082 5412 modo
2105 5348 2172 5410 in
2199 5346 2401 5411 Deum
2426 5346 2668 5429 dirigit,
2691 5346 2839 5413 licet
2858 5346 3234 5430 semiplene.

1973 5461 2036 5519 A.
2087 5453 2188 5519 Ad
2220 5453 2379 5518 illud
2404 5454 2577 5536 quod
2632 5455 2928 5536 objicitur
2985 5456 3063 5522 de
3111 5453 3436 5533 haeretico,
