4185 6288
151 3106 365 3152 Fundam.

1370 486 1565 554 DIST.
1609 484 1826 553 xv111.
1869 482 2051 552 ΛΒΤ.
2099 482 2176 547 11.
2221 480 2522 561 QUAEST.
2562 480 2614 546 1.

404 631 514 697 alii
537 630 736 696 sancti
766 631 1135 696 habuerunt
1168 626 1508 711 praemium
1534 619 1947 686 substantiale

404 757 519 822 per
545 739 795 818 merita,
826 738 1032 804 multo
1048 736 1276 803 fortius
1300 732 1555 799 videtur
1579 729 1656 794 de
1676 727 1944 794 Christo.

481 851 543 913 4.
616 846 775 912 Item
841 846 1059 929 angeli
1104 843 1303 909 sancti
1357 840 1729 906 habuerunt
1785 854 1947 920 prae-

405 956 611 1019 mium
675 954 1088 1020 substantiale
1144 969 1256 1034 per
1320 948 1546 1013 merita
1590 945 1945 1012 secundum

402 1081 808 1130 communem
860 1061 1227 1145 opinionem
1261 1057 1555 1124 omnium
1598 1077 1615 1120 ι
1665 1054 1774 1120 sed
1822 1073 1943 1119 an-

407 1170 537 1251 geli
575 1170 767 1235 simul
812 1169 1184 1234 habuerunt
1226 1165 1502 1247 gratiam
1542 1168 1606 1227 et
1643 1160 1940 1243 gloriam,

401 1277 567 1342 sicut
592 1277 659 1341 in
686 1276 963 1340 secundo
988 1274 1151 1339 libro
1173 1275 1190 1309 ¹
1221 1276 1546 1337 ostensum
1584 1268 1706 1333 fuit
1737 1289 1753 1330 ε
1784 1284 1945 1348 ergo

398 1383 608 1448 sinon
636 1384 753 1449 fuit
792 1382 1060 1448 minoris
1082 1380 1378 1446 efficaciae
1403 1377 1611 1459 gratia
1649 1376 1717 1440 in
1756 1375 1942 1441 Chri-

398 1494 518 1566 sto,
546 1509 745 1573 quam
770 1491 840 1555 in
867 1489 1144 1571 angelis,
1174 1488 1429 1553 videtur
1460 1486 1632 1570 quod
1659 1483 1943 1549 Christus

397 1598 806 1668 substantiale
852 1597 1195 1681 praemium
1254 1593 1598 1671 meruerit,
1644 1590 1943 1675 quamvis

397 1705 702 1771 meritum
736 1705 1092 1771 secundum
1126 1708 1381 1785 tempus
1417 1699 1761 1784 praemium
1807 1714 1939 1761 non

397 1809 804 1894 praecesserit.

475 1916 657 1995 Item,
687 1936 837 1983 cum
878 1915 1046 1980 Deus
1085 1914 1333 1979 inducit
1356 1911 1635 1995 aliquam
1664 1910 1938 1974 formam

395 2023 608 2089 subito
630 2073 649 2104 ,
678 2042 876 2107 quam
906 2027 1196 2088 creatura
1221 2019 1491 2102 acquirit
1530 2034 1644 2101 per
1687 2032 1938 2080 succes-

393 2131 639 2196 sionem
663 2180 681 2211 ,
712 2130 875 2196 nihil
914 2129 1152 2195 omittit
1190 2127 1358 2193 Deus
1401 2127 1479 2192 de
1520 2125 1647 2189 illis
1673 2121 1937 2206 disposi-

393 2238 677 2303 tionibus
699 2286 719 2319 ,
746 2256 910 2321 quas
950 2240 1184 2303 natura
1224 2234 1656 2300 introduceret
1683 2248 1938 2296 succes-

393 2346 549 2424 sive3
598 2345 772 2428 quod
797 2349 999 2429 patet,
1028 2344 1084 2408 si
1112 2343 1276 2408 Deus
1303 2341 1515 2406 subito
1542 2340 1618 2404 de
1646 2356 1815 2422 aqua
1840 2337 1934 2401 fa-

395 2457 565 2516 ceret
589 2453 833 2534 ignem,
855 2451 1282 2517 introduceret
1297 2449 1366 2513 in
1394 2447 1728 2512 materiam
1749 2464 1937 2530 aquae

395 2559 743 2639 raritatem,
775 2564 838 2625 et
863 2558 1228 2633 siccitatem,
1249 2559 1313 2621 et
1338 2555 1753 2620 caliditatem:
1777 2573 1937 2636 ergo

395 2665 450 2730 si
494 2671 785 2731 creatura
821 2669 971 2731 nata
995 2669 1091 2730 est
1114 2663 1453 2748 pervenire
1483 2661 1563 2726 ad
1592 2662 1935 2745 praemium

397 2774 623 2857 gloriae
649 2792 763 2857 per
785 2774 1013 2839 merita
1038 2773 1292 2855 gratiae‚
1327 2771 1581 2836 videtur
1607 2770 1779 2853 quod
1806 2788 1938 2835 me-

394 2881 515 2946 rita
551 2882 810 2950 fuerunt
854 2881 923 2946 in
955 2881 1224 2959 Christo,
1254 2879 1552 2963 quamvis
1577 2879 1784 2961 gloria
1809 2878 1935 2941 sibi

394 2989 616 3056 collata
642 2989 838 3056 fuerit
865 3009 903 3054 a
931 3007 1067 3054 snae
1095 2986 1521 3070 conceptionis
1559 2985 1933 3070 primordio.

473 3097 597 3163 Sed
643 3103 864 3163 contra
905 3118 921 3163 ε
965 3096 1369 3179 Augustinus
1392 3143 1409 3177 ,
1437 3094 1575 3160 XIII
1606 3094 1685 3161 de
1724 3094 1937 3162 Trini-

396 3209 522 3271 tate
541 3206 564 3240 ¹
594 3225 616 3267 .·
652 3229 682 3266 α
707 3205 779 3269 In
809 3206 1004 3270 rebus
1027 3223 1141 3287 per
1166 3207 1423 3286 tempus
1449 3203 1605 3267 ortis
1630 3201 1738 3266 illa
1764 3219 1936 3265 sum-

396 3329 502 3376 ma
527 3312 738 3394 gratia
767 3316 883 3391 est,
913 3331 1042 3394 qua
1063 3312 1261 3376 bomo
1287 3312 1354 3375 in
1377 3311 1617 3374 unitate
1646 3327 1935 3391 personae

394 3421 533 3502 conj
543 3423 772 3484 unctus
814 3424 908 3484 est
934 3419 1082 3484 Deo.
1099 3417 1219 3482 »Et
1245 3418 1312 3482 in
1339 3415 1728 3484 Euchiridio
1745 3422 1767 3458 ⁸
1785 3416 1935 3481 dicit

394 3525 562 3608 quod
622 3548 654 3587 α
701 3525 894 3590 nullis
950 3524 1456 3609 praecedentibus
1518 3524 1761 3588 meritis
1830 3523 1936 3587 ille

393 3634 586 3699 homo
613 3634 944 3716 copulatus
970 3637 1067 3699 est
1092 3632 1243 3699 Deo.
1273 3654 1304 3692 υ
1332 3632 1453 3701 Sed
1480 3632 1591 3696 illa
1618 3632 1937 3716 copulatio

393 3761 523 3807 non
566 3742 775 3825 potuit
816 3760 953 3806 esse
992 3743 1130 3806 sine
1175 3741 1285 3805 Dei
1306 3740 1636 3819 fruitione,
1665 3758 1814 3824 quae
1842 3744 1938 3805 est

395 3848 733 3932 praemium
777 3847 1189 3913 substantiale
1235 3869 1251 3912 ε
1296 3865 1457 3928 ergo
1497 3865 1632 3911 non
1684 3847 1938 3912 videtur

396 3955 565 4039 quod
613 3956 956 4039 praemium
996 3955 1409 4020 substantiale
1434 3954 1729 4020 habuerit
1757 3953 1936 4019 Chri-

396 4067 532 4127 stus
558 4082 672 4146 per
697 4063 958 4146 aliquod
985 4063 1312 4128 meritum.

479 4169 640 4235 Item
665 4170 1068 4253 Augustinus
1085 4175 1108 4210 ⁸
1129 4169 1202 4234 in
1225 4167 1612 4235 Euchiridio
1642 4190 1667 4233 .·
1700 4190 1730 4228 a
1751 4166 1939 4233 Facta

399 4282 494 4342 est
520 4276 797 4360 quodam
828 4277 1018 4343 modo
1043 4277 1253 4359 gratia
1278 4277 1415 4360 ipsa
1438 4275 1534 4340 illi
1560 4275 1810 4339 bomini
1827 4294 1940 4339 na-

402 4385 647 4463 turalis,
677 4403 806 4468 qua
833 4384 1090 4450 nullum
1116 4390 1326 4467 posset
1350 4384 1680 4450 admittere
1714 4401 1939 4466 pecca-

399 4494 564 4557 tum.
593 4515 624 4552 n
653 4491 773 4557 Sed
797 4491 940 4556 talis
966 4496 1061 4556 est
1084 4492 1291 4573 gratia
1307 4493 1769 4565 consummata,
1790 4507 1938 4572 quae

402 4618 534 4664 non
560 4604 655 4665 est
680 4599 854 4664 aliud
898 4617 1095 4682 quam
1137 4598 1380 4679 gloria,
1425 4598 1562 4662 sive
1592 4598 1939 4680 praemium

403 4706 820 4772 substantiale
865 4723 883 4769 ε
922 4724 1080 4786 ergo
1132 4705 1474 4787 praemium
1525 4704 1939 4768 substantiale

402 4814 527 4879 fuit
551 4813 797 4879 Christo
822 4812 1100 4895 quodam
1123 4811 1314 4879 modo
1340 4811 1628 4877 naturale
1658 4833 1675 4877 ι
1706 4812 1814 4876 sed
1843 4812 1939 4876 ni·

402 4921 494 4986 hil
518 4920 643 4985 tale
668 4920 1022 5003 acquiritur
1048 4936 1163 5002 per
1187 4918 1453 4984 merita:
1486 4936 1670 5001 ergo,
1698 4924 1816 4984 etc.

476 5027 637 5094 Item
680 5027 986 5092 meritum
1026 5026 1404 5092 naturaliter
1433 5026 1745 5091 antecedit
1769 5043 1939 5109 prae-

398 5135 603 5203 mium
627 5157 647 5216 ;
677 5153 855 5213 usus,
885 5132 990 5202 vel
1015 5136 1195 5199 actus
1228 5132 1484 5198 virtutis
1509 5181 1528 5213 ,
1559 5134 1938 5201 naturaliter

395 5244 681 5327 mquitur
705 5240 1001 5307 habitum
1032 5261 1049 5306 ε
1080 5257 1231 5306 cum
1253 5256 1411 5322 ergo
1434 5239 1690 5306 habitus
1710 5241 1939 5325 gratiae

461 5392 481 5428 ²
500 5393 630 5443 Dist.
650 5403 721 5454 w,
740 5394 836 5441 art.
860 5395 901 5440 1.
922 5414 982 5427 -
997 5390 1022 5426 ¹
1038 5388 1261 5454 Aug.‚de
1282 5388 1439 5450 Tria„
1458 5387 1543 5439 lib.
1583 5392 1716 5455 xlii,
1755 5405 1799 5441 c.
1824 5402 1936 5457 nx,
1962 5406 1969 5413 ·

465 5479 527 5539 (a)
555 5478 677 5527 coet.
700 5475 822 5526 edit.
840 5487 973 5540 quie.
991 5500 1054 5511 —
1072 5472 1205 5537 (b)in
1224 5473 1496 5538 praemium
1521 5473 1716 5529 habuit.

3479 475 3599 541 ³95

2061 639 2129 702 et
2171 633 2397 718 gloriae
2432 634 2627 700 simul
2672 633 2867 699 fuerit
2904 633 2978 698 in
3005 631 3250 699 Christo
3272 680 3292 710 ,
3344 630 3600 697 videtur

2055 741 2231 825 quod
2286 740 2518 807 merita
2582 741 2923 806 subsecuta
2993 739 3125 804 sint
3185 737 3600 805 substantiale

2055 849 2401 933 praemium
2444 872 2459 913 :
2499 866 2657 929 ergo
2683 866 2814 913 non
2852 846 3231 913 ordinantur
3256 847 3328 910 in
3355 846 3600 912 Christo

2054 954 2134 1021 ad
2162 954 2578 1020 substantiale
2612 954 2958 1037 praemium
2993 953 3516 1037 promerendum.

2136 1062 2318 1139 Item,
2371 1062 2697 1144 dispositio
2739 1060 3048 1125 naturalis
3086 1059 3402 1125 antecedit
3438 1058 3599 1124 illud

2053 1168 2136 1235 ad
2175 1169 2347 1251 quod
2391 1168 2669 1251 disponit
2710 1190 2727 1232 ε
2768 1168 2880 1233 sed
2925 1166 3319 1232 deiformitas
3370 1165 3597 1248 glorias

2053 1277 2423 1360 disponebat
2466 1276 2752 1340 animam
2793 1275 3020 1340 Christi
3060 1274 3140 1339 ad
3167 1272 3475 1339 unionem
3499 1272 3601 1338 di-

2054 1383 2359 1463 vinitatis,
2414 1382 2826 1466 dispositione
2849 1430 2869 1462 ,
2900 1381 3200 1465 inquam,
3227 1381 3599 1462 congruita-

2052 1491 2133 1554 tis
2163 1512 2178 1553 ε
2211 1508 2373 1573 ergo
2412 1490 2800 1555 deiformitas
2846 1489 3073 1571 gloriae
3108 1489 3177 1554 in
3207 1488 3450 1556 Christo
3478 1507 3595 1554 na-

2049 1599 2343 1664 turaliter
2391 1597 2787 1681 praecedebat
2834 1599 3143 1663 unionem
3175 1597 3594 1681 personalem,

2050 1708 2351 1789 quamvis
2376 1705 2569 1771 simul
2593 1708 2757 1769 esset
2782 1709 3066 1787 tempore
3097 1704 3248 1769 :sed
3274 1703 3429 1768 unio
3457 1721 3593 1786 per-

2048 1814 2288 1880 sonalis
2342 1813 2722 1879 naturaliter
2768 1813 2839 1877 in
2880 1812 3124 1878 Christo
3190 1812 3599 1878 antecedebat

2051 1924 2357 1987 meritum
2376 1970 2396 2000 ,
2427 1926 2492 1985 et
2525 1919 2709 1986 liberi
2767 1919 3010 1985 arbitrii
3053 1938 3293 1984 usum:
3324 1937 3483 2000 ergo
3527 1918 3597 1985 in

2050 2024 2300 2091 Christo
2371 2023 2600 2090 merita
2674 2023 3109 2108 sequebantur
3180 2023 3597 2088 substantiale

2046 2135 2389 2216 praemium
2406 2134 2760 2199 secundum
2787 2132 3082 2198 ordinem
3100 2135 3355 2197 naturae
3387 2153 3403 2198 z
3431 2131 3595 2196 redit
3647 2143 3650 2146 ·

2047 2257 2207 2322 ergo
2238 2241 2410 2305 idem
2440 2240 2614 2325 quod
2642 2241 2845 2322 prius.

2129 2345 2150 2411 1
2157 2352 2288 2413 tem
2317 2348 2619 2413 meritum
2649 2346 2902 2429 praemii
2923 2345 3360 2411 substantialis
3386 2347 3591 2429 potis-

2043 2455 2205 2520 sime
2245 2455 2525 2520 consistit
2566 2454 2635 2517 in
2679 2456 2826 2518 actu
2866 2457 2931 2517 et
2977 2452 3209 2517 affectu
3239 2454 3589 2535 charitatis,

2043 2566 2399 2632 secundum
2444 2582 2641 2649 quem
2673 2563 2751 2646 (a)
2782 2564 3003 2628 anima
3042 2563 3237 2629 babet
3280 2566 3347 2628 in
3388 2563 3593 2631 Deum

2044 2674 2333 2741 moveri:
2362 2674 2471 2738 sed
2495 2671 2846 2738 secundum
2875 2671 3058 2736 illum
3087 2671 3389 2736 affectum
3419 2671 3594 2736 Chri-

2042 2785 2181 2847 stus
2218 2800 2352 2846 non
2395 2785 2529 2844 erat
2570 2780 2639 2845 in
2666 2782 2838 2843 statu
2877 2776 3166 2858 viatoris,
3193 2778 3304 2844 sed
3329 2779 3399 2842 in
3421 2781 3593 2843 statu

2043 2887 2613 2969 comprehensoris.
2661 2886 2729 2952 Si
2775 2903 2935 2969 ergo
2974 2903 3108 2951 non
3134 2886 3500 2951 merebatur
3521 2886 3592 2952 in

2041 2999 2358 3077 quantum
2406 2993 2935 3078 comprehensor,
2990 2994 3102 3059 sed
3156 2994 3227 3057 in
3273 2998 3591 3076 quantum

2042 3101 2251 3166 viator
2268 3150 2285 3181 ,
2344 3119 2478 3166 non
2546 3102 2914 3168 merebatur
2981 3101 3335 3168 secundum
3405 3100 3592 3167 illum

2042 3208 2343 3273 affectum
2389 3208 2715 3273 charitatis
2734 3256 2755 3288 ,
2802 3209 2873 3272 in
2908 3227 3040 3291 quo
3083 3209 3371 3274 consistit
3398 3209 3591 3273 meri-

2043 3321 2186 3382 tum
2209 3316 2458 3399 praemii
2474 3315 2936 3383 substantialis:
2968 3334 3124 3397 ergo
3155 3317 3407 3381 videtur
3422 3316 3590 3398 quod

2041 3423 2453 3491 substantiale
2480 3423 2828 3506 praemium
2856 3441 2987 3488 non
3018 3423 3347 3488 meruerit.

2579 3600 3035 3669 CONCLIJSIO.

2042 3757 2317 3827 christus,
2345 3759 2568 3828 proprie
2610 3755 2904 3828 loquendo,
2942 3769 3052 3812 non
3076 3756 3275 3811 mmm
3306 3753 3416 3811 sibi
3444 3770 3591 3828 proe-

2113 3848 2281 3902 mium
2299 3846 2682 3913 substantiale,
2700 3847 2833 3918 quia
2850 3847 3040 3902 anima
3060 3843 3264 3901 Christi
3276 3859 3384 3900 non
3400 3846 3591 3914 nasset

2114 3940 2189 3995 ad
2212 3941 2465 3996 unionem
2485 3938 2698 4005 idonea,
2722 3940 2832 3995 nisi
2855 3940 3048 4009 fuisset
3076 3938 3405 4003 beatissima,
3427 3942 3591 4010 atque

2113 4034 2201 4089 ita
2222 4035 2510 4105 praemium
2540 4032 2809 4089 habuisset
2846 4029 2916 4105 (b)
2948 4034 3075 4088 ante
3100 4032 3373 4088 meritum.

2124 4168 2310 4253 Resp.
2354 4169 2435 4234 ad
2475 4188 2618 4252 arg.
2645 4169 2994 4235 Dicendum
3020 4167 3192 4252 quod
3220 4166 3584 4233 communi-

2043 4282 2142 4343 ter
2165 4295 2301 4342 non
2325 4277 2691 4343 conceditur
2714 4325 2732 4353 ,
2771 4275 2946 4359 quod
2988 4274 3270 4341 Christus
3298 4274 3419 4339 sibi
3445 4292 3582 4340 me-

2042 4384 2180 4451 ruit
2219 4384 2630 4450 substantiale
2669 4383 3011 4466 praemium
3053 4406 3068 4448 ε
3112 4385 3176 4447 et
3216 4382 3340 4447 hoc
3374 4382 3589 4449 innuit

2046 4493 2346 4576 Magister
2374 4492 2445 4555 in
2469 4491 2680 4555 littera
2701 4490 2855 4555 satis
2895 4508 3212 4574 expresse.
3261 4488 3441 4554 Ratio
3468 4507 3586 4554 au·

2045 4606 2176 4666 tem
2203 4601 2405 4681 hujus
2430 4602 2569 4664 est:
2598 4615 2754 4662 nam
2800 4596 3105 4662 meritum
3150 4596 3301 4662 dicit
3325 4596 3588 4661 ordina-

2046 4707 2287 4772 tionem
2344 4705 2426 4770 ad
2473 4703 2818 4787 praemium
2849 4751 2868 4782 ‚
2928 4703 3097 4768 sicut
3137 4701 3467 4785 dispositio
3506 4701 3588 4766 ad

2044 4811 2587 4896 complementum
2604 4858 2627 4891 ,
2688 4810 2852 4877 sicut
2894 4810 3004 4876 via
3046 4810 3123 4874 ad
3178 4808 3528 4873 terminum
3564 4831 3581 4873 ι

2046 4925 2110 4985 et
2137 4919 2277 4983 ideo
2302 4936 2555 4983 necesse
2576 4921 2673 4982 est
2700 4904 3004 4981 meritum
3029 4915 3391 5000 praecedere
3418 4933 3589 4998 prae-

2046 5027 2259 5091 mium
2309 5024 2412 5090 vel
2473 5027 2759 5104 tempore
2780 5069 2801 5101 ,
2854 5021 2956 5087 vel
3008 5021 3363 5087 secundum
3415 5022 3589 5087 ordi-

2045 5152 2197 5199 nem
2239 5136 2510 5199 naturae.
2538 5126 2780 5196 Neutro
2807 5132 3027 5195 autem
3052 5127 3243 5193 modo
3270 5127 3497 5192 debuit
3516 5128 3588 5194 in

2046 5240 2295 5309 Christo
2344 5238 2700 5322 praecedere
2727 5235 2752 5275 ⁶
2770 5285 2792 5316 ,
2845 5254 2966 5302 nec
3020 5234 3380 5319 praecessit,
3427 5253 3585 5319 pro-

2046 5420 2098 5455 n.
2137 5403 2337 5456 240⁶-st
2368 5400 2593 5461 Enchir„
2622 5414 2667 5450 c.
2702 5412 2795 5462 η,
2832 5412 2886 5449 n.
2924 5401 2997 5449 12.
3029 5423 3092 5435 —
3118 5397 3141 5432 ⁶
3166 5395 3293 5449 [bid.
3320 5425 3370 5434 —·
3400 5401 3417 5429 ⁸
3445 5398 3589 5451 ldem

2071 5477 2199 5531 entit
2224 5478 2409 5529 Scotus
2436 5475 2522 5526 bic
2552 5476 2733 5539 quaest.
2757 5471 2917 5533 unic„
2946 5469 3022 5522 ibi
3046 5484 3060 5519 z
3089 5469 3190 5522 11oe
3213 5472 3336 5522 viso.
