4185 6288
601 500 721 563 396

597 634 740 715 pter
774 631 899 696 hoc
944 630 1114 714 quod
1171 631 1388 695 anima
1427 630 1652 695 Christi
1691 647 1823 694 non
1864 632 2029 695 esset
2054 626 2137 692 ad

596 739 904 804 unionem
951 739 1179 803 idonea
1192 785 1214 817 ,
1256 738 1380 802 nisi
1423 741 1587 802 esset
1639 737 1998 803 beatissima
2015 785 2034 816 ‚
2073 741 2137 800 et

597 844 1101 922 deiformissima,
1144 845 1316 929 quod
1353 845 1611 922 quidem
1655 846 1729 909 fit
1770 853 1884 928 per
1911 844 2137 925 gloriae

596 952 1017 1016 influentiam.
1061 950 1131 1016 Si
1177 970 1335 1033 ergo
1376 970 1629 1016 necesse
1671 952 1790 1016 fuit
1826 951 2137 1016 unionem

595 1058 771 1124 illam
815 1060 1183 1124 antecedere
1236 1059 1452 1124 omnia
1504 1059 1734 1125 merita
1781 1058 2136 1124 secundum

500 1161 505 1166 ⁴
595 1166 885 1232 ordinem
923 1171 1175 1233 naturae
1191 1215 1210 1248 ,
1242 1185 1494 1233 necesse
1524 1167 1715 1233 etiam
1751 1167 1869 1232 fuit
1903 1167 2139 1232 deifor-

595 1272 883 1337 mitatem
927 1273 1152 1355 gloriae
1192 1274 1262 1339 in
1299 1273 1544 1340 Christo
1585 1274 1941 1358 praecedere
1988 1292 2135 1340 om-

594 1396 745 1444 nem
789 1398 984 1445 usum
1033 1380 1259 1463 gratiae
1289 1382 1478 1448 :ideo
1514 1382 1723 1464 gloria
1766 1382 1839 1446 in
1889 1382 2136 1447 Christo

595 1489 916 1571 praecessit
953 1489 1171 1553 omnia
1224 1491 1454 1554 merita
1513 1495 1771 1573 propter
1812 1507 2136 1554 summam

594 1595 969 1677 dignitatem
995 1644 1013 1674 ,
1042 1616 1189 1679 quae
1216 1597 1338 1661 fuit
1363 1598 1431 1661 in
1459 1598 1677 1661 anima
1701 1596 1928 1661 Christi
1953 1615 1993 1660 a
2018 1615 2138 1661 sua

594 1703 878 1766 oratione
894 1750 913 1782 ,
943 1703 1235 1769 videlicet
1277 1707 1535 1786 propter
1580 1703 1892 1767 unionem
1933 1703 2137 1786 ipsius

595 1809 676 1874 ad
701 1808 1007 1875 Verbum.
1040 1810 1119 1875 Et
1141 1811 1283 1876 ideo
1309 1810 1784 1875 concedendum
1812 1817 1928 1891 est,
1962 1812 2137 1894 quod

595 1914 900 1994 Christus,
933 1917 1186 2001 proprie
1211 1917 1564 2001 loquendo,
1596 1936 1727 1982 non
1750 1919 1989 1983 meruit
2015 1920 2136 1983 sibi

595 2024 1009 2089 substantiale
1039 2025 1418 2108 praemium;
1451 2028 1516 2089 et
1540 2025 1955 2091 concedendae
1983 2030 2137 2093 sunt

594 2132 893 2211 rationes,
927 2151 1075 2216 quae
1101 2133 1181 2198 ad
1209 2132 1331 2197 hoc
1359 2133 1637 2198 inductae
1665 2139 1839 2199 sunt.

677 2245 738 2308 1.
794 2243 892 2308 Ad
944 2242 1102 2308 illud
1155 2243 1327 2325 quod
1376 2242 1676 2326 objicitur
1698 2291 1717 2323 ,
1765 2244 1938 2327 quod
1972 2245 2138 2310 sicut

594 2350 807 2432 gratia
848 2350 1181 2415 ordinatur
1218 2351 1299 2415 ad
1338 2349 1615 2431 gloriam
1642 2399 1660 2429 ,
1699 2351 1790 2416 ita
1831 2352 2135 2418 meritum

595 2457 674 2522 ad
706 2457 1078 2539 praemium,
1122 2457 1463 2523 dicendum
1512 2458 1685 2540 quod
1730 2459 1941 2541 quoad
1976 2459 2133 2542 quid

594 2568 691 2630 est
714 2563 918 2628 simile
935 2613 953 2645 ,
986 2565 1195 2647 quoad
1221 2565 1376 2648 quid
1406 2582 1558 2628 non.
1599 2563 1818 2630 Simile
1840 2567 2016 2631 enim
2042 2571 2139 2632 est

594 2672 805 2755 quoad
842 2672 1266 2737 conditionem
1297 2671 1709 2755 disponendi3
1740 2673 1848 2737 sed
1885 2692 2016 2739 non
2043 2677 2140 2739 est

594 2777 800 2843 simile
845 2784 1163 2862 quantum
1210 2779 1292 2844 ad
1318 2779 1637 2862 originem
1668 2797 1685 2842 :
1720 2798 1837 2863 pro
1863 2799 1940 2845 eo
1965 2781 2136 2864 quod

593 2888 728 2951 tam
755 2886 964 2968 gratia
990 2905 1186 2969 quam
1229 2887 1435 2969 gloria
1463 2891 1560 2951 est
1583 2873 1842 2952 habitus
1885 2890 2138 2955 infusus

596 2991 905 3058 divinitus
927 3040 944 3070 ,
973 3011 1106 3057 non
1148 3011 1189 3058 a
1235 2993 1466 3071 nobis;
1523 2992 1632 3057 sed
1685 2994 1987 3060 meritum
2042 3001 2139 3061 est

595 3118 754 3166 usus
794 3100 1137 3183 procedens
1173 3119 1213 3166 a
1253 3100 1454 3166 libero
1480 3101 1745 3167 arbitrio
1781 3103 1990 3185 gratia
2025 3105 2137 3168 in-

593 3208 887 3274 formato.
940 3208 1087 3275 Ideo
1125 3209 1196 3274 in
1253 3209 1501 3275 Christo
1547 3211 1757 3294 potuit
1804 3230 1938 3277 esse
1980 3213 2138 3278 ordo

594 3315 824 3397 gratias
868 3316 947 3381 ad
994 3316 1267 3398 gloriam
1290 3365 1309 3397 ,
1339 3317 1518 3381 salvo
1542 3318 1767 3382 ordine
1803 3320 2138 3404 utriusque

595 3422 679 3487 ad
727 3422 1035 3489 unionem
1067 3444 1083 3488 ε
1117 3423 1208 3488 sic
1249 3426 1468 3488 autem
1513 3441 1643 3488 non
1679 3428 1774 3489 est
1808 3426 1887 3490 de
1914 3428 2138 3493 ordine

595 3530 807 3595 meriti
861 3530 942 3596 ad
999 3530 1344 3614 praemium
1374 3578 1391 3609 ,
1437 3530 1606 3596 sicut
1666 3540 1994 3599 ostensum
2043 3541 2138 3602 est

593 3655 793 3720 prius.

673 3740 735 3805 2.
788 3738 887 3805 Ad
922 3739 1080 3805 illud
1106 3742 1278 3824 quod
1306 3740 1624 3824 objicitur,
1655 3743 1827 3825 quod
1851 3747 2138 3812 maxima

593 3846 867 3913 charitas
904 3852 1188 3914 meretur
1233 3850 1592 3915 maximum
1634 3853 1979 3934 praemium
2000 3902 2015 3932 ,
2046 3855 2139 3920 di-

593 3955 866 4021 cendum
909 3955 1083 4041 quod
1123 3956 1282 4021 illud
1318 3960 1416 4021 est
1459 3975 1688 4022 verum
1706 4006 1725 4038 ,
1768 3960 1821 4023 si
1864 3961 2141 4029 charitas

594 4065 806 4128 teneat
867 4063 1182 4128 rationem
1224 4064 1513 4130 merendi
1566 4068 1918 4131 secundum
1966 4072 2137 4152 quod

594 4166 880 4235 maxima
926 4189 944 4236 t
983 4172 1092 4237 sed
1141 4172 1416 4237 charitas
1460 4172 1688 4238 Christi
1709 4224 1728 4255 ,
1782 4178 2136 4243 secundum

594 4281 844 4343 motum
889 4277 1090 4363 ipsius
1117 4279 1189 4343 in
1233 4279 1433 4345 Deum
1453 4330 1471 4361 ,
1502 4282 1617 4365 qui
1654 4287 1788 4348 erat
1816 4284 2139 4349 maximus

593 4388 659 4449 et
681 4384 1168 4463 intensissimus,
1202 4386 1348 4469 plus
1365 4387 1620 4451 tenebat
1637 4389 1949 4454 rationem
1968 4409 2136 4474 prae-

594 4490 709 4556 mii
733 4509 925 4575 quam
949 4492 1192 4571 meriti;
1216 4493 1348 4558 imo
1374 4499 1512 4559 erat
1529 4494 1741 4578 ipsum
1756 4499 2133 4581 praemium:

592 4597 735 4663 ideo
760 4617 909 4663 cum
938 4604 1102 4664 esset
1121 4599 1336 4683 ipsum
1362 4602 1731 4683 praemium,
1763 4622 1896 4669 non
1923 4623 2138 4672 mere-

592 4703 781 4771 batur
809 4707 1220 4773 substantiale
1249 4709 1615 4791 praemium;

676 4815 738 4878 3.
786 4814 886 4879 Ad
926 4813 1086 4879 illud
1113 4814 1290 4898 quod
1321 4815 1663 4898 objicitur,
1698 4818 1872 4901 quod
1897 4819 2139 4902 glorio-

593 4918 729 4984 sius
745 4924 839 4985 est
865 4920 1100 4985 habere
1118 4922 1459 5004 praemium
1494 4941 1608 5005 per
1635 4926 1884 5003 merita,
1916 4927 2137 4991 dicen-

595 5025 754 5091 dum
807 5027 978 5110 quod
1019 5027 1182 5092 illud
1224 5029 1559 5094 veritatem
1586 5030 1777 5096 habet
1800 5032 1867 5095 in
1901 5033 1993 5097 eis
2022 5035 2138 5118 qui

595 5134 806 5199 solum
849 5135 1091 5201 habent
1135 5135 1308 5201 uniri
1336 5136 1463 5201 Deo
1491 5155 1605 5221 per
1632 5140 2137 5206 conformitatem

596 5240 948 5307 affectionis
978 5262 993 5303 :
1023 5242 1093 5306 in
1122 5242 1261 5306 istis
1288 5244 1463 5308 enim
1489 5249 1584 5309 est
1609 5246 1818 5326 gratia
1838 5252 1904 5312 et
1929 5248 2140 5330 gloria

594 5347 779 5431 quasi
806 5347 1208 5413 accidentalis
1232 5367 1346 5433 per
1371 5350 1635 5415 modum
1656 5353 2089 5435 acquisitionis
2115 5375 2133 5436 ;

661 5473 679 5507 ⁸
708 5471 816 5524 Lib.
845 5473 909 5536 u,
928 5472 1047 5526 dist.
1075 5486 1125 5539 v,
1148 5478 1244 5526 art.
1273 5479 1323 5540 3,
1351 5491 1403 5542 q.
1431 5487 1490 5528 ιι.

1694 488 2316 560 SENTENTIARUM
2355 489 2504 558 LIB.
2551 490 2657 558 111.

2246 630 2310 692 et
2335 646 2376 692 a
2396 631 2626 694 natura
2671 647 2790 694 sua
2830 629 2964 693 nati
2998 632 3152 692 sunt
3189 626 3620 693 indifferenter
3646 645 3780 694 esse

2243 735 2415 815 boni,
2467 742 2530 802 et
2563 736 2735 802 mali.
2786 737 2981 802 Secus
3016 741 3231 802 autem
3271 741 3366 801 est
3407 736 3487 800 de
3518 735 3780 800 homine

2243 849 2571 929 assumpto
2598 864 2637 909 a
2661 844 2870 910 Verbo
2891 894 2908 924 ,
2937 846 3053 928 qui
3097 861 3231 909 non
3273 849 3523 909 tantum
3557 843 3780 908 unitus

2245 956 2340 1017 est
2373 952 2500 1018 Deo
2540 971 2654 1036 per
2694 952 3199 1017 conformitatem
3246 953 3619 1031 affectionis,
3671 952 3780 1017 sed

2243 1060 2435 1125 etiam
2462 1059 2702 1125 unione
2727 1058 3066 1142 personali,
3094 1063 3326 1124 utnon
3348 1058 3598 1124 dicatur
3622 1059 3779 1125 divi-

2243 1186 2390 1248 nus,
2419 1167 2528 1232 sed
2555 1166 2754 1231 Deus:
2786 1169 2851 1231 et
2877 1183 2994 1249 pro
3023 1169 3197 1230 tanto
3236 1166 3339 1230 isti
3363 1166 3611 1231 homini
3633 1186 3782 1251 gra-

2240 1273 2334 1338 tia
2378 1277 2473 1338 est
2521 1273 2801 1356 quodam
2845 1272 3036 1337 modo
3075 1272 3383 1337 naturalis
3418 1295 3435 1336 :
3485 1278 3550 1339 et
3575 1276 3781 1340 multo

2243 1381 2583 1464 gloriosius
2608 1387 2702 1447 est
2727 1382 2787 1446 ei
2808 1379 3043 1446 habere
3070 1382 3345 1464 gloriam
3371 1401 3411 1446 a
3432 1402 3550 1448 sua
3573 1384 3782 1467 prima

2244 1490 2558 1555 creatione
2577 1540 2593 1568 ,
2624 1509 2818 1573 quam
2847 1490 3080 1554 habere
3107 1508 3250 1554 eam
3276 1509 3390 1575 per
3410 1492 3781 1575 acquisitio-

2243 1614 2428 1676 nem,
2471 1596 2636 1662 sicut
2663 1596 2865 1668 multo
2891 1596 3234 1679 gloriosius
3257 1603 3353 1663 est
3383 1618 3519 1663 esse
3551 1600 3776 1681 Deum,

2244 1721 2440 1784 quam
2486 1703 2596 1768 Dei
2635 1722 2899 1769 servum
2947 1725 2962 1766 z
3018 1707 3083 1769 et
3125 1704 3267 1769 ideo
3307 1707 3647 1772 auctoritas
3671 1709 3781 1773 illa

2243 1828 2374 1875 non
2401 1810 2593 1875 habet
2619 1811 2832 1875 locum
2854 1809 3017 1874 circa
3043 1809 3385 1877 Christum.

2323 1921 2387 1982 4.
2430 1919 2530 1983 Ad
2574 1918 2731 1983 illud
2775 1919 2945 2002 quod
2989 1918 3318 2001 objicitur,
3350 1921 3523 2003 quod
3566 1923 3781 2005 angeli

2244 2020 2610 2087 habuerunt
2644 2023 2838 2086 simul
2864 2023 3142 2105 gratiam
3169 2029 3233 2089 et
3257 2026 3553 2108 gloriam,
3585 2029 3779 2094 me’ri-

2241 2131 2386 2193 tum
2428 2135 2491 2195 et
2542 2130 2923 2213 praemium,
2966 2131 3305 2197 dicendum
3332 2135 3505 2216 quod
3530 2154 3660 2201 non
3687 2140 3782 2202 est

2241 2236 2449 2301 simile
2481 2259 2496 2301 :
2528 2238 2680 2321 quia
2715 2238 2785 2301 in
2822 2238 3071 2321 angelis
3113 2257 3271 2305 usus
3307 2241 3492 2306 liberi
3534 2244 3780 2309 arbitrii

2242 2345 2564 2426 praecessit
2590 2346 2974 2411 infusionem
3000 2348 3256 2428 gratiae,
3286 2353 3349 2413 et
3371 2349 3514 2415 ideo
3544 2351 3613 2415 in
3643 2352 3780 2435 ipsa

2243 2450 2560 2517 infusione
2586 2454 2812 2535 gratiae
2847 2457 3062 2518 motus
3089 2455 3273 2519 liberi
3299 2457 3543 2522 arbitrii
3572 2460 3780 2541 gratia

2243 2558 2644 2637 informatuS,
2668 2560 2735 2623 in
2764 2578 2894 2643 quo
2912 2560 3197 2625 consistit
3219 2563 3542 2641 meritum,
3573 2567 3782 2649 potuit

2243 2673 2599 2752 praecedere
2641 2670 2855 2753 ipsum
2884 2671 3226 2753 praemium
3253 2673 3476 2739 ordine
3503 2679 3776 2755 naturae,

2243 2776 2539 2859 quamvis
2578 2783 2742 2842 esset
2780 2778 2972 2842 simul
2999 2781 3304 2862 tempore.
3339 2783 3530 2847 Secus
3564 2788 3782 2848 autem

2244 2887 2340 2948 est
2378 2884 2448 2949 in
2490 2884 2755 2965 Christo,
2785 2886 2898 2968 qui
2928 2887 3111 2969 prius
3137 2886 3359 2951 ordine
3386 2893 3636 2954 naturae
3660 2890 3779 2954 ha-

2243 2990 2385 3055 buit
2411 2990 2898 3056 deiformitatem
2927 2992 3152 3074 gloriae
3162 3040 3184 3075 ,
3215 3011 3415 3077 quam
3442 3013 3636 3059 usum
3663 3014 3783 3062 vo·

2245 3096 2507 3162 luntatis
2578 3098 3009 3164 deliberativae
3033 3149 3050 3179 ,
3095 3101 3259 3167 sicut
3303 3103 3485 3186 prius
3514 3105 3531 3140 ¹
3562 3106 3778 3170 osten-

2243 3223 2389 3270 sum
2422 3209 2537 3271 est.

2327 3318 2386 3378 5.
2421 3315 2517 3379 Ad
2542 3314 2699 3380 illud
2723 3315 2893 3398 quod
2910 3315 3229 3399 objicitur,
3251 3318 3423 3401 quod
3450 3319 3636 3400 Deus,
3667 3338 3778 3386 su-

2245 3419 2377 3486 bito
2391 3423 2697 3500 faciendO,
2722 3423 2882 3487 nihil
2910 3425 3144 3490 omittit
3166 3426 3242 3490 de
3265 3426 3368 3490 his
3384 3445 3531 3510 quae
3547 3447 3784 3493 succos·

2244 3530 2378 3594 sive
2403 3534 2795 3595 concurrunt
2820 3529 2888 3595 in
2927 3532 3294 3615 operatione
3322 3539 3652 3616 creaturae,
3685 3536 3784 3600 di-

2245 3637 2520 3702 cendum
2548 3639 2717 3720 quod
2748 3656 2896 3702 cum
2923 3640 3213 3703 creatura
3236 3639 3485 3705 inducit
3503 3642 3783 3727 aliquam

2243 3746 2717 3828 perfectionem,
2743 3748 2846 3812 vel
2873 3747 3169 3828 formam,
3204 3748 3333 3814 duo
3360 3754 3455 3814 est
3479 3752 3567 3815 ibi
3589 3754 3787 3817 oonsi-

2245 3854 2466 3919 derare
2486 3901 2504 3934 ,
2538 3854 2828 3920 videlicet
2866 3861 2929 3919 et
2969 3856 3304 3939 qualitates
3329 3862 3394 3923 et
3422 3859 3783 3944 dispositio-

2247 3974 2365 4023 nes
2412 3976 2452 4021 a
2500 3961 2677 4039 parte
2731 3958 3133 4041 suscipientis
3157 4006 3175 4036 ,
3224 3964 3289 4024 et
3329 3964 3722 4044 operationes
3746 3986 3790 4031 a

2247 4069 2426 4148 parte
2463 4065 2714 4146 agentis
2751 4067 2816 4129 et
2852 4066 3286 4147 praeparantis.
3318 4073 3479 4134 Cum
3505 4089 3660 4153 ergo
3686 4073 3788 4137 di-

2247 4173 2414 4238 citur
2456 4173 2628 4255 quod
2666 4171 2833 4237 Deus
2858 4171 3019 4235 nihii
3047 4172 3302 4251 omittit,
3333 4178 3651 4259 operando
3677 4198 3792 4246 su..

2248 4279 2405 4358 bito,
2447 4279 2526 4343 de
2565 4278 2846 4361 hisquae
2886 4281 3118 4343 natura
3143 4280 3521 4364 introducit,
3549 4286 3671 4352 hoc
3697 4293 3795 4352 est

2247 4405 2478 4455 verum
2505 4385 2583 4451 de
2611 4385 3027 4468 qualitatibus
3052 4391 3117 4450 et
3142 4386 3654 4470 dispositionibus
3689 4395 3794 4460 in-

2247 4493 2674 4559 formantibus
2701 4492 3127 4575 susceptibile,
3145 4495 3254 4559 sed
3276 4513 3411 4560 non
3436 4503 3532 4563 est
3562 4518 3791 4569 verum

2246 4600 2327 4665 de
2369 4601 2671 4683 operibus
2708 4600 3121 4684 praeambulis
3160 4601 3241 4666 ad
3272 4600 3412 4667 illas
3438 4604 3789 4689 dispositio-

2247 4724 2363 4771 nes
2395 4728 2409 4771 :
2439 4711 2504 4772 et
2546 4707 2688 4773 ideo
2724 4726 2807 4771 ex
2839 4708 3081 4771 ratione
3107 4708 3230 4773 hac
3256 4727 3390 4774 non
3416 4715 3620 4794 potest
3645 4733 3796 4780 con·

2247 4813 2415 4878 cludi
2438 4862 2456 4894 ,
2503 4814 2677 4896 quod
2712 4813 2938 4878 merita
2963 4815 3031 4878 in
3058 4814 3302 4880 Christo
3329 4820 3796 4899 praecesserunt

2247 4924 2590 5009 praemium
2614 4971 2632 5001 ,
2662 4941 2812 4987 cum
2843 4923 3143 4986 meritum
3172 4925 3471 4990 consistat
3505 4927 3576 4992 in
3601 4948 3796 5012 opere

2247 5031 2625 5116 procedente
2651 5049 2691 5093 a
2714 5029 3043 5096 voluntate
3073 5050 3091 5109 ;
3140 5030 3252 5093 sed
3294 5049 3378 5096 ex
3415 5031 3538 5099 hoc
3587 5040 3795 5118 potest

2247 5138 2562 5219 concludi,
2593 5139 2765 5220 quod
2798 5137 2868 5202 in
2905 5137 3149 5202 Christo
3182 5137 3304 5202 fuit
3330 5141 3629 5221 perfectio
3656 5145 3797 5209 vir..

2243 5250 2460 5313 tutum
2485 5249 2550 5310 et
2572 5245 2936 5323 habituum,
2965 5261 3115 5326 quae
3137 5245 3422 5309 animam
3453 5246 3793 5317 habilitant

2247 5355 2329 5420 ad
2398 5352 2671 5435 gloriam
2708 5400 2727 5431 ,
2790 5351 2925 5418 sive
2997 5351 3078 5415 ad
3140 5351 3550 5421 substantiale
3611 5374 3789 5439 prae-

2248 5480 2481 5530 mlum.
3197 5502 3200 5511 -
