4185 6288
1274 443 1470 510 ms'r.
1514 441 1651 509 Vn.
1694 438 1877 506 ΛΒΤ.
1924 440 1977 506 1.
2021 438 2322 518 QUAEST.
2369 441 2447 505 11.

839 673 1289 742 CONCLUSIO.

302 870 673 926 Heclocutio:
715 885 746 919 «ι
776 870 1120 937 Deustactus
1148 868 1434 936 atham,
1463 886 1492 918 ιο
1521 881 1848 937 quonamque

444 975 595 1016 sensu
623 961 960 1031 accipiatur,
993 973 1121 1014 vera
1148 962 1225 1015 cet
1252 962 1304 1013 et
1332 955 1693 1013 admittenda.

382 1119 562 1204 Raep.
590 1119 674 1184 ad
703 1137 853 1200 arg.
886 1116 1234 1182 Dicendum
1278 1116 1449 1200 quod
1478 1133 1627 1180 cum
1667 1133 1850 1199 quae-

299 1227 464 1292 ritur
487 1227 568 1292 de
602 1227 729 1292 hac
759 1225 1079 1291 locutione
1128 1245 1146 1288 z
1200 1246 1231 1282 α
1277 1223 1440 1288 Deus
1495 1223 1699 1287 factus
1756 1226 1852 1286 est

298 1333 532 1412 homo,
572 1355 605 1393 ι»
656 1335 851 1416 juxta
895 1332 1055 1397 illud
1096 1331 1269 1414 quod
1315 1334 1691 1395 consuetum
1730 1334 1846 1409 est,

298 1441 605 1525 praedicta
665 1441 909 1506 locutio
975 1438 1405 1522 multipliciter
1471 1443 1568 1503 est
1627 1437 1849 1502 dish‘n-

299 1549 586 1630 guenda,
616 1567 700 1614 ex
724 1548 851 1613 hoc
877 1547 1049 1630 quod
1072 1548 1193 1611 hoc
1216 1545 1620 1628 participium
1646 1548 1853 1628 potest

301 1675 541 1740 ponere
591 1675 732 1720 rem
805 1673 999 1737 super
1059 1656 1289 1730 totum,
1326 1652 1425 1716 vel
1478 1652 1645 1717 circa
1695 1652 1853 1716 alte-

301 1782 453 1828 rum
497 1766 867 1828 extremum
909 1761 1216 1840 absolute,
1260 1759 1364 1824 vel
1416 1760 1581 1823 circa
1642 1778 1849 1824 unum

224 1948 231 1956 ‚
303 1876 671 1937 extremum
697 1871 768 1934 in
807 1869 1272 1953 comparatione
1313 1867 1393 1932 ad
1438 1867 1736 1931 alterum.
1786 1866 1851 1932 Si

303 1984 500 2063 ponat
544 1997 687 2043 rem
731 1996 942 2054 suam,
990 1977 1225 2041 scilicet
1268 1976 1469 2059 ipsam
1516 1976 1852 2039 factionem

304 2108 503 2172 super
529 2092 765 2165 totum,
795 2105 950 2154 vera
980 2089 1077 2150 est
1104 2074 1358 2164 locutiO,
1390 2086 1453 2148 et
1474 2087 1567 2148 est
1593 2102 1849 2147 sensus:

316 2220 348 2258 c
361 2195 529 2260 Deus
542 2196 748 2260 factus
768 2198 863 2258 est
876 2195 1096 2271 homo,
1120 2215 1151 2251 n
1182 2192 1246 2257 id
1265 2195 1382 2268 est,
1409 2191 1644 2256 factum
1663 2195 1758 2255 est
1784 2195 1857 2254 ut

312 2301 485 2368 Dens
510 2307 678 2368 esset
702 2302 900 2367 homo
926 2321 943 2364 ε
971 2306 1034 2365 et
1045 2301 1169 2365 hoc
1180 2298 1443 2381 quidem
1469 2299 1711 2362 sactum
1738 2297 1859 2362 fuit

308 2412 377 2474 in
404 2428 597 2493 opere
624 2407 1103 2473 incarnationis.
1136 2405 1203 2472 Si
1232 2410 1449 2470 autem
1490 2409 1684 2488 ponat
1719 2422 1857 2468 rem

310 2535 500 2581 suam
536 2517 706 2581 circa
747 2515 1026 2580 alterum
1072 2518 1509 2579 extremorum
1550 2513 1855 2591 absolute,

311 2629 533 2708 utpote
558 2625 727 2689 circa
755 2623 1170 2708 praedicatum
1197 2670 1214 2698 ,
1256 2626 1410 2689 tunc
1450 2625 1546 2685 est
1585 2640 1810 2686 sensus
1839 2641 1857 2684 ε

322 2756 352 2791 ι
361 2732 528 2797 Deus
540 2734 743 2797 factus
751 2736 846 2796 est
855 2731 1072 2809 homo,
1086 2753 1118 2789 ι)
1143 2728 1206 2793 id
1220 2734 1334 2808 est,
1353 2728 1519 2793 Deus
1531 2734 1626 2793 oet
1639 2727 1856 2805 hom0,

315 2840 425 2921 qui
452 2839 715 2921 quidem
763 2839 969 2902 factus
1018 2841 1137 2915 est,
1186 2835 1322 2900 sive
1375 2835 1721 2918 productus
1753 2855 1770 2898 ε
1800 2840 1864 2900 et

316 2946 439 3011 hoc
465 2946 728 3029 quidem
755 2963 989 3010 verum
1014 2949 1129 3009 ωε.
1158 2943 1226 3009 Si
1252 2947 1470 3009 autem
1498 2949 1692 3027 ponat
1723 2962 1861 3009 rem

314 3072 503 3118 suam
549 3054 718 3118 circa
756 3069 968 3116 unum
1013 3055 1376 3116 extremum
1428 3052 1496 3114 in
1532 3069 1863 3134 compara·

314 3162 577 3228 tionead
605 3161 904 3240 alterum,
928 3160 1018 3223 sic
1046 3164 1142 3225 est
1153 3178 1409 3224 sensus:
1443 3183 1474 3220 α
1492 3159 1654 3224 Deus
1667 3161 1866 3224 factus

315 3275 409 3335 est
434 3270 655 3345 homo,
672 3293 703 3329 »
727 3268 788 3332 id
815 3270 932 3344 est,
951 3267 1116 3331 Deus
1139 3267 1283 3331 fecit
1308 3269 1718 3351 semetipsum
1738 3268 1866 3332 ho·-

318 3379 559 3442 minem
581 3395 700 3461 per
715 3375 1136 3440 humanitatis
1153 3377 1677 3460 assumptionem,
1705 3376 1870 3440 sicut

316 3486 514 3549 homo
537 3484 690 3548 facit
713 3483 1116 3566 semetipsum
1135 3483 1394 3548 doctum
1421 3502 1534 3567 per
1551 3485 1868 3549 'doctrinae

321 3591 830 3675 acquisitionem.
853 3590 931 3656 Et
949 3590 1197 3673 primus
1224 3590 1482 3673 quidem
1512 3610 1738 3656 sensus
1774 3596 1870 3656 est

320 3719 535 3780 verus,
569 3704 633 3763 et
650 3703 991 3763 consuetus
1008 3698 1362 3763 secundum
1387 3717 1648 3764 sensum
1689 3718 1870 3764 com-

322 3824 622 3884 munem;
656 3823 793 3869 non
816 3808 1033 3869 tamen
1075 3808 1167 3869 est
1206 3804 1560 3870 secundum
1603 3806 1873 3870 locutio-

324 3933 482 3979 num
517 3914 861 3991 virtutem,
898 3911 1053 3994 quia
1097 3911 1219 3976 hoc
1246 3913 1671 3996 participium,
1703 3915 1871 3997 quod

328 4027 417 4086 est
460 4024 707 4103 factus,
768 4038 908 4084 cum
954 4020 1036 4084 sit
1088 4020 1422 4084 masculini
1464 4021 1756 4102 generis,
1813 4025 1877 4084 et

328 4129 713 4214 adjectivum
763 4128 1072 4211 adjective
1129 4130 1380 4193 tentum
1401 4174 1419 4205 ,
1485 4146 1617 4192 non
1675 4132 1879 4211 potest

328 4257 563 4321 ponere
589 4255 733 4302 rem
753 4252 937 4300 suam
974 4234 1137 4300 circa
1168 4235 1574 4317 copulatum;
1614 4235 1721 4300 sed
1758 4254 1878 4300 ne-

328 4346 596 4411 cessario
636 4344 841 4428 ponit,
869 4346 1186 4424 quantum
1217 4345 1312 4405 est
1349 4341 1427 4406 de
1464 4342 1702 4408 virtute
1742 4362 1877 4408 ser-

328 4456 558 4534 monis,
591 4453 763 4518 circa
789 4453 1175 4535 subjectum,
1209 4451 1309 4516 vel
1354 4451 1521 4516 circa
1570 4433 1881 4536 praedica-

331 4565 492 4626 tum.
544 4559 878 4627 Secundus
931 4563 1149 4624 autem
1198 4577 1421 4623 sensus
1471 4563 1566 4624 est
1619 4559 1875 4642 quidem

329 4687 546 4748 verua,
576 4672 641 4733 et
652 4667 878 4731 haberi
891 4670 1097 4749 potest
1113 4685 1225 4749 per
1244 4666 1558 4731 sermonis
1577 4666 1880 4731 virtutem

333 4781 402 4842 et
449 4776 935 4860 proprietatem3
988 4778 1082 4837 est
1141 4778 1356 4838 tamen
1407 4777 1639 4857 praeter
1688 4792 1881 4838 usum

335 4901 769 4949 communem.
799 4881 959 4946 Cum
985 4881 1161 4944 enim
1188 4881 1462 4946 dicimus
1505 4882 1677 4963 quod
1717 4882 1884 4947 Deus

334 4994 534 5058 factus
566 4996 662 5057 oet
700 4991 934 5069 hom0,
981 5007 1111 5053 non
1143 4989 1447 5056 volumus
1473 4989 1679 5054 dicere
1710 4991 1882 5073 quod

339 5102 504 5167 Deus
525 5102 608 5167 sit
645 5101 842 5165 homo
868 5098 983 5182 qui
1024 5099 1371 5181 productus
1403 5097 1519 5176 sit;
1561 5097 1672 5163 sed
1695 5099 1882 5163 volu-

336 5227 486 5275 mus
512 5209 873 5293 exprimere
915 5207 1120 5289 ipsam
1158 5206 1667 5272 incarnationem
1687 5255 1706 5286 ,
1749 5205 1887 5272 sive

404 5368 423 5404 ¹
448 5371 553 5421 Hoc
576 5369 775 5434 berellit
803 5369 990 5420 scotus
1029 5366 1127 5419 hoc
1146 5368 1202 5420 in
1226 5369 1369 5433 loco,
1394 5365 1464 5416 ibi
1490 5380 1504 5415 ε
1533 5367 1602 5416 Et
1628 5365 1761 5432 quod
1788 5365 1887 5416 ali·

337 5447 427 5511 qui
445 5444 628 5497 dicunt.
646 5472 713 5485 —
734 5445 758 5479 ¹
778 5447 935 5510 Aug„
970 5441 1031 5493 de
1051 5444 1205 5510 Tria„
1230 5445 1327 5496 lib.
1356 5443 1475 5504 vu,
1502 5457 1548 5493 c.
1573 5452 1648 5506 ιν,
1676 5456 1728 5493 n.
1758 5443 1808 5491 7.

3385 446 3501 508 173

1957 575 2263 639 unionem
2293 575 2534 639 divinae
2560 579 2813 640 naturae
2836 575 2917 640 ad
2941 577 3318 643 humanam.
3341 577 3501 643 Ter-

1957 683 2085 746 tius
2105 701 2259 747 vero
2286 702 2511 748 sensus
2538 684 2811 749 habetur
2837 690 2901 750 et
2924 687 3276 752 secundum
3308 704 3501 751 usum

1957 808 2365 854 communem
2391 840 2411 870 ,
2461 797 2523 854 et
2566 792 2917 857 secundum
2965 794 3301 858 locutionis
3352 812 3501 878 pro-

1956 898 2326 980 prietatem3
2369 899 2561 963 habet
2594 903 2808 964 tamen
2857 901 2923 964 in
2966 920 3034 965 se
3066 900 3307 984 aliquid
3352 919 3504 984 pro-

1958 1006 2269 1088 prietatiS,
2318 1010 2380 1071 et
2419 1007 2658 1090 aliquid
2704 1009 3216 1092 improprietatis.
3258 1008 3334 1073 Et
3381 1010 3503 1074 hoc

1959 1117 2151 1195 patet,
2193 1114 2346 1196 quia
2385 1132 2533 1178 cum
2576 1114 2808 1180 dicitur
2851 1135 2869 1179 ε
2929 1140 2959 1176 α
3000 1116 3121 1181 Iste
3165 1116 3368 1180 factus
3411 1119 3507 1180 est

1960 1220 2199 1299 bonus,
2229 1245 2260 1280 n
2314 1222 2417 1286 vel
2461 1222 2869 1306 hujusmodi,
2905 1225 3026 1289 hoc
3073 1225 3500 1309 participium,

1962 1327 2196 1407 factm,
2218 1330 2338 1393 tria
2357 1330 2677 1413 importat,
2698 1330 2993 1397 videlicet
3009 1332 3504 1398 anteceaeionem

1959 1453 2043 1500 ex
2071 1440 2249 1518 parte
2286 1437 2579 1521 subjecti,
2626 1442 2688 1503 et
2737 1440 3160 1523 inceptionem
3205 1459 3287 1505 ex
3329 1445 3508 1523 parte

1961 1543 2280 1625 praedicati
2302 1592 2319 1623 ,
2375 1549 2439 1609 et
2509 1547 3109 1613 transmutationem
3182 1568 3263 1613 ex
3329 1553 3509 1632 parte

1961 1649 2323 1733 utriusque,
2353 1657 2670 1733 quantum
2712 1659 2911 1720 estex
2939 1657 3003 1720 vi
3035 1657 3369 1736 sermonis,
3393 1675 3509 1738 pro

1961 1775 2038 1820 eo
2064 1758 2234 1841 quod
2265 1760 2509 1839 factum
2535 1777 2666 1827 esse
2689 1762 2973 1845 implicat
2999 1764 3147 1843 fieri
3194 1786 3208 1827 :
3259 1766 3327 1828 in
3360 1782 3511 1847 pro-

1962 1866 2166 1947 posito
2194 1872 2410 1932 autem
2438 1873 2532 1932 est
2568 1871 2848 1953 reperire
2894 1871 3389 1937 antecessionem
3430 1891 3513 1936 ex

1964 1978 2143 2054 parte
2170 1974 2458 2056 subjecti,
2491 1982 2553 2040 et
2581 1977 3008 2060 inceptionem
3031 1998 3112 2043 ex
3138 1984 3314 2062 parte
3346 1998 3514 2062 prae-

1963 2080 2147 2145 dicati
2172 2102 2187 2155 ;
2215 2082 2321 2146 sed
2349 2101 2480 2147 non
2499 2089 2591 2149 est
2608 2087 2885 2168 reperire
2916 2090 3513 2153 transmutationem

1965 2187 2030 2250 in
2058 2191 2385 2272 supposito
2417 2192 2521 2256 Dei
2556 2216 2570 2258 ε
2603 2197 2667 2257 et
2694 2194 2834 2258 ideo
2881 2196 3090 2275 factus
3133 2196 3237 2260 hic
3265 2197 3431 2262 cadit
3475 2216 3516 2261 a

1966 2297 2223 2379 propria
2258 2298 2724 2380 significatione
2771 2308 3088 2385 quantum
3135 2304 3217 2367 ad
3262 2304 3514 2369 tertiam

1966 2403 2394 2470 conditionem
2420 2455 2438 2486 ,
2496 2426 2612 2471 nec
2671 2409 2976 2493 importat
3034 2414 3514 2477 transmutatio-

1967 2529 2142 2587 nem,
2183 2513 2292 2577 sed
2331 2513 2641 2578 unionem
2685 2523 2703 2558 ¹
2759 2539 2774 2580 ε
2823 2535 2941 2581 nec
2983 2518 3304 2600 significat
3345 2521 3515 2603 quod

1970 2618 2166 2685 Filius
2206 2622 2315 2686 Dei
2366 2624 2450 2687 sit
2493 2626 2894 2707 suppositum
2938 2628 3512 2707 transmutationiS,

1969 2748 2120 2794 cum
2140 2730 2369 2796 dicitur
2399 2755 2413 2795 ε
2457 2756 2488 2791 <1
2515 2731 2680 2797 Deus
2714 2735 2916 2799 factus
2948 2740 3044 2799 est
3078 2736 3306 2815 homo;
3337 2760 3368 2797 n
3406 2737 3518 2801 sed

1969 2838 2140 2920 quod
2170 2842 2265 2901 ost
2293 2840 2692 2922 suppositum
2740 2847 2990 2907 naturae
3038 2843 3218 2909 factae
3236 2893 3254 2924 ,
3295 2848 3360 2908 et
3395 2844 3518 2908 sihi

1973 2945 2196 3009 unitae.
2236 2945 2408 3010 Licet
2458 2965 2619 3028 ergo
2663 2950 3004 3030 praedictus
3050 2968 3261 3015 sermo
3287 3000 3306 3031 ,
3351 2970 3519 3034 quo-

1972 3071 2252 3136 cumque
2297 3055 2486 3119 modo
2540 3057 2909 3139 accipiatur,
2961 3059 3247 3141 aliquam
3293 3060 3522 3125 habeat

1973 3162 2551 3245 improprietatem3
2588 3166 2740 3247 quia
2779 3170 2997 3231 tamen
3036 3169 3369 3232 veritatem
3398 3168 3523 3232 ha-

1974 3270 2102 3347 bet,
2132 3271 2550 3337 nihilominus
2576 3273 2902 3357 recipitur,
2951 3276 3106 3357 quia
3153 3277 3221 3340 in
3256 3296 3524 3361 expres-

1977 3376 2155 3440 sione
2195 3377 2341 3441 fldei
2385 3382 2623 3442 nostrae
2659 3380 2869 3461 magis
2907 3381 3341 3447 consideratur
3383 3402 3524 3448 ser-

1976 3484 2189 3547 monis
2214 3484 2449 3549 veritas
2475 3534 2495 3565 ‚
2528 3505 2724 3568 quam
2765 3489 3079 3552 sermonis
3127 3491 3520 3572 congruitaS.

1986 3614 2018 3651 α
2048 3589 2140 3655 Ea
2164 3591 2336 3655 enim
2381 3610 2528 3675 quae
2569 3598 2722 3657 sunt
2759 3594 2908 3658 fidei
2951 3600 3216 3676 nostrae,
3260 3601 3333 3660 ut
3373 3598 3526 3662 dicit

1978 3698 2386 3779 Augustinus
2435 3707 2479 3776 ²,
2520 3701 2750 3765 melius
2801 3702 3255 3784 intelligimus,
3324 3723 3523 3787 quam

1980 3808 2400 3890 proferamus.
2445 3831 2475 3867 r>
2533 3807 2709 3873 Unde
2768 3809 3113 3892 Gregorius
3164 3811 3313 3874 dicit
3354 3812 3527 3894 quod

1981 3915 2231 3980 excelsa
2255 3915 2364 3980 Dei
2402 3914 2809 3980 balbutiendo
2850 3936 3245 3983 resonamus„
3291 3918 3525 3984 Conce-

1981 4024 2232 4088 dendus
2245 4028 2339 4088 est
2356 4042 2514 4106 ergo
2537 4041 2749 4088 sermo
2777 4025 3139 4107 praedictuS,
3166 4030 3228 4089 et
3254 4026 3532 4091 rationes

1983 4148 2132 4213 quae
2157 4132 2280 4196 hoc
2300 4132 2665 4208 ostendunt,
2685 4130 2840 4213 quia
2856 4132 3187 4196 veritatem
3208 4137 3528 4197 astruunt.

2066 4242 2126 4299 ί.
2158 4238 2254 4301 Ad
2277 4237 2434 4305 illud
2463 4239 2632 4321 quod
2677 4239 2978 4320 objicitur
3021 4239 3229 4322 primo
3272 4239 3339 4304 in
3376 4257 3532 4302 con-

1984 4344 2293 4422 trarium,
2340 4345 2511 4428 quod
2552 4349 2876 4409 mutatum
2919 4365 3054 4410 esse
3100 4351 3195 4410 est
3238 4348 3533 4429 superius

1985 4453 2063 4516 ad
2092 4453 2328 4516 factum
2364 4471 2535 4532 esse,
2580 4452 2920 4517 dicendum
2961 4454 3135 4535 quod
3170 4471 3398 4518 verum
3438 4459 3535 4518 est

1986 4560 2340 4625 secundum
2380 4559 2550 4643 quod
2595 4560 2832 4623 sactum
2866 4578 3003 4624 esse
3037 4564 3100 4624 et
3130 4561 3272 4624 fleri
3309 4560 3535 4644 accipi·

1986 4671 2096 4731 tur
2121 4667 2409 4750 proprie3
2439 4667 2564 4731 hoc
2585 4670 2801 4730 autem
2829 4670 2944 4741 est,
2976 4684 3126 4730 cum
3152 4666 3304 4730 dicit
3324 4669 3533 4731 trans·-
3575 4721 3578 4728 .

1987 4775 2407 4840 mutationem
2444 4775 2612 4837 circa
2651 4774 2862 4856 ipsum
2901 4774 3303 4857 suppositum
3349 4794 3366 4839 :
3401 4794 3532 4840 non

1989 4883 2081 4946 sic
2106 4885 2320 4946 autem
2348 4881 2539 4945 estin
2576 4881 2894 4963 proposito
2918 4928 2936 4958 ,
2975 4900 3091 4963 pro
3126 4900 3202 4947 eo
3248 4884 3419 4965 quod
3465 4884 3532 4946 in

1990 4988 2447 5054 incarnationis
2483 5005 2673 5070 opere
2709 4988 2948 5051 factum
2996 4991 3091 5052 est
3127 4993 3202 5053 ut
3246 4989 3412 5054 Deus
3455 4991 3537 5056 sit

1991 5087 2212 5175 homo,
2250 5113 2381 5159 non
2426 5093 2780 5159 secundum
2821 5094 3104 5177 aliquam
3144 5100 3537 5163 transmuta-

1992 5204 2234 5268 tionem
2260 5203 2491 5267 factam
2518 5201 2590 5264 in
2613 5200 2764 5279 De0,
2793 5201 2900 5265 sed
2928 5201 3284 5267 secundum
3319 5208 3536 5269 trans-

1996 5311 2412 5377 mutationem
2437 5310 2665 5373 factam
2689 5308 2757 5372 in
2785 5307 2982 5373 altero
3008 5315 3319 5377 extremo.

2073 5421 2138 5483 2.
2169 5419 2266 5483 Ad
2293 5417 2449 5481 illud
2475 5418 2643 5500 quod
2675 5416 3042 5499 opponitur,
3080 5419 3253 5501 quod
3295 5420 3535 5498 tactum
