4185 6288
609 489 691 551 28
1713 478 2338 550 SENTnN'rIAnUM
2378 477 2528 544 LIB.
2575 476 2682 542 111.

610 621 1009 688 occasionem
1027 669 1045 698 ‚
1075 625 1139 687 et
1162 620 1306 686 ideo
1330 620 1479 686 inde
1518 638 1772 685 sumere
1799 617 2017 684 debuit
2050 636 2157 682 re-

611 730 1029 813 parationem.
1061 728 1139 793 Et
1166 729 1287 793 hoc
1327 728 1481 793 dicit
1505 727 1865 793 Bernardus
1882 775 1901 805 ,
1930 726 2157 810 expla-

612 854 773 900 nans
798 836 955 901 illud
984 837 1161 903 Jonoe
1182 855 1319 919 cap.
1350 855 1372 898 1
1391 837 1410 872 ¹
1443 857 1460 899 z
1494 836 1755 917 Propter
1782 851 1879 899 me
1903 839 2048 901 orta
2066 841 2160 899 est

611 942 745 1010 hoec
772 948 1099 1025 tempestas
1125 943 1204 1026 (a)
1230 965 1255 1008 .·
1297 943 1494 1011 tollite
1533 959 1664 1020 me,
1712 948 1772 1010 et
1813 942 2054 1010 mittite
2081 943 2159 1007 in

612 1067 805 1117 mare.
827 1051 959 1115 Aut
978 1054 1146 1114 certe
1168 1050 1238 1112 in
1255 1049 1377 1113 hoc
1393 1049 1565 1133 quod
1583 1049 1779 1115 homo
1796 1066 2157 1132 praesump-

613 1162 780 1223 serat
788 1157 895 1221 Dei
911 1156 1419 1232 similitudinem,
1435 1156 1670 1221 directe
1689 1161 1909 1221 contra
1921 1154 2159 1221 Filium

612 1265 894 1349 peccavit
913 1287 928 1329 z
954 1269 1018 1329 et
1034 1263 1177 1330 ideo
1198 1263 1362 1329 Filio
1381 1264 1593 1346 magis
1610 1262 2004 1346 competebat
2020 1263 2160 1328 vin-

612 1374 782 1439 dicta
814 1376 877 1436 et
913 1371 1340 1454 indulgentia.
1386 1371 1467 1436 Et
1504 1370 1629 1436 hoc
1661 1375 1756 1435 est
1797 1369 1970 1453 quod
2011 1369 2164 1433 dicit

613 1479 956 1545 Anselmus
981 1480 1050 1544 in
1067 1480 1234 1545 libro
1265 1480 1396 1545 Cur
1420 1480 1587 1546 Deus
1604 1478 1861 1545 homo’:
1899 1500 1928 1538 α
1954 1475 2163 1541 Homo

616 1606 731 1670 pro
764 1606 896 1671 quo
936 1592 1073 1652 erat
1105 1586 1456 1651 moriturus
1474 1634 1493 1666 ,
1540 1589 1605 1650 et
1634 1583 1925 1649 diabolus
1966 1602 2163 1667 quem

596 1704 751 1769 ‚erat
778 1701 1291 1782 expugnaturus,
1324 1697 1516 1761 ambo
1543 1697 1767 1761 falsam
1794 1695 1907 1763 Dei
1932 1695 2163 1760 simili-

614 1807 900 1872 tudinem
927 1809 1487 1889 praesumpserant.
1508 1804 1688 1870 Unde
1705 1804 2037 1887 specialius
2057 1804 2165 1868 ad-

615 1934 843 1980 versus
868 1912 1105 1979 Filium
1132 1915 1578 1996 peccaverunt.
1606 1934 1637 1971 n
1674 1910 1769 1974 Illi
1793 1911 2032 1993 itaque,
2059 1911 2166 1975 cui

616 2021 971 2106 specialiter
994 2023 1065 2085 fit
1087 2020 1349 2103 injuria,
1377 2017 1862 2084 convenientius
1878 2019 2167 2083 attribui-

617 2135 726 2195 tur
753 2128 959 2211 culpae
986 2127 1266 2192 vindicta
1305 2131 1368 2192 et
1405 2126 1828 2208 indulgentia.
1880 2123 2163 2204 Rursus,

617 2238 675 2303 si
700 2236 1179 2302 consideremus
1201 2235 1465 2299 modum
1492 2233 1928 2317 reparationis»,
1958 2235 2170 2316 magis

620 2345 920 2430 competit
972 2342 1131 2408 Filio
1162 2365 1178 2406 t
1227 2342 1503 2426 reparati
1551 2342 1729 2406 enim
1774 2359 2000 2405 sumus
2055 2360 2171 2424 per

622 2451 985 2520 Mediatoris
1026 2450 1454 2516 obedientiam
1497 2454 1561 2513 et
1594 2449 2164 2532 supplicationem:

620 2565 687 2625 et
708 2560 863 2644 quia
884 2559 1094 2641 magis
1114 2560 1417 2642 competit
1443 2558 1652 2622 filium
1671 2557 2032 2641 supplicare
2057 2577 2170 2640 pa-

622 2669 704 2732 tri
733 2672 796 2732 et
821 2667 1078 2731 obedire
1094 2713 1115 2743 ,
1142 2666 1294 2730 hinc
1322 2666 1613 2749 estquod
1639 2665 1849 2747 magis
1873 2667 2175 2749 competit

625 2794 912 2858 personae
938 2774 1084 2840 Filii
1105 2773 1448 2853 incarnari,
1470 2791 1666 2855 quam
1686 2772 1820 2837 alii.
1845 2771 2025 2837 Unde
2045 2774 2176 2837 An-

625 2882 900 2963 selmus,
947 2882 1020 2947 in
1056 2882 1219 2945 libro
1263 2881 1473 2963 primo
1520 2880 1647 2945 Gur
1691 2880 1859 2945 Deus
1898 2878 2170 2946 homo⁸z

634 3014 665 3053 α
694 2989 1191 3054 convenientius
1220 2992 1402 3052 sonat
1428 2986 1636 3051 fllium
1670 2984 2028 3069 supplicare
2054 3005 2175 3069 pa-

629 3096 709 3162 tri
728 3144 746 3175 ,
777 3114 973 3181 quam
1014 3095 1206 3161 aliam
1238 3112 1598 3178 personam.
1628 3118 1657 3151 ι»
1708 3091 2071 3173 Postremo,
2121 3093 2175 3158 si

629 3204 1103 3270 consideremus
1126 3202 1539 3285 reparationis
1556 3202 1833 3266 fructum
1856 3202 1960 3266 vel
1984 3201 2177 3266 effec-

629 3316 795 3388 tum,
823 3311 1033 3393 magis
1051 3310 1447 3393 competebat
1471 3307 1634 3373 Filio
1655 3308 1998 3389 incarnari,
2025 3309 2181 3391 quia

634 3421 986 3487 incarnatio
1028 3421 1109 3485 ad
1143 3421 1265 3484 hoc
1294 3419 1656 3497 ordinatur,
1709 3422 1783 3482 ut
1823 3420 2026 3482 simus
2064 3418 2180 3481 filii

634 3530 740 3595 Dei
766 3549 783 3595 ε
817 3529 873 3593 si
898 3546 1056 3610 ergo
1074 3527 1387 3610 posterius
1406 3544 1519 3608 per
1541 3524 1701 3589 iuud
1720 3524 1913 3589 habet
1934 3526 2177 3607 reduci,

628 3639 807 3722 quod
834 3642 931 3702 est
956 3637 1135 3721 prius
1159 3636 1231 3701 in
1257 3635 1482 3701 eodem
1510 3652 1746 3716 genere
1764 3682 1783 3714 ,
1813 3652 2183 3717 congruum

632 3747 755 3812 fuit
780 3749 856 3810 ut
889 3744 1003 3809 mii
1029 3743 1139 3808 Dei
1166 3743 1567 3807 efficeremur
1592 3760 1706 3824 per
1729 3759 1882 3806 eum
1901 3790 1919 3822 ,
1949 3743 2063 3824 qui
2089 3748 2185 3808 est

635 3854 807 3918 filius
843 3851 1173 3917 naturalis.
1206 3849 1382 3915 Unde
1425 3849 1869 3931 Augustinus,
1901 3849 1970 3912 in
1996 3850 2184 3915 tertio

636 3961 881 4028 decimo
910 3959 984 4042 (b)
1020 3958 1098 4025 de
1133 3958 1448 4024 Trinitate
1468 3962 1527 4020 ⁴:
1561 3980 1591 4016 ει
1615 3954 1696 4020 Ut
1722 3955 1919 4020 homo
1946 3974 2030 4020 ex
2056 3956 2184 4021 Deo

635 4070 1038 4143 nasceretur,
1078 4064 1287 4147 primo
1328 4081 1410 4127 ex
1445 4062 1600 4145 ipsis
1643 4066 1836 4127 natus
1868 4067 1963 4127 est
1998 4062 2179 4127 Deus,

639 4173 931 4258 Oportuit
970 4171 1146 4236 enim
1179 4174 1251 4234 ut
1294 4187 1408 4252 per
1431 4189 1585 4234 eum
1629 4171 2030 4235 efficeremur
2069 4172 2184 4234 mii

638 4281 942 4366 adoptivi,
973 4279 1090 4362 qui
1117 4282 1211 4343 est
1238 4277 1407 4341 filius
1428 4278 1754 4342 naturalis.
1786 4300 1817 4337 n
1855 4277 1933 4343 Et
1961 4278 2055 4342 sic
2077 4297 2187 4361 pa-

640 4395 732 4455 tet
768 4408 882 4473 per
904 4405 1166 4454 omnem
1204 4385 1469 4451 modum
1510 4386 1684 4467 quod
1725 4386 2186 4468 congruentius

642 4497 765 4562 fuit
807 4495 1039 4562 Filium
1088 4492 1447 4572 incarnari,
1493 4510 1692 4575 quam
1733 4493 1953 4556 alium.
2006 4491 2185 4557 Unde

642 4602 1060 4670 concedendae
1087 4604 1239 4665 sunt
1279 4599 1555 4665 rationes
1573 4647 1591 4676 ‚
1622 4616 1770 4682 quae
1807 4600 1889 4662 ad
1918 4598 2042 4663 hoc
2080 4598 2184 4663 in-

642 4711 1062 4777 ducebantur.

724 4822 785 4881 1.
836 4815 934 4880 Ad
972 4816 1132 4881 illud
1171 4816 1342 4900 quod
1373 4814 1754 4897 opponitur,
1797 4813 1970 4896 quod
2013 4810 2187 4877 Patri

643 4923 856 5005 magis
895 4923 1196 4987 convenit
1235 4941 1397 5005 opus
1430 4920 1834 4985 recreationis
1858 4967 1874 4996 ,
1916 4919 2080 4987 sicut
2124 4923 2189 4984 et

641 5029 1001 5109 creationiS,
1031 5029 1371 5094 dicendum
1390 5030 1561 5112 quod
1591 5027 1776 5092 Pater
1797 5027 1886 5092 sic
1912 5032 2008 5092 est
2032 5046 2188 5091 auc-

642 5142 744 5203 tor
771 5137 1176 5202 recreationis
1193 5184 1211 5213 ,
1250 5137 1414 5202 sicut
1439 5141 1503 5202 et
1531 5136 1900 5201 creationis:
1935 5140 2000 5200 et
2025 5134 2190 5198 sicut

710 5315 887 5366 ’.Ῑοηυ
914 5325 934 5363 1
954 5351 973 5380 ,
999 5315 1072 5361 12.
1092 5313 1190 5349 —2
1217 5315 1464 5377 Ansclm„
1487 5313 1592 5364 Cur
1621 5314 1754 5362 Deus
1775 5311 1922 5362 homo
1945 5348 1961 5372 ,
1989 5310 2079 5361 lib.
2108 5311 2188 5367 11,

708 5407 772 5470 (a)
799 5408 971 5472 Vulg„
997 5408 1208 5471 Propter
1232 5423 1309 5457 me
1336 5411 1597 5476 tempestas
1617 5406 1718 5456 ἠως
1744 5405 1956 5470 grandis
1973 5406 2191 5455 venit.-

648 5479 713 5545 (b)
740 5480 869 5538 Cn!-
891 5479 1020 5531 edit.
1043 5482 1089 5531 3.

2264 633 2380 698 per
2403 612 2689 681 Verbum
2714 614 2935 679 omnia
2959 614 3107 680 feeit
3122 663 3143 694 ,
3173 615 3264 682 sic
3289 618 3488 684 etiam
3510 638 3629 703 per
3652 618 3815 687 Ver-

2265 722 2425 786 bum
2457 720 2676 785 omnia
2701 721 2942 786 resecit.
2975 721 3100 787 Sed
3128 741 3211 787 ex
3229 723 3352 789 hoc
3377 744 3511 791 non
3529 727 3819 811 sequitur

2266 828 2440 911 quod
2479 826 2665 893 Pater
2699 829 2915 911 magis
2940 828 3231 896 debuerit
3256 832 3616 913 incarnari;
3661 836 3818 919 quia

2266 934 2621 1000 incarnatio
2661 953 2796 1000 non
2821 936 3077 1019 respicit
3120 957 3460 1021 personam
3498 943 3776 1008 auctoris
3797 991 3816 1023 ‚

2266 1042 2375 1106 sed
2403 1042 2772 1106 mediatoris
2802 1061 2819 1106 ε
2847 1048 2911 1107 et
2932 1043 3084 1126 quia
3112 1045 3275 1110 ratio
3300 1047 3662 1114 mediatoris
3689 1067 3821 1115 non

2268 1147 2567 1212 convenit
2589 1146 2782 1224 Patri,
2799 1151 2908 1215 sed
2931 1151 3141 1233 potius
3159 1151 3346 1233 Filio,
3366 1153 3524 1218 binc
3537 1156 3824 1238 estquod

2269 1272 2401 1318 non
2430 1253 2722 1338 sequitur
2748 1256 2921 1338 quod
2949 1255 3306 1323 incarnatio
3334 1261 3549 1342 magis
3581 1280 3823 1328 conve-

2271 1360 2404 1424 niat
2421 1360 2615 1437 Patri,
2629 1381 2829 1444 quam
2847 1362 3040 1443 Filio;
3065 1364 3197 1431 imo
3212 1367 3425 1448 potius
3438 1385 3475 1432 e
3489 1386 3821 1435 converso.

2350 1472 2412 1531 2.
2441 1468 2541 1534 Ad
2570 1468 2725 1534 illud
2753 1469 2926 1554 quod
2954 1472 3302 1554 opponitur
3328 1472 3408 1538 de
3440 1474 3779 1558 adoptione
3801 1523 3821 1556 ,

2270 1575 2611 1641 dicendum
2670 1577 2842 1660 quod
2902 1596 3131 1643 verum
3177 1584 3274 1644 est
3330 1581 3505 1664 quod
3566 1581 3827 1666 adoptio

2273 1683 2577 1748 convenit
2616 1681 2786 1749 Patri
2825 1688 3133 1769 tanquam
3162 1688 3497 1771 principali
3524 1689 3772 1754 auctori
3806 1710 3823 1755 ι

2273 1790 2381 1855 sed
2415 1789 2540 1854 hoc
2566 1809 2699 1855 non
2732 1796 2980 1874 oportet
3015 1793 3223 1859 facere
3255 1794 3379 1859 nisi
3405 1813 3519 1878 per
3543 1794 3782 1860 Filium
3803 1841 3825 1876 ,

2273 1896 2462 1978 cujus
2486 1899 2620 1960 tota
2639 1901 2735 1961 est
2758 1897 3123 1980 baereditas,
3152 1905 3217 1965 et
3242 1919 3358 1984 per
3378 1920 3577 1984 quem
3601 1901 3708 1967 alii
3742 1903 3825 1968 ad

2272 2002 2709 2068 baereditatem
2733 2005 2967 2069 debent
2992 2006 3263 2072 admitti.

2358 2115 2420 2176 3.
2458 2109 2557 2175 Ad
2599 2110 2760 2176 illud
2798 2113 2969 2193 quod
3011 2114 3377 2197 opponitur,
3412 2115 3587 2198 quod
3625 2114 3832 2183 Filius

2275 2218 2526 2282 habeta
2546 2216 2730 2282 Patre
2741 2219 3052 2302 quidquid
3063 2220 3278 2298 habet,
3289 2220 3633 2286 dicendum
3653 2222 3830 2305 quod

2277 2324 2475 2390 Filius
2498 2325 2731 2391 dicitur
2753 2326 2995 2409 aliquid
3030 2327 3266 2393 babere
3307 2347 3421 2406 per
3463 2328 3829 2413 naturalem

2278 2432 2623 2514 originem,
2674 2432 2912 2516 aliquid
2954 2452 3070 2516 per
3104 2436 3455 2515 gratuitam
3490 2435 3826 2500 unionem.

2280 2538 2347 2605 Si
2374 2541 2587 2624 primo
2612 2541 2800 2606 modo
2830 2541 3251 2624 intelligatur,
3272 2543 3586 2628 quidquid
3609 2544 3831 2626 habet,

2280 2649 2537 2713 habeta
2554 2647 2761 2727 Patre,
2791 2651 2881 2714 ita
2898 2652 3072 2732 quod
3100 2651 3269 2715 idem
3296 2652 3467 2734 quod
3493 2656 3588 2717 est
3614 2652 3683 2717 in
3713 2651 3833 2718 Fi-

2279 2757 2371 2822 lio
2398 2776 2439 2821 a
2464 2755 2670 2835 Patre,
2696 2758 2886 2821 estin
2917 2756 3100 2823 Patre
3126 2777 3166 2822 a
3185 2759 3414 2842 seipso,
3435 2760 3503 2824 in
3525 2761 3836 2826 essentia-

2281 2864 2454 2928 libus
2486 2864 2830 2946 loquendo.
2872 2865 2939 2930 Si
2983 2870 3202 2929 autem
3257 2865 3601 2949 loquamur
3637 2868 3716 2932 de
3754 2886 3834 2932 eo

2284 2972 2458 3054 quod
2484 2971 2678 3035 habet
2694 2990 2808 3055 per
2835 2972 3189 3052 gratuitam
3220 2973 3550 3052 unionem,
3579 2974 3667 3038 sic
3705 2974 3836 3039 ha-

2283 3079 2391 3143 bet
2425 3097 2465 3142 a
2500 3077 2686 3144 Patre
2726 3082 3032 3163 tanquam
3072 3098 3112 3143 a
3160 3080 3469 3165 principio
3514 3081 3833 3162 effectivo,

2285 3206 2418 3252 non
2444 3192 2755 3270 tanquam
2779 3205 2818 3250 a
2844 3185 3198 3268 generante
3213 3235 3234 3266 ,
3280 3188 3433 3271 quia
3472 3188 3835 3253 secundum

2285 3295 2444 3359 illud
2471 3293 2674 3358 Filius
2699 3297 2796 3359 est
2823 3294 3038 3359 minor
3082 3293 3267 3359 Patre
3305 3310 3322 3356 2
3350 3299 3414 3359 et
3438 3296 3592 3378 quia
3624 3295 3838 3377 magis

2287 3404 2466 3468 decet
2491 3400 2730 3466 Filium
2760 3403 3116 3467 secundum
3146 3401 3502 3467 humanam
3534 3407 3834 3467 naturam

2289 3528 2423 3574 esse
2451 3511 2768 3575 minorem
2789 3508 2995 3585 Patre,
3012 3510 3166 3573 hinc
3191 3510 3477 3592 estquod
3497 3511 3617 3575 isto
3646 3511 3837 3577 modo

2292 3617 2503 3700 magis
2526 3618 2824 3700 competit
2849 3616 3085 3682 Filium
3109 3615 3347 3680 habere
3386 3616 3629 3700 aliquid
3660 3619 3839 3702 quod

2290 3743 2426 3789 non
2451 3725 2685 3789 habeat
2712 3723 2918 3799 Pater,
2949 3742 3148 3807 quam
3174 3742 3209 3787 e
3237 3742 3563 3790 converso.

2369 3838 2431 3897 4.
2458 3833 2557 3897 Ad
2594 3831 2751 3896 illud
2790 3830 2963 3914 quod
3008 3831 3378 3913 opponitur,
3425 3831 3597 3915 quod
3627 3833 3839 3915 magis

2291 3939 2591 4004 convenit
2613 3939 2873 4021 Spiritui
2900 3943 3141 4018 sanctu,
3172 3921 3327 4022 quia
3358 3938 3500 4004 baec
3537 3943 3633 4003 eet
3662 3958 3838 4003 sum-

2292 4067 2402 4112 ma
2422 4047 2651 4129 gratia,
2679 4046 3020 4112 dicendum
3050 4047 3220 4129 quod
3264 4065 3378 4129 per
3418 4047 3596 4112 illam
3640 4048 3837 4114 ratio·

2294 4174 2442 4220 nem
2469 4174 2603 4220 non
2628 4155 3030 4219 concluditur
3047 4154 3219 4236 quod
3237 4153 3588 4220 incarnatio
3614 4156 3840 4222 debeat

2291 4263 2432 4328 fleri
2479 4263 2548 4326 in
2593 4279 2862 4345 persona
2907 4259 3186 4344 Spiritus
3224 4262 3460 4340 sancti,
3506 4263 3615 4327 sed
3664 4265 3839 4346 quod

2293 4391 2456 4456 opus
2502 4371 2955 4436 incarnationis
2992 4370 3217 4435 debeat
3261 4370 3522 4435 attribui
3567 4370 3837 4455 Spiritui

2292 4484 2509 4545 sancto
2541 4503 2554 4544 :
2589 4483 2652 4543 et
2677 4478 2799 4543 hoc
2842 4478 3070 4543 melius
3110 4477 3434 4542 videbitur
3475 4477 3643 4543 infra
3659 4485 3704 4542 ².
3761 4478 3840 4554 Et

2291 4588 2581 4653 similiter
2627 4584 3144 4669 respondendum
3192 4588 3288 4649 est
3336 4584 3419 4648 ad
3471 4584 3618 4663 boc,
3666 4585 3838 4670 quod

2293 4697 2584 4778 sequitur
2611 4695 2690 4759 de
2716 4694 3074 4777 adoptione.

2374 4807 2435 4868 5.
2465 4802 2562 4867 Ad
2594 4800 2748 4865 illud
2790 4798 2964 4883 quod
3000 4797 3346 4882 opponitur
3385 4797 3464 4863 de
3512 4798 3835 4876 missione,

2294 4910 2633 4975 dicendum
2662 4905 2835 4990 quod
2866 4905 3083 4970 missio
3106 4906 3172 4968 in
3202 4922 3462 4969 carnem
3484 4905 3607 4970 fuit
3630 4907 3709 4971 ad
3736 4925 3841 4971 re-

2293 5015 2667 5082 dimendum
2696 5033 2736 5078 a
2766 5012 3076 5076 servitute
3098 5030 3116 5074 :
3138 5015 3202 5076 et
3219 5011 3373 5095 quia
3397 5016 3648 5095 oportet
3663 5014 3840 5096 prius

2295 5123 2622 5188 hominem
2650 5120 2907 5184 liberari
2948 5137 2988 5183 a
3022 5117 3327 5183 servitute
3347 5167 3365 5197 ,
3412 5124 3611 5202 quam
3651 5121 3839 5205 adop-

2298 5354 2343 5387 c.
2371 5337 2542 5386 lxv-³
2571 5334 2698 5385 Ibid.
2719 5334 2808 5384 lib.
2831 5334 2867 5393 l,
2885 5347 2933 5384 c.
2953 5332 3142 5384 *sne-⁸
3161 5334 3291 5396 Aug.
3310 5333 3376 5382 de
3395 5335 3685 5400 mmmm.
3707 5337 3835 5398 xm,

2300 5425 2346 5457 c.
2369 5422 2401 5459 ι,
2428 5414 2481 5458 et
2504 5421 2648 5471 seq.;
2676 5409 2737 5456 de
2765 5407 2980 5456 Nativit.
3013 5404 3233 5465 Domini,
3261 5418 3416 5456 serm.
3440 5419 3494 5456 ιι
3519 5444 3533 5468 .
3561 5409 3628 5458 al.
3656 5419 3794 5459 cren
3818 5445 3834 5470 ‚

2299 5495 2351 5532 n.
2384 5488 2489 5530 t.—
2511 5480 2532 5515 ⁸
2560 5480 2689 5530 Dist.
2720 5489 2791 5541 ιν,
2819 5481 2916 5527 art.
2951 5480 2996 5538 ¹,
3028 5488 3087 5537 q.
3112 5486 3151 5524 1.
