4185 6288
772 400 894 461 628

762 528 914 594 bere
960 528 1266 608 animam,
1292 546 1441 612 quae
1481 529 1563 593 sit
1609 529 1965 595 substantia
2006 531 2307 614 spiritua-

762 634 842 699 lis
870 658 886 701 ε
916 654 1074 718 ergo
1099 635 1353 702 videtur
1379 636 1552 720 quod
1581 636 1650 699 in
1676 636 1909 701 talibus
1935 638 2152 702 anima
2179 656 2311 702 non

763 744 1078 826 intelligat
1101 744 1394 827 seipsam.
1429 743 1584 808 Item
1608 747 1830 809 contra
1853 745 2113 809 tertium
2139 745 2310 828 quod

766 849 919 916 dicit
949 873 965 917 ε
1007 876 1038 912 α
1064 851 1145 917 Ut
1170 871 1503 936 nunquam
1530 872 1597 918 se
1625 870 1757 919 non
1784 853 2009 936 diligat
2032 875 2048 932 ;
2076 874 2108 913 n
2144 853 2309 936 obji-

765 960 930 1023 citur
959 959 1074 1037 sic,
1104 960 1273 1043 quod
1303 960 1490 1024 multi
1519 960 1756 1044 seipsos
1790 960 2180 1025 interficiunt
2201 1009 2217 1038 ,
2248 967 2315 1024 et

763 1066 963 1131 vitam
1019 1086 1204 1133 suam
1251 1067 1480 1133 odiunt
1528 1087 1544 1130 ε
1598 1087 1758 1150 ergo
1806 1068 2059 1133 videtur
2102 1071 2310 1132 totum

763 1173 920 1238 illud
977 1194 1110 1239 esse
1162 1176 1417 1239 salsum.
1462 1174 1779 1240 Praeterea
1824 1174 1892 1238 in
1941 1174 2311 1239 auctoritate

763 1282 1056 1364 sequenti
1099 1282 1310 1345 statim
1352 1282 1644 1346 subditur
1681 1281 2072 1346 contrarium
2121 1303 2136 1345 ε
2190 1282 2314 1354 Qui

765 1388 991 1473 diligit
1017 1390 1449 1472 iniquitatem,
1478 1388 1619 1456 odit
1646 1389 1933 1453 animam
1959 1405 2169 1453 suam.

845 1495 1030 1578 Resp.
1082 1496 1425 1559 Dicendum
1467 1495 1637 1578 quod
1685 1496 1792 1559 illa
1832 1495 1952 1558 tria
1990 1514 2137 1577 quae
2170 1499 2313 1559 tan-

765 1608 1013 1686 guntur
1042 1602 1107 1666 in
1132 1603 1362 1681 littera,
1399 1602 1731 1687 dupliciter
1757 1607 2025 1685 possunt
2051 1602 2312 1667 attribui

765 1712 1025 1790 animae,
1054 1711 1345 1775 videlicet
1363 1716 1531 1789 actu,
1558 1710 1662 1773 vel
1690 1710 1934 1775 habitu.
1966 1710 2035 1775 Si
2063 1711 2307 1789 habitu,

766 1819 857 1883 sic
901 1838 1052 1883 vere
1100 1821 1166 1883 et
1222 1836 1475 1900 semper
1520 1817 1964 1881 attribuuntur
2010 1816 2100 1897 ei,
2148 1836 2312 1900 quo-

765 1927 939 1991 niam
964 1928 1180 1991 anima
1204 1945 1319 2009 per
1346 1926 1619 2009 seipsam
1647 1930 1796 1989 nata
1822 1929 1917 1989 est
1953 1927 2053 1989 sui
2081 1924 2313 1989 memi-

765 2035 957 2113 nisse,
988 2053 1055 2097 se
1083 2034 1458 2114 intelligere,
1489 2034 1643 2095 etse
1674 2032 1965 2113 diligere.
2000 2031 2068 2097 Si
2095 2036 2310 2095 autem

764 2141 1157 2223 intelligatur
1198 2141 1266 2204 in
1303 2144 1472 2219 actu,
1505 2140 1595 2203 sic
1639 2157 1770 2203 non
1796 2158 2047 2222 semper
2074 2140 2195 2202 sibi
2223 2143 2313 2203 at-

763 2248 1137 2312 tribuuntur
1192 2269 1207 2312 :
1255 2247 1407 2329 quia
1450 2264 1584 2309 non
1627 2265 1877 2329 semper
1929 2267 1995 2311 se
2037 2247 2307 2328 cogitat,

764 2373 882 2419 nec
917 2372 1167 2439 semper
1208 2371 1401 2436 super
1436 2373 1503 2417 se
1551 2354 1962 2418 convertitur.
1992 2354 2310 2436 Augusti-

762 2478 888 2525 nus
936 2478 1094 2542 ergo
1141 2460 1427 2542 loquitur
1482 2462 1798 2542 quantum
1841 2460 1922 2524 ad
1978 2460 2307 2540 habitum,

763 2582 894 2627 non
924 2569 1242 2647 quantum
1268 2562 1348 2627 ad
1375 2567 1611 2627 actum.
1655 2563 1754 2627 Ad
1801 2563 1961 2627 illud
1992 2563 2165 2645 quod
2190 2565 2311 2628 ob-

755 2671 1001 2751 jicitur,
1041 2672 1212 2752 quod
1240 2670 1550 2735 memoria
1577 2674 1670 2734 est
1696 2674 1985 2753 respectu
2017 2670 2307 2752 praeteri-

762 2781 1001 2857 torum,
1030 2776 1369 2842 dicendum
1405 2778 1576 2860 quod
1617 2777 2020 2858 Augustinus
2066 2778 2311 2859 largius

751 2877 992 2966 ‘accipit
1031 2885 1443 2962 memoriam,
1490 2902 1687 2965 quam
1714 2883 2115 2966 philosophi,
2147 2884 2314 2947 sicut

762 2989 834 3054 in
863 2991 1069 3073 primo
1096 2991 1258 3055 libro
1286 2995 1612 3055 ostensum
1649 2991 1790 3055 suit.
1825 2990 1920 3054 Ad
1952 2990 2109 3055 illud
2137 2991 2309 3074 quod

764 3097 1086 3181 objicitur,
1120 3098 1290 3180 quod
1321 3116 1452 3162 non
1485 3116 1735 3181 semper
1772 3117 1837 3163 se
1868 3099 2145 3180 cogitat,
2180 3099 2311 3163 imo

763 3206 842 3269 de
869 3205 1029 3280 aliis,
1042 3208 1182 3287 jam
1203 3210 1369 3287 patet
1390 3206 1740 3288 responsio,
1769 3206 1921 3288 quia
1948 3223 2075 3269 non
2097 3206 2307 3288 loqui-

771 3315 882 3375 tur
904 3312 1335 3396 deintelliqere
1353 3312 1704 3377 secundum
1723 3312 1893 3394 quod
1912 3312 2064 3376 dicit
2086 3317 2307 3376 actua—

763 3418 892 3482 lem
919 3419 1352 3500 cognitionem
1392 3424 1455 3484 et
1490 3421 1969 3483 conversionem
1995 3438 2190 3502 super
2216 3439 2305 3483 se.

842 3525 940 3590 Ad
966 3526 1124 3590 illud
1151 3527 1321 3608 quod
1368 3526 1671 3608 objicitur
1698 3526 1775 3589 de
1803 3524 2137 3590 dilectione
2163 3574 2180 3602 ,
2212 3527 2313 3590 di-

763 3634 1039 3700 cendum
1067 3634 1238 3716 quod
1267 3633 1531 3715 diligere
1559 3637 1655 3696 est
1681 3633 2046 3715 dupliciter,
2078 3636 2312 3698 affectu

763 3740 1033 3819 scilicet,
1083 3746 1149 3804 et
1197 3739 1445 3805 effectu.
1498 3739 1751 3803 Affectu
1799 3738 2020 3803 nullus
2064 3747 2158 3804 est
2198 3743 2312 3824 qui

763 3847 1041 3930 seipsum
1070 3847 1262 3926 odiat,
1282 3848 1412 3910 imo
1438 3846 1491 3909 si
1519 3846 1798 3929 seipsum
1827 3847 2159 3927 interimit,
2187 3847 2312 3912 hoc

763 3958 857 4017 est
888 3957 958 4016 ut
983 3954 1265 4035 quietem
1291 3956 1604 4036 majorem
1632 3952 1955 4031 inveniat;
1986 3956 2039 4016 si
2068 3960 2306 4037 peccat,

762 4058 887 4123 hoc
911 4064 1006 4123 est
1051 4061 1201 4142 quia
1228 4062 1468 4142 appetit
1494 4059 1972 4124 delectationem
2000 4079 2207 4124 suam.
2240 4060 2308 4125 Si

762 4171 980 4229 autem
1022 4166 1366 4249 loquamur
1396 4167 1474 4231 de
1517 4167 1851 4230 dilectione
1885 4171 2201 4249 quantum
2229 4166 2309 4230 ad

762 4271 1060 4336 effectum
1080 4320 1103 4352 ,
1164 4260 1255 4337 sic
1306 4273 1494 4337 multi
1544 4274 1781 4355 seipsos
1835 4274 2101 4353 odiunt,
2155 4275 2310 4355 quia

762 4380 1117 4446 inordinate
1160 4399 1229 4445 se
1274 4381 1598 4462 diligendo
1645 4380 1887 4444 faciunt
1912 4380 2035 4444 sibi
2062 4381 2308 4444 malum

763 4494 826 4556 et
849 4490 1283 4569 inimicantur,
1315 4491 1479 4554 sicut
1508 4488 1693 4552 multi
1721 4490 1833 4572 qui
1876 4490 2162 4553 volentes
2204 4490 2309 4555 fu-

765 4616 920 4679 gere
945 4597 1380 4661 confusionem
1401 4645 1419 4676 ,
1451 4596 1549 4660 vel
1595 4596 2099 4671 tribulationem,
2134 4597 2305 4679 seip-

761 4723 865 4770 sos
904 4704 1294 4768 interficiunt
1338 4703 1785 4785 corporaliter;
1817 4705 1881 4766 et
1924 4703 2037 4785 qui
2079 4703 2307 4767 volunt

761 4810 1116 4875 satisfacere
1187 4809 1508 4874 desideriis
1585 4806 1795 4872 carnis
1822 4857 1839 4885 ,
1916 4810 2305 4874 interficiunt

760 4918 1000 4999 seipsos
1065 4916 1510 5000 spiritualiter,
1569 4921 1634 4980 et
1703 4917 2117 4997 inimicantur
2179 4915 2304 4979 sibi

760 5023 945 5089 valde
967 5023 1325 5088 crudeliter.

830 5150 892 5208 (α)
922 5148 1001 5198 ΔΙ.
1030 5148 1178 5199 sicut.
1211 5176 1268 5186 -—
1299 5150 1366 5214 (b)
1395 5150 1531 5214 quia.

1894 392 2515 461 SENTENTIARUM
2555 394 2704 463 LlB.
2760 398 2864 463 111.

3068 666 3207 712 DUB.
3239 667 3338 711 111.

2561 809 2885 861 Manifestum
2917 815 2996 861 est
3022 825 3146 877 ergo
3180 825 3391 864 omnem
3415 812 3685 863 hominem
3706 849 3721 870 ‚
3754 817 3856 863 ete.

2504 957 2809 1041 Oincitur
2837 963 2914 1025 de
2935 962 3120 1026 beata
3141 961 3407 1045 Vngine
3437 986 3451 1026 ε
3485 965 3540 1027 si
3572 964 3656 1044 (a)
3687 965 3867 1027 enim
3884 972 3967 1028 est

2422 1066 2526 1131 ille
2573 1070 2930 1150 proximus,
2971 1070 3084 1153 qui
3134 1075 3229 1134 est
3266 1074 3458 1153 juxta
3502 1090 3644 1148 noS,
3692 1079 3758 1135 et
3797 1074 3966 1136 beata
4002 1121 4005 1124 -

2419 1173 2619 1257 Virgo
2646 1194 2778 1240 non
2808 1180 3058 1240 tantum
3088 1195 3284 1259 supra
3310 1197 3457 1257 noS‚
3490 1179 3600 1242 sed
3629 1198 3829 1262 supra
3855 1198 3964 1243 an-

2420 1283 2599 1365 gelos
2635 1283 2910 1347 exaltata
2951 1288 3086 1363 est3
3116 1303 3275 1367 ergo
3319 1304 3450 1349 non
3502 1285 3767 1350 videtur
3806 1289 3961 1368 quod

2420 1394 2672 1454 tantum
2699 1389 3022 1471 diligenda
3054 1391 3134 1454 sit
3164 1396 3238 1455 ut
3265 1391 3592 1474 proxima,
3624 1395 3738 1457 sed
3770 1395 3963 1475 magis

2421 1502 2495 1561 ut
2518 1497 2800 1561 domina.

2500 1602 2659 1668 Item
2694 1603 3072 1669 honoranda
3119 1608 3214 1667 aet
3255 1604 3440 1668 beata
3475 1603 3681 1686 Virgo
3722 1608 3957 1689 speciali

2420 1709 2684 1790 honore,
2728 1710 2839 1793 qui
2882 1710 3113 1774 dicitur
3151 1710 3530 1793 hyperdulia
3566 1734 3582 1774 ε
3615 1730 3777 1793 ergo
3826 1732 3955 1796 spe-

2418 1820 2562 1884 ciali
2621 1837 2840 1884 amore
2901 1820 3174 1883 amanda
3233 1841 3248 1883 :
3295 1838 3426 1883 non
3486 1838 3647 1901 ergo
3718 1822 3957 1885 videtur

2418 1926 2590 2009 quod
2635 1928 2755 1991 sub
2793 1927 3037 1992 ratione
3076 1927 3353 2008 proximi
3398 1926 3824 2008 intelligatur,
3856 1946 3956 2010 per

2420 2057 2615 2120 quem
2671 2038 3089 2120 intelligimus
3160 2036 3317 2101 illud
3371 2038 3546 2119 quod
3617 2042 3717 2101 oet
3782 2040 3954 2119 juxta

2421 2164 2557 2209 nos.

2500 2254 2683 2337 Resp.
2735 2253 2908 2330 Quod
2952 2254 3212 2318 nomine
3258 2254 3536 2336 proximi
3590 2254 3952 2337 intelligitur

2417 2361 2630 2424 omnis
2650 2359 2846 2424 homo
2872 2362 3331 2443 cuiuscumque
3361 2378 3579 2437 sexus,
3608 2364 3952 2444 cujuscum-

2417 2485 2543 2549 que
2570 2467 2897 2549 dignitatis
2917 2515 2934 2542 ‚
2966 2470 3429 2550 cujuscumque
3476 2468 3763 2532 virtutiS.
3796 2468 3950 2533 Unde

2418 2581 2481 2640 et
2518 2575 2767 2639 dilectio
2814 2576 3109 2657 gloriosae
3140 2575 3421 2656 Virginis
3465 2575 3823 2642 includitur
3849 2577 3951 2640 snb

2418 2681 2748 2747 dilectione
2790 2682 3092 2764 proximi.
3126 2683 3218 2746 Ad
3263 2682 3421 2747 illud
3453 2701 3614 2748 vero
3653 2685 3829 2765 quod
3854 2685 3951 2748 ob—

2410 2790 2635 2871 jicitur
2656 2838 2672 2865 ,
2704 2790 2874 2872 quod
2902 2809 3035 2854 non
3071 2795 3167 2854 est
3199 2793 3392 2871 juxta
3420 2809 3542 2855 nos
3559 2840 3582 2871 ,
3614 2793 3729 2856 sed
3756 2811 3948 2875 supra,

2418 2898 2754 2963 dicendum
2801 2899 2970 2982 quod
3013 2899 3158 2962 licet
3198 2899 3278 2960 sit
3321 2917 3521 2980 supra
3559 2917 3685 2962 nos
3730 2900 3953 2961 ratione

2418 3006 2748 3088 dignitatis
2790 3006 3048 3087 gratiae,
3081 3009 3145 3069 et
3187 3006 3617 3087 conceptionis
3656 3005 3953 3069 nobilissi-

2418 3130 2579 3192 mae;
2614 3118 2708 3177 est
2733 3117 2947 3177 tamen
2966 3114 3155 3194 juxta
3182 3129 3299 3176 nos
3324 3112 3689 3176 secundum
3718 3113 3953 3177 confor-

2419 3221 2703 3284 mitatem
2734 3225 2978 3283 naturae
3008 3237 3024 3281 ε
3057 3223 3121 3283 et
3146 3218 3451 3301 quoniam
3481 3218 3743 3283 dilectio
3770 3220 3954 3301 respi-

2418 3326 2502 3390 cit
2527 3326 3029 3405 similitudinem,
3058 3326 3266 3389 honor
3291 3327 3510 3389 autem
3537 3328 3802 3408 respicit
3826 3327 3948 3408 dig·

2417 3435 2723 3516 nitatem3
2753 3435 2904 3498 binc
2947 3436 3044 3497 est
3080 3432 3250 3514 quod
3275 3431 3530 3495 dilectio
3574 3434 3632 3512 ei
3644 3451 3723 3496 us
3767 3451 3953 3515 gene-

2419 3542 2633 3606 raliter
2685 3541 2802 3605 sub
2854 3540 3185 3604 dilectione
3234 3539 3513 3621 proximi
3562 3542 3950 3613 continetur,

2419 3649 2714 3732 quamvis
2764 3646 3091 3713 veneratio
3133 3644 3337 3727 ipsius
3375 3645 3518 3707 aliis
3567 3664 3954 3728 superpona-

2418 3759 2546 3819 tur.
2598 3753 2838 3819 Verum
2888 3757 2983 3816 est
3025 3756 3238 3815 tamen
3294 3752 3466 3834 quod
3515 3752 3656 3834 ipsa
3714 3752 3955 3835 speciali

2419 3862 2649 3927 affectu
2674 3861 2757 3925 ab
2780 3858 3295 3925 omnibus-debet
3320 3858 3503 3939 diligi
3529 3880 3546 3937 3
3579 3859 3693 3922 sed
3720 3878 3804 3923 ex
3847 3860 3958 3923 hoc

2419 3989 2547 4034 non
2574 3969 2862 4051 sequitur
2883 4015 2901 4045 ,
2928 3965 3099 4048 quod
3126 3964 3372 4029 dilectio
3399 3967 3544 4046 ejus
3572 3983 3708 4029 non
3737 3967 3951 4030 debeat

2420 4076 2541 4141 sub
2568 4075 2900 4140 dilectione
2926 4072 3204 4155 proximi
3231 4072 3564 4151 contineri,
3586 4073 3741 4154 quia
3765 4091 3959 4155 quan·

2418 4187 2837 4264 tumcumque
2865 4180 3078 4263 aliqua
3116 4183 3407 4244 creatura
3442 4198 3686 4261 magno
3733 4181 3959 4244 affectu

2418 4293 2498 4356 sit
2538 4291 2830 4369 amanda,
2871 4294 3088 4353 tamen
3135 4307 3248 4371 per
3296 4290 3476 4370 prius
3511 4289 3652 4372 ipsa
3692 4289 3959 4353 charitas

2419 4401 2668 4464 ordinat
2693 4400 2979 4462 animam
3003 4397 3084 4460 ad
3108 4395 3495 4476 diligendam
3512 4396 3792 4460 salntem
3822 4416 3960 4480 pro-

2414 4510 2622 4593 priam
2643 4558 2659 4585 ,
2709 4509 2877 4572 sicut
2928 4506 3161 4570 melius
3211 4506 3376 4568 infra
3421 4505 3956 4569 manifestabitur.

2419 4615 2538 4683 Per
2571 4617 2694 4680 hoc
2719 4619 2891 4697 patet
2929 4611 3261 4694 responsio
3287 4611 3367 4675 ad
3401 4611 3723 4692 objectum
3750 4659 3767 4687 ,
3804 4630 3955 4695 quo—

2415 4725 2593 4787 niam
2619 4722 2839 4803 arguit
2864 4718 2941 4784 de
2967 4719 3295 4800 dignitatis
3312 4718 3953 4802 sublimitate,qua(bl

2413 4833 2595 4915 beata
2621 4830 2811 4910 virgo
2837 4832 2931 4892 est
2966 4843 3160 4908 supra
3185 4842 3305 4888 nos
3325 4871 3344 4902 ,
3378 4825 3736 4888 secundum
3762 4842 3956 4907 quam

2412 4941 2509 5002 est
2546 4935 2908 5005 veneranda
2949 4952 2965 4996 τ
3012 4932 3134 4995 sub
3178 4932 3440 4996 nomine
3485 4949 3641 4996 vero
3684 4930 3957 5015 proximi

2411 5046 2773 5111 continetur
2798 5043 3110 5125 quantum
3141 5038 3220 5102 ad
3258 5043 3509 5104 naturae
3544 5040 3958 5104 conformita-

2408 5157 2564 5228 tem,
2595 5149 2947 5215 secundum
2972 5161 3168 5227 quam
3195 5150 3293 5209 est
3318 5145 3668 5226 diligenda.
