4185 6288
1666 449 2044 521 DISTINCT.
2085 454 2249 541 XXI.

351 593 701 678 figentium
725 596 1017 679 respectu
1035 595 1313 672 naturae,
1338 594 1449 659 sed
1472 593 1764 677 respectu
1787 607 1901 657 vo-
1945 635 1952 645 -

352 701 617 767 luntatis
653 701 915 768 divinae.
963 701 1044 766 Et
1080 701 1150 765 in
1198 701 1320 765 hoc
1368 700 1505 765 vult
1544 699 1896 775 ostendere,

353 811 528 894 quod
558 828 747 876 nemo
771 810 984 893 posset
1009 808 1222 892 ipsum
1248 808 1534 873 occidere
1561 856 1580 885 ,
1608 806 1731 871 nisi
1764 805 1900 888 ipse

352 918 546 982 vellet
588 922 862 983 mortem
898 917 1211 982 sustinere
1247 917 1606 981 secundum
1632 913 1900 997 disposi-

351 1025 593 1090 tionem
646 1024 992 1089 voluntatis
1034 1042 1192 1089 suae.
1238 1023 1412 1089 Unde
1460 1039 1696 1106 ponere
1753 1021 1901 1085 ani—

350 1148 529 1195 mam
583 1129 671 1196 ibi
731 1149 866 1196 non
920 1135 1014 1196 est
1078 1149 1193 1214 per
1246 1128 1689 1195 executionem
1713 1178 1731 1209 ‚
1787 1122 1899 1193 sed

349 1255 465 1321 per
498 1237 928 1304 voluntariam
969 1237 1487 1323 permissionem3
1518 1237 1583 1301 et
1614 1236 1704 1300 sic
1728 1236 1900 1319 patet

347 1338 531 1411 illud.

1004 1494 1142 1540 mm.
1187 1493 1253 1540 11.

391 1676 394 1677 ο
501 1627 604 1690 Sed
633 1639 753 1678 caro
780 1626 1004 1678 animam
1020 1625 1213 1691 posuit,
1234 1624 1441 1690 quando
1461 1625 1735 1691 expiravit.

428 1778 695 1844 Videtur
718 1778 892 1861 quod
921 1777 1132 1861 potius
1159 1776 1417 1841 deberet
1453 1775 1659 1841 dicere
1688 1794 1725 1840 e
1750 1792 1898 1841 con-

349 1904 561 1968 verso,
593 1887 765 1970 quod
797 1886 1013 1951 anima
1033 1885 1245 1969 posuit
1266 1902 1549 1962 carnem,
1580 1882 1899 1967 quiaplus

348 1994 544 2058 habet
574 1994 876 2059 virtutem
908 1993 1125 2056 anima
1158 2009 1350 2074 super
1378 2009 1657 2070 carnem,
1698 2009 1895 2074 quam

352 2119 502 2165 caro
541 2119 737 2184 super
780 2100 1086 2165 animam.
1132 2098 1287 2165 Item
1329 2100 1399 2163 in
1438 2099 1897 2164 resurrectione

223 2268 234 2275 .
345 2208 565 2289 potius
613 2208 847 2273 dicitur
885 2208 1101 2273 anima
1153 2206 1572 2291 resumpsisse
1610 2224 1892 2285 carnem,

349 2334 546 2399 quam
585 2335 732 2381 caro
775 2317 1057 2381 animam
1092 2338 1106 2380 ε
1142 2334 1303 2398 ergo
1349 2316 1418 2379 in
1455 2318 1659 2379 morte
1684 2315 1897 2398 potius

348 2422 606 2487 deberet
648 2423 773 2488 dici
817 2423 1034 2487 anima
1076 2423 1213 2507 ipsa
1269 2422 1551 2505 posuisse
1609 2439 1891 2503 carnem,

345 2547 544 2612 quam
566 2547 602 2594 e
628 2548 958 2595 converso.

430 2631 618 2715 Resp.
674 2631 1025 2697 Dicendum
1071 2633 1242 2714 quod
1287 2630 1497 2713 magIs
1541 2630 1771 2696 dicitur
1816 2634 1894 2698 de

321 2728 539 2811 ,carne
582 2739 754 2821 quod
796 2740 1008 2823 posuit
1054 2739 1336 2803 animam
1360 2788 1377 2819 ,
1423 2756 1620 2821 quam
1660 2757 1696 2803 e
1739 2757 1895 2804 con-

345 2863 537 2912 verso
566 2866 583 2911 :
615 2864 750 2910 non
776 2846 932 2929 quia
957 2864 1104 2910 caro
1128 2846 1435 2911 virtutem
1453 2845 1683 2911 habuit
1698 2864 1895 2929 super

344 2954 630 3018 animam
645 2979 661 3032 ;
694 2953 799 3017 sed
830 2953 1005 3036 quia,
1034 2970 1226 3017 carne
1255 2956 1646 3033 remanente,
1675 2953 1895 3017 anima

344 3081 388 3127 a
423 3079 613 3126 carne
656 3060 943 3126 decessit.
984 3058 1109 3125 Sed
1141 3060 1294 3143 quia
1322 3078 1437 3142 per
1474 3060 1758 3124 animam
1788 3061 1894 3125 in-

345 3171 664 3254 telligitur
707 3172 841 3237 vita
863 3219 881 3251 ,
911 3188 1060 3255 quae
1100 3170 1310 3252 magis
1348 3170 1540 3235 habet
1577 3170 1893 3236 rationem

346 3280 573 3363 pretii,
611 3282 676 3344 et
717 3280 1027 3362 quoniam
1075 3278 1266 3343 etiam
1304 3278 1520 3342 anima
1559 3277 1894 3360 praesideat

264 3429 267 3432 ψ
348 3388 552 3465 carni,
582 3387 722 3451 ideo
760 3387 972 3468 magis
1017 3386 1248 3450 dicitur
1285 3387 1361 3450 de
1397 3401 1585 3448 carne
1633 3384 1890 3468 deponi,

350 3512 546 3578 quam
572 3512 608 3558 e
633 3511 965 3558 conversa
995 3491 1073 3557 Et
1097 3511 1212 3576 per
1233 3493 1358 3557 hoc
1377 3495 1549 3575 patet
1565 3492 1892 3575 responsio

347 3601 429 3666 ad
456 3600 722 3683 objecta.
765 3598 908 3664 Non
940 3599 1115 3664 enim
1162 3599 1395 3663 dicitur
1434 3618 1581 3664 caro
1605 3600 1893 3683 posuisse

348 3707 632 3772 animam
661 3711 922 3790 propter
938 3707 1082 3785 hoc,
1110 3705 1282 3788 quod
1309 3721 1456 3770 caro
1482 3707 1738 3790 propria
1755 3709 1890 3772 vir-

347 3818 486 3878 tute
513 3813 728 3878 fecerit
748 3835 765 3892 ;
792 3815 901 3878 sed
927 3813 1082 3897 quia
1103 3812 1310 3879 virtus
1321 3812 1540 3879 divina
1557 3819 1695 3879 erat
1711 3817 1894 3881 unita

345 3920 550 3999 carni,
581 3920 717 3985 sine
739 3921 925 4003 cujus
948 3920 1362 4003 permissione
1385 3922 1600 3988 anima
1626 3941 1760 3989 non
1784 3942 1893 4007 po-

345 4031 512 4094 terat
532 4029 766 4113 deponi
789 4048 828 4094 a
853 4046 1065 4094 carne.

985 4218 1126 4266 mm.
1158 4217 1250 4264 111.

345 4344 491 4396 idem
511 4356 634 4408 ergo
658 4342 976 4408 patiebatur,
1002 4346 1056 4394 et
1081 4356 1188 4393 non
1224 4342 1529 4407 patiebatur,
1559 4343 1891 4411 moriebatur,

841 4418 894 4468 et
918 4428 1027 4468 non
1052 4415 1389 4467 moriebatur.

348 4585 352 4591 ’
424 4568 558 4635 Ηοο
590 4567 844 4632 videtur
869 4567 1131 4648 falsum,
1163 4567 1315 4650 quia
1343 4568 1727 4652 principium
1756 4570 1887 4654 pri·

344 4696 529 4743 mum
559 4678 743 4742 estin
771 4675 983 4760 prima
1005 4675 1424 4760 philosophia,
1451 4678 1624 4760 quod
1649 4679 1890 4764 impos-

342 4785 525 4849 sibile
547 4786 641 4849 est
667 4782 863 4848 simul
890 4787 953 4848 et
980 4783 1178 4848 semel
1202 4783 1281 4848 de
1300 4801 1433 4848 uno
1452 4787 1515 4848 et
1531 4784 1754 4850 eodem
1768 4787 1889 4852 dici

341 4891 473 4955 duo
518 4891 1004 4956 contradictorie
1055 4890 1384 4974 opposita:
1414 4908 1594 4973 ergo,
1646 4893 1704 4957 si
1746 4894 1889 4960 haec

341 5002 439 5063 est
494 5016 713 5063 vera-z
754 5021 786 5059 α
836 4997 1118 5063 Christus
1174 4997 1567 5063 moriebatur
1594 5047 1612 5079 ‚
1660 5022 1692 5060 n
1745 5000 1889 5067 haec

340 5105 712 5188 simpliciter
752 5105 876 5170 erit
919 5105 1120 5170 falsa:
1163 5128 1194 5168 α
1232 5105 1516 5171 Christus
1557 5124 1691 5172 non
1743 5127 1884 5174 mo-

338 5212 645 5279 riebatur.
676 5236 707 5273 n
744 5211 814 5277 Si
837 5216 911 5277 tu
937 5212 1107 5277 dicas
1135 5213 1306 5295 quod
1336 5210 1427 5277 ibi
1454 5230 1586 5279 non
1617 5217 1711 5280 est
1741 5234 1885 5282 con·

339 5313 667 5404 tradictio',
721 5320 874 5405 quia
923 5320 1045 5385 hoc
1097 5320 1464 5386 attribuitur
1531 5323 1590 5387 ei
1648 5341 1884 5392 secun-

340 5428 498 5497 dum
544 5428 835 5497 diversas
878 5428 1177 5509 naturas3
1219 5431 1280 5492 et
1315 5428 1396 5493 ad
1435 5428 1558 5498 hoc
1600 5433 1772 5519 quod
1800 5435 1882 5500 sit

3435 440 3552 520 443

2012 592 2420 658 contradictio
2441 640 2458 671 ,
2492 596 2739 676 oportet
2763 592 2936 676 quod
2962 588 3249 676 opposita
3284 609 3418 657 non
3444 608 3554 657 so·

2008 697 2148 763 lum
2180 700 2616 766 attribuantur
2652 700 2858 766 eidem
2878 750 2897 781 ,
2928 699 3034 765 sed
3081 700 3275 765 etiam
3324 718 3550 765 secun-

2010 806 2169 871 dum
2201 807 2413 872 idem:
2446 808 2570 872 hoc
2610 826 2750 873 non
2793 808 3014 886 solvit,
3046 808 3201 891 quia
3233 808 3287 872 si
3324 807 3555 892 aliquis

2011 913 2247 978 diceret
2290 913 2553 980 Petrum
2600 932 2735 980 esse
2781 915 3025 995 album,
3057 915 3207 997 quia
3241 918 3337 979 est
3370 916 3555 981 albus
3688 950 3743 974 .-

2008 1021 2365 1085 secundum
2406 1040 2638 1104 corpus
2656 1071 2673 1102 ,
2716 1027 2779 1087 et
2806 1041 2935 1087 non
2965 1040 3101 1087 esse
3126 1022 3369 1101 album,
3400 1022 3554 1105 quia

2008 1145 2142 1192 non
2177 1132 2270 1192 est
2308 1128 2487 1194 albus
2528 1130 2882 1195 secundum
2927 1129 3233 1209 animam,
3264 1129 3426 1193 nihil
3454 1129 3554 1193 di-

2008 1238 2216 1314 ceret3
2249 1235 2459 1318 prima
2472 1236 2643 1300 enim
2672 1239 2834 1301 esset
2863 1235 3232 1321 simpliciter
3256 1254 3433 1316 vera,
3463 1254 3554 1300 se-

2008 1341 2218 1407 cunda
2237 1342 2604 1426 simpliciter
2630 1343 2786 1407 falsa
2819 1365 2835 1408 ε
2863 1362 3020 1425 ergo
3046 1344 3100 1407 si
3126 1344 3265 1408 haec
3284 1346 3379 1407 est
3399 1361 3555 1408 vera

2005 1449 2360 1515 secundum
2424 1448 2890 1515 humanitatem
2943 1469 2961 1514 t
3024 1473 3057 1512 α
3113 1450 3394 1515 Christus
3460 1455 3556 1516 est

2005 1562 2338 1636 mortuus;
2404 1580 2435 1616 n
2506 1557 2627 1621 ista
2688 1557 2812 1622 erit
2869 1556 3237 1641 simpliciter
3302 1558 3460 1622 falsa
3531 1580 3549 1625 t

2014 1687 2046 1725 α
2074 1664 2359 1730 Christus
2380 1682 2512 1728 non
2536 1668 2630 1728 est
2652 1667 2968 1728 mortuus,
3000 1686 3031 1725 x>
3069 1664 3226 1729 Item
3253 1664 3393 1729 haec
3413 1665 3554 1730 abs-

2006 1790 2133 1854 que
2184 1771 2378 1837 dubio
2420 1776 2514 1835 est
2554 1789 2710 1836 vera
2754 1790 2769 1832 ε
2810 1795 2842 1833 α
2878 1770 3163 1837 Christus
3210 1775 3305 1836 est
3355 1773 3551 1839 homo

2004 1896 2231 1961 passus
2260 1882 2325 1943 et
2352 1882 2664 1944 mortuus.
2703 1900 2735 1939 n
2773 1878 2841 1943 Si
2874 1897 3032 1960 ergo
3068 1882 3162 1943 est
3189 1882 3552 1945 communi-

2005 1988 2168 2052 catio
2216 1987 2627 2066 idiomatum,
2660 1985 2801 2051 haec
2823 1986 2943 2050 erit
2968 2005 3123 2051 vera
3153 2008 3169 2051 :
3213 1987 3425 2051 «Deus
3459 1994 3552 2053 est

2004 2101 2322 2161 mortuus
2365 2118 2396 2155 n
2449 2095 2627 2176 Ergo
2677 2092 2966 2160 Christus
3019 2095 3218 2159 homo
3276 2099 3340 2160 et
3384 2094 3550 2161 Deus

2004 2207 2099 2268 est
2150 2209 2461 2269 mortuus.
2519 2202 2588 2269 Si
2632 2221 2789 2284 ergo
2835 2202 2976 2267 haec
3014 2207 3111 2268 est
3165 2221 3319 2269 vera
3372 2206 3545 2270 omni

2004 2311 2196 2376 modo
2228 2334 2243 2375 ε
2275 2333 2307 2373 ι
2338 2311 2621 2376 Christus
2653 2314 2751 2375 est
2777 2313 3104 2391 mortuuS,
3137 2333 3169 2371 ι)
3206 2310 3327 2375 erit
3350 2330 3551 2396 oppo-

2003 2419 2124 2483 sita
2151 2421 2291 2501 ejus
2315 2418 2684 2502 simpliciter
2704 2417 2881 2482 falsa.

2084 2522 2268 2608 Resp.
2298 2525 2652 2591 Dicendum
2678 2525 2847 2607 quod
2873 2518 3112 2608 absque
3139 2524 3332 2590 dubio
3360 2522 3543 2610 illud,

2003 2633 2176 2716 quod
2203 2633 2501 2700 convenit
2524 2632 2769 2697 Christo
2794 2632 3150 2696 secundum
3184 2630 3545 2699 humanam

2002 2745 2324 2819 naturam,
2356 2741 2548 2806 etiam
2576 2739 3231 2822 secundumjdivinam
3250 2740 3548 2825 simplici-

2001 2850 2101 2912 ter
2127 2851 2190 2912 et
2214 2865 2368 2913 vere
2390 2850 2593 2931 potest
2615 2847 2676 2913 ei
2697 2847 2982 2912 attribui.
3012 2846 3192 2912 Unde
3220 2865 3372 2913 vere
3399 2848 3547 2914 dici-

1999 2959 2110 3020 tur
2140 2974 2156 3016 :
2185 2976 2217 3015 α
2231 2954 2519 3021 Christus
2535 2957 2629 3019 est
2644 2957 2890 3019 creator
2909 2955 3202 3020 omnium
3218 2975 3235 3037 ;
3260 2955 3547 3023 Christus

2000 3066 2191 3127 natus
2227 3065 2322 3127 est
2347 3062 2428 3127 de
2451 3059 2738 3146 Virgine.
2774 3084 2805 3123 n
2835 3060 2998 3126 Vere
3034 3062 3227 3127 etiam
3262 3062 3493 3129 dicitur
3521 3083 3541 3132 t

2010 3193 2042 3233 ι
2069 3170 2352 3237 Christus
2377 3173 2472 3235 est
2498 3169 2813 3251 mortalis3
2842 3169 3129 3236 Christus
3154 3175 3250 3237 est
3275 3172 3545 3239 immor·

1999 3279 2165 3343 talis.
2210 3298 2242 3338 n
2300 3279 2606 3357 Quamvis
2649 3282 2867 3343 autem
2921 3278 3167 3362 aliquid
3210 3281 3545 3347 conveniat

2001 3385 2246 3452 Christo
2259 3386 2613 3452 secundum
2625 3390 2924 3450 naturam
2939 3379 3353 3470 assumptam,
3373 3388 3539 3472 quod

2000 3510 2135 3558 non
2175 3494 2472 3559 convenit
2517 3493 2578 3557 ei
2625 3494 2981 3559 secundum
3024 3493 3346 3574 divinam,
3409 3512 3543 3561 non

1999 3604 2207 3683 potest
2240 3605 2454 3666 tamen
2493 3600 2573 3665 ab
2614 3618 2691 3664 ea
2737 3599 3109 3684 simpliciter
3152 3602 3472 3666 removeri
3517 3618 3537 3667 ε

2000 3708 2154 3790 quia
2178 3708 2322 3791 plus
2363 3707 2527 3771 tollit
2564 3707 2845 3790 negatiO,
2889 3725 3084 3789 quam
3126 3710 3323 3790 ponat
3363 3708 3540 3774 affir-

2000 3815 2217 3879 matio,
2256 3815 2335 3880 Et
2362 3815 2504 3879 ideo
2535 3815 2934 3880 affirmativae
2953 3815 3373 3881 concedendae
3392 3820 3544 3882 sunt

1995 3926 2307 4006 tanquam
2364 3939 2575 4002 verae3
2646 3923 2969 4004 negativae
3021 3940 3176 3987 vero
3225 3924 3542 4005 negandas

1999 4035 2152 4097 sunt
2191 4036 2501 4114 tanquam
2540 4030 2715 4095 falsae
2739 4080 2756 4111 ,
2808 4031 2927 4095 nisi
2973 4036 3412 4115 proponantur
3437 4031 3543 4098 vel

1998 4139 2443 4220 intelligantur
2502 4155 2653 4203 cum
2711 4137 2925 4203 addita
2988 4133 3537 4206 determinatione.

2005 4246 2179 4312 Unde
2202 4246 2342 4311 haee
2363 4250 2460 4311 est
2483 4265 2638 4311 vera
2662 4265 2680 4311 ε
2718 4268 2750 4308 α
2778 4246 3063 4312 christus
3088 4263 3219 4310 non
3239 4250 3334 4312 est
3361 4265 3542 4314 mor-

1998 4358 2153 4420 tuus
2174 4354 2529 4419 secundum
2554 4352 2882 4433 deitatem3
2908 4376 2939 4414 ι)
2971 4353 3111 4419 haec
3137 4358 3353 4421 autem
3380 4355 3541 4422 sim-

1998 4461 2244 4546 pliciter
2288 4461 2534 4544 prolata
2576 4477 2595 4526 t
2645 4485 2676 4524 α
2716 4460 3005 4527 Christus
3046 4479 3179 4527 non
3220 4465 3315 4528 est
3361 4481 3540 4530 mor-

1996 4573 2181 4650 tuus,
2252 4592 2283 4629 ι
2356 4569 2514 4634 falsa
2576 4573 2691 4636 est.
2756 4569 3128 4635 Ambrosius
3195 4575 3413 4637 autem
3479 4574 3543 4639 et

1998 4677 2300 4760 Magister
2355 4677 2692 4760 praedictas
2754 4677 3104 4743 locutiones
3170 4679 3544 4761 intelligunt

1995 4803 2147 4850 cum
2172 4784 2700 4850 determinatione
2751 4784 3052 4867 adjimcta
3097 4805 3114 4851 t
3158 4785 3331 4869 quod
3369 4790 3543 4871 patet

1994 4909 2110 4977 per
2150 4892 2347 4957 finem
2385 4890 2777 4957 auctoritatis
2813 4892 3041 4975 primae
3091 4894 3178 4972 (a)
3229 4910 3248 4957 t
3292 4911 3374 4959 ex
3419 4895 3543 4960 hoc

1994 5000 2133 5085 ipso
2157 4998 2329 5083 quod
2356 4999 2653 5084 proponit
2690 4999 2842 5064 istas
2868 4997 3063 5066 simul
3104 5024 3120 5067 ε
3159 5025 3192 5063 α
3232 5001 3541 5067 morieba-

1990 5111 2124 5188 tur,
2154 5128 2186 5167 υ
2219 5110 2284 5172 et
2317 5130 2348 5169 α
2372 5124 2505 5171 non
2529 5105 2942 5185 moriebatur,
2986 5128 3019 5169 n
3071 5111 3354 5174 arctatur
3391 5127 3541 5193 pars

1992 5218 2379 5285 affirmativa
2403 5217 2485 5284 ad
2510 5218 2867 5284 humanam
2893 5221 3215 5300 naturam,
3248 5224 3311 5285 et
3335 5238 3541 5305 nega-

1993 5328 2127 5393 tiva
2167 5326 2249 5393 ad
2292 5325 2601 5394 divinam.
2651 5325 2799 5393 Ideo
2844 5343 2978 5392 non
3014 5330 3111 5392 est
3148 5325 3240 5392 ibi
3284 5332 3538 5406 contra-

2060 5453 2124 5520 (α)
2150 5452 2273 5506 Coee.
2301 5452 2424 5504 edit.
2453 5451 2794 5538 auctoritatis,
2821 5451 2989 5525 primo
3018 5465 3081 5503 ex
3103 5451 3234 5520 hoc,
3258 5457 3362 5514 etc.
