4185 6288
1650 405 2023 475 DISTINCT.
2072 407 2173 475 tv.
3435 414 3514 475 89

1436 752 2172 857 DISTINCTIO
2261 762 2400 857 lV

783 1069 1097 1126 nummi
1141 1071 1299 1118 ento
1343 1070 1579 1117 culum
1626 1070 1846 1117 mmm·
1891 1070 2004 1116 PER
2047 1070 2328 1117 smmum
2374 1070 2651 1117 saucwu
2696 1070 3028 1117 concern.

401 1311 560 1381 Cum
585 1336 751 1384 vero
801 1316 1168 1385 incarnatio
1218 1315 1452 1400 Verbi,
1493 1314 1663 1384 sicut
1697 1315 1765 1383 in
1802 1314 2254 1407 superioribus
2279 1331 2297 1365 ¹
2340 1322 2691 1384 tractatum
2718 1325 2850 1402 est,
2882 1316 3172 1409 operatio
3216 1339 3370 1386 vere
3423 1316 3546 1398 sit⁸
3599 1327 3747 1433 gun-”²

327 1425 541 1513 Patris,
571 1441 636 1499 et
659 1431 854 1517 Filii,
886 1440 953 1500 et
978 1432 1266 1524 Spiritus
1290 1432 1521 1518 sancti,
1554 1431 2049 1521 investigatione
2079 1431 2361 1519 dignum
2411 1432 2600 1501 nobis
2626 1432 2911 1518 videtur,
2944 1456 3148 1525 quare
3177 1433 3248 1500 in
3288 1431 3506 1523 Scrip-
3535 1403 3628 1515 ἔξω
3665 1403 3747 1513 3ἷὲ

328 1550 458 1611 tura
482 1542 769 1636 Spiritui
799 1557 1025 1617 sancto
1057 1549 1178 1616 hoc
1205 1572 1371 1640 opus
1413 1549 1653 1640 saepius
1683 1548 2035 1631 tribuatur,
2065 1555 2132 1616 et
2165 1547 2245 1615 de
2291 1548 2432 1639 ipso
2471 1548 2767 1617 Christus
2809 1557 3158 1641 conceptus
3209 1556 3273 1618 et
3311 1556 3503 1617 natus
3535 1510 3750 1640 mags

331 1669 734 1732 memoretur.
767 1664 920 1732 Non
951 1664 1127 1733 enim
1155 1664 1301 1733 ideo
1328 1663 1617 1757 operatio
1645 1663 2113 1732 incarnationis
2141 1662 2421 1757 Spiritui
2449 1673 2671 1733 sancto
2696 1665 2933 1756 saepius
2959 1665 3302 1750 tribuitur,
3324 1662 3502 1755 quod
3534 1645 3641 1747 122⁰?
3644 1645 3750 1748 2¹1:ae

329 1795 454 1842 earn
478 1776 614 1868 ipse
640 1779 836 1848 solus
859 1780 999 1849 sine
1028 1781 1221 1850 Patre
1250 1805 1324 1849 ac
1351 1781 1522 1849 Filio
1551 1780 1799 1861 fecerit3
1824 1780 1934 1848 sed
1957 1781 2117 1871 quia
2145 1780 2433 1872 Spiritus
2457 1789 2721 1850 sanctus
2743 1790 2839 1850 est
2864 1782 3146 1849 charitas
3165 1789 3228 1848 et
3254 1782 3503 1848 donum
3532 1762 3754 1860 ξῖἑηξζξῧζ

329 1887 521 1959 Patris
545 1902 610 1961 et
635 1894 832 1983 Filii,
860 1906 926 1965 et
951 1898 1273 1966 ineffabili
1301 1898 1422 1966 Dei
1438 1897 1753 1966 charitate
1800 1898 2073 1966 Verbum
2102 1921 2257 1966 caro
2274 1900 2541 1988 sactum
2570 1912 2665 1967 est
2682 1911 2732 1985 ²,
2751 1907 2813 1966 et
2844 1898 3157 1967 ineffabili
3186 1898 3304 1965 Dei
3332 1897 3506 1964 dono
3556 1880 3733 1935 5⁹⁵‘³²¹¹⁵

3534 1948 3695 1996 sancto,
3710 1946 3753 1985 et

331 2005 518 2076 Filius
542 2009 663 2079 Dei
688 2012 826 2081 sibi
853 2014 1071 2081 univit
1088 2018 1382 2105 sormam
1409 2014 1580 2082 servi
1606 2016 1649 2081 ⁸.
1689 2014 1836 2082 Non
1862 2036 2020 2103 ergo
2047 2014 2360 2105 frequens
2386 2014 2834 2085 denominatio
2859 2014 3146 2106 Spiritus
3189 2015 3396 2081 sancti
3423 2012 3507 2080 ab
3554 2007 3608 2048 ‘¹⁶
3639 2007 3732 2061 ⁵⁹⁸⁰

3579 2067 3706 2107 etiam

332 2120 434 2189 illo
456 2145 643 2214 opere
671 2128 945 2197 Patrem
974 2129 1079 2197 vel
1113 2129 1362 2197 Filium
1390 2129 1692 2216 secludit,
1722 2130 1832 2198 sed
1863 2130 2082 2222 potius
2109 2154 2246 2199 uno
2275 2130 2614 2199 nominato
2644 2139 2774 2199 tres
2819 2130 3311 2219 intelliguntur,
3340 2129 3508 2196 sicut
3537 2140 3753 2233 ,2¹55-

334 2234 400 2303 fit
421 2260 582 2331 saepe
606 2242 681 2310 in
710 2244 866 2312 aliis
898 2245 1230 2337 operibus.
1263 2245 1451 2315 Unde
1474 2247 1893 2335 Augustinus
1917 2268 2116 2337 super
2140 2245 2265 2314 hoc
2294 2269 2563 2315 movens
2590 2246 3045 2338 quaestionem,
3065 2245 3136 2314 in
3165 2244 3343 2313 hunc
3370 2266 3510 2312 mo·
3554 2252 3738 2349 ἐξιῇ.

339 2352 478 2422 dum
520 2358 825 2428 eamdem
871 2360 1262 2430 determinat
1298 2364 1368 2429 in
1399 2361 1790 2430 Euclea-idio
1831 2362 1924 2430 ita
1946 2362 2259 2454 inquiens
2281 2376 2305 2410 ⁸
2337 2387 2353 2429 ε
2394 2389 2429 2427 α
2456 2364 2624 2430 Cum
2659 2363 2845 2430 illam
2873 2369 3266 2445 creaturam,
3306 2382 3508 2451 quam

336 2466 518 2559 Virgo
538 2477 848 2569 concepit
870 2483 936 2545 et
961 2478 1237 2569 peperit,
1269 2478 1574 2569 quamvis
1602 2479 1683 2547 ad
1727 2478 1935 2547 solam
1985 2501 2328 2571 personam
2372 2477 2529 2546 Filii
2574 2478 3009 2569 pertinentem
3050 2484 3185 2545 tota
3224 2475 3511 2544 Trinitas

340 2583 560 2674 fecerit,
588 2613 811 2685 neque
840 2593 1018 2662 enirn
1046 2594 1436 2685 separabilia
1462 2604 1619 2662 sunt
1647 2616 1845 2686 opera
1869 2594 2236 2682 Trinitatis,
2271 2617 2392 2664 cur
2421 2595 2490 2663 in
2515 2617 2591 2664 ea
2620 2593 2920 2663 facienda
2939 2592 3227 2685 Spiritus
3250 2599 3513 2660 sanctus

343 2699 494 2771 solus
518 2708 907 2777 nominatus
934 2713 1072 2777 est?
1102 2710 1210 2778 An
1238 2709 1434 2778 etiam
1462 2710 1729 2801 quando
1758 2734 1934 2780 unus
1960 2712 2164 2780 trium
2197 2711 2266 2780 in
2294 2712 2520 2803 aliquo
2543 2732 2738 2803 opere
2768 2710 3175 2793 nominatur,
3205 2708 3514 2776 universa

347 2822 575 2907 operari
602 2824 901 2893 Trinitas
926 2825 1375 2915 intelligitur?
1404 2827 1504 2894 Ita
1534 2849 1687 2895 vere
1720 2828 1800 2920 (b)
1830 2834 1950 2914 est,
1981 2837 2046 2896 et
2070 2828 2389 2921 exemplis
2412 2828 2631 2896 doceri
2676 2834 2908 2920 potest.
2948 2854 2981 2892 »
3029 2825 3326 2894 Audistis
3362 2845 3515 2917 pro-

347 2936 590 3024 positam
617 2941 1079 3033 quoestioneQ
1116 2941 1555 3034 ejusdemque
1581 2943 1980 3013 solutionem
2008 2944 2113 3013 vel
2143 2944 2642 3036 expositionem.

427 3078 456 3115 α
481 3054 605 3124 Sed
632 3066 658 3100 ⁸
689 3079 825 3127 non
853 3057 1049 3126 estin
1091 3056 1213 3125 hoc
1239 3057 1492 3126 diutius
1519 3058 2030 3129 immorandum.
2071 3059 2247 3129 Illud
2290 3061 2466 3129 enim
2508 3067 2750 3147 movet,
2780 3057 3111 3152 quomodo
3155 3057 3367 3126 dictus
3416 3063 3512 3124 est
3550 3085 3753 3161 ouo-m-

349 3166 610 3241 Christus
641 3182 840 3243 natus
873 3174 946 3265 (c)
980 3174 1061 3242 de
1088 3173 1342 3266 Spiritu
1366 3185 1614 3262 sancto,
1646 3200 1798 3245 cum
1829 3177 2009 3246 filius
2036 3179 2227 3247 nullo
2258 3179 2449 3248 modo
2492 3179 2576 3247 sit
2618 3178 2907 3271 Spiritus
2944 3176 3171 3245 sancti.
3226 3201 3259 3240 »
3299 3173 3509 3244 Num·
3539 3152 3749 3257 23⁶2ss-

351 3283 486 3373 quid
510 3288 751 3358 dicturi
778 3314 1012 3358 sumus
1037 3299 1288 3382 patrem
1319 3291 1605 3361 hominis
1631 3293 1872 3363 Christi
1900 3318 2036 3365 esse
2064 3295 2387 3388 Spiritum
2432 3307 2756 3382 sanctum,
2791 3305 2866 3364 ut
2891 3295 3067 3363 Deus
3111 3294 3307 3361 Pater
3347 3291 3511 3360 Ver·
3538 3281 3755 3382 ζξξζῗξζ

349 3396 484 3469 bum
510 3405 837 3492 genuerit,
857 3405 1147 3498 Spiritus
1169 3415 1432 3476 sanctus
1451 3408 1813 3496 hominem,
1837 3434 1919 3479 ex
1945 3435 2081 3503 qua
2111 3422 2388 3504 utraque
2415 3412 2779 3481 substantia
2804 3411 3103 3479 Christus
3122 3430 3297 3477 unus
3318 3413 3506 3492 esset,
3567 3400 3726 3507 ἓξὲξ

353 3523 407 3581 et
440 3516 548 3588 Dei
588 3522 807 3590 Patris
836 3522 1051 3590 Filius
1103 3523 1466 3592 secundum
1495 3525 1819 3613 Verbum,
1851 3537 1914 3597 et
1959 3527 2245 3619 Spiritus
2282 3530 2487 3597 sancti
2517 3528 2698 3597 filius
2742 3525 3104 3594 secundum
3144 3523 3506 3608 hominem,

352 3634 501 3720 quod
526 3660 677 3706 eum
704 3639 995 3730 Spiritus
1025 3648 1312 3725 sanctus,
1344 3649 1664 3732 tanquam
1707 3643 1904 3713 Pater
1930 3644 2110 3735 ejus,
2141 3644 2222 3712 de
2250 3629 2457 3712 matre
2487 3643 2763 3731 Virgine
2790 3639 3170 3730 genuisset‘l
3199 3639 3363 3721 Quis
3389 3637 3515 3708 hoc

355 3745 532 3820 dicere
558 3754 850 3840 audebit,
880 3778 1032 3823 cum
1061 3754 1182 3824 hoc
1209 3756 1301 3823 ita
1325 3756 1409 3825 sit
1438 3758 1827 3844 absurdum,
1859 3768 1934 3827 ut
1961 3761 2166 3829 nullae
2195 3759 2501 3828 fidelium
2530 3781 2723 3826 aures
2753 3759 2820 3825 id
2850 3756 3115 3825 valeant
3141 3755 3510 3824 sustinere?

354 3859 605 3936 Proinde
630 3897 665 3935 a
694 3893 849 3939 cum
876 3871 1201 3940 fateamur
1233 3874 1316 3962 (d)
1375 3872 1711 3942 Christum
1755 3884 1983 3943 natum
2022 3876 2104 3943 de
2147 3875 2406 3967 Spiritu
2454 3883 2676 3943 sancto
2702 3897 2783 3942 ex
2837 3874 2909 3962 (e)
2952 3871 3161 3940 Maria
3208 3870 3509 3959 Virgine,

355 3984 650 4066 quomodo
683 4008 820 4056 non
848 3985 932 4054 sit
962 3987 1144 4054 filius
1182 3987 1470 4080 Spiritus
1514 3989 1744 4074 sancti,
1776 3997 1839 4057 et
1864 3990 1949 4057 sit
1994 3990 2177 4059 filius
2204 3990 2532 4079 Virginis,
2564 4013 2714 4059 cum
2743 3989 2913 4058 etde
2940 3989 3059 4057 illo
3084 3997 3149 4058 et
3172 3988 3253 4055 de
3283 3986 3402 4054 illa
3428 3985 3515 4054 sit

355 4102 880 4195 natus,explicare
909 4101 1176 4171 difficile
1202 4112 1318 4172 est.
1352 4103 1593 4172 Procul
1612 4104 1814 4173 dubio
1842 4128 1975 4175 non
2001 4107 2095 4175 sic
2123 4109 2203 4176 de
2234 4107 2355 4176 illo
2374 4116 2450 4176 ut
2480 4107 2560 4176 de
2591 4116 2797 4198 patre,
2826 4107 2917 4174 sic
2945 4114 3166 4175 autem
3184 4104 3265 4172 de
3293 4103 3411 4171 illa
3440 4112 3517 4170 ut

357 4208 420 4278 de
442 4225 634 4285 matre
659 4226 857 4287 natus
880 4226 999 4286 est.
1032 4227 1054 4262 ⁷
1083 4216 1232 4287 Non
1278 4227 1374 4287 est
1400 4227 1621 4288 autem
1659 4222 2149 4292 concedendum
2176 4223 2504 4315 quidquid
2550 4224 2631 4291 de
2659 4222 2885 4315 aliqua
2911 4244 2981 4289 re
3011 4221 3325 4305 nascitur,
3362 4240 3519 4287 con-

359 4331 516 4404 tinuo
540 4339 826 4427 ejusdem
855 4338 952 4406 rei
978 4337 1199 4407 filium
1228 4340 1775 4431 nuncupandum.
1803 4341 1894 4411 Ut
1911 4342 2091 4411 enim
2112 4344 2412 4412 omittam
2443 4344 2635 4412 aliter
2659 4344 2741 4412 de
2767 4343 3035 4412 homine
3064 4339 3241 4410 nasci
3267 4338 3513 4425 filium,

358 4446 517 4520 aliter
543 4454 885 4546 capillum,
914 4453 1107 4524 aliter
1133 4455 1542 4547 pediculum,
1572 4463 1637 4525 et
1683 4457 2117 4545 lumbricum,
2149 4482 2441 4551 quorum
2485 4460 2652 4530 nihil
2681 4469 2776 4528 est
2827 4458 3043 4543 filius3
3089 4464 3167 4526 ut
3214 4478 3370 4545 ergo
3420 4455 3510 4545 (f)

359 4569 641 4657 omittam,
671 4572 987 4663 quoniam
1015 4578 1214 4641 tantae
1241 4571 1339 4640 rei
1383 4573 1763 4643 deformiter
1788 4583 2286 4667 comparantur,
2331 4585 2503 4644 certe
2544 4576 2662 4668 qui
2699 4582 3061 4643 nascuntur
3099 4596 3179 4641 ex
3225 4594 3404 4664 aqua
3450 4584 3514 4639 et

356 4680 574 4774 Spiritu
599 4700 831 4756 sancto
857 4696 904 4772 ⁸,
923 4710 1059 4756 non
1088 4711 1280 4780 aquae
1310 4688 1486 4758 filios
1511 4713 1621 4758 eos
1649 4687 1820 4758 recte
1847 4692 2179 4783 quispiam
2202 4691 2465 4779 dixerit,
2497 4692 2610 4761 sed
2636 4692 2947 4761 dicuntur
2975 4689 3100 4757 filii
3130 4689 3244 4756 nei
3271 4687 3512 4774 Patris,

356 4805 407 4865 et
429 4804 635 4873 matris
660 4804 988 4873 Ecclesiae.
1026 4804 1136 4873 Sic
1159 4828 1317 4895 ergo
1345 4807 1426 4875 de
1455 4805 1710 4900 Spiritu
1759 4815 1981 4875 sancto
2039 4816 2235 4877 natus
2261 4816 2357 4877 est
2382 4809 2703 4890 ChristuS,
2761 4829 2879 4874 nec
2919 4814 3142 4874 tamen
3190 4804 3373 4872 filius
3421 4812 3519 4874 est

357 4913 604 5008 Spiritus
634 4922 866 4992 sancti.
904 4921 1092 4992 Sicut
1117 4947 1153 4992 e
1177 4947 1490 4994 converso
1530 4947 1665 4993 non
1706 4946 1935 4992 omnes
1961 4926 2079 5016 qui
2109 4924 2421 4993 dicuntur
2449 4924 2733 5014 alicujus
2768 4922 2918 5008 filii,
2968 4944 3374 5014 consequens
3421 4930 3517 4990 est

356 5043 417 5102 ut
437 5037 503 5107 de
526 5039 640 5111 illo
666 5041 868 5110 etiam
897 5040 1036 5109 nati
1061 5063 1198 5110 esse
1223 5040 1553 5128 dicantur,
1574 5049 1650 5109 ut
1673 5040 1776 5110 illi
1804 5041 1924 5133 qui
1951 5041 2373 5134 adoptantur.
2393 5039 2719 5108 Dicuntur
2744 5038 2943 5107 etiam
2966 5038 3103 5129 filii
3125 5038 3444 5130 qelzennoe
3460 5052 3510 5124 θ,

402 5181 415 5217 ¹
435 5184 551 5236 nist.
578 5197 616 5237 1.
638 5210 699 5223 -
723 5185 745 5217 ²
766 5184 934 5247 loun„
957 5195 999 5247 1,
1028 5185 1106 5234 1⁴.
1129 5210 1190 5220 —
1213 5183 1235 5217 ⁸
1260 5183 1417 5246 Phil„
1443 5196 1505 5244 11,
1536 5187 1583 5234 7.
1606 5211 1670 5222 —
1692 5189 1710 5215 ⁸
1734 5186 1889 5249 Aug„
1919 5185 2147 5246 Encht‘r„
2176 5198 2221 5233 c.
2249 5194 2471 5245 xxxvm,
2496 5196 2549 5232 n.
2583 5185 2639 5232 12
2655 5217 2668 5231 .
2690 5208 2752 5221 —
2775 5185 2798 5218 ⁸
2816 5181 2945 5233 [bid.
2967 5208 3027 5220 —-
3046 5184 3069 5217 ⁸
3094 5182 3221 5234 [bid.
3244 5210 3305 5220 —
3322 5183 3345 5218 ⁷
3361 5181 3513 5246 mid„

351 5262 382 5300 e.
407 5266 571 5307 unx.
592 5282 653 5295 -
681 5256 705 5291 ⁵
728 5257 899 5318 loun„
919 5266 1001 5319 ω,
1030 5258 1078 5307 5.
1103 5280 1160 5291 -
1187 5256 1210 5289 ⁰
1231 5255 1434 5318 Manli„
1463 5266 1624 5316 xxm,
1657 5258 1732 5306 15.

392 5345 453 5406 (α)
475 5346 643 5413 suppl.
673 5346 923 5398 Christus.
947 5371 1010 5386 -
1029 5345 1102 5410 (b)
1128 5344 1269 5396 Edit.
1299 5344 1479 5395 Bened.
1508 5345 1654 5407 Oper.
1684 5344 1739 5395 S.
1765 5345 1920 5409 Aua..
1943 5357 2087 5395 vero,
2111 5368 2171 5383 -
2204 5344 2265 5408 (c)
2295 5341 2445 5407 thid,
2474 5342 2666 5395 dictum
2694 5343 2775 5404 sit,
2806 5345 2976 5397 Natus.
2994 5371 3052 5383 —
3070 5346 3142 5410 (d)
3165 5343 3508 5409 Ibid.,confl-

344 5415 527 5470 bamur.
546 5445 609 5457 -
635 5419 700 5483 (e)
726 5416 864 5468 Ibid.
893 5420 959 5470 et.
985 5443 1048 5456 —
1076 5417 1145 5482 (s)
1173 5414 1306 5468 leid.
1327 5415 1446 5468 add.
1471 5416 1608 5468 haec.
