4185 6288
1064 504 1256 571 DlST.
1292 502 1401 569 111.
1444 503 1680 572 PART.
1723 503 1772 567 1.
1815 502 1998 568 ΛΒΤ.
2043 505 2092 570 1.
2133 504 2430 584 QUAEST.
2470 507 2576 573 111.
3352 518 3428 579 ⁶7

264 638 339 704 sia
357 637 623 704 celebrat
651 659 670 703 ε
700 638 888 721 quod
911 657 1043 706 non
1066 640 1317 720 faceret,
1345 638 1472 704 nisi
1496 637 1774 704 sanctifi-

265 752 372 810 cata
405 750 586 812 efflet.
629 746 701 812 Si
735 751 961 814 autem
996 752 1326 833 quaeratur
1363 767 1497 831 qua
1531 748 1633 813 die
1672 747 1778 812 vel

262 852 389 918 hora
425 854 828 919 sanctificata
859 855 1072 934 fuerit,
1108 855 1231 920 hoc
1271 856 1643 937 ignoratur;
1681 860 1779 918 ta-

265 979 383 1025 men
428 962 847 1045 probabiliter
888 963 1198 1044 creditur,
1249 962 1422 1046 quod
1467 962 1592 1027 cito
1640 965 1782 1045 post

258 1066 617 1134 inlusionem
650 1070 895 1136 animae
932 1071 1126 1135 fuerit
1157 1071 1320 1135 facta
1349 1068 1586 1134 infusio
1625 1087 1782 1151 gra-

260 1177 362 1240 tiae.
397 1175 720 1259 Quidquid
759 1184 978 1244 tamen
1011 1179 1090 1245 de
1127 1178 1287 1244 hora
1314 1178 1418 1259 sit,
1451 1196 1572 1261 pro
1608 1180 1782 1243 certo

257 1283 598 1351 habendum
626 1288 922 1371 estquod
947 1291 1094 1353 ante
1121 1287 1523 1352 nativitatem
1548 1286 1783 1351 sancti-

256 1391 415 1456 ficata
451 1394 670 1459 fuerit.
715 1394 889 1461 Licet
934 1394 1106 1459 enim
1149 1396 1274 1458 hoc
1314 1412 1610 1478 expresse
1649 1413 1780 1459 non

257 1498 536 1565 habeatur
561 1502 634 1566 in
672 1499 1030 1584 Scriptura,
1067 1501 1291 1565 haberi
1327 1505 1546 1566 tamen
1580 1505 1783 1584 potest

257 1625 324 1671 ex
345 1607 440 1672 his
463 1627 615 1692 quae
642 1609 720 1674 in
746 1609 1073 1693 Scriptura
1104 1610 1434 1691 leguntur.
1465 1607 1535 1673 ln
1563 1607 1782 1692 Scrip-

252 1722 378 1779 tura
398 1736 686 1800 namque
722 1735 862 1782 non
891 1717 1153 1799 legitur,
1188 1716 1341 1799 quia
1374 1734 1520 1780 cum
1563 1714 1781 1781 Evan-

252 1825 393 1904 gelia
412 1826 809 1891 inchoentur
834 1846 874 1891 a
898 1826 1165 1905 Ioanne,
1195 1826 1307 1908 qui
1334 1824 1453 1890 ruit
1475 1841 1781 1889 consum-

253 1934 424 1998 matio
448 1935 944 2017 prophetarum,
981 1938 1045 1998 et
1078 1933 1335 1997 initium
1372 1932 1534 2013 legis
1566 1949 1780 2010 novae,

250 2044 303 2103 et
337 2041 515 2106 beata
563 2042 778 2125 Virgo
824 2048 977 2106 nata
1024 2046 1087 2106 et
1131 2044 1430 2123 concepta
1471 2039 1594 2104 fuit
1635 2043 1784 2105 ante

250 2146 571 2228 Ioannem3
603 2150 755 2214 ideo
787 2149 952 2213 nihil
985 2148 1226 2231 legitur
1261 2148 1338 2213 de
1370 2150 1512 2230 ejus
1546 2148 1783 2213 nativi-

249 2259 358 2320 tate
380 2257 484 2322 vel
508 2259 1018 2323 sanctificatione
1047 2258 1117 2321 in
1149 2256 1536 2339 Evangeliis.
1571 2254 1781 2321 Habe·

143 2386 151 2397 ·
251 2369 558 2432 turtamen
573 2368 646 2433 in
666 2386 865 2448 novo,
883 2366 1022 2432 sive
1045 2366 1114 2430 in
1134 2367 1337 2431 veteri
1357 2364 1780 2447 TestamentO,

251 2473 401 2537 unde
433 2475 856 2540 sanctificatio
893 2476 1035 2557 ejus
1069 2479 1272 2558 potest
1304 2474 1467 2540 elici.
1509 2474 1582 2539 ln
1613 2493 1785 2540 novo

252 2577 499 2645 hahetur
525 2582 613 2647 de
638 2582 1134 2646 sanctificatione
1159 2582 1457 2661 Joannis3
1489 2582 1557 2646 in
1585 2582 1785 2648 veteri

257 2686 322 2749 de
337 2690 834 2755 sanctificatione
855 2688 1149 2755 Ieremiae
1173 2711 1189 2753 ε
1213 2708 1492 2772 quorum
1514 2697 1785 2773 uterque

257 2791 471 2875 legitur
514 2799 594 2861 in
637 2803 826 2862 utero
867 2798 1292 2861 sanctificatus
1332 2796 1547 2862 fuisse.
1591 2796 1671 2862 Et
1703 2815 1785 2862 ex

260 2897 383 2979 boc,
400 2905 590 2987 quasi
606 2924 646 2971 a
664 2905 922 2985 minori,
940 2904 1261 2987 colligitur
1287 2905 1408 2969 hoc
1425 2904 1628 2970 beatae
1651 2902 1786 2969 Vir-

264 3006 379 3086 gini
399 3010 599 3077 fuisse
624 3030 1021 3094 concessum,
1054 3011 1231 3095 quia,
1263 3012 1430 3077 sicut
1455 3012 1604 3077 dicit
1631 3012 1787 3077 Ber-

263 3116 502 3200 nardus,
545 3142 582 3182 e
605 3119 778 3204 quod
805 3120 948 3185 aliis
973 3119 1213 3203 legitur
1242 3119 1432 3186 fuisse
1460 3119 1782 3197 collatum,

264 3240 373 3290 non
387 3232 477 3293 aet
493 3228 890 3294 credendum
911 3227 1164 3311 Virgini
1180 3229 1372 3293 fuisse
1394 3231 1704 3310 negatum
1718 3247 1772 3306 ,n

266 3336 520 3401 maxime
555 3355 710 3401 cum
742 3337 1046 3401 sanctitas
1069 3335 1352 3419 Virginis
1388 3335 1649 3400 excedat
1672 3332 1708 3400 J
1717 3352 1786 3400 3-

267 3445 455 3510 remiae
480 3449 549 3509 et
572 3445 837 3510 Ioannis
864 3445 1206 3528 puritatem
1233 3448 1297 3510 et
1321 3443 1782 3527 virginitatem.

267 3544 327 3610 In
354 3551 497 3615 aliis
525 3552 647 3617 fuit
673 3551 1048 3634 virginitas3
1078 3553 1147 3616 in
1172 3551 1295 3616 hac
1325 3569 1480 3616 cum
1508 3550 1785 3633 virgini-

264 3660 369 3721 tate
389 3660 788 3725 toecunditas.
818 3659 898 3725 Et
925 3661 976 3724 si
1008 3659 1097 3723 illi
1124 3658 1496 3723 sanctificati
1521 3659 1787 3724 ruerunt

263 3760 322 3826 in
341 3771 541 3846 utero,
566 3768 721 3851 quia
739 3767 821 3830 ad
847 3766 1150 3833 sanctum
1172 3771 1538 3833 sanctorum
1560 3784 1787 3831 secun-

267 3869 397 3937 dum
445 3874 910 3958 expressionem
949 3872 1285 3956 Prophetae
1299 3880 1319 3914 ¹
1359 3878 1781 3954 accesserunt,

266 3984 486 4059 quanto
520 3980 730 4062 magis
769 3979 841 4042 in
886 3984 1068 4043 utero
1107 3978 1218 4043 illa
1252 3978 1630 4043 sanctificari
1667 3978 1783 4043 de-

266 4081 404 4164 buit,
432 4105 571 4170 quae
602 4087 804 4152 Deum
836 4087 907 4150 in
941 4090 1125 4150 utero
1159 4086 1474 4170 portavit!
1509 4086 1785 4151 Joannes

267 4210 520 4278 namque
544 4197 713 4260 inter
739 4199 1002 4259 caeteros
1023 4196 1383 4279 expressius
1406 4195 1485 4259 de
1509 4194 1782 4259 Domino

271 4302 663 4385 prophetavit,
688 4303 842 4387 quia
861 4303 930 4367 in
949 4302 1173 4366 matris
1194 4308 1379 4367 utero
1401 4302 1481 4366 de
1503 4303 1783 4367 adventu

272 4403 495 4474 Domini
522 4410 835 4476 exultavit
848 4416 892 4488 ¹,
918 4414 982 4473 et
1003 4409 1409 4492 postmodum
1436 4426 1555 4472 suo
1581 4408 1784 4490 digito

269 4517 519 4582 ostendit
533 4523 577 4583 ³.
613 4517 922 4584 Jeremias
955 4516 1147 4580 etiam
1180 4515 1360 4600 prius
1391 4514 1636 4580 ‚Ioanne
1663 4534 1781 4579 ex-

266 4623 519 4702 presius
563 4623 999 4710 prophetavit,
1047 4640 1198 4688 cum
1236 4621 1436 4686 dixit·
1469 4644 1484 4687 z
1535 4622 1782 4689 Novum

265 4725 445 4806 faciet
483 4732 792 4801 Dominus
831 4746 1025 4813 super
1063 4737 1323 4808 terram,
1366 4727 1617 4808 mulier,
1660 4733 1779 4792 etc.

272 4830 341 4898 In
378 4835 486 4903 hoc
521 4858 798 4925 namque
845 4839 1021 4924 quod
1067 4838 1262 4902 dicit:
1306 4837 1556 4904 Novum
1590 4837 1784 4917 saciet

272 4937 544 5015 Dominum
566 4964 762 5032 super
789 4953 1058 5023 terram,
1085 4945 1276 5010 datur
1307 4943 1576 5025 intelligi
1611 4943 1783 5027 quod

269 5064 377 5116 non
394 5072 468 5120 ex
493 5058 659 5124 virili
687 5055 969 5133 semine,
995 5056 1060 5116 et
1084 5053 1253 5135 quod
1280 5051 1408 5129 ille,
1428 5068 1624 5134 quem
1652 5053 1782 5117 cir-

264 5162 568 5247 cumdabit,
594 5184 731 5232 non
760 5166 913 5230 erat
948 5177 1157 5244 purus
1188 5158 1406 5238 homo,
1438 5158 1590 5241 quia
1618 5175 1779 5223 neu-

258 5270 402 5336 trum
421 5279 574 5342 aeaet
596 5289 860 5342 novum
873 5315 891 5333 .
924 5266 1006 5331 Et
1028 5266 1101 5331 in
1122 5265 1245 5332 hoc
1270 5268 1482 5330 totum
1502 5281 1783 5348 compre-

249 5372 455 5464 hmdit,
483 5385 653 5470 quod
683 5379 858 5450 dicit
884 5373 1084 5441 Isaias
1100 5379 1122 5415 ⁸
1153 5395 1171 5439 ε
1200 5374 1369 5442 Ecce
1406 5372 1602 5457 Vir-90
1629 5388 1780 5440 con-

301 5507 580 5579 tum.‚1¹‚
607 5514 787 5566 2⁴³-
813 5501 1013 5554 ¹Luc.,
1035 5510 1075 5565 1,
1102 5500 1180 5552 n.
1201 5527 1255 5539 -
1280 5497 1488 5561 Usum,
1516 5508 1564 5560 1,
1606 5499 1687 5549 29.
1718 5522 1780 5534 -

1887 639 2107 722 cipiet,
2144 646 2265 706 etc.
2304 640 2378 706 ln
2413 641 2537 707 hoc
2571 646 2788 709 autem
2832 646 3004 729 qnod
3042 647 3381 732 subjungit
3411 674 3427 717 z

1889 744 1973 812 Et
1998 747 2426 816 circumdabit
2453 751 2690 830 virum,
2715 751 2823 816 dat
2846 752 3204 838 intelligere
3228 757 3433 823 Chris-

1889 855 2030 919 tum
2049 854 2131 919 ab
2150 855 2405 921 instanti
2426 857 2855 940 conceptionis
2872 860 3063 927 fuisse
3081 864 3431 946 perfectum

1891 962 2103 1042 gratia
2130 967 2193 1027 et
2216 963 2548 1044 sapientia.
2582 962 2989 1048 prophetavit
3013 969 3434 1040 nihilominus

1889 1068 2053 1132 iacto
2086 1091 2103 1134 t
2149 1069 2334 1152 quasi
2375 1071 2549 1136 enim
2590 1073 2808 1137 omnia
2847 1080 3028 1157 gesta
3063 1096 3201 1160 sua,
3246 1081 3434 1164 signa

1889 1174 2128 1241 fuerint
2156 1177 2497 1245 Dominicae
2523 1181 2851 1264 passionis.
2887 1183 2966 1248 Et
2999 1193 3331 1271 propterea
3355 1190 3434 1256 de

1889 1281 1990 1346 his
2016 1283 2267 1349 duobus
2293 1285 2530 1368 legitur
2561 1288 2932 1371 specialiter,
2971 1294 3142 1375 quod
3172 1295 3433 1362 fuerunt

1890 1389 2285 1454 sanctificati.
2314 1391 2391 1455 Et
2417 1412 2529 1475 per
2554 1393 2673 1460 hos
2697 1395 2859 1461 duos
2884 1397 3073 1464 datur
3097 1402 3432 1470 manifeste

1893 1496 2160 1579 intelligi
2187 1500 2594 1566 sanctificatio
2623 1502 2823 1569 beatae
2850 1505 3151 1589 Virginis.
3185 1510 3252 1575 Si
3285 1513 3431 1596 quis

1890 1606 2107 1667 autem
2146 1603 2297 1669 velit
2333 1606 2569 1690 dicere,
2611 1612 2782 1693 qnod
2823 1612 2963 1678 aliis
3000 1615 3246 1681 Sanctis
3277 1636 3429 1683 con-

1893 1707 2070 1770 venit
2089 1708 2500 1776 sanctificatio
2527 1712 2593 1777 in
2617 1719 2822 1795 utero,
2845 1721 2919 1781 ut
2938 1717 3057 1782 Job
3075 1722 3187 1803 qui
3206 1721 3355 1788 dicit
3370 1729 3429 1789 *ε

1892 1813 1988 1879 Ab
2017 1816 2311 1896 infantia
2344 1821 2546 1888 crevit
2586 1837 2831 1888 mecum
2866 1826 3215 1907 miseratio,
3257 1836 3319 1895 et
3353 1846 3438 1897 ex

1892 1926 2070 1991 utero
2122 1941 2371 2008 carossa
2414 1932 2507 1994 est
2552 1945 2834 2010 mecum·
2885 1938 2948 1996 et
2996 1934 3159 2000 sicut
3214 1935 3438 2002 volunt

1892 2031 2158 2113 quidam
2201 2035 2408 2101 dicere
2453 2038 2531 2102 de
2572 2036 2803 2104 Jacob⁷
2835 2041 3221 2108 :dicendum
3262 2046 3432 2129 quod

1893 2135 2016 2201 hoc
2049 2157 2167 2203 nec
2201 2143 2649 2210 certitudinem
2686 2146 2897 2229 habet,
2944 2168 3060 2215 nec
3093 2153 3437 2217 auctorita·

1892 2247 2022 2308 tem
2051 2253 2369 2330 apertam,
2413 2251 2536 2315 nisi
2570 2253 2716 2336 quis
2765 2255 2920 2321 velit
2971 2258 3174 2325 facere
3219 2258 3431 2344 Scrip-

1893 2355 2060 2418 turae
2110 2356 2501 2426 violentiam.
2553 2360 2633 2427 Et
2682 2363 2824 2428 ideo
2873 2364 3093 2430 eadem
3144 2368 3437 2434 facilitate

1893 2464 2345 2545 contemnitur,
2378 2485 2506 2551 qua
2541 2470 2892 2551 probatur:
2925 2476 2988 2536 et
3021 2491 3140 2538 nec
3166 2474 3305 2539 aliis
3334 2476 3438 2541 vi-

1892 2568 2078 2635 detur
2104 2571 2297 2638 misse
2324 2574 2448 2638 nisi
2478 2575 2840 2657 virginibus
2860 2579 3004 2644 haec
3024 2581 3233 2662 gratia
3260 2599 3439 2647 sanc-

1892 2675 2253 2743 tificationis
2286 2698 2603 2747 concessa.
2641 2682 3127 2752 eoncedendum
3158 2693 3252 2754 est
3279 2707 3438 2772 ergo

1894 2781 2208 2867 Reginam
2246 2788 2581 2870 virginum
2613 2790 2684 2855 in
2714 2795 2896 2859 utero
2932 2795 3123 2861 fuisse
3157 2797 3435 2862 sanctifi-

1893 2897 2141 2974 catam3
2172 2899 2234 2958 et
2263 2895 2537 2961 rationes
2562 2914 2710 2981 quae
2738 2898 2860 2965 hoc
2890 2902 3253 2984 ostendunt,
3284 2923 3437 2970 con·

1893 3001 2191 3067 cedendas
2226 3008 2399 3069 sunt.

1975 3116 2005 3175 1
2052 3112 2116 3175 et
2150 3114 2213 3176 2.
2254 3109 2356 3178 Ad
2394 3111 2552 3179 illud
2589 3115 2759 3198 quod
2795 3116 3140 3201 opponitur
3177 3118 3248 3185 in
3282 3138 3438 3187 con-

1894 3217 2169 3283 trarium
2204 3218 2283 3284 de
2323 3219 2539 3284 Glossa
2572 3225 2636 3287 et
2670 3223 3057 3306 Augustino,
3098 3226 3437 3295 dicendum

1893 3325 2065 3409 quod
2085 3332 2178 3392 est
2201 3327 2442 3412 duplex
2463 3328 2785 3409 nativitas,
2813 3333 3115 3400 nativitas
3135 3334 3206 3400 in
3226 3341 3435 3418 utero,

1893 3437 1957 3498 et
1990 3433 2288 3499 nativitas
2315 3453 2400 3500 ex
2428 3440 2633 3503 utero.
2674 3434 2984 3505 Nativitas
3021 3438 3094 3505 in
3132 3445 3314 3507 utero
3344 3447 3440 3508 est

1891 3559 1976 3607 ex
1990 3542 2439 3624 conjunctione
2461 3544 2698 3609 animae
2720 3562 2870 3609 cum
2893 3563 3117 3626 carne;
3139 3547 3439 3614 nativitas

1892 3665 1975 3712 ex
2001 3653 2185 3714 utero
2211 3653 2305 3715 est
2334 3667 2632 3732 egressus
2653 3649 2851 3734 prolis
2887 3651 2966 3716 de
2996 3657 3242 3720 ventre.
3273 3649 3436 3721 Ver-

1891 3753 2049 3818 bum
2072 3773 2232 3837 ergo
2257 3756 2336 3821 de
2363 3755 2580 3822 Glossa
2604 3761 2670 3823 et
2693 3759 3065 3825 auctoritate
3088 3759 3437 3844 Augustini

1891 3860 2278 3943 intelligitur
2319 3862 2399 3927 de
2444 3861 2770 3930 nativitate
2814 3865 2887 3929 in
2925 3869 3143 3946 utero,
3186 3885 3319 3933 non
3357 3869 3438 3936 de

1888 3971 2222 4038 nativitate
2243 3989 2327 4038 ex
2350 3976 2557 4038 utero.
2585 3972 2661 4039 In
2683 3972 2794 4038 illa
2813 3975 2990 4040 enim
3012 3976 3339 4043 nativitate
3365 3977 3437 4044 in

1889 4084 2074 4144 utero
2107 4079 2183 4143 nt
2214 4078 2544 4161 originalis
2578 4081 2947 4162 contractio,
2989 4086 3054 4147 et
3085 4086 3229 4166 post
3258 4084 3435 4150 illam

1890 4190 2092 4268 potest
2137 4203 2273 4250 esse
2312 4185 2747 4252 sanctificatio.
2790 4185 3010 4254 Posset
3049 4191 3267 4255 tamen
3308 4190 3436 4257 dici

1889 4293 2062 4374 quod
2086 4292 2243 4358 illud
2270 4294 2543 4359 verbum
2569 4293 2920 4376 Augustini
2947 4294 3330 4380 intelligitur
3356 4298 3435 4364 de

1889 4401 2104 4482 gratia
2140 4404 2564 4483 regenerante
2608 4402 2962 4467 secundum
3000 4401 3213 4484 legem
3258 4421 3434 4469 com-

1889 4525 2176 4572 munem.
2204 4505 2283 4572 Et
2307 4506 2431 4572 hoc
2451 4507 2683 4572 melius
2704 4510 2877 4591 patet
2901 4507 2969 4575 in
2994 4507 3158 4572 libro
3180 4513 3431 4592 quarto.

1971 4618 2030 4679 3.
2057 4613 2157 4678 Ad
2182 4613 2342 4679 illud
2368 4613 2540 4697 quod
2570 4614 2937 4697 opponitur,
2965 4614 3136 4696 quod
3162 4632 3295 4680 non
3322 4633 3437 4700 pe-

1889 4721 2151 4787 rimitur
2187 4721 2560 4804 proprietas,
2603 4720 2913 4806 quamdiu
2954 4722 3296 4804 conjuncta
3341 4729 3437 4791 est

1890 4845 2040 4893 cum
2065 4845 2185 4894 sua
2209 4829 2490 4910 origine3
2517 4828 2857 4895 dicendum
2884 4828 3056 4911 quod
3081 4846 3315 4895 verum
3341 4836 3437 4898 est

1890 4933 1968 4999 de
2010 4933 2119 4999 illa
2166 4936 2580 5018 proprietate,
2636 4954 2785 5020 quae
2832 4935 3025 5002 habet
3069 4939 3435 5005 conservari

1889 5062 2041 5109 cum
2069 5045 2371 5110 continua
2395 5045 2729 5111 influentia
2753 5064 2904 5111 cum
2930 5064 3050 5114 sua
3076 5065 3310 5115 causa:
3340 5053 3436 5115 ta—

1886 5151 1967 5215 lis
2002 5155 2220 5217 autem
2258 5170 2392 5218 non
2429 5157 2637 5236 potest
2673 5171 2810 5219 esse
2841 5153 2914 5219 in
2952 5155 3324 5240 proposito:
3368 5162 3434 5223 et

1888 5258 2032 5324 ideo
2054 5277 2186 5323 non
2209 5259 2402 5325 habet
2425 5259 2532 5324 hic
2552 5259 2788 5326 locum.

1887 5421 1910 5457 ὃ
1929 5421 2135 5484 lenm,
2160 5431 2310 5485 xxxx,
2330 5423 2476 5473 26.-
2495 5422 2519 5458 ⁸
2540 5421 2682 5488 lsai„
2709 5433 2805 5487 vn,
2829 5425 2905 5477 14.
2920 5451 2983 5463 —
2998 5424 3021 5461 ⁸
3036 5424 3148 5490 lob,
3172 5436 3320 5488 xxxi,
3349 5427 3428 5479 ¹8.

1893 5520 1948 5531 -
1966 5495 1989 5530 ‘¹
2024 5493 2171 5557 Gen„
2191 5503 2315 5546 xxv.
