4185 6288
675 472 755 537 26
1708 465 2329 533 SENTENTIARUM
2371 466 2518 533 Lm.
2565 466 2674 533 111.

755 610 817 671 7.
846 606 940 673 Ad
963 606 1122 674 illud
1145 606 1317 690 quod
1333 604 1701 689 opponitur,
1728 604 1901 688 quod
1927 602 2214 669 Christus

674 718 769 781 est
791 718 981 797 caput
1004 712 1297 778 Ecclesiae
1328 712 1679 778 secundum
1705 712 2061 776 humanam
2091 728 2208 774 na-

672 825 923 900 turam,
970 820 1310 885 dicendum
1348 820 1521 901 quod
1565 818 1806 901 duplex
1852 820 1949 882 est
1993 816 2213 900 capitis

674 929 1024 1011 proprietas
1071 948 1087 991 :
1121 946 1253 991 una
1285 946 1433 1012 quae
1470 926 1813 991 attenditur
1857 927 2211 990 secundum

672 1035 1178 1099 conformitatem
1207 1034 1285 1098 ad
1326 1034 1652 1112 membra;
1683 1034 1809 1098 alia
1841 1051 1989 1116 quae
2015 1038 2213 1097 atten-

672 1142 845 1206 ditur
899 1143 1252 1206 secundum
1294 1142 1608 1207 donorum
1650 1142 2083 1223 gratuitorum
2111 1141 2210 1206 in-

671 1248 1022 1315 fluentiam.
1041 1249 1306 1315 Ratione
1322 1250 1546 1334 primae
1566 1250 1987 1334 proprietatis»,
2007 1249 2212 1315 Chris·

670 1359 774 1421 tus
797 1362 988 1439 caput
1014 1362 1110 1422 est
1131 1359 1202 1422 in
1226 1363 1546 1441 quantum
1571 1358 1767 1422 homo
1793 1380 1810 1436 ;
1838 1357 2085 1421 ratione
2111 1375 2213 1421 se-

671 1463 920 1544 cundae‚
945 1465 1226 1531 Christus
1251 1469 1442 1550 caput
1465 1470 1560 1530 est
1585 1467 1652 1529 in
1670 1469 1985 1548 quantum
2006 1464 2205 1530 Deus:

669 1577 734 1637 et
754 1573 1001 1637 ratione
1022 1573 1222 1656 hujus
1245 1574 1672 1657 principaliter
1700 1577 1872 1638 tenet
1896 1573 2210 1638 rationem

677 1682 900 1764 capitis
932 1704 946 1746 :
980 1686 1045 1746 et
1078 1683 1252 1762 ideo,
1299 1688 1433 1748 esto
1477 1682 1650 1766 quod
1688 1682 2052 1747 incarnatus
2078 1700 2209 1746 non

671 1792 858 1869 esset,
879 1789 1090 1854 adhuc
1112 1789 1387 1854 Ecclesia
1401 1790 1603 1872 capite
1623 1808 1756 1854 non
1776 1795 2040 1866 careret,
2056 1790 2210 1873 quia

670 1902 865 1980 caput
911 1897 1035 1960 viri
1081 1902 1241 1962 esset
1276 1897 1465 1977 Deus,
1495 1902 1560 1961 et
1586 1898 1670 1961 ita
1697 1897 1971 1962 Ecclesia
1995 1897 2207 1963 homi-

669 2022 830 2068 num
854 2010 1042 2087 caput
1071 2005 1333 2069 haberet
1360 2005 1583 2084 Deum,
1604 2006 1769 2071 sicut
1784 2005 1976 2070 habet
1998 2005 2212 2072 Eccle-

668 2113 765 2177 sia
809 2108 1192 2194 angeloru'm
1218 2131 1238 2175 ε
1269 2116 1332 2176 et
1371 2110 1514 2176 ideo
1552 2130 1687 2176 non
1719 2113 2012 2195 sequitur
2035 2115 2207 2194 quod

667 2238 896 2303 corpus
940 2219 1232 2284 Ecclesiae
1283 2224 1445 2283 esset
1479 2219 1879 2301 acephalum,
1909 2220 2208 2302 quamvis

665 2345 797 2391 non
844 2326 1107 2391 haberet
1140 2329 1332 2408 caput
1363 2327 1715 2391 secundum
1755 2344 2017 2391 omnem
2053 2345 2206 2409 pro-

664 2434 1000 2518 prietatem
1016 2482 1035 2511 ,
1081 2451 1277 2516 quam
1314 2432 1506 2497 habet
1547 2433 1738 2497 modo
1777 2433 1857 2516 (α)
1894 2454 1911 2498 :
1945 2434 2207 2499 haberet

664 2542 837 2608 enim
866 2545 1021 2607 tunc
1038 2545 1229 2623 caput
1255 2540 1480 2617 Deum,
1503 2541 1669 2605 sicut
1692 2558 1866 2606 nunc
1887 2539 2076 2607 habet
2096 2540 2208 2605 Ec-

665 2649 854 2714 clesia
876 2647 1280 2730 angelorum.

746 2760 809 2822 8.
861 2757 958 2821 Ad
1003 2756 1163 2821 illud
1188 2756 1361 2839 quod
1384 2755 1754 2838 opponitur,
1783 2754 1955 2838 quod
1980 2756 2204 2819 matri·

664 2866 960 2932 monium
985 2866 1199 2948 signat
1232 2863 1754 2947 conjunctionem
1797 2868 2201 2945 naturarum,

663 2974 1004 3040 dicendum
1032 2973 1204 3056 quod
1231 2972 1718 3037 matrimonium
1747 2971 2065 3054 duplicem
2094 2972 2206 3037 ha·

662 3081 771 3147 bet
818 3080 1390 3162 significationem:
1423 3078 1638 3162 signat
1679 3079 1852 3143 enim
1889 3081 2206 3163 conjunc—

661 3190 900 3255 tionem
928 3188 1038 3253 Dei
1064 3189 1147 3253 ad
1166 3188 1508 3252 Ecclesiam
1547 3188 1900 3254 secundum
1929 3190 2206 3257 charita-

568 3383 573 3388 ·
661 3300 792 3363 tem
815 3346 834 3376 ,
872 3301 938 3361 et
960 3295 1176 3378 signat
1204 3296 1395 3360 etiam
1424 3297 1940 3377 conjunctionem
1967 3317 2203 3364 secun-

660 3404 817 3469 dum
843 3404 1152 3469 unionem
1176 3404 1245 3467 in
1273 3420 1561 3486 personae
1586 3404 1828 3467 unitate
1848 3426 1863 3469 ε
1887 3410 1949 3469 et
1961 3411 2205 3472 utram-

660 3529 789 3594 que
813 3510 1048 3576 harum
1064 3502 1613 3594 ‘significationum
1634 3511 1824 3577 habet
1850 3515 2203 3580 secundum

665 3623 904 3685 statum
948 3619 1200 3703 lapsus;
1231 3620 1496 3684 alteram
1523 3624 1741 3684 autem
1771 3621 2117 3703 habuisset,
2149 3624 2203 3688 si

659 3728 926 3792 stetisset
958 3750 975 3806 ;
1023 3730 1088 3791 et
1126 3727 1267 3791 ideo
1303 3745 1435 3791 non
1464 3731 1629 3791 esset
1652 3727 1885 3791 falsum
1911 3729 2198 3810 signum.

660 3834 841 3902 Sicut
887 3835 1060 3900 enim
1093 3834 1578 3899 matrimonium
1617 3852 1795 3899 nunc
1836 3841 1930 3900 est
1965 3837 2033 3900 in
2059 3838 2205 3901 offl-

659 3945 834 4009 cium
878 3948 942 4008 et
978 3943 1335 4007 remedium
1360 3989 1377 4019 ‚
1406 3947 1561 4005 tunc
1599 3947 1814 4007 autem
1865 3943 2074 4009 solum
2131 3945 2203 4009 in

658 4050 944 4116 officium
972 4072 989 4129 ;
1032 4051 1124 4113 sic
1169 4048 1653 4114 matrimonium
1715 4050 1956 4133 duplex
2016 4052 2206 4117 habet

656 4159 1011 4241 signatum,
1032 4162 1187 4222 tunc
1212 4162 1429 4222 autem
1457 4176 1689 4222 unum.

736 4270 799 4332 9.
829 4266 926 4330 Ad
954 4265 1111 4329 illud
1137 4264 1307 4346 quod
1335 4265 1698 4347 opponitur,
1727 4267 1901 4349 quod
1922 4268 2223 4349 quadruae

657 4373 806 4456 plex
832 4378 928 4438 est
951 4372 1179 4437 modus
1208 4371 1640 4454 productionis
1680 4372 2023 4439 hominum
2047 4423 2064 4453 ‚
2098 4377 2201 4441 di-

656 4478 931 4545 cendum
980 4480 1156 4561 quod
1203 4477 1310 4542 ille
1364 4481 1633 4560 quartus
1684 4480 1915 4545 modus
1958 4482 2201 4565 produ-

658 4588 839 4654 cendi
867 4586 1197 4652 hominem
1236 4603 1368 4650 non
1408 4590 1502 4650 est
1545 4585 1624 4650 de
1651 4588 2028 4669 perfectione
2056 4591 2201 4655 uni-

657 4696 870 4772 versi,
918 4694 1027 4758 sed
1068 4711 1268 4776 supra
1309 4692 1758 4774 perfectionem
1785 4697 2090 4762 universi.
2121 4698 2201 4764 Et

657 4801 798 4866 ideo
854 4799 1158 4865 ‚Ieremias
1224 4803 1410 4865 vocat
1474 4798 1632 4864 illud
1703 4817 1938 4867 novum
1960 4851 1978 4883 ,
2048 4823 2198 4871 cum

657 4909 764 4973 ait²
800 4907 1093 4974 :Novum
1120 4909 1315 4988 faciet
1344 4907 1658 4974 Dominus
1682 4925 1874 4991 super
1903 4918 2136 4978 terram
2174 4934 2198 4975 .-

653 5016 778 5082 hoc
819 5020 1035 5080 autem
1084 5034 1328 5081 novum
1385 5014 1694 5079 Dominus
1733 5034 1865 5081 non
1911 5018 2194 5100 fecisset,

721 5177 738 5211 ¹
761 5176 965 5226 Jerem..
992 5183 1141 5234 xxxx,
1164 5175 1241 5223 23.
1268 5172 1367 5210 -ί
1391 5171 1531 5222 Alex.
1563 5172 1785 5238 alensis,
1815 5189 1866 5239 p.
1896 5177 1964 5228 ΙΙΙ
1986 5218 1999 5243 ,
2041 5195 2094 5245 q.
2124 5193 2165 5233 ιι

653 5248 935 5371 ,ξξξ
961 5249 1067 5366 ,ξε
1186 5249 1242 5379 ξ·
1273 5245 1482 5366 ξξῡξ·
1505 5258 1555 5365 ξ·
1579 5222 2199 5384 22¹2.‘¹·AE·.¹.¹a.3;²·1?3.0²

653 5393 720 5444 ill
755 5390 917 5447 Seru..
952 5387 1071 5439 dist.
1108 5399 1157 5450 1,
1197 5401 1249 5450 p.
1284 5388 1368 5450 ll,
1395 5400 1446 5456 q.
1492 5397 1580 5452 1v3
1622 5387 1879 5450 menard..
1922 5393 1987 5446 111
2033 5395 2196 5464 Sent„

722 5463 791 5525 (a)
822 5460 946 5512 Cat.
967 5459 1091 5510 edit.
1120 5458 1324 5515 modus,

2318 604 2445 668 nisi
2488 603 2704 688 aliqua
2746 604 3055 669 veteratio
3100 602 3544 687 praecessisset.
3595 598 3677 667 Et
3716 598 3860 666 ideo

2319 728 2451 775 non
2478 711 2767 794 sequitur
2802 711 2996 795 quod,
3037 712 3091 775 si
3127 711 3323 775 homo
3363 708 3653 787 stetisset,
3685 707 3864 792 quod

2319 815 2463 880 talis
2487 818 2717 883 modus
2745 820 3133 902 producendi
3161 818 3491 883 hominem
3519 818 3685 880 esset
3693 837 3711 894 ;
3743 832 3864 879 nec

2319 941 2402 988 ex
2439 923 2562 989 hoc
2597 926 2885 1009 sequitur
2921 926 3094 1010 quod
3138 924 3513 990 universum
3553 940 3673 986 sua
3705 939 3861 1005 per-

2318 1030 2588 1095 fectione
2614 1038 2860 1097 careret
2891 1055 2906 1097 :
2938 1034 3102 1096 sicut
3135 1032 3327 1097 etiam
3354 1048 3487 1095 non
3514 1031 3718 1113 potest
3751 1047 3863 1093 ar-

2319 1138 2440 1220 gui
2466 1140 2854 1223 imperfectio
2883 1140 3169 1204 universi
3197 1143 3510 1222 quantum
3547 1136 3628 1201 ad
3655 1137 3854 1201 susci-

2319 1246 2623 1310 tationem
2650 1248 2910 1327 mortui,
2937 1266 3132 1331 quam
3160 1247 3326 1311 Deus
3353 1263 3486 1310 non
3511 1244 3777 1325 fecisset,
3802 1245 3858 1310 si

2318 1355 2515 1418 homo
2539 1356 2932 1437 perstitisset.
2964 1355 3182 1421 Posset
3206 1356 3401 1420 etiam
3427 1354 3552 1419 dici
3578 1354 3752 1439 quod
3777 1354 3860 1420 de

2318 1462 2427 1527 illo
2463 1464 2653 1528 modo
2676 1465 3106 1548 productionis
3131 1483 3265 1530 non
3291 1467 3498 1547 potest
3520 1464 3715 1546 argui
3742 1482 3860 1529 ve·

2316 1570 2471 1633 ritas
2497 1571 2974 1653 incarnationiS,
3010 1574 3164 1657 quia
3189 1572 3356 1637 Deus
3384 1576 3593 1655 posset
3617 1572 3857 1655 produ-

2318 1695 2460 1742 cere
2490 1677 2819 1766 hominem
2848 1681 2926 1745 de
2953 1680 3222 1745 muliere
3259 1680 3498 1763 absque
3532 1680 3697 1758 viro,
3742 1680 3859 1759 qui

2315 1790 2532 1852 tamen
2571 1807 2705 1853 non
2745 1794 2912 1854 esset
2951 1790 3138 1855 Deus.
3193 1790 3343 1855 Haec
3382 1794 3599 1855 autem
3639 1790 3860 1855 omnia

2315 1895 2558 1980 absque
2612 1898 2985 1980 praejudicio
3037 1897 3205 1961 dicta
3255 1903 3452 1962 sunt:
3497 1914 3628 1961 non
3681 1899 3859 1962 enim

2317 2004 2463 2069 volo
2489 2006 2838 2071 bonitatem
2874 2007 2987 2071 Dei
3026 2012 3370 2087 coarctare,
3409 2008 3520 2072 sed
3556 2008 3859 2073 nimieta-

2315 2115 2442 2177 tem
2491 2113 2817 2179 charitatis
2854 2134 2992 2180 suae
3034 2134 3193 2197 erga
3234 2116 3564 2181 hominem
3603 2116 3857 2199 lapsum

2314 2223 2784 2303 commendare,
2830 2229 2904 2288 ut
2943 2225 3207 2289 affectus
3253 2227 3457 2289 nostri
3499 2226 3860 2289 excitentur

2313 2329 2394 2393 ad
2417 2331 2765 2395 amandum
2788 2331 3023 2414 ipsum,
3047 2331 3205 2396 dum
3225 2333 3614 2398 attendimus
3638 2332 3860 2398 nimiae

2313 2436 2666 2502 dilectionis
2690 2440 2833 2521 ejus
2860 2456 3219 2520 excessum,
3250 2444 3370 2505 etc.

2816 2757 3228 2836 QUAESTIO
3271 2758 3401 2823 111.

2311 2942 2407 3000 An
2445 2958 2512 3000 a
2559 2942 2733 2999 tribus
2783 2945 3026 3015 personis
3075 2941 3281 2999 divinis
3340 2957 3628 3014 conqruum
3679 2946 3856 3014 tuerit

2782 3033 2987 3088 Filium
3012 3034 3303 3088 incarnari
3324 3028 3365 3087 ¹.

2391 3198 2550 3278 Quae
2573 3197 2773 3262 trium
2799 3215 3224 3280 personarum
3249 3199 3444 3264 fuerit
3472 3200 3686 3283 magis
3711 3201 3852 3267 ido-
3881 3213 3961 3260 Aoi
3996 3229 4118 3275 opp.

2310 3325 2431 3372 nea
2455 3307 2537 3370 ad
2563 3305 3108 3383 incarnationem;
3140 3308 3205 3370 et
3227 3306 3580 3371 ostenditur
3604 3309 3815 3391 primo
3829 3357 3847 3386 ‚

2310 3413 2483 3497 quod
2513 3429 2783 3495 persona
2809 3410 3035 3477 Patris.
3068 3411 3246 3476 Illius
3270 3413 3450 3477 enim
3474 3418 3570 3478 est
3604 3433 3852 3480 recrea-

2310 3537 2402 3598 re,
2431 3520 2618 3601 cujus
2643 3522 2739 3584 est
2763 3537 2978 3585 creare
3002 3542 3019 3585 ε
3045 3520 3156 3585 sed
3183 3519 3418 3584 creatio
3439 3520 3722 3586 maxime
3750 3526 3848 3586 at-

2311 3627 2615 3692 tribuitur
2657 3632 2722 3691 et
2744 3628 3044 3694 convenit
3074 3627 3378 3710 potentioe
3410 3626 3613 3693 Patris
3644 3650 3660 3694 z
3692 3647 3852 3711 ergo

2308 3738 2373 3800 et
2396 3734 2740 3799 recreatio:
2769 3752 2930 3816 ergo
2956 3734 3096 3818 pari
3123 3734 3367 3799 ratione
3395 3734 3650 3800 videtur
3677 3736 3852 3819 quod

2308 3848 2372 3908 et
2397 3842 2771 3908 incarnatio.

2387 3954 2451 4016 2.
2481 3949 2643 4014 Item
2669 3947 2842 4013 illius
2866 3951 2962 4014 est
2984 3947 3151 4013 filios
3170 3946 3474 4029 adoptare
3493 3993 3512 4024 ‚
3540 3947 3731 4029 cuius
3756 3950 3854 4013 est

2307 4073 2620 4137 generare
2642 4076 2658 4121 :
2688 4054 2798 4121 sed
2823 4053 3174 4121 incarnatio
3193 4053 3527 4118 ordinatur
3546 4052 3627 4116 ad
3645 4052 3851 4135 adop-

2307 4163 2547 4230 tionem
2567 4211 2586 4243 ,
2633 4162 2798 4228 sicut
2852 4163 3085 4229 dicitur
3131 4161 3222 4228 ad
3268 4161 3527 4228 Galatas
3568 4161 3590 4196 ⁸
3636 4182 3653 4226 ε
3692 4179 3853 4244 ergo

2308 4269 2564 4335 videtur
2592 4271 2766 4353 quod
2796 4271 3078 4336 maxime
3108 4268 3412 4334 convenit
3442 4269 3531 4349 ei,
3560 4270 3666 4334 cui
3696 4288 3854 4335 con-

2307 4378 2485 4444 venit
2538 4396 2850 4459 generare
2907 4400 2923 4442 :
2981 4395 3141 4459 ergo
3203 4377 3485 4441 maxime
3555 4378 3854 4444 convenit

2308 4483 2481 4551 Patri
2519 4484 2862 4550 incarnari.

2387 4596 2448 4657 3.
2480 4592 2639 4658 ltem
2677 4591 2879 4657 Filius
2901 4593 3111 4657 totum
3137 4590 3307 4673 quod
3335 4589 3562 4670 habet,
3594 4590 3854 4657 habeta

2308 4700 2533 4767 Patre:
2562 4719 2722 4782 ergo
2748 4699 2960 4782 magis
2981 4700 3161 4765 decet
3185 4698 3421 4764 habere
3449 4697 3701 4765 Patrem
3723 4701 3850 4767 ali-

2305 4808 2458 4893 quid
2486 4808 2656 4891 quod
2683 4826 2815 4873 non
2844 4807 3077 4873 habeat
3103 4806 3343 4887 Filius,
3381 4825 3582 4890 quam
3607 4807 3849 4876 Filium

2304 4917 2541 4982 habere
2567 4915 2740 5000 quod
2765 4934 2898 4980 non
2923 4916 3156 4980 habeat
3193 4914 3418 4981 Pater:
3453 4915 3510 4980 si
3536 4935 3695 4998 ergo
3738 4917 3850 4984 in-

2305 5023 2586 5089 carnatio
2630 5023 2777 5088 facit
2804 5022 3161 5087 humanam
3198 5027 3501 5087 naturam
3542 5022 3763 5088 haberi
3810 5044 3853 5091 a

2305 5147 2575 5213 persona
2616 5146 2765 5212 quae
2791 5128 3190 5210 incarnatur,
3235 5129 3492 5195 videtur
3517 5131 3689 5214 quod
3725 5129 3850 5198 hoc

2305 5255 2420 5305 dist.
2447 5268 2466 5306 1
2485 5293 2499 5316 ,
2529 5258 2625 5306 art.
2650 5258 2699 5318 2,
2724 5271 2775 5320 q.
2812 5268 2872 5307 111
2882 5271 2899 5319 ς
2920 5255 3103 5308 Thom.
3135 5258 3344 5322 Argent.
3373 5256 3441 5307 ΙΙΙ
3470 5258 3628 5320 sent„
3648 5257 3763 5309 dist.
3795 5271 3845 5323 1,

2305 5342 2355 5391 q.
2383 5338 2435 5391 1,
2455 5330 2622 5391 art.2;
2645 5329 2828 5379 Petrus
2844 5329 2908 5379 de
2927 5330 3292 5389 Tarantas.,111
3311 5330 3469 5392 sent„
3498 5330 3615 5380 dist.
3648 5340 3696 5388 ι,
3718 5343 3771 5394 q.
3795 5342 3842 5394 13

2306 5398 2481 5534 183¹?
2524 5399 2736 5462 Brulef„
2768 5400 2831 5452 lu
2865 5400 3024 5460 sent..
3056 5398 3174 5452 dist.
3199 5411 3248 5466 1,
3275 5414 3325 5465 q.
3361 5411 3480 5464 vm.
3510 5425 3572 5440 -
3598 5400 3622 5435 ⁸
3649 5400 3845 5466 Galat„
