4185 6288
1586 433 1967 502 DISTINCT.
2012 433 2172 501 XIX.

300 573 673 639 remissione
696 578 1140 658 peccatorum3
1169 575 1240 639 in
1267 572 1546 639 secunda
1572 587 1752 651 vero,
1782 567 1853 634 in

297 680 611 758 deletione
663 682 1268 765 chirographorum,
1314 679 1406 746 ibi
1462 700 1480 743 ε
1528 679 1749 760 Itaque
1776 678 1853 742 in

301 786 550 857 Christi
569 792 909 873 sanquine,
941 792 1058 873 qui
1083 791 1278 856 solvit
1295 804 1440 871 quoe
1454 802 1587 852 non
1601 785 1848 867 rapuit,

296 898 442 974 etc.;
479 897 549 961 in
577 897 765 963 tertia
783 917 961 978 vero,
991 898 1061 962 in
1087 897 1460 963 liberatione
1487 914 1525 959 a
1548 896 1853 978 potestate

298 1004 551 1085 diaboli,
578 1006 667 1072 ihi
702 1027 719 1070 ε
752 1007 986 1074 Factus
1014 1012 1110 1073 est
1149 1022 1292 1085 erqo
1331 1003 1644 1079 mortalis,
1679 1005 1798 1065 etc.
1829 1022 1845 1078 ;

296 1111 367 1176 in
384 1118 634 1195 quarta,
658 1113 728 1177 in
754 1113 1067 1178 solutione
1088 1112 1297 1196 pretii,
1329 1111 1420 1175 ibi
1443 1132 1458 1175 :
1484 1112 1539 1174 A
1570 1125 1699 1192 qua
1718 1124 1854 1191 pce-

297 1234 390 1285 na
407 1220 743 1302 temporali
762 1225 824 1286 et
837 1225 1098 1296 oetma,
1120 1221 1241 1284 etc.
1261 1218 1564 1283 Similiter
1574 1214 1852 1279 secunda

295 1344 445 1411 pars
501 1326 867 1410 principalis
920 1332 1201 1410 quatuor
1244 1327 1441 1391 habet
1493 1328 1726 1408 partes,
1783 1323 1851 1385 in

294 1452 577 1517 quarum
626 1434 835 1518 prima
886 1432 1266 1499 determinat
1314 1431 1619 1514 Magister
1643 1446 1845 1513 quare

297 1540 584 1606 Christus
611 1541 843 1606 dicitur
867 1541 1227 1622 redemptor
1242 1540 1353 1614 ;in
1372 1538 1649 1603 secunda
1665 1554 1843 1619 vem,

297 1670 499 1736 quare
525 1651 757 1715 dicitur
784 1650 1123 1728 mediator,
1149 1650 1238 1713 ibi
1271 1672 1289 1713 ε
1317 1650 1441 1728 Qui
1474 1647 1647 1714 solus
1672 1648 1843 1714 dici·

296 1764 403 1826 tur
433 1758 773 1837 mediator,
815 1763 972 1836 etc.;
1032 1759 1101 1822 in
1147 1757 1365 1837 tertia,
1420 1773 1621 1839 quare
1675 1755 1848 1820 solus

295 1864 581 1932 Christus
636 1865 868 1930 dicitur
917 1864 1253 1943 mediator,
1310 1864 1400 1928 ibi
1449 1884 1467 1928 ι
1524 1862 1650 1930 Sed
1702 1879 1848 1928 cum

291 1978 554 2057 peccata
579 1972 789 2040 deleat
836 1989 967 2039 non
1018 1973 1223 2039 solum
1272 1972 1503 2048 Filius,
1559 1976 1680 2035 etc.
1706 1992 1724 2049 ;
1779 1972 1848 2035 in

292 2085 544 2164 quarta,
600 2080 956 2145 secundum
1004 2098 1201 2162 quam
1256 2083 1560 2143 naturam
1616 2077 1849 2141 dicitur

293 2187 629 2266 mediator,
663 2187 751 2251 ihi
786 2209 802 2251 ε
840 2186 1020 2253 Unde
1038 2192 1096 2253 et
1123 2185 1444 2252 mediator
1471 2184 1721 2252 dicitur
1746 2200 1844 2251 se-

291 2299 576 2366 cundum
622 2299 1088 2366 humanitatem
1105 2346 1124 2375 ,
1184 2301 1305 2360 etc.
1365 2294 1849 2361 Subdivisiones

293 2411 511 2473 autem
538 2405 612 2471 in
634 2406 847 2472 littera
871 2406 1025 2470 satis
1054 2409 1382 2488 apparent.

947 2619 1088 2667 mm.
1131 2619 1179 2664 1.

295 2753 337 2804 Δ
365 2750 589 2816 peccatis
629 2763 725 2815 per
755 2749 865 2814 eius
892 2752 1117 2799 mortem
1155 2748 1309 2798 soluti
1353 2760 1559 2808 sumus,
1590 2745 1710 2810 quia
1754 2759 1848 2810 per

357 2825 480 2948 312
481 2827 711 2947 ixacgrtggii
724 2858 742 2886 ,
771 2826 827 2873 ιιι
853 2820 925 2872 ait
949 2820 1225 2887 Apostolus
1239 2857 1259 2882 ,
1281 2819 1672 2871 commendatur
1697 2818 1847 2869 nobis

372 3045 637 3114 Videtur
687 3046 810 3110 ista
851 3046 1019 3110 ratio
1062 3042 1252 3108 nulla
1280 3061 1457 3122 esse,
1498 3042 1650 3125 quia
1695 3059 1845 3108 cum

292 3175 406 3241 per
433 3155 740 3221 beneficia
764 3153 873 3218 Dei
903 3151 1388 3218 commendetur
1423 3152 1609 3215 nobis
1635 3152 1843 3216 chari-

292 3267 389 3329 tas
413 3262 545 3343 Dei,
577 3263 743 3326 sicut
771 3279 886 3344 per
911 3260 1271 3344 passionem
1304 3258 1568 3335 Christi,
1594 3259 1848 3325 videtur

291 3370 468 3455 quod
517 3386 635 3453 per
677 3368 985 3432 beneficia
1021 3366 1132 3431 Dei
1163 3367 1598 3450 justificemur
1624 3348 1664 3431 a
1697 3385 1842 3449 pec-

292 3479 483 3557 catis,
537 3477 704 3541 sicut
755 3493 871 3559 per
925 3474 1287 3557 passionem
1341 3473 1590 3539 Christi.
1646 3472 1801 3537 Item
1823 3520 1842 3551 ,

292 3589 608 3668 martyres
648 3583 947 3667 patiendo
993 3582 1273 3649 excitant
1312 3601 1431 3647 nos
1469 3581 1549 3646 ad
1594 3583 1848 3647 creden·

289 3691 447 3757 dum
491 3695 556 3756 et
601 3692 952 3757 amandum
995 3712 1011 3753 :
1061 3707 1220 3770 ergo
1265 3689 1317 3752 si
1369 3690 1579 3772 passio
1620 3689 1848 3755 Christi

289 3798 525 3866 dicitur
550 3819 671 3865 nos
703 3801 1088 3884 J‘ustiflcare‚
1121 3796 1274 3881 quia
1300 3816 1420 3861 nos
1445 3798 1730 3863 accendit
1766 3798 1847 3863 ad

291 3901 686 3983 charitatem,
736 3902 878 3985 pari
923 3901 1172 3966 ratione
1221 3905 1283 3964 et
1321 3899 1529 3983 passio
1572 3900 1846 3964 aliorum

292 4014 676 4093 martyrum.
708 4007 889 4087 Item,
921 4008 976 4071 si
1005 4008 1128 4072 hoc
1153 4026 1381 4071 verum
1411 4012 1528 4086 est,
1562 4011 1717 4071 tunc
1742 4008 1844 4071 vi-

291 4115 472 4182 detur
522 4115 692 4198 quod
732 4114 1103 4198 justificatio
1147 4132 1279 4179 non
1317 4114 1656 4179 conveniat
1698 4133 1844 4196 pas-

291 4222 458 4287 sioni
484 4222 754 4297 Christi,
782 4221 909 4285 nisi
937 4220 1344 4285 solummodo
1372 4239 1487 4303 per
1512 4222 1840 4303 accidens,

291 4329 584 4396 ³videlicet
603 4329 851 4394 ratione
877 4327 1203 4393 charitatis
1230 4331 1489 4393 nostrae.

372 4436 562 4520 Resp.
611 4434 964 4500 Dicendum
1009 4434 1181 4518 quod
1225 4434 1568 4516 Magister,
1614 4453 1844 4501 secun-

293 4543 452 4610 dum
494 4543 866 4627 praedictam
891 4543 1231 4623 rationem,
1260 4561 1393 4608 non
1432 4545 1645 4627 tangit
1687 4564 1839 4610 cau-

296 4671 435 4719 sam
459 4652 930 4736 justificationis
945 4655 1167 4730 totam,
1187 4652 1297 4715 sed
1321 4656 1568 4734 partem
1594 4671 1840 4718 causae:

294 4762 738 4846 praesupponit
762 4761 938 4825 enim
964 4760 1034 4823 in
1061 4759 1196 4843 ipsa
1217 4760 1509 4844 passione
1530 4762 1845 4827 rationem

295 4871 527 4950 meriti,
558 4888 670 4953 per
697 4870 870 4952 quod
894 4869 1104 4953 passio
1132 4868 1363 4934 Christi
1390 4874 1485 4934 est
1517 4870 1660 4934 fons
1690 4889 1845 4935 nos-

294 4983 413 5044 trae
438 4978 680 5043 salutis.
711 4977 832 5043 Per
856 4978 1031 5041 illam
1065 4978 1242 5042 enim
1270 4978 1594 5059 plenitudo
1619 4978 1846 5059 gratiae

298 5084 529 5151 Christi
573 5088 642 5150 in
679 5103 798 5150 nos
836 5086 1173 5150 redundat.
1224 5084 1302 5148 Et
1339 5086 1449 5150 illa
1493 5087 1841 5169 supposita,

299 5192 594 5274 adjungit
619 5193 812 5257 aliam
842 5192 1179 5270 rationem,
1211 5192 1501 5257 videlicet
1530 5194 1843 5259 rationem

300 5300 576 5383 exempli
614 5298 1019 5382 provocantis
1065 5302 1129 5363 et
1169 5298 1501 5364 excitantis
1542 5322 1559 5366 ε
1599 5304 1665 5366 et
1706 5300 1847 5366 haec

354 5423 435 5486 (a)
464 5423 586 5474 Cat.
612 5424 737 5474 edit.
765 5435 899 5488 qum.

3400 449 3518 511 405

1964 568 2228 653 quidem
2270 569 2439 634 bona
2478 569 2640 634 ratio
2685 573 2780 635 est
2818 573 2883 636 et
2922 573 3277 656 sufficiens,
3321 579 3522 662 priori

1962 677 2470 760 praesupposita3
2504 695 2619 759 per
2640 696 2707 742 se
2734 681 2951 744 autem
2984 699 3118 746 non
3146 684 3399 751 sufficit.
3442 686 3523 753 Et

1964 782 2106 849 ideo
2147 803 2372 849 omnes
2415 785 2543 849 inae
2588 785 2866 851 rationes
2904 790 3256 870 procedunt
3300 812 3383 857 ex
3427 795 3521 858 in-

1964 891 2355 970 sufficienti3
2403 897 2467 957 et
2520 911 2634 975 per
2688 894 2810 958 hoc
2860 900 3030 978 patet
3072 900 3398 983 responsio
3439 902 3519 967 ad

1962 994 2101 1061 illas
2127 1002 2256 1063 tres
2287 999 2694 1081 objectiones.

2601 1203 2744 1249 mm.
2792 1203 2861 1250 11.

1963 1316 2196 1369 Dicimur
2210 1331 2415 1383 quoque
2438 1319 2492 1369 et
2512 1317 2659 1369 aliter
2679 1333 2775 1383 per
2794 1323 3017 1371 mortem
3034 1320 3218 1373 Christi
3229 1324 3517 1393 justificari,

2027 1389 2149 1454 quia
2175 1404 2270 1454 per
2295 1389 2449 1441 tidem
2471 1389 2652 1441 mortis
2680 1389 2788 1454 ejus
2808 1404 2840 1442 a
2867 1392 3094 1456 peccatis
3125 1396 3452 1448 mundamur.

2040 1540 2175 1606 Hoc
2198 1541 2454 1607 videtur
2481 1542 2747 1622 falsum,
2773 1544 2926 1626 quia
2966 1546 3153 1609 multi
3189 1552 3341 1612 sunt
3368 1551 3518 1614 arti-

1960 1648 2089 1712 culi
2138 1654 2281 1731 post
2315 1649 2656 1715 articulum
2695 1651 3039 1733 passionis,
3071 1655 3208 1718 sine
3235 1675 3514 1738 quorum

1965 1757 2091 1820 ssde
2139 1775 2271 1821 non
2320 1776 2662 1839 possumus
2698 1759 3037 1840 ,iustificari
3088 1783 3102 1824 ε
3149 1780 3306 1844 ergo
3351 1763 3517 1831 sicut

1959 1863 2167 1944 passio
2231 1864 2458 1928 Christi
2527 1865 2759 1930 dicitur
2811 1884 2930 1930 nos
2976 1869 3331 1949 justificare
3353 1918 3371 1950 ,
3442 1873 3513 1937 in

1958 1974 2278 2053 quantum
2308 1975 2402 2035 est
2430 1973 2698 2053 credita,
2748 1975 2884 2056 pari
2915 1976 3160 2040 ratione
3200 1981 3264 2041 et
3288 1995 3513 2044 ascen-

1958 2076 2075 2156 sio,
2129 2081 2192 2142 et
2234 2079 2546 2143 adventus
2596 2080 2673 2142 ad
2712 2081 3051 2161 judicium.
3102 2083 3260 2147 Item
3280 2133 3297 2163 ,
3350 2085 3515 2150 sicut

1958 2185 2117 2249 fides
2144 2189 2207 2249 et
2240 2184 2515 2249 charitas
2542 2188 2962 2268 requiruntur
2997 2188 3076 2253 ad
3105 2191 3514 2272 justificatio-

1959 2310 2143 2371 nem,
2174 2292 2263 2355 ita
2289 2293 2482 2356 etiam
2511 2295 2576 2356 et
2611 2293 2754 2358 aliae
2789 2294 3057 2359 virtutes
3087 2315 3105 2360 ε
3136 2315 3317 2379 ergo,
3348 2299 3515 2364 sicut

1957 2398 2238 2463 dicimur
2274 2399 2613 2482 justificari
2639 2418 2755 2482 per
2798 2400 2988 2464 fldem
3034 2406 3099 2466 et
3139 2403 3510 2470 charitatem

1957 2507 2290 2590 passioniS,
2313 2507 2402 2571 ita
2430 2511 2494 2571 et
2520 2525 2634 2590 per
2661 2506 3090 2573 humilitatem
3113 2515 3178 2574 et
3201 2512 3357 2574 alias
3382 2514 3510 2577 vir·

1954 2616 2124 2677 tutes
2143 2662 2159 2692 ,
2192 2614 2431 2697 quibus
2475 2613 2905 2678 assimilamur
2946 2613 3190 2680 Christo
3220 2618 3507 2699 patienti.

1954 2718 2150 2785 Juxta
2199 2721 2319 2784 hoc
2365 2720 2702 2803 quaeritur,
2752 2738 2902 2784 cnm
2949 2720 3254 2804 Magister
3302 2725 3511 2791 adhuc

1955 2827 2170 2908 signet
2195 2828 2447 2892 tertiam
2475 2828 2811 2907 rationem,
2841 2848 3041 2911 quare
3067 2830 3343 2896 dicimur
3359 2835 3509 2916 jus-

1957 2936 2192 2999 tificari
2218 2953 2334 3018 per
2367 2934 2752 3017 passionem,
2786 2935 3074 3002 videlicet
3102 2938 3273 3019 quod
3302 2940 3511 3021 passio

1950 3043 2258 3125 justificet
2287 3042 2641 3106 secundum
2674 3042 2940 3107 modum
2969 3045 3262 3108 sacrificii
3291 3046 3506 3125 oblati,

1958 3172 2155 3236 penes
2180 3153 2333 3236 quid
2360 3152 2641 3216 sumitur
2668 3153 2989 3217 sufficiens
3020 3153 3342 3219 distinctio
3367 3156 3510 3220 illa-

1954 3280 2108 3327 rum
2143 3262 2345 3325 trium
2371 3261 2721 3326 rationum.

2035 3369 2224 3451 Resp.
2257 3368 2606 3433 Dicendum
2633 3367 2804 3450 quod
2834 3385 2953 3430 nec
2977 3367 3169 3430 istam
3194 3369 3508 3434 rationem

1953 3475 2241 3556 assignat
2292 3474 2594 3556 Magister
2664 3480 2973 3555 tanquam
3039 3475 3457 3558 principalem
3484 3497 3501 3554 ;

1953 3582 2063 3645 sed
2090 3580 2171 3645 ad
2194 3582 2378 3644 istam
2409 3582 2850 3664 praesupponit
2878 3581 3076 3659 illam,
3104 3601 3232 3665 qua
3258 3584 3336 3665 (a)
3366 3602 3505 3666 pas·

1954 3691 2048 3752 sio
2081 3689 2313 3752 dicitur
2329 3690 2682 3772 J'uslificare
2710 3706 2823 3771 per
2851 3690 3119 3753 modum
3152 3692 3365 3755 meriti
3397 3714 3413 3756 ε
3445 3696 3510 3756 et

1952 3796 2130 3859 illam
2196 3796 2520 3878 assignat,
2580 3815 2731 3859 cum
2788 3796 2943 3860 dicit
2988 3797 3160 3879 quod
3225 3798 3510 3864 Christus
3610 3875 3617 3883 ,

1954 3909 2159 3969 morte
2195 3923 2342 3983 sua,
2376 3909 2684 3986 tanquam
2716 3921 2852 3967 uno
2893 3904 3228 3968 verissimo
3265 3906 3510 3969 sacrifi-

1953 4011 2073 4090 cio,
2119 4010 2428 4095 quidquid
2469 4015 2607 4075 erat
2648 4010 2985 4094 culparum
3026 4010 3097 4074 in
3132 4012 3317 4076 nobis
3360 4013 3508 4077 des-

1951 4119 2162 4182 truxit
2191 4137 2208 4181 2
2236 4122 2299 4181 et
2324 4117 2414 4181 ita
2436 4120 2563 4180 tres
2588 4117 2865 4181 rationes
2891 4116 3125 4195 innuit,
3152 4118 3507 4184 secundum

1955 4245 2120 4309 quas
2143 4226 2349 4310 passio
2378 4226 2607 4305 Christi
2637 4225 2867 4289 dicitur
2888 4222 3241 4308 justificare
3274 4248 3289 4290 ι
3316 4227 3509 4310 ‚iusti-

1955 4336 2105 4399 ficat
2147 4335 2323 4399 enim
2362 4337 2438 4397 ut
2480 4333 2687 4398 hostia
2731 4332 2963 4410 oblata,
3013 4337 3090 4398 ut
3133 4334 3391 4415 credita,
3434 4340 3509 4400 ut

1952 4446 2187 4511 amata.
2235 4441 2316 4507 Et
2356 4442 2493 4505 istae
2531 4444 2661 4504 tres
2696 4440 2973 4504 rationes
3001 4440 3398 4506 reducuntur
3423 4441 3506 4508 ad

1952 4549 2094 4614 illas
2121 4553 2272 4625 tres,
2302 4567 2451 4631 quae
2477 4548 2773 4631 superius
2801 4548 2985 4611 dictae
3014 4551 3186 4627 sunt,
3212 4549 3506 4615 videlicet

1951 4654 2127 4738 quod
2179 4655 2386 4737 passio
2436 4654 2667 4718 Christi
2712 4653 3020 4736 justificat
3075 4672 3191 4736 per
3238 4656 3506 4720 modum

1953 4762 2163 4826 meriti
2203 4762 2615 4845 disponentiS,
2658 4762 2720 4823 et
2765 4778 2880 4841 per
2918 4760 3186 4824 modum
3225 4761 3505 4845 exempli

1952 4870 2310 4949 excitantis,
2354 4873 2419 4932 et
2463 4887 2577 4952 per
2618 4867 2876 4932 modum
2921 4869 3304 4952 exemplaris
3345 4869 3504 4933 diri-

1954 4979 2188 5061 gentiS,
2237 4982 2312 5041 ut
2356 4977 2434 5040 sit
2482 4976 2552 5038 in
2592 4994 2667 5039 ea
2717 4975 3022 5038 meritum
3072 4976 3140 5038 in
3185 4981 3502 5059 quantum

1954 5085 2163 5150 hos-tia
2191 5086 2437 5162 oblata3
2470 5083 2763 5147 excitatio
2791 5084 2858 5145 in
2885 5088 3200 5165 quantum
3229 5085 3499 5166 credita,

1955 5196 2018 5255 et
2062 5192 2323 5257 directio
2366 5192 2434 5253 in
2478 5193 2797 5272 quantum
2844 5195 3057 5254 amata
3078 5238 3096 5270 ,
3149 5192 3504 5256 secundum

1955 5300 2191 5383 triplex
2229 5317 2441 5382 genus
2484 5315 2694 5364 causae
2728 5319 2743 5360 :
2788 5301 2853 5361 et
2887 5297 2979 5361 sic
3015 5299 3225 5380 passio
3276 5300 3507 5366 dicitur

1947 5407 2303 5488 justificare
2331 5425 2448 5473 nos
2473 5424 2587 5492 per
2613 5405 2806 5473 fldem
2833 5409 2897 5469 et
2922 5405 3317 5489 charitatem,
3348 5409 3508 5492 quia
