4185 6288
710 446 833 509 680

715 573 1085 646 dilectionis,
1106 571 1221 654 qui
1248 570 1346 633 est
1367 567 1693 632 maximus
1711 572 1774 631 et
1793 566 2224 631 nobilissimus
2244 581 2263 627 ε

719 683 831 749 0011
857 683 1099 764 quanto
1121 675 1358 760 aliquid
1376 675 1612 740 recedit
1633 694 1672 738 a
1700 674 1907 756 primo
1930 677 1993 737 et
2013 686 2269 736 summo

723 792 792 856 10
820 788 926 853 1110
962 804 1221 869 genere,
1252 788 1429 847 tanto
1460 783 1679 847 minus
1703 782 1894 845 habet
1920 782 1999 846 de
2029 780 2271 863 perfec-

725 898 901 962 tione
941 899 1004 959 et
1040 891 1543 974 complemento:
1571 891 1626 953 si
1654 907 1812 970 ergo
1845 888 2097 952 dilectio
2137 886 2270 950 ini-

724 1005 1040 1070 micorum
1084 1000 1296 1081 magis
1333 997 1600 1076 recedit,
1630 1000 1694 1059 et
1737 995 1986 1059 dilectio
2031 994 2273 1058 amico-

724 1131 872 1178 rum
898 1111 1109 1192 magis
1132 1107 1390 1185 accedit,
1420 1124 1578 1187 ergo
1599 1104 1853 1169 videtur
1870 1103 2040 1186 quod
2067 1102 2272 1166 multo

724 1220 1056 1304 perfectior
1078 1222 1141 1282 et
1166 1211 1572 1282 excellentior
1596 1212 1679 1274 sit
1693 1214 1906 1275 motus
1926 1209 2273 1274 dilectionis

725 1347 883 1411 erga
905 1327 1208 1405 amicum,
1239 1342 1436 1407 quam
1463 1320 1823 1385 inimicum.

812 1449 874 1508 2.
931 1441 1092 1505 Item
1150 1439 1394 1521 quanto
1435 1433 1684 1498 dilectio
1719 1434 1813 1495 est
1839 1429 2267 1508 excellentior,

725 1558 903 1622 tanto
941 1552 1037 1614 est
1079 1542 1399 1610 dilectioni
1438 1540 1546 1604 Dei
1586 1538 1857 1602 similior
1889 1560 1905 1601 ε
1951 1538 2060 1601 sed
2108 1537 2274 1601 Deus

726 1661 937 1743 magis
964 1655 1172 1736 diligit
1205 1651 1540 1731 diligentes
1562 1666 1661 1724 se,
1685 1647 1880 1729 juxta
1916 1645 2070 1709 illud
2101 1644 2273 1727 quod

724 1770 957 1835 dicitur
981 1766 999 1803 ¹
1031 1782 1049 1827 τ
1085 1763 1217 1843 Εῃο
1262 1757 1595 1839 diliqentes
1634 1770 1731 1820 me
1773 1752 1979 1834 diliqo
2005 1775 2030 1815 .·
2072 1751 2275 1832 igitur

725 1874 972 1942 dilectio
1014 1869 1369 1935 amicorum
1409 1862 1622 1943 magis
1661 1860 2048 1923 assimilatur
2082 1857 2277 1920 dilec-

725 1981 884 2047 tioni
918 1978 1047 2056 Dei,
1077 1992 1274 2060 quam
1313 1970 1562 2035 dilectio
1598 1966 2009 2031 inimicorum
2058 1987 2074 2029 ε
2116 1983 2274 2046 ergo

726 2093 821 2155 est
859 2088 1063 2153 multo
1103 2079 1460 2168 perfectior.

809 2203 868 2263 3.
914 2195 1073 2259 Item
1120 2193 1333 2254 motus
1358 2181 1707 2250 dilectionis
1727 2184 1902 2245 tanto
1929 2179 2155 2244 melior
2182 2182 2277 2243 est

728 2309 792 2370 et
818 2300 1170 2387 perfectior,
1210 2296 1449 2377 quanto
1494 2289 1841 2353 ferventior
1873 2293 1936 2352 et
1969 2287 2274 2369 frequen-

728 2415 852 2478 tior
882 2429 900 2475 :
927 2409 1037 2474 sed
1068 2410 1278 2469 motus
1303 2399 1627 2465 charitatis
1655 2415 1812 2478 erga
1838 2396 2121 2460 amicum
2149 2396 2276 2459 fer-

727 2521 980 2588 ventior
1011 2521 1075 2581 et
1100 2509 1491 2595 frequentior
1526 2509 1621 2571 est
1653 2523 1848 2589 quam
1875 2522 2031 2586 erga
2059 2503 2276 2567 inimi·-

729 2646 877 2693 cum
906 2647 922 2691 :
954 2643 1136 2706 ergo,
1170 2625 1287 2685 etc.

807 2740 868 2799 t.
915 2734 1076 2798 Item
1122 2730 1363 2812 quanto
1405 2725 1620 2787 motus
1670 2717 2020 2784 dilectionis
2048 2717 2277 2781 rectior

729 2852 844 2923 est,
873 2851 936 2911 et
966 2843 1109 2927 plus
1134 2840 1325 2905 habet
1347 2837 1424 2900 de
1454 2832 1831 2899 rectitudine
1860 2834 1925 2895 et
1949 2830 2272 2913 aequitate,

726 2957 905 3018 tanto
937 2951 1161 3016 melior
1205 2950 1267 3011 et
1310 2940 1718 3008 excellentior
1753 2942 1849 3003 est
1888 2937 1955 3001 in
1999 2956 2065 3001 se
2106 2960 2122 3001 ε
2167 2938 2275 3002 0011

730 3061 940 3144 magis
974 3060 1226 3141 justum
1264 3056 1326 3116 et
1363 3067 1626 3133 aequum
1669 3049 1765 3111 est
1807 3046 2070 3127 diligere
2107 3046 2276 3108 ami-

729 3187 903 3245 cum,
934 3162 1130 3250 qnam
1157 3159 1490 3226 inimicum
1530 3177 1545 3220 :
1579 3172 1735 3237 ergo
1774 3159 1985 3218 motus
2020 3155 2137 3217 iste
2173 3154 2275 3217 di-

727 3274 1014 3341 lectionis
1044 3275 1137 3335 est
1164 3268 1390 3331 melior
1417 3264 1546 3327 illo.

811 3387 871 3447 5.
919 3381 1078 3445 Item
1119 3378 1187 3440 in
1233 3394 1308 3439 eo
1353 3372 1524 3456 quod
1579 3369 1806 3435 melius
1842 3373 1905 3434 et
1939 3370 2277 3452 perfectius

729 3494 854 3564 est,
888 3487 1096 3567 magis
1129 3484 1314 3547 debet
1350 3481 1545 3544 homo
1574 3496 1640 3542 se
1668 3495 1960 3541 exercere
1989 3498 2003 3541 ε
2031 3474 2193 3559 ‘ergo
2222 3477 2274 3539 si

729 3598 942 3657 motus
966 3589 1317 3657 dilectionis
1355 3605 1510 3667 erga
1554 3584 1885 3648 inimicum
1926 3588 2089 3648 esset
2135 3602 2273 3648 me·

727 3699 849 3764 lior
874 3703 937 3763 et
969 3697 1299 3781 perfectior
1326 3744 1346 3774 ,
1379 3692 1773 3776 frequentius
1797 3691 2052 3754 deberet
2076 3691 2274 3754 horno

729 3808 895 3872 circa
924 3807 1139 3888 ipsum
1177 3803 1340 3867 afssci
1363 3852 1380 3881 ,
1412 3808 1474 3865 et
1507 3819 1623 3884 pro
1661 3800 1798 3882 ipso
1845 3817 2065 3862 orare:
2101 3799 2272 3881 quod

727 3914 778 3978 si
825 3913 947 3977 hoc
981 3919 1074 3976 est
1111 3909 1566 3974 inconveniens
1610 3907 1839 3983 dicere,
1870 3906 2042 3988 quod
2074 3908 2274 3987 magis

726 4022 949 4085 debeat
989 4020 1183 4083 1101110
1224 4035 1406 4082 orare
1441 4033 1558 4100 pro
1597 4014 1895 4093 inimicis,
1929 4032 2125 4096 quam
2156 4030 2272 4096 pro

726 4127 981 4205 amicis,
1029 4126 1181 4209 quia
1241 4125 1363 4188 1100
1408 4126 1568 4187 esset
1608 4122 1899 4214 ordinem
1952 4121 2274 4185 charitatis

726 4237 1126 4316 pervertere;
1156 4249 1314 4313 ergo
1334 4233 1528 4294 restat
1554 4228 1726 4311 quod
1762 4247 1895 4292 non
1931 4232 2025 4292 est
2061 4232 2274 4311 majus

726 4340 970 4404 bonum
995 4340 1287 4404 inimicos
1308 4356 1504 4421 quam
1527 4338 1787 4417 amicos,
1817 4337 2107 4417 diligere.

1258 4631 1710 4699 CONCLUSIO.

720 4840 898 4896 Motus
937 4839 1241 4896 dilectionis
1280 4839 1573 4894 amicorum
1620 4842 1670 4894 et
1706 4839 2049 4894 inimicorum
2096 4839 2173 4893 sic
2213 4852 2269 4893 se

791 4929 1020 4997 habeut,
1055 4928 1196 5002 quod
1233 4929 1319 4985 hic
1361 4933 1438 4985 est
1467 4930 1778 5000 perfectior,
1822 4929 1955 4999 quia
1995 4930 2047 4983 et
2091 4930 2267 4983 motus

790 5019 1094 5076 dilectionis
1114 5021 1459 5075 inimicorum
1487 5019 1865 5089 estdisticilior
1888 5036 1905 5085 ς
1934 5017 2031 5073 ille
2058 5022 2261 5083 autem,

791 5113 923 5181 quia
950 5112 1246 5178 ferventior
1272 5114 1348 5167 eet
1376 5114 1428 5167 et
1452 5112 1807 5181 frequentior.

793 5308 977 5394 Resp.
1012 5311 1093 5376 ad
1119 5329 1262 5394 arg.
1295 5312 1391 5380 Ad
1423 5312 1874 5396 praedictorum
1898 5270 2262 5395 intelligen-

776 5432 793 5468 ¹
821 5435 991 5499 Prov„
1013 5447 1133 5499 vm,
1164 5438 1242 5485 17.

1790 424 2415 498 SENTENTIARUM
2452 424 2603 492 LlB.
2646 422 2756 491 111.

2376 562 2529 626 tiam
2570 564 2666 626 est
2703 561 3056 627 notandum
3075 611 3093 639 ,
3123 565 3293 647 quod
3321 583 3471 631 cum
3499 565 3808 648 quaeritur
3826 565 3898 631 de

2377 670 2843 752 comparatione
2882 670 3150 735 istorum
3178 673 3460 737 duorum
3492 677 3783 738 motuum
3811 674 3902 738 di-

2376 781 2683 859 lectionis,
2727 799 3005 863 quorum
3039 801 3210 846 unus
3252 789 3346 847 est
3398 801 3557 865 erga
3608 783 3897 863 amicum,

2377 890 2535 954 alter
2550 907 2705 970 erga
2717 889 3078 968 inimicum,
3100 891 3434 973 dupliciter
3451 894 3655 973 potest
3672 892 3897 973 quaeri:

2377 1000 2491 1060 001
2518 999 2706 1078 prout
2749 999 3199 1078 comparantur
3226 1000 3305 1063 ad
3350 998 3633 1063 diversos
3664 999 3903 1064 habitus

2377 1112 2440 1172 et
2465 1108 2739 1188 radices,
2770 1113 2882 1173 001
2923 1114 3111 1192 prout
3153 1115 3609 1195 comparantur
3632 1111 3710 1175 ad
3736 1130 3905 1174 eum-

2377 1216 2545 1280 dem.
2575 1215 2640 1280 Si
2669 1220 2859 1299 prout
2884 1217 2962 1280 ad
2989 1217 3269 1283 diversas
3297 1218 3540 1283 radices
3565 1223 3630 1283 et
3665 1218 3911 1304 habitus⁴

2379 1328 2854 1406 comparantur,
2884 1324 2971 1387 ita
3000 1326 3171 1407 quod
3204 1345 3378 1391 unus
3402 1326 3661 1391 habitus
3684 1326 3903 1390 habili-

2378 1436 2471 1496 tat
2514 1436 2765 1495 tantum
2792 1431 2872 1495 ad
2897 1433 3156 1513 amicos,
3189 1434 3348 1499 alter
3371 1452 3527 1499 vero
3550 1454 3618 1500 se
3645 1434 3909 1498 extendit

2380 1538 2456 1602 ad
2484 1539 2803 1617 inimicos;
2834 1539 2925 1602 sic
2967 1540 3102 1604 sine
3137 1540 3331 1606 dubio
3374 1541 3579 1607 multo
3629 1543 3828 1623 majus
3850 1531 3925 1604 et'

2379 1646 2787 1710 excellentius
2839 1652 2935 1709 est
2980 1648 3245 1729 diligere
3307 1648 3685 1728 inimicum,
3726 1667 3907 1730 1100111

2381 1752 2681 1827 0111100111,
2715 1757 2777 1817 01
2804 1753 3005 1818 1110110
3042 1755 3398 1837 perfectiori
3421 1755 3651 1820 habitu
3675 1756 3909 1835 indige-

2382 1878 2528 1923 mus
2553 1860 2634 1923 ad
2672 1861 2815 1939 hoc,
2850 1861 3021 1943 quod
3064 1862 3386 1945 possimus
3427 1864 3605 1927 exire
3632 1863 3701 1926 in
3729 1863 3911 1926 istum

2381 1973 2618 2048 0010111,
2649 1986 2843 2051 quam
2880 1969 2959 2033 ad
2993 1969 3147 2049 hoc,
3194 1975 3268 2035 ut
3311 1989 3620 2035 exeamus
3658 1971 3727 2035 in
3765 1970 3910 2034 alte-

2380 2094 2552 2140 rum.
2587 2076 2661 2140 Et
2683 2077 2806 2140 hoc
2833 2080 2927 2140 est
2967 2077 3136 2159 quod
3164 2078 3252 2141 ait
3278 2079 3685 2160 Augustinus
3706 2078 3772 2141 10
3796 2079 3913 2143 En-

2380 2182 2695 2262 cmv-idio,
2724 2187 2787 2247 et
2816 2183 3391 2249 habeturinlittera
3423 2207 3438 2250 :
3479 2209 3510 2246 α
3539 2185 3749 2250 Mtnus
3780 2204 3914 2249 ma-

2380 2309 2586 2370 gnum
2616 2294 2708 2354 est
2730 2308 2886 2371 erga
2905 2309 3080 2367 eum,
3110 2293 3219 2373 qui
3252 2293 3365 2355 11111
3395 2293 3556 2356 nihil
3586 2293 3736 2356 mali
3761 2294 3911 2370 fecit,

2380 2417 2515 2463 esse
2576 2399 2932 2463 beneficum
2988 2404 3051 2463 et
3092 2400 3516 2479 benevolum3
3575 2400 3728 2464 illud
3774 2418 3916 2462 vero

2380 2507 2587 2570 multo
2613 2506 2948 2588 grandius,
2973 2512 3039 2570 et
3067 2509 3718 2589 magnificentissimae
3741 2507 3916 2571 boni·

2380 2615 2525 2678 tatis
2568 2619 2684 2691 est,
2733 2618 2806 2678 ut
2867 2618 3055 2677 tuum
3121 2633 3379 2698 quoque
3441 2615 3779 2679 inimicum
3828 2614 3916 2678 di-

2378 2721 2567 2804 11300.
2613 2743 2644 2780 n
2694 2721 2759 2785 Si
2807 2739 2962 2785 vero
3012 2722 3354 2804 loquamur
3396 2722 3476 2786 de
3513 2722 3652 2785 istis
3690 2723 3917 2786 actibus

2379 2834 2568 2913 prout
2596 2830 2677 2893 ad
2715 2829 3005 2893 eamdem
3039 2831 3316 2895 radicem
3348 2836 3832 2914 comparantur,
3861 2833 3918 2894 et

2380 2938 2461 3001 ab
2521 2937 2743 3001 eadem
2813 2937 3118 3001 charitate
3178 2938 3569 3021 procedunt;
3624 2939 3720 3003 sic
3772 2956 3918 3019 quo·

2379 3044 2527 3107 dam
2563 3044 2751 3108 modo
2796 3050 2946 3108 sunt
2978 3046 3296 3129 aequales,
3331 3051 3396 3110 et
3420 3045 3705 3129 quodam
3743 3045 3917 3110 modo

2379 3169 2446 3215 00
2487 3156 2715 3217 1110100
2759 3153 3096 3217 excedunt.
3149 3154 3476 3232 Quantum
3510 3155 3692 3219 enim
3722 3156 3799 3220 ad
3826 3174 3918 3219 ra·

2378 3261 2619 3325 tionem
2676 3260 2961 3324 merendi
3014 3267 3306 3345 respectu
3346 3263 3597 3345 praemii
3631 3264 3920 3327 substan-

2375 3368 2546 3432 tialis
2593 3367 3018 3449 aeqnalitatem
3076 3368 3348 3449 habent,
3400 3370 3555 3451 quia
3614 3371 3921 3454 quantitas

2380 3475 2550 3538 111100
2607 3474 2858 3558 praemii
2913 3476 3250 3559 respondet
3296 3475 3635 3558 quantitati
3684 3478 3918 3541 radicis.

2381 3581 2708 3658 Quantum
2731 3600 2886 3645 vero
2901 3582 2978 3646 ad
2994 3584 3308 3647 rationem
3331 3583 3619 3648 merendi
3646 3588 3924 3668 respectu

2380 3690 2631 3772 praemii
2656 3690 3077 3768 accidentaliS,
3108 3695 3171 3754 et
3192 3696 3508 3773 quantum
3533 3691 3614 3756 ad
3642 3692 3922 3776 vigorem

2380 3798 2580 3881 ipsius
2622 3806 2803 3863 actus
2840 3804 2903 3864 et
2948 3803 3183 3875 motus,
3216 3804 3446 3863 mutuo
3477 3817 3547 3864 se
3574 3801 3919 3864 excedunt:

2380 3924 2534 3971 nam
2561 3911 2773 3971 motus
2805 3907 3155 3971 dilectionis
3193 3926 3351 3990 erga
3398 3907 3641 3971 amicos
3690 3908 3924 3972 excedit

2379 4017 2694 4095 quantum
2743 4014 2823 4079 ad
2864 4015 3178 4079 fervorem
3217 4019 3279 4078 et
3308 4015 3917 4097 frequentationem3

2380 4128 2591 4185 motus
2620 4140 2774 4186 vero
2800 4121 3149 4186 dilectionis
3175 4140 3331 4202 erga
3373 4122 3670 4186 inimicos
3695 4126 3790 4186 est
3816 4141 3922 4205 pu·

2377 4230 2507 4293 rior
2536 4234 2599 4293 et
2642 4228 2992 4293 difficilior:
3025 4233 3088 4292 et
3116 4229 3205 4291 ita
3231 4229 3511 4311 quodam
3541 4229 3734 4293 modo
3759 4245 3921 4293 unus

2376 4337 2645 4401 istorum
2691 4341 2987 4400 motuum
3013 4338 3107 4399 est
3142 4335 3267 4399 alio
3310 4336 3538 4400 melior
3558 4383 3577 4415 ,
3623 4340 3691 4399 et
3715 4355 3751 4400 e
3779 4355 3923 4400 con-

2376 4462 2586 4522 verso,
2614 4442 2967 4508 secundum
2990 4442 3245 4506 varium
3277 4442 3545 4506 modum
3576 4444 3917 4525 accipiendi

2375 4550 2907 4634 magnitudinem.
2941 4548 3104 4614 Nam
3123 4550 3191 4613 in
3208 4549 3545 4615 dilectione
3563 4552 3912 4615 amicorum

2373 4658 2582 4722 virtus
2609 4657 2925 4721 charitatis
2956 4656 3165 4738 magis
3190 4662 3526 4722 exercetur
3565 4657 3915 4734 intensive3

2375 4767 2483 4831 sed
2513 4767 2582 4830 in
2618 4765 2950 4830 dilectione
2992 4764 3400 4828 inimieorum
3434 4765 3650 4846 magis
3678 4782 3925 4829 exerce-

2372 4878 2480 4939 tur
2510 4872 2836 4939 extensive
2867 4894 2882 4936 :
2916 4871 3080 4938 sicut
3100 4872 3314 4937 virtus
3338 4872 3565 4938 caloris
3583 4872 3760 4953 ignis
3783 4890 3925 4936 am·

2371 4984 2542 5067 plius
2583 4980 2867 5045 calefacit
2902 4966 3408 5062 propinquiora,
3455 4997 3655 5062 quam
3712 4997 3917 5043 remo-

2369 5091 2533 5155 tiora
2565 5111 2579 5154 :
2613 5094 2676 5153 et
2701 5088 2981 5172 quodam
3021 5087 3211 5152 modo
3251 5087 3394 5169 plus
3419 5090 3684 5170 apparet
3712 5087 3915 5151 effica-

2370 5200 2467 5263 cia
2494 5194 2669 5261 illius
2689 5196 2946 5260 virtutis
2969 5196 3038 5258 10
3071 5193 3176 5259 1110
3204 5212 3353 5278 quae
3380 5197 3534 5258 sunt
3562 5193 3919 5277 propinqua

2369 5305 2648 5391 quodam
2689 5303 2879 5369 modo
2902 5352 2920 5383 ,
2952 5321 3148 5386 quam
3178 5301 3249 5367 in
3273 5300 3379 5367 his
3406 5319 3555 5384 quae
3581 5305 3735 5367 sunt
3778 5301 3916 5365 lon-

2371 5416 2618 5501 ginqua
2648 5435 2662 5475 :
2697 5411 2945 5493 ratione
2978 5409 3357 5475 intensionis
3391 5407 3537 5493 plus
3562 5408 3634 5474 10
3660 5408 3910 5475 calefac·
