4185 6288
683 484 802 553 us

678 622 853 688 ditur
880 623 1077 688 homo
1105 621 1185 686 ad
1216 622 1655 687 executionem
1686 621 1889 688 divini
1925 623 2229 703 mandati,

679 736 744 797 et
773 730 1190 795 imitationem
1221 729 1329 795 Dei
1375 752 1391 794 ε
1438 731 1548 795 sed
1574 730 1770 795 homo
1797 730 1981 795 debet
2007 749 2075 794 re
2083 731 2231 795 mit-

679 844 814 906 tere
858 842 923 903 et
961 839 1318 903 condonare
1354 839 1460 903 alii
1507 839 1761 921 culpam
1802 843 1865 902 et
1912 858 2169 922 poenam
2212 863 2227 905 :

680 965 859 1028 erg0,
892 945 946 1009 si
976 945 1137 1010 Deus
1161 946 1412 1010 homini
1437 945 1660 1010 debuit
1680 946 1832 1010 dare
1859 945 2228 1029 exemplum

680 1056 1079 1140 perfectionis
1101 1106 1119 1138 ,
1147 1056 1402 1122 videtur
1427 1056 1598 1140 quod
1635 1059 1847 1141 magis
1875 1057 2075 1123 Deum
2120 1059 2233 1123 de-

685 1164 819 1229 cuit
860 1182 1156 1247 reparare
1210 1183 1419 1246 genus
1468 1165 1829 1229 humanum
1871 1169 2078 1230 totum
2126 1185 2228 1231 re-

669 1269 978 1349 laxando,
1010 1288 1205 1354 quam
1242 1271 1727 1337 satisfactionem
1771 1272 2054 1355 aliquam
2094 1270 2228 1335 exi·

684 1377 916 1459 gendo.

764 1489 825 1548 6.
859 1482 1015 1549 Item
1050 1484 1156 1549 ille
1185 1486 1413 1549 modus
1437 1487 1774 1569 reparandi
1820 1486 2031 1568 magis
2061 1485 2236 1550 decet

685 1590 919 1669 Deum,
950 1591 1063 1674 qui
1104 1596 1197 1656 est
1227 1611 1267 1656 a
1298 1592 1422 1658 Deo
1461 1594 1824 1658 immediate
1847 1643 1864 1673 ,
1898 1612 2094 1677 quam
2123 1594 2236 1676 qui

687 1702 782 1765 est
824 1718 864 1764 a
914 1698 1074 1776 Deo,
1126 1700 1443 1765 mediante
1502 1701 1820 1784 adjutorio
1880 1706 2232 1780 creaturae;

687 1809 1016 1892 quoniam,
1044 1808 1209 1873 sicut
1234 1810 1448 1873 decuit
1474 1808 1675 1873 Deum
1701 1810 1910 1892 magis
1936 1827 2051 1893 per
2076 1809 2239 1891 seip-

687 1934 833 1980 sum
877 1933 1122 1993 creare,
1154 1916 1243 1979 sic
1282 1916 1494 1998 magis
1535 1916 1790 1981 videtur
1830 1935 1965 1981 esse
2009 1916 2240 1982 decens

687 2042 801 2106 per
829 2023 1108 2108 seipsum
1138 2041 1424 2088 recreare
1457 2046 1470 2087 ε
1503 2024 1611 2088 sed
1644 2024 1960 2107 reparatio
1989 2041 2104 2107 per
2131 2042 2231 2087 sa-

685 2129 1101 2194 tisfactionem
1156 2135 1250 2195 est
1296 2130 1610 2195 mediante
1654 2136 1945 2196 creatura
1987 2131 2240 2195 satisfa-

685 2237 888 2302 ciente
923 2258 940 2302 ε
973 2256 1132 2321 ergo
1176 2238 1432 2304 videtur
1476 2238 1647 2323 quod
1691 2238 1903 2319 magis
1953 2239 2237 2303 decuerit

685 2343 888 2408 Deum
951 2363 1247 2428 reparare
1299 2362 1509 2427 genus
1562 2345 1927 2409 humanum
1993 2345 2238 2428 absque

684 2452 861 2516 omni
898 2454 1320 2519 satisfactione
1355 2472 1470 2538 per
1513 2454 1827 2538 seipsum,
1857 2473 2054 2536 quam
2103 2472 2243 2517 me-

683 2564 896 2630 diante
956 2559 1376 2632 satisfactione
1444 2585 1558 2651 per
1634 2569 1942 2631 creaturae
1998 2565 2071 2630 ad
2072 2568 2241 2649 juto-

683 2691 878 2742 num.

1248 2850 1700 2918 GONCLUSIO.

682 3019 871 3079 Modus
894 3018 1192 3093 reparandi
1227 3023 1483 3074 naturam
1521 3019 1813 3075 humanam
1848 3036 1949 3092 per
1982 3021 2241 3089 satisfac-

754 3113 952 3168 tionem
1002 3111 1118 3180 tuit
1154 3110 1655 3181 conqruentissimus
1700 3125 1766 3166 ea·
1803 3114 1964 3182 parte
2005 3111 2138 3177 Dei,
2181 3114 2244 3167 ut

749 3203 952 3259 seilicet
977 3204 1039 3257 in
1065 3204 1182 3274 ipso
1212 3206 1499 3274 appareret
1539 3201 1910 3258 misericordia
1932 3205 1985 3257 et
2009 3204 2243 3269 veritas3

751 3308 819 3348 ezr
839 3295 1004 3364 parte
1029 3295 1245 3355 nostra,
1271 3294 1498 3363 propter
1528 3296 1770 3347 nostram
1799 3292 2245 3363 qlorificationem

751 3386 803 3438 ct
820 3384 1059 3439 nostram
1081 3382 1550 3454 justificationem.

760 3541 946 3627 Resp.
980 3542 1060 3606 ad
1086 3560 1229 3624 arg.
1260 3541 1610 3607 Dicendum
1638 3542 1808 3626 quod
1846 3543 2085 3627 absque
2113 3544 2234 3610 du·

680 3650 786 3713 bio
817 3649 1026 3731 magis
1063 3665 1429 3730 congruum
1470 3649 1591 3711 fuit
1621 3667 1832 3730 genus
1874 3650 2237 3715 humanum

683 3756 968 3841 reparari
997 3774 1112 3838 per
1137 3754 1648 3836 satisfactionem,
1674 3775 1872 3839 quam
1903 3776 2016 3841 per
2047 3757 2239 3823 aliam

680 3869 880 3947 viam,
923 3868 1275 3933 secundum
1316 3868 1489 3951 quod
1532 3867 1685 3932 dicit
1727 3868 2070 3933 Anselmus
2091 3869 2138 3948 Ὗ,
2183 3876 2246 3935 et

684 3977 1127 4060 Augustinus·
1170 3999 1187 4041 ι
1232 3980 1295 4041 et
1336 3977 1497 4041 ratio
1539 3975 1742 4059 hujus
1790 3981 1885 4041 est
1931 3996 2015 4042 ex
2061 3982 2242 4060 parte

683 4086 832 4167 Dei,
878 4088 1047 4150 etex
1079 4087 1258 4167 parte
1302 4087 1539 4148 nostra.
1573 4082 1672 4149 Ex
1697 4088 1905 4167 parte,
1939 4084 2238 4168 inquam,

683 4192 816 4271 Dei,
862 4191 1016 4275 quia
1031 4191 1054 4227 ⁸
1084 4192 1401 4258 universoe
1428 4191 1555 4257 vioe
1588 4193 1850 4258 Domini
1880 4193 2244 4260 miscricor-

685 4300 805 4368 dz'a
843 4305 900 4368 ct
941 4299 1206 4378 veritas,
1239 4316 1389 4363 cum
1430 4300 1567 4382 ipse
1618 4299 1700 4362 sit
1735 4318 1989 4364 summe
2027 4302 2245 4384 J’ustus

684 4413 749 4476 et
773 4407 1155 4473 misericors.
1188 4406 1266 4471 Et
1294 4407 1435 4471 ideo
1464 4406 1531 4470 in
1560 4406 1955 4489 reparatione
1983 4408 2245 4489 generis

684 4516 956 4583 humani
981 4563 998 4594 ,
1055 4533 1203 4598 quae
1262 4518 1357 4579 est
1409 4513 1939 4579 excellentissima
1985 4515 2242 4592 viarum

685 4624 828 4705 Dei,
860 4641 1227 4706 congruum
1266 4625 1360 4687 oet
1396 4625 1467 4686 ut
1493 4621 1687 4686 simul
1727 4624 1943 4686 currat
1989 4622 2243 4686 miseri-

686 4732 903 4797 cordia
931 4750 1082 4796 cum
1102 4730 1355 4813 ,iustitia
1388 4752 1403 4793 ε
1439 4734 1503 4795 et
1541 4729 1682 4794 ideo
1712 4728 1939 4794 decens
1978 4730 2101 4795 fuit
2122 4779 2138 4808 ,
2170 4736 2244 4796 ut

685 4840 852 4905 Deus
879 4838 959 4902 ab
984 4838 1247 4903 homine
1275 4834 1765 4900 satisfactionem
1802 4836 2088 4919 exigeret
2125 4857 2242 4920 pro

686 4946 926 5033 inJuria
960 4946 1080 5010 sibi
1131 4946 1336 5025 facta3
1385 4949 1450 5010 et
1491 4944 1546 5007 si
1591 4943 1787 5009 homo
1833 4963 1964 5009 non
2006 4951 2239 5029 posset,

683 5057 838 5120 tunc
866 5052 1305 5118 misericordia
1340 5051 1559 5116 divina
1586 5051 1989 5130 subveniret,
2031 5053 2241 5119 dando

684 5151 806 5230 sibi
848 5162 1257 5228 Mediatorem
1277 5211 1293 5240 ‚
1326 5161 1442 5244 qui
1469 5179 1588 5242 pro
1622 5179 1700 5225 eo
1727 5160 2129 5226 satisfaceret.
2168 5161 2244 5226 Et

686 5275 801 5339 iste
872 5274 1101 5337 modus
1171 5270 1381 5352 magis
1448 5269 1571 5334 fuit
1615 5287 1943 5351 congruus
1966 5318 1982 5348 ,
2040 5290 2238 5354 quam

758 5441 771 5474 ¹
798 5437 1048 5500 Δικαία,
1078 5436 1182 5487 Cur
1209 5436 1336 5485 Πρω
1365 5434 1539 5495 homo,
1569 5432 1659 5484 lib.
1693 5434 1732 5496 1,
1762 5448 1807 5482 c.
1836 5445 1944 5484 xlx.
1973 5434 2060 5471 -¹
2086 5435 2239 5499 Aug„

687 5508 747 5559 de
781 5509 980 5572 Trina„
1007 5507 1095 5558 lib.
1125 5505 1258 5566 xm,
1287 5518 1334 5555 c.
1363 5516 1418 5566 x,
1447 5517 1499 5553 n.
1539 5505 1613 5554 Π.
1639 5503 1887 5557 —2Psaa
1921 5515 2064 5568 xxw,
2094 5504 2167 5556 1⁰.

1814 484 2452 553 SENTENTIABUM
2496 486 2644 552 LIB.
2691 486 2799 552 111.

2344 623 2510 690 alius
2537 642 2555 687 t
2581 642 2735 688 nam
2777 623 2831 688 si
2873 622 3038 689 Deus
3062 623 3317 708 culpam
3354 643 3488 689 non
3521 624 3889 709 dimisisset,

2343 731 2452 795 sed
2478 731 2827 796 vindictam
2853 732 3192 815 exegisset,
3220 750 3351 797 non
3377 732 3897 800 manifestaretur

2342 839 2484 920 ejus
2512 838 2982 916 misericordia;
3024 840 3081 903 si
3119 859 3275 905 vero
3311 840 3573 904 omnino
3614 840 3898 905 dimisis-

2344 949 2459 1024 set,
2502 964 2621 1009 nec
2656 947 3144 1013 satisfactionem
3195 949 3533 1031 exegisset,
3571 966 3706 1012 non
3752 968 3900 1013 ma-

2344 1052 2751 1118 nifestaretur
2777 1058 2918 1138 ejus
2955 1056 3202 1139 Justitia
3233 1078 3248 1120 :
3280 1056 3334 1119 si
3370 1073 3528 1137 ergo
3564 1054 3704 1120 istae
3742 1056 3899 1121 duae

2344 1162 2732 1227 conditiones
2799 1167 2952 1228 sunt
3016 1164 3086 1227 in
3151 1164 3259 1227 Dei
3315 1182 3507 1247 opere
3558 1164 3897 1231 servandae

2345 1269 2712 1353 praecipuae,
2743 1272 2951 1353 magis
2977 1272 3373 1353 congruebat
3400 1271 3758 1335 humanam
3786 1292 3902 1337 na-

2345 1381 2560 1441 turam
2613 1380 2894 1461 reparari
2950 1398 3062 1463 per
3112 1380 3603 1445 satisfactionem
3625 1428 3642 1459 ,
3697 1399 3899 1462 quam

2347 1503 2461 1567 per
2487 1485 2679 1549 aliam
2704 1486 2877 1549 viam
2908 1504 2988 1550 ex
3016 1493 3194 1570 parte
3221 1486 3331 1552 Dei
3357 1487 3733 1570 reparantis.
3768 1488 3904 1553 Ma-

2347 1592 2450 1672 gis
2493 1593 2684 1656 etiam
2729 1593 3124 1675 congruebat
3162 1612 3243 1657 ex
3291 1599 3469 1676 parte
3516 1595 3746 1672 nostri,
3778 1615 3902 1679 pro

2348 1717 2424 1763 eo
2451 1699 2623 1781 quod
2651 1700 2968 1783 reparatio
2995 1705 3211 1765 nostra
3237 1701 3317 1765 ad
3347 1700 3470 1766 hoc
3494 1707 3651 1782 erat,
3681 1711 3754 1767 ut
3781 1723 3904 1769 nos

2347 1808 2677 1873 reduceret
2703 1826 2742 1871 a
2772 1808 2959 1893 culpa
2985 1809 3066 1874 ad
3089 1810 3438 1891 justitiam,
3470 1830 3508 1875 a
3534 1811 3792 1878 miseria
3819 1813 3904 1878 ad

2350 1915 2647 1996 gloriam.
2690 1915 2865 1981 Sicut
2907 1936 3065 2000 ergo
3101 1937 3251 1983 cum
3282 1939 3491 2002 genus
3529 1921 3901 1987 humanum

2350 2022 2571 2086 cecidit
2615 2042 2729 2106 per
2772 2025 3051 2108 culpam,
3084 2027 3284 2092 Deum
3326 2028 3737 2095 inhonoravit
3785 2051 3906 2114 per

2351 2131 2940 2213 praevaricationem
2972 2139 3034 2198 et
3070 2134 3501 2201 inordinatam
3538 2137 3904 2204 delectatio-

2351 2256 2542 2316 nem;
2574 2240 2685 2319 sic,
2733 2259 2883 2304 cum
2914 2242 3082 2306 redit
3116 2262 3156 2306 a
3202 2243 3391 2327 culpa
3437 2244 3516 2309 ad
3553 2247 3898 2327 justitiam,

2354 2345 2584 2409 decens
2617 2351 2810 2413 estut
2838 2347 3039 2414 Deum
3063 2350 3337 2416 honoret
3362 2352 3735 2419 sustinendo
3763 2373 3904 2438 poe·

2351 2471 2529 2531 nam,
2559 2460 2624 2519 et
2650 2455 2720 2519 in
2743 2457 2864 2522 hoc
2899 2460 3110 2540 magis
3136 2463 3470 2542 reparatur
3496 2459 3574 2524 ad
3601 2479 3902 2527 normam

2346 2562 2638 2644 justitiae.
2671 2563 2947 2646 Rursus,
2977 2566 3142 2632 sicut
3167 2566 3509 2648 gloriosius
3543 2573 3638 2633 est
3672 2571 3904 2654 acqui-

2351 2689 2495 2736 rere
2521 2672 2721 2737 vitam
2749 2680 3057 2740 aeternam
3085 2695 3200 2760 per
3227 2677 3484 2755 merita,
3519 2697 3717 2762 quam
3760 2680 3902 2746 sine

2354 2779 2598 2844 meritis
2623 2800 2767 2846 eam
2793 2785 3122 2867 acquirere
3137 2832 3153 2862 ,
3184 2785 3274 2849 sic
3300 2784 3640 2867 gloriosius
3665 2791 3762 2851 est
3794 2806 3904 2853 re-

2353 2887 2675 2952 conciliari
2741 2887 2868 2955 Deo
2934 2909 3049 2974 per
3104 2892 3589 2958 satisfactionem
3609 2942 3629 2973 ,
3698 2913 3903 2976 quam

2353 2994 2514 3059 sine.
2547 2993 2771 3062 Modus
2796 3017 2956 3079 ergo
2995 2999 3329 3082 reparandi
3371 3018 3487 3081 per
3526 3000 3899 3069 satisfactio-

2354 3119 2506 3166 nem
2544 3104 2688 3186 plus
2736 3106 3031 3172 convenit
3080 3111 3314 3171 nostrae
3348 3108 3794 3191 justificationi
3839 3113 3902 3174 et

2355 3212 2590 3275 nostrae
2615 3212 3083 3293 glorificationi.
3114 3214 3182 3279 Si
3211 3234 3368 3297 ergo
3390 3215 3532 3279 haec
3562 3216 3692 3281 duo
3717 3216 3901 3299 prin-

2354 3319 2639 3401 cipaliter
2663 3322 3143 3387 considerantur
3172 3323 3244 3386 in
3273 3323 3669 3405 reparatione
3698 3343 3904 3406 gene·

2324 3492 2331 3499 ,
2353 3426 2441 3490 ris
2470 3427 2773 3506 humani,
2806 3430 3071 3512 planum
3099 3430 3391 3513 estquod
3411 3430 3518 3494 hic
3545 3431 3773 3495 modus
3796 3451 3907 3497 re-

2354 3537 2622 3617 parandi
2653 3537 2861 3619 magis
2887 3539 3274 3604 conveniens
3301 3541 3416 3618 est,
3448 3542 3582 3603 tam
3609 3558 3692 3603 ex
3726 3545 3910 3623 parte

2357 3641 2464 3705 Dei
2506 3644 2859 3724 reparantis
2878 3691 2895 3724 ,
2923 3664 3120 3727 quam
3149 3664 3230 3709 ex
3266 3649 3443 3728 parte
3486 3646 3761 3710 humani
3788 3666 3908 3729 ge—

2353 3749 2526 3813 neris
2553 3751 2851 3833 reparati.
2906 3751 3082 3817 Unde
3119 3745 3419 3832 rationeS‚
3466 3772 3613 3837 quae
3649 3754 3772 3819 hoc
3801 3774 3910 3820 os-

2352 3859 2642 3939 tendunt,
2674 3861 3092 3926 concedendae
3120 3865 3293 3926 sunt.
3701 3866 3711 3878 '

2437 3975 2494 4031 1.
2527 3967 2622 4032 Ad
2654 3968 2811 4032 illud
2841 3988 2995 4035 vero
3034 3969 3206 4053 quod
3249 3969 3547 4052 objicitur
3581 3969 3658 4034 de
3700 3973 3907 4037 mani-

2353 4075 2684 4140 festatione
2723 4077 3132 4158 benignitatis
3180 4081 3241 4142 et
3285 4077 3762 4158 misericordiae,
3809 4080 3912 4144 di-

2354 4183 2627 4247 cendum
2658 4183 2829 4267 quod
2857 4201 3113 4248 summa
3146 4185 3507 4267 benignitas
3547 4189 3614 4249 et
3656 4186 3911 4251 miseri-

2354 4294 2571 4358 cordia
2607 4294 2679 4357 in
2724 4293 2850 4358 Deo
2897 4312 3029 4358 non
3069 4292 3421 4359 excludunt
3449 4294 3762 4377 justitiam
3796 4316 3813 4360 ε
3848 4299 3911 4359 et

2355 4402 2496 4467 ideo
2524 4421 2654 4467 non
2695 4403 2785 4466 sic
2825 4403 3046 4467 debuit
3071 4402 3460 4467 manifestari
3497 4402 3563 4465 in
3592 4419 3782 4487 opere
3811 4421 3909 4466 re-

2357 4511 2722 4594 parationis,
2745 4508 2915 4593 quod
2936 4508 3185 4591 justitia
3210 4528 3342 4574 non
3373 4507 3634 4574 haberet
3658 4508 3901 4587 locum;

2357 4620 2467 4685 sed
2492 4620 2583 4684 ita
2613 4618 2833 4685 debuit
2866 4617 3253 4682 manifestari
3291 4617 3511 4682 divina
3546 4616 3901 4681 misericor-

2356 4727 2481 4807 dia,
2515 4727 2687 4811 quod
2724 4725 2920 4791 simul
2960 4744 3112 4790 cum
3156 4725 3280 4788 hoc
3324 4723 3759 4788 ostenderetur
3806 4723 3900 4787 di-

2355 4835 2509 4900 vina
2530 4833 2800 4918 justitia.
2833 4831 2913 4900 Et
2946 4832 3071 4896 hoc
3118 4830 3288 4895 idem
3329 4830 3570 4894 factum
3597 4833 3723 4909 est,
3755 4847 3900 4893 cum

2356 4943 2519 5008 Deus
2565 4940 2886 5025 reparavit
2927 4956 3136 5021 genus
3179 4938 3538 5002 humanum
3584 4956 3698 5020 per
3735 4955 3903 5001 mor-

2354 5055 2486 5116 tem
2523 5049 2669 5115 Filii
2709 5050 2843 5127 sui,
2875 5048 2987 5113 ubi
3028 5047 3149 5111 fuit
3198 5045 3484 5110 maxima
3525 5045 3791 5128 aequitas
3833 5045 3900 5108 in

2356 5158 2672 5241 exigendo
2733 5161 2929 5221 tantae
2981 5154 3424 5220 satisfactionis
3480 5153 3793 5237 pretium,
3842 5157 3901 5216 et

2356 5267 2641 5332 maxima
2669 5263 3037 5347 benignitas
3055 5264 3125 5327 in
3149 5261 3457 5326 tradendo
3483 5261 3897 5343 unigenitum

2356 5374 2590 5441 Filium
2621 5392 2840 5438 suum.

2439 5490 2496 5548 2.
2551 5481 2646 5546 Ad
2690 5480 2848 5544 illud
2893 5477 3063 5562 quod
3109 5475 3430 5559 objicitur,
3479 5475 3647 5557 quod
3693 5473 3899 5556 magis
