4185 6288
747 456 869 518 592

1864 452 2491 521 SENTENTIARUM
2531 455 2682 523 LlB.
2729 457 2839 522 111.

746 587 856 654 illa
881 588 1264 653 confidentia
1300 607 1450 653 cum
1476 590 1753 672 quadam
1788 591 2122 654 securitate
2151 595 2293 653 ten·
2389 591 2561 670 jecto
2594 613 2609 654 ι
2655 591 2766 657 sed
2793 591 2933 658 haec
2960 593 3217 676 planius
3245 597 3670 666 determinata
3699 610 3853 669 sunt
3891 607 3958 671 in

747 695 895 761 dere
921 695 1000 759 ad
1027 695 1396 761 habendum
1439 696 1629 775 illud,
1661 696 1830 779 quod
1859 700 2150 778 speratur
2180 719 2196 759 ε
2227 700 2293 760 et

746 803 868 867 hoc
894 803 1085 867 modo
1113 803 1385 886 pertinet
1423 804 1498 867 ad
1533 804 1836 867 virtutem
1874 803 2234 868 affectivam
2267 821 2283 866 ε

744 915 809 976 et
839 911 980 975 haec
1012 911 1162 986 dno,
1194 910 1485 974 videlicet
1523 911 1969 975 confidentiam
1997 912 2196 991 illam,
2227 917 2291 976 et

744 1018 933 1082 etiam
1002 1037 1294 1082 securam
1360 1019 1748 1083 tendentium
1808 1020 2292 1102 comprehendit

743 1125 1149 1207 Augustinus
1192 1126 1314 1189 sub
1358 1126 1557 1190 verbo
1610 1125 2072 1208 praesumendi,
2117 1127 2288 1209 quod

743 1234 1041 1316 quamvis
1068 1237 1374 1317 sequatur
1400 1234 1836 1298 credulitatem
1862 1235 2245 1315 cognitionis
2267 1284 2284 1315 ,

744 1344 917 1405 tenet
945 1344 1161 1404 tamen
1201 1360 1268 1405 se
1309 1360 1390 1406 ex
1420 1347 1596 1424 parte
1635 1341 1985 1406 affectionis
2013 1360 2029 1406 ε
2058 1346 2122 1404 et
2148 1342 2288 1406 ideo

746 1464 826 1511 ex
857 1446 965 1511 illa
991 1447 1237 1511 ratione
1267 1465 1395 1512 non
1422 1452 1625 1530 potest
1651 1448 1960 1527 concludi,
1982 1448 2153 1530 quod
2182 1467 2290 1531 po-

746 1553 944 1617 tentia
970 1553 1295 1634 cognitiva
1316 1553 1398 1616 sit
1423 1555 1781 1637 subjectum
1809 1557 1964 1638 spei.

822 1661 883 1724 Ιι.
936 1661 1031 1725 Ad
1073 1660 1227 1724 illud
1273 1662 1441 1743 quod
1482 1663 1802 1745 objicitur,
1854 1662 2025 1745 quod
2065 1663 2288 1744 imago

742 1767 1145 1833 recreationis
1198 1767 1532 1850 respondet
1590 1769 1854 1851 imagini
1907 1771 2242 1836 creationis
2266 1819 2284 1848 ,

741 1875 1080 1940 dicendum
1125 1875 1298 1956 quod
1325 1892 1555 1938 verum
1585 1876 1872 1958 estquod
1903 1878 2279 1959 respondet;

740 1983 1164 2048 nihilominus
1190 1988 1404 2047 tamen
1436 1983 1656 2065 imago
1680 1985 2015 2048 creationis
2047 1985 2193 2068 plus
2219 2004 2286 2050 se

737 2094 910 2155 tenet
954 2109 1037 2155 ex
1083 2094 1259 2173 parte
1308 2090 1675 2172 cognitivae,
1709 2092 1929 2173 imago
1979 2112 2134 2157 vero
2183 2112 2285 2156 re-

738 2198 1074 2262 creationis
1100 2198 1242 2280 plus
1261 2217 1343 2263 ex
1371 2204 1549 2282 parte
1569 2199 1901 2277 affectivae,
1929 2201 2285 2265 secundum

736 2306 906 2388 quod
950 2306 1100 2370 dicit
1144 2306 1581 2387 Augustinus,
1615 2308 1785 2389 quod
1833 2308 2054 2389 imago
2096 2309 2286 2375 estin

735 2411 1015 2494 potentia
1058 2413 1512 2493 cognomendi,
1563 2419 1626 2479 et
1669 2414 2015 2480 similitudo
2053 2416 2123 2480 in
2172 2436 2285 2509 poj-

734 2519 931 2584 tentia
956 2519 1292 2601 diligendi.
1334 2521 1405 2585 Et
1434 2522 1588 2604 quia
1624 2522 1844 2604 imago
1879 2525 2287 2590 recreationis

736 2626 881 2709 plus
923 2645 990 2690 se
1028 2634 1202 2693 tenet
1247 2648 1329 2693 ex
1369 2634 1548 2712 parte
1593 2630 1927 2711 affectivae,
1956 2632 2099 2697 ideo
2140 2634 2286 2699 duae

737 2733 1009 2798 virtutes
1048 2740 1200 2798 sunt
1237 2735 1306 2799 in
1356 2742 1532 2818 parte
1563 2737 1858 2803 affectiva
1898 2740 2176 2806 totaliter
2224 2748 2287 2806 et

734 2838 1202 2922 principaliter,
1243 2842 1541 2907 videlicet
1580 2863 1723 2927 spes
1765 2850 1828 2910 et
1876 2847 2170 2912 charitas.
2206 2848 2286 2913 Et

734 2938 941 3002 virtus
983 2939 1118 3021 spei
1156 2942 1563 3006 reformando
1607 2945 1953 3024 potentiam
1999 2947 2283 3012 irascibi-

733 3045 894 3122 lem,
925 3066 1075 3128 quae
1104 3051 1201 3112 est
1241 3051 1523 3133 potentia
1548 3051 1838 3118 affectiva
1855 3103 1875 3135 ,
1905 3074 2018 3138 per
2059 3076 2284 3122 conse·

734 3171 941 3235 quens
985 3156 1288 3221 reformat
1330 3158 1533 3242 ipsam
1579 3164 1988 3241 memoriam,
2020 3184 2169 3248 quae
2214 3167 2281 3231 in

738 3266 887 3327 actu
922 3266 1353 3330 communicat
1378 3287 1527 3332 cum
1559 3287 1665 3348 ea,
1704 3271 1995 3337 videlicet
2021 3262 2098 3338 'in
2138 3280 2280 3340 actu

734 3369 990 3432 tenendi
1024 3393 1038 3433 :
1069 3375 1134 3435 et
1160 3371 1306 3437 ideo
1343 3392 1473 3438 non
1510 3381 1758 3460 oportet
1797 3381 1967 3462 quod
2009 3401 2152 3466 spes
2178 3401 2283 3449 re-

736 3480 1013 3558 ponatur
1056 3478 1123 3541 in
1175 3482 1485 3546 memoria
1522 3484 1687 3549 sicut
1727 3485 1796 3549 in
1836 3489 2092 3579 proprio
2132 3491 2282 3554 sub-

2401 697 2680 762 secundo
2704 698 2867 763 libro
2892 706 2937 763 ¹.

2480 809 2542 868 5.
2577 805 2671 870 Ad
2698 805 2856 870 illud
2885 808 3057 890 quod
3083 811 3312 877 ultimo
3337 814 3643 897 objicitur
3693 818 3774 883 de
3820 838 3960 884 cer-

2403 911 2697 990 titudine,
2737 917 2908 994 patet
2950 920 3280 998 responsio
3325 938 3408 984 ex
3455 921 3559 985 his
3598 943 3752 1006 quae
3793 925 3960 990 dicta

2395 1023 2546 1082 sunt
2572 1037 2786 1100 supra,
2820 1039 2936 1102 pro
2978 1040 3056 1086 eo
3100 1025 3270 1106 quod
3300 1029 3612 1093 certitudo
3640 1033 3777 1114 spei
3827 1053 3960 1097 non

2397 1127 2492 1186 est
2524 1125 2847 1207 pertinens
2872 1128 2951 1193 ad
2977 1132 3331 1211 potentiam
3375 1137 3819 1219 cognitivam‚
3851 1143 3960 1206 sed

2396 1232 2607 1312 magis
2644 1233 2725 1297 ad
2772 1237 3121 1317 potentiam
3165 1239 3527 1308 affectivam
3562 1264 3767 1329 :quae
3820 1253 3960 1332 qui·

2396 1336 2542 1400 dem
2594 1339 2902 1404 certitudo
2953 1347 3047 1406 est
3085 1347 3383 1426 quaedam
3429 1356 3826 1420 assecuratio
3865 1363 3953 1421 te-

2396 1463 2554 1509 nens
2588 1466 2656 1511 se
2693 1466 2775 1511 ex
2814 1454 2993 1532 parte
3032 1453 3330 1535 potentiae
3371 1458 3706 1525 irascibilis
3736 1471 3958 1548 :patet

2395 1570 2554 1633 ergo
2597 1555 2751 1636 quid
2793 1557 2875 1619 sit
2913 1556 3275 1641 subjectum
3322 1565 3453 1646 spei
3500 1573 3834 1649 quantum
3878 1574 3956 1637 ad

2394 1659 2628 1724 animae
2653 1664 3022 1743 potentiam.
3055 1665 3331 1733 Ulterius
3353 1673 3546 1737 etiam
3575 1684 3794 1758 posset
3821 1699 3956 1745 mse

2394 1767 2499 1831 hic
2525 1768 2851 1851 inquisitio
2879 1771 2957 1836 de
2996 1774 3281 1857 subjecto
3326 1781 3461 1862 spei
3503 1790 3833 1865 quantum
3879 1790 3955 1851 ad

2393 1876 2812 1943 substantiam
2867 1902 2882 1943 ε
2927 1884 2992 1944 et
3042 1883 3210 1947 circa
3270 1887 3388 1950 hoc
3428 1897 3694 1971 possent
3745 1896 3954 1977 quaeri

2393 1981 2581 2064 plura
2623 1983 2996 2051 dubitabilia
3040 2007 3057 2052 ε
3107 1992 3317 2072 primo
3363 1997 3682 2077 quaeritur
3727 2007 3952 2065 utrum

2393 2107 2537 2172 spoe
2579 2091 2661 2155 sit
2705 2093 2775 2156 in
2809 2095 3060 2190 angelis
3100 2099 3318 2180 bonis;
3361 2105 3677 2185 secundo,
3730 2114 3954 2174 utrum

2394 2196 2477 2258 sit
2502 2198 2572 2261 in
2598 2199 2937 2266 animabus
2962 2205 3197 2285 beatis3
3229 2210 3440 2296 tertio,
3477 2218 3707 2276 utrum
3734 2215 3953 2297 aliquo

2397 2306 2584 2370 modo
2625 2307 2709 2372 sit
2747 2309 2817 2372 in
2854 2313 3101 2393 angelis
3144 2317 3363 2394 malis;
3408 2324 3675 2400 quarto,
3730 2328 3950 2388 utrum

2393 2414 2676 2479 fueritin
2702 2417 2839 2497 his,
2871 2422 2986 2502 qui
3012 2422 3275 2487 fuerunt
3314 2424 3381 2488 in
3411 2426 3613 2491 limbo
3639 2450 3659 2506 3
3693 2432 3947 2512 quinto,

2394 2524 2615 2585 utrum
2659 2522 2739 2586 sit
2780 2527 2849 2588 in
2888 2526 3023 2606 his,
3067 2529 3181 2611 qui
3219 2536 3372 2595 sunt
3406 2532 3477 2597 in
3516 2539 3945 2617 purgator-im

2395 2631 2601 2705 sextO,
2635 2635 2699 2694 et
2737 2631 2991 2710 ultimo,
3023 2638 3341 2718 quaeritur
3374 2647 3596 2703 utrum
3639 2642 3842 2707 fuerit
3884 2646 3948 2707 in

2396 2733 2667 2800 Christo.
2717 2737 2840 2803 Sed
2880 2743 3189 2822 quoniam
3225 2762 3450 2808 omnes
3492 2746 3600 2810 hae
3636 2753 3952 2831 quaestio-

2391 2860 2505 2906 nes
2535 2862 2650 2926 pro
2693 2863 2934 2929 magna
2960 2856 3138 2931 parte
3175 2852 3457 2933 pendent
3480 2855 3563 2917 ab
3595 2856 3709 2920 illa
3732 2876 3948 2940 quaes-

2392 2952 2563 3017 tione
2581 3003 2599 3030 ,
2643 2974 2772 3037 qua
2817 2959 3047 3023 dicitur
3086 2961 3162 3026 de
3212 2965 3628 3029 evacuatione
3671 2970 3837 3051 spei,
3889 2975 3948 3034 et

2391 3058 2501 3123 illa
2517 3061 2675 3141 visa,
2702 3069 2931 3128 caetera
2948 3073 3100 3131 sunt
3128 3068 3353 3147 facilia,
3384 3071 3526 3136 ideo
3554 3075 3949 3157 quaestiones

2390 3167 2527 3233 istae
2566 3171 2647 3235 ad
2686 3190 2969 3255 praesens
3005 3177 3427 3258 omittuntur,
3461 3181 3617 3263 quia
3643 3185 3947 3266 quaedam

2389 3293 2473 3339 cx
2514 3277 2607 3341 eis
2642 3274 3240 3347 determinabuntur
3273 3285 3437 3350 infra
3453 3335 3471 3366 ,
3508 3290 3816 3370 quaedam
3866 3312 3945 3357 ex

2389 3389 2481 3451 eis
2508 3393 2869 3472 tanguntur
2894 3394 2963 3456 in
2991 3394 3222 3475 littera,
3243 3402 3318 3460 ut
3346 3398 3436 3461 sic
3460 3399 3699 3464 vitetur
3724 3422 3947 3486 super-

2387 3494 2620 3577 ssuitas,
2652 3517 2800 3581 quae
2824 3505 2921 3563 est
2947 3503 3275 3568 memoriae
3302 3504 3586 3585 inimica,
3614 3513 3739 3572 etc.

1729 3784 2463 3887 DISTINCTIO
2569 3795 2956 3893 XXVII

879 4030 957 4077 1>ss
1004 4028 1354 4080 (numum
1397 4033 1520 4089 Qua
1566 4036 1873 4085 mnarum
1908 4040 2060 4087 DEUS
2104 4041 2184 4087 m·
2227 4042 2557 4109 PROXIMUS,
2603 4047 2740 4101 QUAE
2783 4050 2847 4095 m
2891 4051 3146 4097 cnmsTo
3190 4053 3269 4099 m·
3311 4054 3377 4099 m
3419 4055 3597 4104 noms
3642 4057 3778 4104 881⁸.

536 4237 661 4293 Quod
824 4201 993 4271 Cum
1061 4215 1284 4275 autem
1330 4207 1628 4280 Christus
1671 4211 1870 4282 fidem
1916 4223 1981 4284 et
2023 4237 2204 4307 spem
2246 4240 2383 4287 non
2424 4217 2765 4307 habuerit,
2822 4223 3237 4295 dilectionem
3294 4236 3512 4299 tamen
3569 4229 3810 4300 habuit
3864 4234 3934 4302 in

492 4303 682 4346 aaran·

509 4365 688 4408 mm,
737 4327 1066 4408 quantum
1097 4320 1294 4393 homo
1339 4331 1627 4410 tantam,
1660 4351 1794 4420 qua
1822 4330 1913 4419 (b)
1951 4331 2162 4423 major
2188 4355 2324 4402 esse
2352 4357 2485 4403 non
2515 4337 2715 4425 valet,
2758 4340 2984 4430 quiex
3010 4340 3323 4412 charitate
3357 4344 3598 4415 eximia
3632 4348 3934 4418 animam

494 4428 703 4534 0322..
736 4435 956 4525 posuit
1001 4459 1124 4527 pro
1162 4439 1392 4508 amicis
1429 4450 1492 4509 et
1534 4442 1818 4513 inimicis
1850 4470 1866 4512 ε
1911 4444 2145 4516 habuit
2188 4450 2366 4518 enim
2414 4452 2484 4519 in
2535 4454 2729 4524 corde
2765 4455 3146 4529 charitatem
3168 4514 3186 4546 ,
3232 4484 3434 4553 quam
3489 4485 3689 4554 opere
3741 4466 3941 4534 nohis

568 4551 634 4605 (α)
734 4544 1062 4633 exhibuit,
1096 4556 1172 4617 ut
1198 4550 1623 4623 exhibitionis
1647 4555 1860 4625 forma
1885 4580 2007 4626 nos
2030 4560 2111 4626 ad
2139 4560 2550 4651 diligendum
2578 4569 2930 4637 instrueret
2963 4594 2979 4637 ε
3013 4570 3118 4639 hic
3144 4572 3397 4664 aliquid
3434 4573 3788 4645 dicendum
3840 4584 3940 4645 est

733 4660 816 4729 de
846 4661 1186 4752 charitate,
1218 4674 1284 4734 et
1311 4668 1531 4756 modo,
1563 4680 1627 4739 et
1651 4670 1882 4742 ordine
1908 4674 2227 4765 diligendi
2255 4676 2466 4747 Deum
2492 4689 2557 4747 et
2588 4682 2991 4772 proximum.

520 4797 706 4870 onia-12
822 4777 1122 4850 Charitas
1150 4790 1244 4851 est
1271 4783 1560 4872 dilectio,
1592 4810 1725 4878 qua
1751 4788 2048 4878 diligitur
2075 4790 2251 4860 Deus
2295 4804 2562 4887 propter
2599 4821 2691 4888 se,
2742 4808 2806 4868 et
2853 4802 3193 4892 proximus
3233 4815 3498 4898 propter
3547 4807 3790 4893 Deum,
3826 4810 3935 4878 vel

492 4858 692 4907 ‘mm‘
729 4894 799 4963 in
854 4895 1014 4965 Deo.
1071 4898 1229 4968 Haec
1270 4898 1469 4969 habet
1507 4902 1641 4971 duo
1681 4905 1990 4974 mandata
2048 4931 2063 4974 ε
2123 4931 2338 4978 unum
2397 4913 2728 5003 pertinens
2777 4916 2858 4985 ad
2912 4919 3326 4990 dilectionem
3384 4922 3536 5008 Dei,
3594 4923 3775 5015 quod
3835 4935 3935 4993 εἲ

729 5013 1094 5082 maximum
1140 5015 1211 5083 in
1255 5015 1403 5107 lege
1448 5020 1869 5109 mandatum;
1916 5031 1981 5090 et
2022 5024 2306 5095 alterum
2361 5028 2695 5119 pertinens
2746 5031 2829 5100 ad
2879 5033 3292 5123 diligendum
3346 5038 3763 5130 proximum,
3828 5041 3934 5109 illi

727 5125 967 5196 simile.
999 5129 1307 5200 Primum
1335 5142 1431 5201 est
1462 5159 1478 5202 ε
1511 5136 1760 5229 Diliqes
1784 5141 1995 5209 Deum
2034 5164 2117 5210 etc
2163 5154 2300 5213 toto
2343 5143 2578 5230 corde,
2618 5170 2699 5216 ex
2743 5161 2884 5218 tota
2934 5165 3176 5235 mente,
3228 5166 3293 5223 et
3338 5178 3420 5223 ea·
3460 5167 3604 5226 tota
3645 5156 3934 5240 anisum·

790 5299 807 5334 ¹
835 5298 963 5348 nist.
997 5311 1137 5353 xxvi.
1751 5331 1756 5337 ·

792 5388 857 5452 (ο)
880 5387 1007 5439 coet.
1033 5390 1156 5442 edit.
1178 5391 1298 5442 add.
1327 5393 1537 5458 ejusque
1564 5397 1825 5450 charitatis
1847 5403 2128 5467 explicatur
2150 5406 2403 5470 diffinitio,
2430 5408 2641 5473 modus,
2668 5415 2922 5475 praecepta
2948 5414 2996 5461 et
3018 5412 3298 5475 objectum.
3323 5443 3387 5455 -—
3418 5420 3486 5482 (ὁ)
3517 5422 3602 5474 ΔΙ.
3633 5440 3768 5491 que.
