4185 6288
736 507 814 569 82
1836 497 2481 565 SENTENTIARUM.
2528 498 2677 565 LIB.
2726 499 2832 565 ΙΙΙ.

737 645 942 705 estex
965 638 1076 704 illa
1112 636 1393 705 hominis
1425 653 1658 717 carne;
1688 634 1798 701 sed
1832 635 1990 701 illud
2029 636 2276 716 solum,

737 748 912 832 quod
959 746 1259 832 processit
1297 742 1651 809 secundum
1693 743 1911 825 legem
1951 743 2282 827 concupis-

737 854 983 920 centiae.
1014 853 1096 919 Et
1132 851 1437 936 quoniam
1473 867 1621 916 οπο
1649 848 1878 915 Christi
1903 850 1974 914 in
2011 850 2282 932 Virgine

737 962 1038 1027 fabricata
1063 965 1157 1025 est
1181 964 1416 1044 praeter
1449 960 1664 1042 legem
1691 958 2218 1041 concupiscentiae
2244 976 2285 1021 a

738 1067 982 1152 Spiritu
1006 1071 1246 1147 sancto,
1275 1068 1429 1131 hinc
1456 1071 1555 1131 est
1581 1065 1758 1150 quod
1781 1065 1988 1131 caruit
2014 1082 2283 1149 corrup-

737 1175 909 1240 tione
925 1223 943 1255 ,
986 1179 1049 1241 et
1096 1174 1412 1240 rationem
1448 1173 1661 1239 tenuit
1704 1172 2038 1239 medicinas
2083 1191 2125 1236 a
2168 1189 2287 1237 sua

738 1281 1044 1366 primaria
1066 1281 1465 1347 formatione.

1289 1529 1649 1609 QUAESTIO
1690 1529 1772 1595 11.

743 1694 838 1751 Aa
873 1693 1077 1751 Christi
1113 1707 1236 1749 caro
1267 1692 1438 1759 fuerit
1474 1693 1536 1747 in
1568 1688 1891 1763 parmatibus
1929 1690 2097 1745 aliter
2128 1704 2291 1761 quam

816 1799 939 1840 caro
965 1783 1201 1839 aliorum
1225 1782 1498 1838 hominum
1522 1780 1802 1838 secundum
1830 1781 1996 1851 leqem
2014 1794 2292 1853 propaya-

821 1876 988 1931 tionis
1023 1876 1065 1927 ¹.

507 2062 719 2108 runem.
828 2034 1059 2100 Utrum
1099 2052 1248 2099 caro
1291 2033 1521 2098 Christi
1567 2032 1761 2097 ruerit
1805 2031 1874 2097 in
1919 2032 2295 2115 parentibus

747 2143 958 2224 aliter,
984 2160 1184 2226 quam
1220 2158 1368 2205 οπο
1394 2140 1668 2207 aliorum
1695 2138 2035 2204 hominum
2061 2157 2295 2205 secun-

749 2252 907 2317 dum
938 2250 1152 2333 legem
1193 2247 1714 2332 propagationis:
1759 2251 1824 2312 et
1857 2246 2032 2331 quod
2064 2247 2251 2312 aliter
2270 2295 2289 2325 ‚

750 2360 1001 2426 videtur
1035 2358 1410 2424 auctoritate
1446 2355 1795 2438 Augustini
1808 2403 1827 2433 ‚
1867 2355 1938 2419 in
1972 2355 2139 2421 libro
2184 2356 2296 2421 de-

750 2470 917 2534 cimo
955 2484 1150 2550 super
1185 2467 1478 2534 Genesim
1508 2464 1598 2531 ad
1622 2465 1936 2544 litteram,
1965 2463 2295 2528 tractantis

749 2576 908 2641 illud
942 2574 1231 2659 Apostoli
1245 2576 1270 2610 ¹
1311 2595 1329 2638 :
1374 2572 1601 2639 Adhuc
1632 2578 1769 2641 erat
1800 2573 1879 2639 in
1914 2571 2150 2638 lumbis
2171 2589 2295 2654 pa-

752 2685 875 2751 tris
898 2684 922 2721 ⁸
940 2705 963 2747 :
996 2706 1027 2744 α
1048 2681 1416 2749 Secundum
1440 2680 1726 2763 aliquem
1753 2678 2022 2745 modum
2046 2683 2183 2743 erat
2208 2677 2298 2742 ihi

753 2791 1062 2867 Christus,
1091 2809 1223 2873 quo
1251 2808 1386 2856 non
1417 2792 1555 2854 erat
1590 2789 1678 2852 ihi
1708 2787 1883 2854 Levi.
1929 2785 2297 2853 Secundum

753 2898 1066 2964 rationem
1104 2898 1345 2981 quippe
1385 2896 1758 2962 seminalem
1806 2896 1929 2961 fuit
1967 2895 2061 2960 ihi
2108 2894 2260 2961 Levi
2277 2942 2296 2975 ‚

753 3024 884 3089 qua
917 3005 1166 3070 ratione
1203 3023 1335 3071 non
1378 3004 1499 3069 fuit
1536 3004 1626 3068 ibi
1671 3021 1819 3069 caro
1846 3002 2097 3068 Christi.
2137 3025 2169 3063 n

835 3111 996 3180 Item
1016 3113 1139 3179 hoc
1163 3112 1375 3197 ipsum
1392 3111 1748 3178 ostenditur
1765 3110 2041 3177 ratione:
2072 3108 2303 3176 Media·

756 3226 898 3288 tum
940 3219 1331 3305 principium
1355 3218 1683 3286 reducitur
1708 3219 1788 3284 ad
1815 3219 2297 3284 immediatum:

757 3328 868 3393 sed
887 3327 1175 3393 Christus
1198 3326 1551 3393 secundum
1573 3326 1776 3392 alium
1794 3326 2061 3391 modum
2077 3343 2306 3409 propa-

757 3436 960 3519 gandi
990 3436 1194 3502 exivit
1236 3435 1317 3501 de
1360 3438 1546 3502 utero
1588 3434 1875 3515 Virginis
1891 3483 1909 3514 ,
1956 3452 2158 3517 quam
2197 3434 2306 3498 alii

759 3544 875 3610 filii
900 3543 980 3610 de
1004 3547 1233 3610 ventre
1260 3548 1541 3608 matrum
1570 3561 1861 3621 suarum,
1894 3561 2010 3626 pro
2029 3560 2107 3607 eo
2132 3541 2306 3624 quod

758 3669 894 3717 non
927 3656 1026 3718 est
1055 3651 1135 3717 de
1165 3651 1338 3718 virili
1376 3650 1644 3715 semine.
1693 3648 1761 3715 Si
1790 3667 1948 3731 ergo
1985 3649 2305 3715 mediante

760 3759 946 3826 beata
996 3759 1261 3841 Virgine
1298 3759 1536 3824 dicitur
1581 3759 1773 3823 fuisse
1813 3758 1883 3821 in
1934 3758 2305 3840 parentibus

761 3867 1288 3950 praecedentihus‚
1308 3867 1567 3932 videtur
1590 3866 1763 3949 quod
1787 3865 1913 3930 alio
1943 3866 2135 3931 modo
2161 3866 2309 3930 fne-

762 3973 854 4039 rit
875 3991 1023 4040 caro
1046 3976 1190 4056 ejus
1224 3973 1295 4039 in
1321 3973 1692 4057 parentibus
1714 3973 2069 4038 secundum
2094 3971 2306 4053 legem

764 4081 1269 4166 propagationis,
1297 4100 1497 4165 quam
1517 4081 1793 4147 aliorum
1822 4080 2187 4146 hominum.

849 4189 1007 4255 Item
1033 4188 1088 4253 si
1114 4189 1339 4255 eodem
1363 4189 1554 4255 modo
1574 4189 1796 4254 fuisset
1813 4207 1962 4253 οπο
1989 4187 2216 4252 Christi
2245 4187 2314 4252 in

768 4296 1141 4381 parentibus
1169 4295 1337 4361 sicut
1360 4296 1474 4362 alii
1497 4296 1815 4377 homines,
1843 4296 1949 4362 vel
1975 4314 2125 4360 οπο
2150 4296 2313 4360 alio-

770 4421 922 4469 rum
960 4403 1304 4469 hominum
1320 4450 1339 4482 ‚
1382 4404 1472 4469 ita
1521 4407 1860 4488 peccasset,
1904 4403 2115 4468 Adam
2161 4421 2314 4486 pec-

773 4514 979 4591 cante,
999 4511 1162 4577 sicut
1177 4511 1289 4577 alii
1309 4511 1641 4577 homines:
1663 4511 1772 4577 sed
1796 4511 1920 4577 hoc
1938 4515 2033 4576 est
2047 4511 2312 4576 falsum:

774 4637 958 4702 ergo,
988 4623 1109 4685 etc.

857 4725 1016 4794 Item
1044 4727 1267 4794 eodem
1291 4728 1483 4793 modo
1509 4728 1704 4794 habet
1725 4745 1828 4793 res
1849 4726 2033 4792 educi
2061 4726 2133 4790 in
2159 4743 2317 4805 esse,

778 4851 894 4917 per
936 4853 1135 4918 quem
1176 4837 1445 4902 modum
1487 4836 1678 4900 habet
1721 4836 1790 4898 in
1842 4852 1962 4899 suo
2005 4833 2322 4916 principio

782 4941 1087 5009 existere:
1132 4943 1244 5010 sed
1278 4944 1562 5010 Christus
1595 4961 1729 5008 non
1759 4942 1882 5006 fuit
1912 4941 2177 5023 genitus
2219 4941 2325 5006 vel

785 5052 1125 5132 conceptus
1149 5050 1505 5117 secundum
1532 5051 1745 5132 legem
1770 5053 2040 5129 naturae,
2070 5049 2181 5114 sed
2203 5067 2326 5132 po-

788 5153 919 5220 tius
961 5155 1371 5238 mirabiliter3
1416 5158 1528 5222 alii
1569 5160 1788 5222 autem
1831 5156 2125 5221 homines
2169 5153 2330 5220 edu-

788 5267 1025 5329 cuntur
1047 5266 1460 5331 naturaliter:
1483 5264 1663 5330 aliter
1679 5282 1837 5347 ergo
1862 5263 1984 5329 fuit
2008 5281 2158 5328 οπο
2186 5264 2331 5346 ejus

855 5426 876 5461 ¹
903 5428 958 5478 S.
982 5427 1183 5493 Thom.‚
1204 5442 1257 5493 p.
1289 5429 1376 5491 Ill,
1405 5442 1457 5491 q.
1475 5437 1600 5477 xxxl
1622 5465 1635 5487 ,
1664 5428 1759 5476 art.
1783 5427 1848 5489 73
1872 5427 1924 5474 et
1952 5424 2018 5474 ΙΙΙ
2037 5423 2333 5486 Sent.‚dist.

789 5507 872 5561 ιιι,
899 5511 951 5562 q.
979 5510 1063 5561 iv,
1082 5502 1181 5549 art.
1206 5503 1263 5564 ¹5
1286 5498 1455 5563 AEgid.
1476 5499 1649 5560 Rom„
1675 5497 1736 5546 ΙΙΙ
1761 5495 1922 5558 Sem„
1941 5493 2055 5544 dist.
2076 5505 2155 5557 111,
2178 5496 2332 5560 p.lV‚

2392 639 2709 720 quantum
2739 636 2815 701 ad
2852 636 3069 719 legem
3106 637 3581 722 propagationis
3603 639 3669 702 in
3694 638 3923 704 lumbis

2391 748 2764 827 parentum,
2794 762 2993 827 quam
3020 744 3296 808 aliorum
3329 745 3688 809 hominum.

2473 851 2597 916 Sed
2623 856 2844 916 contra
2874 870 2892 915 :
2939 857 2998 915 Ι.
3031 851 3189 916 Dicit
3227 851 3531 934 Magister
3567 853 3638 918 in
3681 852 3919 919 littera:
3956 879 4113 934 Aac„

2403 982 2435 1021 n
2476 957 2633 1024 Caro
2664 959 2800 1037 illa,
2846 962 3191 1041 antequam
3233 959 3442 1026 Verbo
3486 959 3679 1026 fuerit
3719 960 3894 1026 unita
3908 1012 3922 1037 ,

2395 1069 2648 1149 peccato
2674 1065 2795 1129 fuit
2827 1065 3104 1131 obnoxia
3134 1065 3202 1130 in
3238 1064 3471 1146 Maria,
3500 1066 3667 1132 sicut
3690 1067 3927 1151 reliqua

2396 1171 2680 1254 Virginis
2699 1189 2944 1237 carot»
2980 1173 3090 1237 sed
3127 1191 3274 1239 οπο
3300 1192 3451 1258 quae-
3474 1172 3817 1239 consimilis
3841 1178 3928 1241 est
4066 1232 4072 1236 .

2396 1279 2752 1343 secundum
2795 1279 3262 1345 traductionem
3315 1279 3648 1363 originalis
3663 1330 3681 1361 ‚
3729 1279 3928 1346 consi-

2398 1384 2568 1450 milis
2610 1391 2707 1452 est
2742 1387 3101 1453 secundum
3149 1387 3364 1471 legem
3409 1389 3926 1473 propagationis:

2398 1512 2557 1577 ergo
2580 1494 2635 1558 si
2660 1512 2809 1561 caro
2837 1495 3062 1561 Christi
3089 1496 3160 1560 in
3183 1495 3424 1560 lumbis
3446 1500 3789 1580 parentum
3812 1498 3932 1563 fuit

2399 1601 2681 1667 obnoxia
2717 1607 2971 1686 peccato
2984 1652 3002 1684 ,
3036 1621 3196 1685 ergo
3233 1607 3299 1669 et
3339 1604 3562 1670 eadem
3598 1605 3745 1687 lege
3786 1624 3931 1670 cum

2400 1708 2539 1773 aliis
2565 1726 2604 1773 a
2624 1709 2846 1792 primis
2873 1709 3245 1793 parentibus
3269 1715 3366 1776 est
3390 1710 3701 1777 traducta.

2481 1821 2542 1880 2.
2575 1816 2734 1881 Item
2761 1834 2952 1882 omne
2978 1818 3151 1900 quod
3187 1816 3513 1883 descendit
3532 1819 3616 1884 ab
3637 1818 3840 1884 Adam
3867 1820 3934 1884 in

2401 1923 2581 2005 Seth,
2608 1925 2929 1990 descendit
2945 1926 3300 1990 secundum
3325 1927 3759 2010 corpulentam
3789 1926 3935 1992 suh-

2402 2033 2722 2113 stantiam,
2740 2035 2803 2096 et
2820 2033 3177 2098 secundum
3204 2034 3576 2098 seminalem
3596 2035 3899 2101 rationem
3919 2057 3932 2099 ε

2403 2156 2561 2221 ergo
2600 2141 2653 2203 si
2695 2158 2843 2205 caro
2874 2140 3103 2206 Christi
3149 2141 3469 2207 descendit
3512 2142 3597 2206 ab
3636 2142 3839 2208 Adam
3874 2142 3938 2206 in

2404 2246 2588 2327 Seth,
2635 2250 2701 2311 et
2747 2268 2787 2313 a
2827 2247 2983 2313 Seth
3019 2248 3087 2312 in
3128 2249 3287 2314 alios
3332 2254 3652 2334 parentes,
3700 2250 3942 2315 videtur

2404 2355 2575 2437 quod
2602 2357 2955 2422 secundum
2989 2358 3203 2439 legem
3229 2359 3710 2442 propagationis
3735 2359 3852 2423 fuit
3878 2358 3940 2421 in

2404 2462 2642 2527 lumbis
2676 2468 3015 2547 parentum
3055 2464 3277 2531 eodem
3321 2465 3512 2532 modo
3535 2514 3553 2545 ,
3601 2465 3767 2531 sicut
3804 2482 3941 2530 caro

2406 2571 2683 2637 aliorum
2705 2572 3070 2639 hominum.

2487 2684 2549 2743 3.
2594 2678 2753 2744 Item
2785 2698 3005 2744 semen
3031 2681 3204 2746 unde
3231 2681 3583 2746 formatum
3606 2684 3701 2746 est
3727 2697 3944 2763 corpus

2408 2784 2563 2851 Seth
2609 2785 2680 2851 in
2728 2788 2874 2852 totis
2914 2788 3284 2870 parentibus
3324 2789 3603 2854 habebat
3646 2788 3943 2854 rationem

2408 2893 2815 2959 seminalem:
2866 2912 3025 2976 ergo
3067 2895 3232 2960 nihil
3273 2895 3423 2961 inde
3462 2897 3757 2963 futurum
3796 2897 3941 2972 erat,

2410 3001 2583 3087 quod
2616 3020 2748 3067 non
2788 3007 2952 3067 esset
2990 3002 3075 3066 ibi
3110 3003 3303 3067 etiam
3335 3003 3693 3069 secundum
3726 3017 3944 3084 corpu-

2408 3110 2650 3176 lentam
2677 3110 3101 3176 substantiam
3117 3114 3182 3177 et
3198 3112 3514 3178 rationem
3546 3110 3942 3179 seminalem:

2411 3219 2522 3284 sed
2548 3218 2603 3283 si
2633 3237 2780 3285 caro
2817 3220 3048 3287 Christi
3075 3221 3306 3287 exinde
3340 3221 3505 3287 facta
3545 3226 3642 3287 est
3662 3269 3680 3302 ‚
3709 3219 3947 3286 videtur

2413 3326 2585 3411 quod
2632 3327 2722 3392 ihi
2767 3329 2961 3394 fuerit
3002 3329 3084 3394 ad
3126 3329 3395 3395 modum
3438 3329 3705 3395 alterius
3753 3324 3947 3392 carnis

2414 3435 2750 3500 humanae.

2494 3549 2557 3609 4.
2607 3545 2767 3610 Item
2799 3548 2933 3610 tota
2968 3564 3115 3610 caro
3144 3545 3431 3627 Virginis
3460 3546 3586 3612 fuit
3628 3548 3699 3611 in
3728 3534 3951 3611 lumbis

2417 3656 2787 3736 parentum,
2836 3654 3191 3719 secundum
3223 3654 3438 3735 legem
3464 3651 3947 3738 propagationis,

2417 3760 2581 3824 sicut
2599 3779 2747 3825 caro
2774 3761 3047 3826 aliorum
3077 3761 3452 3827 hominum:
3482 3761 3596 3826 sed
3620 3778 3766 3825 caro
3791 3756 3950 3822 Chri-

2419 3867 2498 3932 sti
2525 3868 2645 3932 fuit
2666 3886 2750 3932 ex
2773 3868 2987 3951 aliqua
3013 3872 3192 3951 parte
3220 3868 3432 3933 carnis
3457 3866 3779 3950 Virginis:
3807 3878 3950 3944 ergo

2418 3975 2775 4040 secundum
2814 3975 3028 4057 legem
3071 3974 3561 4058 propagationis
3598 3975 3688 4039 sic
3738 3971 3852 4037 fuit
3887 3970 3949 4032 in

2419 4082 2657 4147 lumbis
2690 4087 3030 4167 parentum
3048 4131 3067 4163 ,
3099 4083 3265 4147 sicut
3297 4099 3447 4147 caro
3472 4082 3672 4147 totius
3698 4075 3949 4146 humani

2420 4206 2700 4271 generis.

2985 4435 3415 4500 CONCLUSIO.

2427 4618 2630 4677 Christi
2653 4633 2777 4675 caro
2804 4619 2972 4676 aliter
2986 4621 3103 4689 sicit
3126 4621 3189 4674 in
3208 4617 3529 4691 parentibus
3547 4633 3711 4690 quam
3737 4615 3953 4671 aliorum

2498 4710 2804 4780 hominum5
2834 4725 2959 4766 caro
2985 4712 3129 4766 enim
3155 4709 3390 4765 aliorum
3416 4711 3534 4779 fuit
3568 4708 3654 4763 ibi
3690 4703 3954 4764 secundnm

2498 4802 2769 4857 rationem
2806 4802 3118 4858 seminalem
3131 4841 3151 4871 ‚
3194 4800 3395 4856 Christi
3428 4803 3611 4856 autem
3640 4801 3846 4855 tantia»
3880 4807 3955 4850 se·

2502 4890 2732 4947 cundum
2758 4892 3132 4964 oerpulentam
3156 4890 3539 4947 substantiam.

2515 5049 2700 5135 Resp.
2746 5050 2828 5116 ad
2863 5070 3006 5134 arg.
3043 5050 3391 5116 Dicendum
3434 5049 3610 5133 quod
3644 5044 3954 5131 dupliciter

2435 5161 2529 5222 est
2553 5157 2732 5241 loqui
2772 5158 2851 5223 de
2878 5177 3070 5224 carne
3102 5158 3373 5225 Christi:
3404 5162 3517 5223 aut
3541 5158 3850 5241 quantum
3884 5148 3954 5215 ad

2436 5265 2771 5329 materiam
2800 5265 2974 5331 unde
3000 5270 3259 5351 sumpta
3284 5269 3403 5346 est,
3427 5261 3540 5332 aut
3557 5267 3864 5350 quantum
3883 5252 3953 5321 ad

2439 5444 2492 5494 q.
2529 5443 2583 5481 u.
2602 5458 2663 5467 —
2683 5434 2705 5466 ²
2732 5432 2903 5496 Hebr„
2941 5444 3034 5496 vn,
3063 5435 3135 5482 ¹0.
3159 5459 3220 5468 —
3240 5432 3264 5467 ⁸
3285 5436 3435 5495 Aug„
3462 5429 3523 5480 de
3550 5429 3723 5480 Genea.
3755 5423 3821 5474 ad
3840 5422 3951 5481 titt-³

2437 5500 2527 5552 lib.
2556 5504 2632 5566 X,
2653 5517 2700 5552 ο.
2721 5513 2809 5562 xx,
2839 5517 2894 5552 n.
2923 5505 3000 5553 35.
