4185 6288
708 415 835 478 556

713 564 848 615 non
873 549 1129 620 videtur
1145 553 1318 638 quod
1341 552 1614 621 creverit
1644 552 1803 620 fides
1832 554 2156 636 quantum
2182 549 2264 617 ad

712 673 1062 726 numerum
1089 660 1515 726 credibilium.

793 765 856 830 ⁴.
886 764 1044 831 Item
1092 767 1391 852 quamvis
1433 766 1711 832 charitas
1761 765 2100 850 profecerit
2144 763 2266 830 ali·

714 888 843 955 quo
875 873 1067 940 modo
1092 875 1447 940 secundum
1488 874 1919 940 intensionem
1946 879 2011 940 et
2042 874 2262 939 fervo·

713 996 883 1061 rem,
912 998 1044 1046 non
1072 985 1289 1047 tamen
1335 980 1600 1065 profecit
1642 985 1959 1064 quantum
2000 980 2080 1045 ad
2119 978 2263 1045 dili-

713 1087 1080 1170 gendorum
1120 1087 1601 1154 multitudinem
1629 1109 1648 1165 ;
1678 1089 1771 1151 tot
1796 1086 1970 1151 enim
1999 1086 2264 1150 fuerunt

714 1193 1050 1277 diligibilia
1085 1196 1153 1262 in
1196 1195 1400 1261 veteri
1443 1192 1620 1277 lege,
1647 1198 1804 1276 quot
1832 1197 1896 1259 et
1936 1194 2006 1257 in
2036 1211 2256 1259 nova:

713 1320 871 1385 ergo
900 1301 1095 1366 simili
1123 1302 1372 1367 ratione
1405 1301 1661 1367 videtur
1696 1304 1761 1367 et
1787 1299 1955 1366 circa
1982 1300 2177 1368 fidem
2200 1304 2264 1367 et

712 1408 1036 1475 credibilia
1052 1457 1071 1489 ,
1098 1408 1269 1492 quod
1298 1408 1490 1473 etiam
1523 1407 1893 1491 proficiente
1918 1407 2045 1474 fide
2065 1457 2084 1488 ,
2124 1426 2262 1473 cre-

710 1516 927 1583 dibilia
948 1521 1208 1602 propter
1226 1515 1353 1581 hoc
1380 1532 1513 1581 non
1535 1516 1664 1580 sint
1689 1514 2136 1598 multiplicata.

1259 1749 1706 1818 CONCLUSIO.

717 1926 876 1984 rides
917 1928 1181 1997 quantum
1221 1923 1297 1981 ad
1338 1924 1715 1982 credendorum
1750 1926 2261 1999 multiplicationem

782 2015 1031 2072 additam
1062 2030 1170 2071 non
1199 2016 1389 2086 potuit
1402 2018 1691 2087 proficere,
1725 2016 1851 2072 licet
1876 2015 2057 2089 quoad
2073 2017 2263 2089 impli-

780 2107 1010 2160 citorum
1038 2104 1479 2175 eoeplanationem
1501 2104 1819 2176 profecerit.

793 2269 982 2353 Resp.
1010 2269 1092 2335 ad
1117 2286 1263 2351 arg.
1301 2268 1686 2349 Dicendum,
1718 2269 1894 2353 quod
1933 2270 2262 2339 credibilia

713 2375 1126 2460 multiplicari
1171 2375 1505 2461 dupliciter
1540 2379 1747 2460 potest
1789 2377 2065 2461 intelligi
2096 2398 2114 2444 ε
2155 2379 2261 2445 vel

717 2488 1033 2569 quantum
1060 2484 1143 2549 ad
1181 2502 1504 2550 novorum
1536 2484 1955 2551 articulorum
1980 2486 2260 2553 additio-

712 2610 863 2658 nem
880 2640 899 2672 ,
928 2592 1034 2658 vel
1056 2597 1377 2676 quantum
1419 2592 1501 2658 ad
1540 2594 2003 2677 implicitorum
2037 2594 2260 2679 expla-

711 2701 1061 2766 nationem.
1102 2699 1170 2764 Si
1199 2701 1409 2783 primo
1454 2700 1648 2767 modo
1688 2700 2094 2784 intelligatur
2111 2749 2133 2783 ‚
2166 2703 2258 2769 sic

711 2825 844 2873 non
868 2811 964 2871 est
980 2807 1455 2874 concedendum
1482 2808 1677 2874 fldem
1699 2808 2036 2891 profecisse
2057 2828 2260 2893 quan-

709 2919 851 2980 tum
895 2914 974 2979 ad
1022 2915 1488 2981 credendorum
1533 2914 2170 2998 multiplicationem
2203 2918 2259 2982 si

708 3023 987 3088 secundo
1029 3023 1220 3087 modo
1238 3071 1259 3104 ,
1287 3023 1380 3087 sic
1410 3022 1673 3106 profecit
1711 3023 2068 3090 secundum
2107 3043 2254 3108 pro·

708 3147 959 3195 cessum
1002 3129 1339 3214 temporis,
1378 3128 1534 3214 quia
1577 3130 1749 3214 quod
1792 3150 1925 3197 uno
1969 3136 2258 3218 tempore

708 3238 1082 3304 credebatur
1112 3237 1448 3321 implicite,
1478 3243 1541 3303 et
1575 3240 1760 3324 quasi
1787 3258 1918 3307 uno
1946 3241 2255 3322 articulo,

709 3363 1006 3428 processu
1034 3346 1336 3428 temporis
1362 3345 1755 3430 explicatum
1795 3353 1929 3427 est,
1975 3352 2039 3416 et
2071 3350 2258 3434 quasi

708 3453 1076 3521 distinctum
1105 3456 1174 3520 in
1213 3455 1419 3519 multa
1462 3457 1786 3523 credibilia
1800 3506 1818 3537 ,
1858 3458 2024 3525 sicut
2060 3479 2259 3545 supra

707 3561 1056 3643 dicebatur,
1087 3564 1262 3647 quod
1307 3564 1659 3629 sufficiebat
1704 3566 1919 3650 aliquo
1964 3572 2254 3651 tempore

708 3669 1196 3757 Redemptorem
1224 3670 1481 3737 credere
1524 3688 1661 3738 esse
1705 3673 2020 3740 futurum.
2069 3674 2257 3742 Nunc

708 3779 923 3844 autem
971 3778 1138 3843 circa
1191 3778 1411 3862 ipsum
1470 3778 1959 3863 Redemptorem
2012 3788 2256 3867 septem

706 3880 957 3946 articuli
987 3880 1407 3965 explicantur,
1441 3886 1504 3949 et
1532 3883 1736 3948 multa
1761 3885 1996 3949 exiliis
2035 3904 2257 3952 conse·

706 3988 971 4072 quentia
996 3993 1059 4053 et
1081 3989 1173 4054 eis
1197 4007 1449 4055 annexa
1481 3991 1992 4058 manifestantur.
2030 3992 2110 4057 Et
2134 3994 2256 4060 hoc

705 4096 998 4179 estquod
1022 4095 1171 4160 dicit
1197 4076 1505 4179 magister
1534 4098 1726 4181 Hugo
1753 4100 1831 4166 de
1859 4099 2088 4168 Sancto
2106 4100 2250 4168 Vic-

704 4210 841 4272 tore
866 4205 934 4269 in
960 4204 1125 4269 libro
1155 4204 1236 4270 de
1261 4206 1693 4275 sacramentis
1716 4225 1739 4271 .·
1767 4228 1799 4270 α
1818 4208 1984 4274 Ante
2012 4209 2249 4293 legem,

701 4313 942 4396 inquit,
976 4312 1144 4378 Deus
1188 4310 1446 4379 Creator
1501 4314 1877 4381 credebatur
1898 4364 1917 4396 ,
1965 4322 2028 4383 et
2064 4319 2147 4383 ab
2174 4336 2251 4386 eo

701 4420 875 4488 salus
900 4422 966 4486 et
990 4419 1341 4505 redemptio
1369 4423 1827 4506 expectabatur
1857 4446 1872 4489 :
1902 4442 2017 4508 per
2051 4445 2252 4509 quem

701 4533 949 4607 autem,
981 4531 1044 4594 et
1069 4546 1199 4612 quo
1225 4529 1417 4596 modo
1456 4530 1681 4596 eadem
1728 4532 1902 4596 salus
1926 4532 2251 4618 implenda

699 4642 763 4703 et
800 4637 1186 4721 perficienda
1210 4639 1407 4718 foret,
1434 4639 1719 4722 exceptis
1746 4641 1972 4723 paucis
2012 4645 2250 4727 quibus

698 4744 822 4814 hoc
849 4745 1008 4810 scire
1029 4744 1441 4828 singulariter
1457 4746 1526 4811 in
1548 4765 1818 4814 munere
1844 4749 2066 4816 datum
2085 4757 2246 4836 erat,

699 4871 740 4919 a
764 4852 1012 4919 caeteris
1046 4852 1340 4919 fidelibus
1381 4871 1512 4920 non
1554 4856 2081 4938 cognoscebatur.
2113 4857 2249 4926 Sub

697 4961 843 5043 lege
886 4964 1104 5027 autem
1147 4978 1419 5044 persona
1459 4961 1896 5048 Redemptoris
1939 4967 2248 5051 praedica-

698 5068 890 5134 batur
932 5069 1242 5147 mittenda
1282 5090 1300 5135 ι
1339 5086 1487 5152 quae
1531 5075 1748 5137 autem
1793 5073 1932 5157 ipsa
1972 5094 2248 5158 persona

697 5176 892 5253 foret,
929 5176 1054 5242 boc
1097 5179 1192 5240 est
1233 5176 1337 5242 vel
1381 5177 1578 5244 bomo
1592 5225 1611 5255 ,
1640 5178 1743 5244 vel
1792 5182 2067 5264 angelus
2088 5233 2108 5266 ,
2143 5185 2247 5252 vel

696 5282 866 5349 Deus
881 5330 900 5363 ,
948 5281 1240 5348 nondum
1282 5283 1801 5353 manifestabatur
1848 5308 1866 5352 ε
1905 5289 2023 5356 soli
2069 5292 2244 5359 enim

698 5389 822 5459 hoc
864 5394 1308 5472 cognoverunt
1324 5438 1343 5470 ,
1371 5391 1485 5475 qui
1515 5410 1630 5476 per
1656 5392 1969 5478 Spiritum
1994 5397 2243 5467 illumi-

1825 411 2454 483 SENTENTIARUM
2492 412 2642 481 ΗΒ.
2688 415 2797 481 111.

2375 550 2510 616 nati
2560 550 2851 618 fuerunt.
2894 549 3031 617 Sub
3073 551 3284 634 gratia
3325 554 3544 618 autem
3591 553 3913 620 manifeste

2364 660 2506 741 jam
2524 658 2827 724 omnibus
2852 659 3262 743 praedicatur.
3280 664 3345 725 et
3369 660 3675 742 creditur,
3691 664 3756 726 et
3781 680 3909 726 mo-

2372 769 2494 835 dus
2540 771 3030 856 redemptionis,
3060 777 3124 836 et
3162 770 3436 856 qualitas
3477 789 3769 856 personae
3805 773 3917 839 Re·

2371 876 2740 961 demptoris.
2769 898 2800 939 υ
2833 877 2911 943 Et
2934 878 3026 944 sic
3053 882 3227 962 patet
3269 877 3442 963 quod
3472 880 3634 944 fides
3662 882 3919 965 profecit

2370 988 2690 1068 quantum
2718 984 2804 1051 ad
2826 985 3226 1049 credibilium
3255 984 3767 1068 multitudinem,
3790 1006 3919 1053 non

2370 1107 2541 1157 nova
2567 1091 2855 1158 addendo
2875 1140 2895 1170 ,
2939 1092 3050 1156 sed
3085 1092 3365 1175 quodam
3390 1093 3586 1159 modo
3618 1093 3920 1177 implicita

2369 1197 2766 1282 explicando.
2789 1197 3075 1275 Qualitas
3093 1199 3268 1263 enim
3291 1217 3587 1282 personae
3613 1199 3920 1285 Redemp-

2368 1305 2557 1383 toris,
2588 1308 2652 1369 et
2681 1305 2912 1371 modus
2937 1304 3393 1389 redemptionis
3437 1305 3588 1370 sciri
3630 1325 3767 1372 non
3804 1326 3919 1392 po-

2368 1411 2495 1478 tuit
2538 1414 2754 1494 aperte
2768 1459 2788 1492 ,
2836 1411 2963 1476 nisi
3005 1411 3126 1476 sub
3169 1412 3452 1495 quadam
3498 1413 3920 1480 articulorum

2369 1521 2786 1589 multitudine
2863 1527 2929 1587 et
2999 1522 3422 1589 distinctione.
3493 1521 3921 1594 eoncedendae

2369 1633 2523 1696 sunt
2566 1647 2726 1721 ergo
2774 1630 3052 1697 rationes
3092 1631 3173 1696 ad
3219 1630 3501 1714 primam
3543 1635 3797 1715 partem
3821 1634 3919 1697 in·

2368 1738 2580 1803 ductae
2595 1785 2612 1816 ‚
2654 1755 2804 1822 quae
2848 1738 3193 1803 ostendunt
3235 1739 3433 1804 fidem
3470 1739 3693 1822 aliquo
3734 1740 3921 1808 modo

2369 1844 2706 1930 profecisse
2730 1844 3086 1912 secundum
3110 1843 3520 1910 credibilium
3549 1845 3916 1914 multitudi-

2368 1969 2545 2020 uem.

2451 2060 2481 2119 1
2495 2101 2512 2119 .
2547 2052 2645 2118 Ad
2676 2052 2833 2119 illud
2860 2069 3015 2118 vero
3043 2054 3213 2138 quod
3253 2052 3467 2136 primo
3506 2053 3810 2138 objicitur
3849 2057 3918 2121 in

2368 2161 2791 2241 contrarium,
2821 2161 2996 2244 quod
3023 2160 3131 2225 lex
3167 2178 3339 2227 nova
3376 2164 3476 2226 est
3498 2159 3569 2224 in
3591 2163 3796 2228 veteri
3830 2164 3917 2226 si-

2369 2271 2480 2336 cut
2524 2271 2665 2336 rota
2703 2269 2774 2332 in
2804 2270 2977 2346 rota,
3010 2268 3354 2333 dicendum
3395 2256 3573 2351 quod
3611 2272 3757 2334 rota
3790 2287 3918 2334 nou

2367 2376 2560 2442 habet
2586 2394 2724 2442 esse
2753 2377 2824 2441 in
2852 2381 2992 2442 rota
3014 2376 3138 2440 nisi
3159 2375 3522 2441 secundum
3548 2376 3918 2460 implicatio-

2367 2503 2518 2550 nem
2554 2484 2881 2569 quandam
2913 2506 2929 2550 ε
2960 2483 3115 2567 quia
3143 2483 3315 2566 quod
3337 2482 3409 2547 in
3435 2483 3582 2565 lege
3622 2501 3801 2551 nova
3829 2487 3918 2549 est

2368 2592 2690 2678 explicite,
2717 2591 2786 2656 in
2815 2592 3017 2657 veteri
3046 2591 3191 2674 lege
3217 2595 3354 2657 erat
3380 2590 3717 2675 implicite.
3745 2592 3917 2658 Unde

2368 2719 2451 2766 ex
2477 2701 2600 2766 hoc
2629 2717 2762 2765 non
2788 2699 3081 2783 sequitur
3102 2699 3276 2780 quod
3300 2698 3459 2764 fidos
3484 2698 3554 2762 in
3578 2697 3727 2781 lege
3751 2718 3917 2766 nova

2367 2824 2502 2898 non
2531 2807 2867 2890 profecerit
2901 2806 3261 2871 secundum
3292 2804 3721 2871 articulorum
3752 2807 3914 2871 mul·

2368 2914 2707 2980 titudinem
2725 2961 2744 2994 ,
2773 2913 3150 2999 explicando
3188 2931 3305 2996 per
3344 2912 3613 2994 multos,
3647 2916 3825 2997 quod
3850 2915 3916 2979 iu

2369 3041 2500 3089 uno
2545 3021 2987 3087 continebatur
3028 3020 3357 3103 implicite;
3404 3020 3518 3084 sed
3563 3023 3739 3105 quod
3790 3040 3913 3088 non

2368 3129 2572 3196 crevit
2588 3127 2875 3195 addendo
2894 3127 3141 3212 aliquid
3160 3131 3567 3207 extraneum,
3591 3130 3771 3213 quod
3786 3130 3914 3214 qui·

2366 3239 2513 3304 dem
2542 3239 2611 3301 in
2632 3237 2778 3319 lege
2802 3236 3006 3301 veteri
3035 3253 3155 3299 nec
3191 3234 3519 3319 explicite,
3547 3254 3673 3303 nec
3697 3237 3912 3321 impli-

2367 3346 2487 3410 cite
2507 3345 2727 3409 fuisset
2751 3345 3151 3409 contentum.

2447 3458 2508 3517 2.
2538 3451 2635 3518 Ad
2663 3450 2824 3516 illud
2852 3450 3027 3534 quod
3068 3448 3370 3531 objicitur
3387 3497 3409 3531 ,
3451 3451 3630 3534 quod
3669 3457 3911 3520 mutato

2365 3560 2614 3644 objecto
2639 3561 2929 3624 mutatur
2953 3556 3244 3636 habitus,
3265 3557 3410 3640 jam
3444 3560 3618 3641 patet
3651 3577 3910 3643 respon-

2366 3667 2494 3749 sio,
2526 3667 2682 3750 quia
2708 3666 2830 3730 ista
2857 3663 3303 3748 multiplicatio
3330 3666 3757 3733 articulorum
3780 3716 3797 3747 ‚
3822 3684 3910 3734 se·

2364 3776 2652 3842 cundum
2672 3790 2871 3858 quam
2887 3771 3159 3837 dicimus
3174 3769 3371 3837 fidem
3392 3771 3760 3854 profecisse,
3783 3793 3907 3841 non

2365 3886 2573 3949 mutat
2598 3882 2922 3965 objectum
2948 3879 3308 3944 secundum
3328 3879 3786 3964 substantiam,
3807 3883 3908 3948 sed

2364 3992 2574 4059 solum
2598 3988 2952 4057 secundum
2983 3987 3272 4054 accidens
3291 4036 3310 4068 ,
3339 3988 3492 4070 quia
3520 3990 3902 4073 implicitum

2363 4098 2682 4186 explicat:
2722 4100 2786 4162 et
2811 4094 2954 4161 ideo
2981 4112 3067 4160 ex
3105 4095 3230 4159 hoc
3260 4112 3393 4161 non
3418 4099 3626 4177 potest
3651 4097 3865 4166 inferri
3880 4145 3900 4178 ,

2362 4206 2537 4294 quod
2561 4206 2718 4271 fides
2744 4203 3157 4271 essentialiter
3182 4202 3266 4266 sit
3292 4207 3564 4269 mutata.

2444 4320 2504 4382 3.
2536 4312 2632 4379 Ad
2671 4310 2832 4377 illud
2868 4310 3041 4394 quod
3081 4308 3454 4394 opponitur,
3482 4309 3660 4393 quod
3694 4311 3906 4378 omnia

2360 4441 2508 4509 quae
2548 4420 2865 4486 credimus
2904 4418 2986 4483 de
3013 4418 3365 4502 praeterito,
3398 4417 3665 4483 fuerunt
3706 4418 3905 4487 credi·

2361 4536 2514 4601 bilia
2539 4534 2617 4600 de
2642 4533 2892 4610 futuro,
2921 4529 3261 4596 dicendum
3290 4528 3462 4612 quod
3499 4547 3737 4596 verum
3762 4535 3899 4597 est:

2360 4643 2469 4709 sed
2509 4642 2654 4707 licet
2692 4637 2911 4705 omnia
2940 4636 3052 4701 illa
3088 4653 3239 4719 quae
3275 4653 3452 4701 nunc
3476 4637 3801 4704 credimus
3824 4639 3902 4705 ab

2358 4748 2678 4832 aliquibus
2720 4745 3009 4830 personis
3053 4761 3140 4807 ex
3177 4744 3436 4827 speciali
3474 4762 3750 4812 munere
3792 4746 3900 4813 Dei

2357 4856 2895 4941 cognoscerentur
2911 4856 2976 4917 et
2993 4850 3403 4917 crederentur
3427 4852 3749 4936 explicite;
3766 4852 3901 4919 uni·

2357 4963 2643 5033 versitati
2687 4966 2904 5028 tamen
2947 4958 3171 5044 populi
3198 4974 3332 5025 non
3375 4960 3897 5043 proponebantur

2357 5075 2699 5154 credenda,
2727 5071 2853 5140 nisi
2895 5068 3198 5155 implicite
3229 5087 3247 5132 z
3290 5068 3464 5133 unde
3516 5075 3581 5135 et
3624 5071 3896 5158 populns

2355 5182 2784 5251 communiter
2827 5176 3199 5261 expectabat
3241 5174 3540 5242 Messinm
3554 5226 3574 5259 ,
3605 5179 3746 5244 sive
3775 5176 3893 5243 Re·

2354 5293 2774 5376 demptorem,
2787 5284 2952 5352 nihil
2976 5282 3266 5365 cogitans
3286 5282 3367 5347 de
3387 5281 3538 5347 Filii
3560 5283 3671 5349 Dei
3697 5285 3894 5349 incar-

2352 5400 2614 5469 natione
2635 5445 2656 5481 ,
2702 5394 2807 5463 vel
2857 5391 3148 5483 passione
3180 5436 3200 5470 ,
3255 5389 3360 5457 vel
3403 5393 3890 5461 resurrectiones
