<?xml version="1.0" encoding="UTF-8"?>
<!DOCTYPE html PUBLIC "-//W3C//DTD XHTML 1.0 Transitional//EN"
    "http://www.w3.org/TR/xhtml1/DTD/xhtml1-transitional.dtd">
<html xmlns="http://www.w3.org/1999/xhtml" xml:lang="en" lang="en">
 <head>
  <title>
</title>
<meta http-equiv="Content-Type" content="text/html;charset=utf-8" />
  <meta name='ocr-system' content='tesseract 3.04.00' />
  <meta name='ocr-capabilities' content='ocr_page ocr_carea ocr_par ocr_line ocrx_word'/>
</head>
<body>
  <div class='ocr_page' id='page_1' title='image "./srecardinalissb01cargoog_0423.png"; bbox 0 0 4185 6288; ppageno 0'>
   <div class='ocr_carea' id='block_1_1' title="bbox 1560 393 2244 469">
    <p class='ocr_par' dir='ltr' id='par_1_1' title="bbox 1560 393 2244 469">
     <span class='ocr_line' id='line_1_1' title="bbox 1560 393 2244 469; baseline -0.006 0"><span class='ocrx_word' id='word_1_1' title='bbox 1560 409 1567 417; x_wconf 85' lang='lat'>&#39;</span> <span class='ocrx_word' id='word_1_2' title='bbox 1665 393 2045 469; x_wconf 82' lang='lat' dir='ltr'><strong>DISTINCT.</strong></span> <span class='ocrx_word' id='word_1_3' title='bbox 2085 397 2244 466; x_wconf 81' lang='lat' dir='ltr'>XIX.</span> 
     </span>
    </p>
   </div>
   <div class='ocr_carea' id='block_1_2' title="bbox 260 537 1920 2346">
    <p class='ocr_par' dir='ltr' id='par_1_2' title="bbox 356 537 1902 929">
     <span class='ocr_line' id='line_1_2' title="bbox 361 537 1896 623; baseline -0.003 -15"><span class='ocrx_word' id='word_1_4' title='bbox 361 540 713 622; x_wconf 84' lang='lat' dir='ltr'><strong>veritatem,</strong></span> <span class='ocrx_word' id='word_1_5' title='bbox 742 540 795 605; x_wconf 85' lang='lat' dir='ltr'><strong>si</strong></span> <span class='ocrx_word' id='word_1_6' title='bbox 819 537 1216 622; x_wconf 82' lang='lat' dir='ltr'><strong>intelligatur</strong></span> <span class='ocrx_word' id='word_1_7' title='bbox 1235 538 1408 623; x_wconf 78' lang='lat' dir='ltr'><strong>quod</strong></span> <span class='ocrx_word' id='word_1_8' title='bbox 1442 538 1603 605; x_wconf 90' lang='lat' dir='ltr'><strong>illud</strong></span> <span class='ocrx_word' id='word_1_9' title='bbox 1627 539 1896 604; x_wconf 88' lang='lat' dir='ltr'><strong>retineat</strong></span> 
     </span>
     <span class='ocr_line' id='line_1_3' title="bbox 362 646 1902 733; baseline -0.003 -17"><span class='ocrx_word' id='word_1_10' title='bbox 362 649 675 716; x_wconf 85' lang='lat' dir='ltr'><strong>rationem</strong></span> <span class='ocrx_word' id='word_1_11' title='bbox 733 649 1065 733; x_wconf 71' lang='lat' dir='ltr'><strong>injustitiae</strong></span> <span class='ocrx_word' id='word_1_12' title='bbox 1109 652 1251 732; x_wconf 88' lang='lat' dir='ltr'><strong>post</strong></span> <span class='ocrx_word' id='word_1_13' title='bbox 1296 646 1677 713; x_wconf 87' lang='lat' dir='ltr'><strong>meritorum</strong></span> <span class='ocrx_word' id='word_1_14' title='bbox 1704 649 1902 712; x_wconf 89' lang='lat' dir='ltr'><strong>inter-</strong></span> 
     </span>
     <span class='ocr_line' id='line_1_4' title="bbox 369 754 1901 844; baseline -0.004 -19"><span class='ocrx_word' id='word_1_15' title='bbox 369 757 732 844; x_wconf 83' lang='lat' dir='ltr'><strong>ventionem</strong></span> <span class='ocrx_word' id='word_1_16' title='bbox 763 778 781 822; x_wconf 70' lang='grc' dir='ltr'>ι</span> <span class='ocrx_word' id='word_1_17' title='bbox 811 756 903 822; x_wconf 90' lang='lat' dir='ltr'><strong>sic</strong></span> <span class='ocrx_word' id='word_1_18' title='bbox 940 760 1158 822; x_wconf 80' lang='lat' dir='ltr'><strong>autem</strong></span> <span class='ocrx_word' id='word_1_19' title='bbox 1186 773 1319 821; x_wconf 89' lang='lat' dir='ltr'><strong>non</strong></span> <span class='ocrx_word' id='word_1_20' title='bbox 1344 758 1440 821; x_wconf 90' lang='lat' dir='ltr'><strong>est</strong></span> <span class='ocrx_word' id='word_1_21' title='bbox 1463 754 1591 834; x_wconf 90' lang='lat' dir='ltr'><strong>hic,</strong></span> <span class='ocrx_word' id='word_1_22' title='bbox 1619 755 1783 821; x_wconf 88' lang='lat' dir='ltr'><strong>sicut</strong></span> <span class='ocrx_word' id='word_1_23' title='bbox 1805 754 1901 821; x_wconf 85' lang='lat' dir='ltr'><strong>vi·</strong></span> 
     </span>
     <span class='ocr_line' id='line_1_5' title="bbox 356 866 654 929; baseline -0.007 0"><span class='ocrx_word' id='word_1_24' title='bbox 356 881 509 929; x_wconf 79' lang='lat' dir='ltr'><strong>sum</strong></span> <span class='ocrx_word' id='word_1_25' title='bbox 539 866 654 928; x_wconf 88' lang='lat' dir='ltr'><strong>est.</strong></span> 
     </span>
    </p>

    <p class='ocr_par' dir='ltr' id='par_1_3' title="bbox 260 965 1920 2346">
     <span class='ocr_line' id='line_1_6' title="bbox 444 965 1910 1053; baseline 0.001 -24"><span class='ocrx_word' id='word_1_26' title='bbox 444 970 505 1031; x_wconf 77' lang='lat'><strong>5.</strong></span> <span class='ocrx_word' id='word_1_27' title='bbox 545 966 646 1032; x_wconf 87' lang='lat' dir='ltr'><strong>Ad</strong></span> <span class='ocrx_word' id='word_1_28' title='bbox 685 965 845 1031; x_wconf 90' lang='lat' dir='ltr'><strong>illud</strong></span> <span class='ocrx_word' id='word_1_29' title='bbox 881 968 1054 1051; x_wconf 87' lang='lat' dir='ltr'><strong>quod</strong></span> <span class='ocrx_word' id='word_1_30' title='bbox 1080 968 1398 1052; x_wconf 90' lang='lat' dir='ltr'><strong>objicitur,</strong></span> <span class='ocrx_word' id='word_1_31' title='bbox 1424 969 1597 1053; x_wconf 86' lang='lat' dir='ltr'><strong>quod</strong></span> <span class='ocrx_word' id='word_1_32' title='bbox 1637 967 1910 1033; x_wconf 82' lang='lat' dir='ltr'><strong>charitas</strong></span> 
     </span>
     <span class='ocr_line' id='line_1_7' title="bbox 367 1076 1908 1160; baseline -0.001 -19"><span class='ocrx_word' id='word_1_33' title='bbox 367 1082 650 1141; x_wconf 88' lang='lat' dir='ltr'><strong>meretur</strong></span> <span class='ocrx_word' id='word_1_34' title='bbox 670 1076 945 1159; x_wconf 84' lang='lat' dir='ltr'>gloriam</span> <span class='ocrx_word' id='word_1_35' title='bbox 990 1081 1301 1143; x_wconf 84' lang='lat' dir='ltr'><strong>aeternam</strong></span> <span class='ocrx_word' id='word_1_36' title='bbox 1331 1097 1414 1144; x_wconf 87' lang='lat' dir='ltr'><strong>ex</strong></span> <span class='ocrx_word' id='word_1_37' title='bbox 1441 1079 1779 1160; x_wconf 80' lang='lat' dir='ltr'><strong>condigno,</strong></span> <span class='ocrx_word' id='word_1_38' title='bbox 1812 1076 1908 1139; x_wconf 89' lang='lat' dir='ltr'><strong>di-</strong></span> 
     </span>
     <span class='ocr_line' id='line_1_8' title="bbox 260 1169 1914 1270; baseline 0.001 -22"><span class='ocrx_word' id='word_1_39' title='bbox 260 1223 264 1226; x_wconf 33' lang='lat'>*</span> <span class='ocrx_word' id='word_1_40' title='bbox 368 1183 640 1250; x_wconf 89' lang='lat' dir='ltr'><strong>cendum</strong></span> <span class='ocrx_word' id='word_1_41' title='bbox 672 1184 845 1268; x_wconf 90' lang='lat' dir='ltr'><strong>quod</strong></span> <span class='ocrx_word' id='word_1_42' title='bbox 871 1191 1012 1268; x_wconf 89' lang='lat' dir='ltr'><strong>post</strong></span> <span class='ocrx_word' id='word_1_43' title='bbox 1037 1169 1291 1270; x_wconf 82' lang='lat' dir='ltr'><strong>lapsum</strong></span> <span class='ocrx_word' id='word_1_44' title='bbox 1330 1186 1613 1252; x_wconf 88' lang='lat' dir='ltr'><strong>hominis</strong></span> <span class='ocrx_word' id='word_1_45' title='bbox 1641 1185 1914 1250; x_wconf 87' lang='lat' dir='ltr'><strong>charitas</strong></span> 
     </span>
     <span class='ocr_line' id='line_1_9' title="bbox 368 1293 1911 1377; baseline 0 -22"><span class='ocrx_word' id='word_1_46' title='bbox 368 1307 499 1356; x_wconf 90' lang='lat' dir='ltr'><strong>non</strong></span> <span class='ocrx_word' id='word_1_47' title='bbox 519 1297 800 1357; x_wconf 90' lang='lat' dir='ltr'><strong>meretur</strong></span> <span class='ocrx_word' id='word_1_48' title='bbox 822 1293 948 1356; x_wconf 90' lang='lat' dir='ltr'><strong>nisi</strong></span> <span class='ocrx_word' id='word_1_49' title='bbox 978 1293 1372 1377; x_wconf 82' lang='lat' dir='ltr'><strong>praeambulo</strong></span> <span class='ocrx_word' id='word_1_50' title='bbox 1396 1298 1577 1360; x_wconf 91' lang='lat' dir='ltr'><strong>motu</strong></span> <span class='ocrx_word' id='word_1_51' title='bbox 1605 1293 1755 1359; x_wconf 85' lang='lat' dir='ltr'><strong>fidei</strong></span> <span class='ocrx_word' id='word_1_52' title='bbox 1787 1310 1804 1355; x_wconf 72' lang='grc' dir='ltr'><strong><em>ε</em></strong></span> <span class='ocrx_word' id='word_1_53' title='bbox 1827 1294 1911 1356; x_wconf 82' lang='lat' dir='ltr'><strong>fl-</strong></span> 
     </span>
     <span class='ocr_line' id='line_1_10' title="bbox 370 1397 1914 1485; baseline 0.002 -22"><span class='ocrx_word' id='word_1_54' title='bbox 370 1397 479 1463; x_wconf 90' lang='lat' dir='ltr'><strong>des</strong></span> <span class='ocrx_word' id='word_1_55' title='bbox 504 1405 721 1465; x_wconf 86' lang='lat' dir='ltr'><strong>autem</strong></span> <span class='ocrx_word' id='word_1_56' title='bbox 748 1401 1039 1467; x_wconf 87' lang='lat' dir='ltr'><strong>absoluta</strong></span> <span class='ocrx_word' id='word_1_57' title='bbox 1064 1421 1195 1466; x_wconf 92' lang='lat' dir='ltr'><strong>non</strong></span> <span class='ocrx_word' id='word_1_58' title='bbox 1220 1403 1476 1485; x_wconf 79' lang='lat' dir='ltr'><strong>sufficit,</strong></span> <span class='ocrx_word' id='word_1_59' title='bbox 1505 1401 1627 1467; x_wconf 90' lang='lat' dir='ltr'><strong>nisi</strong></span> <span class='ocrx_word' id='word_1_60' title='bbox 1650 1402 1732 1466; x_wconf 90' lang='lat' dir='ltr'><strong>sit</strong></span> <span class='ocrx_word' id='word_1_61' title='bbox 1757 1400 1914 1466; x_wconf 83' lang='lat' dir='ltr'><strong>fides</strong></span> 
     </span>
     <span class='ocr_line' id='line_1_11' title="bbox 372 1504 1909 1594; baseline 0.002 -23"><span class='ocrx_word' id='word_1_62' title='bbox 372 1504 680 1573; x_wconf 89' lang='lat' dir='ltr'><strong>Creatoris</strong></span> <span class='ocrx_word' id='word_1_63' title='bbox 728 1511 792 1573; x_wconf 89' lang='lat' dir='ltr'><strong>et</strong></span> <span class='ocrx_word' id='word_1_64' title='bbox 832 1508 1211 1591; x_wconf 89' lang='lat' dir='ltr'><strong>Mediatoris‚</strong></span> <span class='ocrx_word' id='word_1_65' title='bbox 1246 1510 1382 1575; x_wconf 88' lang='lat' dir='ltr'><strong>sine</strong></span> <span class='ocrx_word' id='word_1_66' title='bbox 1426 1529 1556 1594; x_wconf 83' lang='lat' dir='ltr'><strong>qua</strong></span> <span class='ocrx_word' id='word_1_67' title='bbox 1579 1528 1769 1575; x_wconf 90' lang='lat' dir='ltr'><strong>nemo</strong></span> <span class='ocrx_word' id='word_1_68' title='bbox 1795 1527 1909 1593; x_wconf 90' lang='lat' dir='ltr'><strong>po·</strong></span> 
     </span>
     <span class='ocr_line' id='line_1_12' title="bbox 371 1615 1915 1698; baseline 0.001 -19"><span class='ocrx_word' id='word_1_69' title='bbox 371 1619 492 1680; x_wconf 86' lang='lat' dir='ltr'><strong>test</strong></span> <span class='ocrx_word' id='word_1_70' title='bbox 527 1615 866 1698; x_wconf 86' lang='lat' dir='ltr'><strong>justificari</strong></span> <span class='ocrx_word' id='word_1_71' title='bbox 900 1639 917 1681; x_wconf 77' lang='lat' dir='ltr'><strong>t</strong></span> <span class='ocrx_word' id='word_1_72' title='bbox 971 1616 1114 1683; x_wconf 87' lang='lat' dir='ltr'><strong>ideo</strong></span> <span class='ocrx_word' id='word_1_73' title='bbox 1140 1618 1416 1682; x_wconf 80' lang='lat' dir='ltr'><strong>efficacia</strong></span> <span class='ocrx_word' id='word_1_74' title='bbox 1447 1619 1657 1682; x_wconf 89' lang='lat' dir='ltr'><strong>omnis</strong></span> <span class='ocrx_word' id='word_1_75' title='bbox 1703 1617 1915 1682; x_wconf 91' lang='lat' dir='ltr'><strong>meriti</strong></span> 
     </span>
     <span class='ocr_line' id='line_1_13' title="bbox 372 1722 1916 1809; baseline 0.001 -22"><span class='ocrx_word' id='word_1_76' title='bbox 372 1722 638 1788; x_wconf 74' lang='lat' dir='ltr'><strong>fundata</strong></span> <span class='ocrx_word' id='word_1_77' title='bbox 659 1729 753 1788; x_wconf 88' lang='lat' dir='ltr'><strong>est</strong></span> <span class='ocrx_word' id='word_1_78' title='bbox 778 1742 970 1808; x_wconf 89' lang='lat' dir='ltr'><strong>super</strong></span> <span class='ocrx_word' id='word_1_79' title='bbox 997 1726 1228 1790; x_wconf 85' lang='lat' dir='ltr'><strong>merita</strong></span> <span class='ocrx_word' id='word_1_80' title='bbox 1252 1724 1504 1789; x_wconf 78' lang='lat' dir='ltr'><strong>Christi.</strong></span> <span class='ocrx_word' id='word_1_81' title='bbox 1537 1724 1613 1790; x_wconf 88' lang='lat' dir='ltr'><strong>Et</strong></span> <span class='ocrx_word' id='word_1_82' title='bbox 1631 1729 1916 1809; x_wconf 89' lang='lat' dir='ltr'><strong>propter·</strong></span> 
     </span>
     <span class='ocr_line' id='line_1_14' title="bbox 375 1832 1920 1917; baseline 0.001 -22"><span class='ocrx_word' id='word_1_83' title='bbox 375 1849 450 1895; x_wconf 88' lang='lat' dir='ltr'><strong>ea</strong></span> <span class='ocrx_word' id='word_1_84' title='bbox 506 1849 640 1895; x_wconf 90' lang='lat' dir='ltr'><strong>non</strong></span> <span class='ocrx_word' id='word_1_85' title='bbox 694 1832 1014 1914; x_wconf 86' lang='lat' dir='ltr'><strong>sequitur,</strong></span> <span class='ocrx_word' id='word_1_86' title='bbox 1064 1834 1235 1917; x_wconf 88' lang='lat' dir='ltr'><strong>quod</strong></span> <span class='ocrx_word' id='word_1_87' title='bbox 1275 1832 1549 1898; x_wconf 77' lang='lat' dir='ltr'><strong>charitas</strong></span> <span class='ocrx_word' id='word_1_88' title='bbox 1599 1836 1920 1897; x_wconf 87' lang='lat' dir='ltr'><strong>mereatur</strong></span> 
     </span>
     <span class='ocr_line' id='line_1_15' title="bbox 377 1937 1916 2024; baseline 0.001 -22"><span class='ocrx_word' id='word_1_89' title='bbox 377 1937 676 2019; x_wconf 82' lang='lat' dir='ltr'><strong>gloriam,</strong></span> <span class='ocrx_word' id='word_1_90' title='bbox 708 1939 1204 2024; x_wconf 82' lang='lat' dir='ltr'><strong>circumscriptis</strong></span> <span class='ocrx_word' id='word_1_91' title='bbox 1254 1940 1500 2005; x_wconf 88' lang='lat' dir='ltr'><strong>meritis</strong></span> <span class='ocrx_word' id='word_1_92' title='bbox 1522 1940 1780 2016; x_wconf 82' lang='lat' dir='ltr'><strong>Christi,</strong></span> <span class='ocrx_word' id='word_1_93' title='bbox 1813 1938 1916 2004; x_wconf 86' lang='lat' dir='ltr'><strong>vel</strong></span> 
     </span>
     <span class='ocr_line' id='line_1_16' title="bbox 378 2043 1917 2131; baseline 0.001 -23"><span class='ocrx_word' id='word_1_94' title='bbox 378 2043 734 2110; x_wconf 85' lang='lat' dir='ltr'><strong>introducat</strong></span> <span class='ocrx_word' id='word_1_95' title='bbox 759 2045 827 2110; x_wconf 92' lang='lat' dir='ltr'><strong>in</strong></span> <span class='ocrx_word' id='word_1_96' title='bbox 876 2046 1117 2129; x_wconf 89' lang='lat' dir='ltr'><strong>ipsam;</strong></span> <span class='ocrx_word' id='word_1_97' title='bbox 1148 2065 1265 2131; x_wconf 89' lang='lat' dir='ltr'><strong>pro</strong></span> <span class='ocrx_word' id='word_1_98' title='bbox 1310 2065 1388 2111; x_wconf 89' lang='lat' dir='ltr'><strong>eo</strong></span> <span class='ocrx_word' id='word_1_99' title='bbox 1415 2045 1585 2130; x_wconf 89' lang='lat' dir='ltr'><strong>quod</strong></span> <span class='ocrx_word' id='word_1_100' title='bbox 1617 2047 1917 2112; x_wconf 90' lang='lat' dir='ltr'><strong>meritum</strong></span> 
     </span>
     <span class='ocr_line' id='line_1_17' title="bbox 379 2153 1917 2221; baseline 0 -4"><span class='ocrx_word' id='word_1_101' title='bbox 379 2153 701 2219; x_wconf 77' lang='lat' dir='ltr'><strong>charitatis</strong></span> <span class='ocrx_word' id='word_1_102' title='bbox 721 2158 957 2220; x_wconf 82' lang='lat' dir='ltr'><strong>nostrae</strong></span> <span class='ocrx_word' id='word_1_103' title='bbox 989 2171 1121 2219; x_wconf 92' lang='lat' dir='ltr'><strong>non</strong></span> <span class='ocrx_word' id='word_1_104' title='bbox 1148 2154 1425 2220; x_wconf 85' lang='lat' dir='ltr'><strong>excludit</strong></span> <span class='ocrx_word' id='word_1_105' title='bbox 1467 2154 1694 2219; x_wconf 84' lang='lat' dir='ltr'><strong>Christi</strong></span> <span class='ocrx_word' id='word_1_106' title='bbox 1722 2155 1917 2221; x_wconf 87' lang='lat' dir='ltr'><strong>meri-</strong></span> 
     </span>
     <span class='ocr_line' id='line_1_18' title="bbox 382 2261 1219 2346; baseline 0.002 -23"><span class='ocrx_word' id='word_1_107' title='bbox 382 2263 547 2341; x_wconf 89' lang='lat' dir='ltr'><strong>tum,</strong></span> <span class='ocrx_word' id='word_1_108' title='bbox 574 2261 897 2346; x_wconf 86' lang='lat' dir='ltr'><strong>sedpotius</strong></span> <span class='ocrx_word' id='word_1_109' title='bbox 923 2261 1219 2329; x_wconf 91' lang='lat' dir='ltr'><strong>includit.</strong></span> 
     </span>
    </p>
   </div>
   <div class='ocr_carea' id='block_1_3' title="bbox 2014 533 3577 2133">
    <p class='ocr_par' dir='ltr' id='par_1_4' title="bbox 2014 533 3577 2133">
     <span class='ocr_line' id='line_1_19' title="bbox 2097 533 3556 622; baseline 0.003 -22"><span class='ocrx_word' id='word_1_110' title='bbox 2097 542 2159 600; x_wconf 87' lang='grc'><strong>6.</strong></span> <span class='ocrx_word' id='word_1_111' title='bbox 2210 536 2309 602; x_wconf 85' lang='lat' dir='ltr'><strong>Ad</strong></span> <span class='ocrx_word' id='word_1_112' title='bbox 2361 535 2517 602; x_wconf 90' lang='lat' dir='ltr'><strong>illud</strong></span> <span class='ocrx_word' id='word_1_113' title='bbox 2559 536 2731 620; x_wconf 90' lang='lat' dir='ltr'><strong>quod</strong></span> <span class='ocrx_word' id='word_1_114' title='bbox 2780 533 3079 622; x_wconf 84' lang='lat' dir='ltr'><strong>objicitur</strong></span> <span class='ocrx_word' id='word_1_115' title='bbox 3107 585 3128 618; x_wconf 89' lang='lat'><strong>,</strong></span> <span class='ocrx_word' id='word_1_116' title='bbox 3185 539 3350 622; x_wconf 86' lang='lat' dir='ltr'><strong>quod</strong></span> <span class='ocrx_word' id='word_1_117' title='bbox 3399 540 3556 606; x_wconf 85' lang='lat' dir='ltr'><strong>fides</strong></span> 
     </span>
     <span class='ocr_line' id='line_1_20' title="bbox 2014 645 3557 730; baseline 0.001 -19"><span class='ocrx_word' id='word_1_118' title='bbox 2014 645 2246 711; x_wconf 84' lang='lat' dir='ltr'><strong>Christi</strong></span> <span class='ocrx_word' id='word_1_119' title='bbox 2273 649 2420 710; x_wconf 85' lang='lat' dir='ltr'><strong>ante</strong></span> <span class='ocrx_word' id='word_1_120' title='bbox 2442 646 2797 729; x_wconf 80' lang='lat' dir='ltr'><strong>passionem</strong></span> <span class='ocrx_word' id='word_1_121' title='bbox 2845 646 3283 712; x_wconf 82' lang='lat' dir='ltr'><strong>introducebat</strong></span> <span class='ocrx_word' id='word_1_122' title='bbox 3318 648 3386 712; x_wconf 89' lang='lat' dir='ltr'><strong>in</strong></span> <span class='ocrx_word' id='word_1_123' title='bbox 3414 667 3557 730; x_wconf 85' lang='lat' dir='ltr'><strong>gra-</strong></span> 
     </span>
     <span class='ocr_line' id='line_1_21' title="bbox 2014 753 3560 838; baseline 0.001 -21"><span class='ocrx_word' id='word_1_124' title='bbox 2014 753 2193 832; x_wconf 84' lang='lat' dir='ltr'><strong>tiam,</strong></span> <span class='ocrx_word' id='word_1_125' title='bbox 2227 772 2388 834; x_wconf 81' lang='lat' dir='ltr'><strong>ergo</strong></span> <span class='ocrx_word' id='word_1_126' title='bbox 2431 753 2570 838; x_wconf 87' lang='lat' dir='ltr'><strong>pari</strong></span> <span class='ocrx_word' id='word_1_127' title='bbox 2623 754 2870 819; x_wconf 77' lang='lat' dir='ltr'><strong>ratione</strong></span> <span class='ocrx_word' id='word_1_128' title='bbox 2913 759 2977 819; x_wconf 90' lang='lat' dir='ltr'><strong>et</strong></span> <span class='ocrx_word' id='word_1_129' title='bbox 3020 754 3090 818; x_wconf 92' lang='lat' dir='ltr'><strong>in</strong></span> <span class='ocrx_word' id='word_1_130' title='bbox 3142 754 3439 837; x_wconf 82' lang='lat' dir='ltr'><strong>gloriam,</strong></span> <span class='ocrx_word' id='word_1_131' title='bbox 3469 754 3560 819; x_wconf 87' lang='lat' dir='ltr'><strong>di-</strong></span> 
     </span>
     <span class='ocr_line' id='line_1_22' title="bbox 2015 861 3562 946; baseline 0 -20"><span class='ocrx_word' id='word_1_132' title='bbox 2015 861 2291 926; x_wconf 90' lang='lat' dir='ltr'><strong>cendum</strong></span> <span class='ocrx_word' id='word_1_133' title='bbox 2346 862 2521 944; x_wconf 85' lang='lat' dir='ltr'><strong>qu‘od</strong></span> <span class='ocrx_word' id='word_1_134' title='bbox 2575 880 2709 926; x_wconf 91' lang='lat' dir='ltr'><strong>non</strong></span> <span class='ocrx_word' id='word_1_135' title='bbox 2748 867 2842 927; x_wconf 91' lang='lat' dir='ltr'><strong>est</strong></span> <span class='ocrx_word' id='word_1_136' title='bbox 2899 862 3126 942; x_wconf 88' lang='lat' dir='ltr'><strong>simile,</strong></span> <span class='ocrx_word' id='word_1_137' title='bbox 3161 864 3313 946; x_wconf 87' lang='lat' dir='ltr'><strong>quia</strong></span> <span class='ocrx_word' id='word_1_138' title='bbox 3362 865 3562 927; x_wconf 86' lang='lat' dir='ltr'><strong>status</strong></span> 
     </span>
     <span class='ocr_line' id='line_1_23' title="bbox 2017 971 3563 1054; baseline 0 -20"><span class='ocrx_word' id='word_1_139' title='bbox 2017 971 2246 1051; x_wconf 81' lang='lat' dir='ltr'><strong>gratiae</strong></span> <span class='ocrx_word' id='word_1_140' title='bbox 2261 971 2423 1034; x_wconf 90' lang='lat' dir='ltr'><strong>bene</strong></span> <span class='ocrx_word' id='word_1_141' title='bbox 2452 971 2835 1054; x_wconf 89' lang='lat' dir='ltr'><strong>compatitur</strong></span> <span class='ocrx_word' id='word_1_142' title='bbox 2856 989 3074 1036; x_wconf 90' lang='lat' dir='ltr'><strong>secum</strong></span> <span class='ocrx_word' id='word_1_143' title='bbox 3102 971 3563 1052; x_wconf 81' lang='lat' dir='ltr'><strong>obligationem</strong></span> 
     </span>
     <span class='ocr_line' id='line_1_24' title="bbox 2018 1078 3560 1161; baseline 0 -19"><span class='ocrx_word' id='word_1_144' title='bbox 2018 1078 2100 1142; x_wconf 89' lang='lat' dir='ltr'><strong>ad</strong></span> <span class='ocrx_word' id='word_1_145' title='bbox 2154 1096 2448 1161; x_wconf 84' lang='lat' dir='ltr'><strong>poenam:</strong></span> <span class='ocrx_word' id='word_1_146' title='bbox 2508 1096 2641 1143; x_wconf 91' lang='lat' dir='ltr'><strong>non</strong></span> <span class='ocrx_word' id='word_1_147' title='bbox 2669 1079 2761 1142; x_wconf 93' lang='lat' dir='ltr'><strong>sic</strong></span> <span class='ocrx_word' id='word_1_148' title='bbox 2802 1081 3017 1142; x_wconf 90' lang='lat' dir='ltr'><strong>autem</strong></span> <span class='ocrx_word' id='word_1_149' title='bbox 3066 1083 3268 1143; x_wconf 87' lang='lat' dir='ltr'><strong>status</strong></span> <span class='ocrx_word' id='word_1_150' title='bbox 3313 1079 3560 1160; x_wconf 81' lang='lat' dir='ltr'><strong>gloriae,</strong></span> 
     </span>
     <span class='ocr_line' id='line_1_25' title="bbox 2019 1185 3566 1270; baseline 0.002 -22"><span class='ocrx_word' id='word_1_151' title='bbox 2019 1186 2131 1269; x_wconf 87' lang='lat' dir='ltr'><strong>qui</strong></span> <span class='ocrx_word' id='word_1_152' title='bbox 2157 1186 2442 1250; x_wconf 83' lang='lat' dir='ltr'><strong>excludit</strong></span> <span class='ocrx_word' id='word_1_153' title='bbox 2467 1204 2727 1251; x_wconf 88' lang='lat' dir='ltr'><strong>omnem</strong></span> <span class='ocrx_word' id='word_1_154' title='bbox 2772 1185 3316 1270; x_wconf 83' lang='lat' dir='ltr'><strong>imperfectionem</strong></span> <span class='ocrx_word' id='word_1_155' title='bbox 3358 1204 3566 1270; x_wconf 83' lang='lat' dir='ltr'><strong>poenae</strong></span> 
     </span>
     <span class='ocr_line' id='line_1_26' title="bbox 2020 1292 3567 1376; baseline 0.001 -20"><span class='ocrx_word' id='word_1_156' title='bbox 2020 1298 2079 1356; x_wconf 84' lang='lat' dir='ltr'><strong>et</strong></span> <span class='ocrx_word' id='word_1_157' title='bbox 2111 1293 2340 1376; x_wconf 85' lang='lat' dir='ltr'><strong>culpae.</strong></span> <span class='ocrx_word' id='word_1_158' title='bbox 2362 1293 2532 1374; x_wconf 80' lang='lat' dir='ltr'><strong>Ideo,</strong></span> <span class='ocrx_word' id='word_1_159' title='bbox 2551 1292 2851 1376; x_wconf 86' lang='lat' dir='ltr'><strong>quamvis</strong></span> <span class='ocrx_word' id='word_1_160' title='bbox 2873 1293 3180 1358; x_wconf 83' lang='lat' dir='ltr'><strong>Dominus</strong></span> <span class='ocrx_word' id='word_1_161' title='bbox 3206 1294 3382 1358; x_wconf 88' lang='lat' dir='ltr'><strong>daret</strong></span> <span class='ocrx_word' id='word_1_162' title='bbox 3407 1311 3567 1376; x_wconf 84' lang='lat' dir='ltr'><strong>gra-</strong></span> 
     </span>
     <span class='ocr_line' id='line_1_27' title="bbox 2022 1400 3565 1484; baseline 0.001 -22"><span class='ocrx_word' id='word_1_163' title='bbox 2022 1400 2178 1463; x_wconf 88' lang='lat' dir='ltr'><strong>tiam</strong></span> <span class='ocrx_word' id='word_1_164' title='bbox 2229 1406 2486 1484; x_wconf 88' lang='lat' dir='ltr'><strong>propter</strong></span> <span class='ocrx_word' id='word_1_165' title='bbox 2529 1401 3015 1466; x_wconf 83' lang='lat' dir='ltr'><strong>satisfactionem</strong></span> <span class='ocrx_word' id='word_1_166' title='bbox 3055 1402 3240 1468; x_wconf 89' lang='lat' dir='ltr'><strong>nobis</strong></span> <span class='ocrx_word' id='word_1_167' title='bbox 3289 1401 3565 1484; x_wconf 90' lang='lat' dir='ltr'><strong>promis·-</strong></span> 
     </span>
     <span class='ocr_line' id='line_1_28' title="bbox 2022 1508 3570 1592; baseline 0.001 -21"><span class='ocrx_word' id='word_1_168' title='bbox 2022 1525 2183 1587; x_wconf 86' lang='lat' dir='ltr'><strong>sam,</strong></span> <span class='ocrx_word' id='word_1_169' title='bbox 2227 1527 2358 1572; x_wconf 92' lang='lat' dir='ltr'><strong>non</strong></span> <span class='ocrx_word' id='word_1_170' title='bbox 2386 1513 2607 1575; x_wconf 86' lang='lat' dir='ltr'><strong>tamen</strong></span> <span class='ocrx_word' id='word_1_171' title='bbox 2659 1509 2878 1574; x_wconf 89' lang='lat' dir='ltr'><strong>debuit</strong></span> <span class='ocrx_word' id='word_1_172' title='bbox 2905 1509 3055 1575; x_wconf 90' lang='lat' dir='ltr'><strong>dare</strong></span> <span class='ocrx_word' id='word_1_173' title='bbox 3091 1509 3387 1592; x_wconf 82' lang='lat' dir='ltr'><strong>gloriam,</strong></span> <span class='ocrx_word' id='word_1_174' title='bbox 3445 1508 3570 1574; x_wconf 91' lang='lat' dir='ltr'><strong>nisi</strong></span> 
     </span>
     <span class='ocr_line' id='line_1_29' title="bbox 2023 1617 3571 1701; baseline 0 -21"><span class='ocrx_word' id='word_1_175' title='bbox 2023 1617 2449 1682; x_wconf 85' lang='lat' dir='ltr'><strong>satisfactione</strong></span> <span class='ocrx_word' id='word_1_176' title='bbox 2474 1617 2682 1682; x_wconf 88' lang='lat' dir='ltr'><strong>soluta</strong></span> <span class='ocrx_word' id='word_1_177' title='bbox 2712 1640 2727 1683; x_wconf 71' lang='grc' dir='ltr'>ς</span> <span class='ocrx_word' id='word_1_178' title='bbox 2760 1621 2824 1682; x_wconf 91' lang='lat' dir='ltr'><strong>et</strong></span> <span class='ocrx_word' id='word_1_179' title='bbox 2842 1618 2991 1684; x_wconf 70' lang='lat' dir='ltr'><strong>&#39;ideo</strong></span> <span class='ocrx_word' id='word_1_180' title='bbox 3021 1637 3152 1683; x_wconf 92' lang='lat' dir='ltr'><strong>non</strong></span> <span class='ocrx_word' id='word_1_181' title='bbox 3178 1618 3434 1701; x_wconf 89' lang='lat' dir='ltr'><strong>patebat</strong></span> <span class='ocrx_word' id='word_1_182' title='bbox 3467 1617 3571 1680; x_wconf 88' lang='lat' dir='ltr'><strong>in-</strong></span> 
     </span>
     <span class='ocr_line' id='line_1_30' title="bbox 2028 1724 3575 1808; baseline -0.001 -21"><span class='ocrx_word' id='word_1_183' title='bbox 2028 1739 2293 1804; x_wconf 83' lang='lat' dir='ltr'><strong>gressus</strong></span> <span class='ocrx_word' id='word_1_184' title='bbox 2322 1725 2391 1788; x_wconf 91' lang='lat' dir='ltr'><strong>in</strong></span> <span class='ocrx_word' id='word_1_185' title='bbox 2430 1742 2736 1805; x_wconf 83' lang='lat' dir='ltr'><strong>regnum,</strong></span> <span class='ocrx_word' id='word_1_186' title='bbox 2785 1725 2912 1789; x_wconf 90' lang='lat' dir='ltr'><strong>nisi</strong></span> <span class='ocrx_word' id='word_1_187' title='bbox 2953 1726 3133 1808; x_wconf 89' lang='lat' dir='ltr'><strong>prius</strong></span> <span class='ocrx_word' id='word_1_188' title='bbox 3160 1724 3575 1790; x_wconf 86' lang='lat' dir='ltr'><strong>interveniret</strong></span> 
     </span>
     <span class='ocr_line' id='line_1_31' title="bbox 2027 1832 3573 1918; baseline 0.001 -21"><span class='ocrx_word' id='word_1_189' title='bbox 2027 1832 2236 1915; x_wconf 88' lang='lat' dir='ltr'><strong>passio</strong></span> <span class='ocrx_word' id='word_1_190' title='bbox 2262 1833 2513 1911; x_wconf 79' lang='lat' dir='ltr'><strong>Christi,</strong></span> <span class='ocrx_word' id='word_1_191' title='bbox 2546 1853 2660 1918; x_wconf 90' lang='lat' dir='ltr'><strong>per</strong></span> <span class='ocrx_word' id='word_1_192' title='bbox 2686 1853 2884 1918; x_wconf 83' lang='lat' dir='ltr'><strong>quam</strong></span> <span class='ocrx_word' id='word_1_193' title='bbox 2913 1835 3269 1902; x_wconf 81' lang='lat' dir='ltr'><strong>solveretur</strong></span> <span class='ocrx_word' id='word_1_194' title='bbox 3293 1835 3573 1918; x_wconf 90' lang='lat' dir='ltr'><strong>pretium</strong></span> 
     </span>
     <span class='ocr_line' id='line_1_32' title="bbox 2028 1939 3575 2019; baseline 0.001 -15"><span class='ocrx_word' id='word_1_195' title='bbox 2028 1939 2540 2019; x_wconf 74' lang='lat' dir='ltr'><strong>satisfactorIum,</strong></span> <span class='ocrx_word' id='word_1_196' title='bbox 2568 1947 2631 2007; x_wconf 90' lang='lat' dir='ltr'><strong>et</strong></span> <span class='ocrx_word' id='word_1_197' title='bbox 2657 1961 2775 2008; x_wconf 91' lang='lat' dir='ltr'><strong>nos</strong></span> <span class='ocrx_word' id='word_1_198' title='bbox 2824 1960 2956 2008; x_wconf 92' lang='lat' dir='ltr'><strong>non</strong></span> <span class='ocrx_word' id='word_1_199' title='bbox 3005 1945 3255 2007; x_wconf 90' lang='lat' dir='ltr'><strong>tantum</strong></span> <span class='ocrx_word' id='word_1_200' title='bbox 3281 1941 3575 2007; x_wconf 86' lang='lat' dir='ltr'><strong>liberare-</strong></span> 
     </span>
     <span class='ocr_line' id='line_1_33' title="bbox 2029 2050 3577 2133; baseline -0.001 -20"><span class='ocrx_word' id='word_1_201' title='bbox 2029 2066 2179 2114; x_wconf 86' lang='lat' dir='ltr'><strong>mur</strong></span> <span class='ocrx_word' id='word_1_202' title='bbox 2234 2068 2273 2113; x_wconf 88' lang='lat' dir='ltr'><strong>a</strong></span> <span class='ocrx_word' id='word_1_203' title='bbox 2317 2050 2526 2133; x_wconf 89' lang='lat' dir='ltr'><strong>culpa,</strong></span> <span class='ocrx_word' id='word_1_204' title='bbox 2571 2050 2680 2115; x_wconf 91' lang='lat' dir='ltr'><strong>sed</strong></span> <span class='ocrx_word' id='word_1_205' title='bbox 2746 2050 2941 2115; x_wconf 89' lang='lat' dir='ltr'><strong>etiam</strong></span> <span class='ocrx_word' id='word_1_206' title='bbox 2991 2050 3469 2115; x_wconf 86' lang='lat' dir='ltr'><strong>absolveremur</strong></span> <span class='ocrx_word' id='word_1_207' title='bbox 3538 2068 3577 2112; x_wconf 89' lang='lat' dir='ltr'><strong>a</strong></span> 
     </span>
    </p>
   </div>
   <div class='ocr_carea' id='block_1_4' title="bbox 2028 2156 3577 2331">
    <p class='ocr_par' dir='ltr' id='par_1_5' title="bbox 2028 2156 3577 2331">
     <span class='ocr_line' id='line_1_34' title="bbox 2028 2156 3577 2224; baseline -0.001 -3"><span class='ocrx_word' id='word_1_208' title='bbox 2028 2162 2236 2222; x_wconf 90' lang='lat' dir='ltr'><strong>reatu.</strong></span> <span class='ocrx_word' id='word_1_209' title='bbox 2269 2156 2421 2222; x_wconf 87' lang='lat' dir='ltr'><strong>Haec</strong></span> <span class='ocrx_word' id='word_1_210' title='bbox 2470 2162 2686 2224; x_wconf 88' lang='lat' dir='ltr'><strong>autem</strong></span> <span class='ocrx_word' id='word_1_211' title='bbox 2744 2156 2910 2222; x_wconf 70' lang='lat' dir='ltr'><strong>infra</strong></span> <span class='ocrx_word' id='word_1_212' title='bbox 2933 2157 3165 2223; x_wconf 90' lang='lat' dir='ltr'><strong>melius</strong></span> <span class='ocrx_word' id='word_1_213' title='bbox 3218 2156 3577 2223; x_wconf 79' lang='lat' dir='ltr'><strong>manifesta-</strong></span> 
     </span>
     <span class='ocr_line' id='line_1_35' title="bbox 2030 2265 2300 2331; baseline 0.004 -2"><span class='ocrx_word' id='word_1_214' title='bbox 2030 2265 2300 2331; x_wconf 88' lang='lat' dir='ltr'><strong>buntur.</strong></span> 
     </span>
    </p>
   </div>
   <div class='ocr_carea' id='block_1_5' title="bbox 1426 2498 2605 2594">
    <p class='ocr_par' dir='ltr' id='par_1_6' title="bbox 1426 2498 2605 2594">
     <span class='ocr_line' id='line_1_36' title="bbox 1426 2498 2605 2594; baseline 0.001 -4"><span class='ocrx_word' id='word_1_215' title='bbox 1426 2498 2253 2594; x_wconf 88' lang='lat' dir='ltr'><strong>DISTINCTIO</strong></span> <span class='ocrx_word' id='word_1_216' title='bbox 2358 2498 2605 2592; x_wconf 88' lang='lat' dir='ltr'><strong>XIX</strong></span> 
     </span>
    </p>
   </div>
   <div class='ocr_carea' id='block_1_6' title="bbox 539 2713 3416 2808">
    <p class='ocr_par' dir='ltr' id='par_1_7' title="bbox 539 2713 3416 2808">
     <span class='ocr_line' id='line_1_37' title="bbox 539 2713 3416 2808; baseline -0.001 -7"><span class='ocrx_word' id='word_1_217' title='bbox 539 2756 619 2801; x_wconf 82' lang='lat' dir='ltr'><strong>DE</strong></span> <span class='ocrx_word' id='word_1_218' title='bbox 642 2753 1062 2804; x_wconf 62' lang='lat' dir='ltr'><strong>mammem.</strong></span> <span class='ocrx_word' id='word_1_219' title='bbox 1088 2753 1321 2801; x_wconf 72' lang='lat' dir='ltr'>NOSTRA</span> <span class='ocrx_word' id='word_1_220' title='bbox 1348 2713 1462 2802; x_wconf 61' lang='lat' dir='ltr'><strong>Pan</strong></span> <span class='ocrx_word' id='word_1_221' title='bbox 1486 2752 1822 2802; x_wconf 64' lang='lat' dir='ltr'><strong>Passlomm</strong></span> <span class='ocrx_word' id='word_1_222' title='bbox 1848 2753 2081 2801; x_wconf 76' lang='lat' dir='ltr'><strong>CHRISTI</strong></span> <span class='ocrx_word' id='word_1_223' title='bbox 2106 2753 2395 2808; x_wconf 71' lang='lat' dir='ltr'>QUANTUM</span> <span class='ocrx_word' id='word_1_224' title='bbox 2427 2755 2506 2799; x_wconf 73' lang='lat' dir='ltr'><strong>An</strong></span> <span class='ocrx_word' id='word_1_225' title='bbox 2532 2752 2896 2801; x_wconf 67' lang='lat' dir='ltr'><strong>mlum</strong></span> <span class='ocrx_word' id='word_1_226' title='bbox 2921 2753 2999 2801; x_wconf 73' lang='lat' dir='ltr'><strong>BT</strong></span> <span class='ocrx_word' id='word_1_227' title='bbox 3024 2753 3416 2801; x_wconf 68' lang='lat' dir='ltr'><strong>murum.</strong></span> 
     </span>
    </p>
   </div>
   <div class='ocr_carea' id='block_1_7' title="bbox 392 2928 3819 3256">
    <p class='ocr_par' dir='ltr' id='par_1_8' title="bbox 392 2928 3819 3256">
     <span class='ocr_line' id='line_1_38' title="bbox 477 2928 3579 3022; baseline -0.001 -22"><span class='ocrx_word' id='word_1_228' title='bbox 477 2930 671 3000; x_wconf 89' lang='lat' dir='ltr'><strong>Nunc</strong></span> <span class='ocrx_word' id='word_1_229' title='bbox 696 2953 852 3019; x_wconf 83' lang='lat' dir='ltr'><strong>ergo</strong></span> <span class='ocrx_word' id='word_1_230' title='bbox 884 2952 1261 3022; x_wconf 81' lang='lat' dir='ltr'><strong>quaeramus</strong></span> <span class='ocrx_word' id='word_1_231' title='bbox 1287 2928 1617 3021; x_wconf 87' lang='lat' dir='ltr'><strong>quomodo</strong></span> <span class='ocrx_word' id='word_1_232' title='bbox 1646 2951 1762 3021; x_wconf 88' lang='lat' dir='ltr'><strong>per</strong></span> <span class='ocrx_word' id='word_1_233' title='bbox 1791 2937 2066 2999; x_wconf 89' lang='lat' dir='ltr'><strong>mortem</strong></span> <span class='ocrx_word' id='word_1_234' title='bbox 2098 2929 2303 3021; x_wconf 88' lang='lat' dir='ltr'><strong>ipsius</strong></span> <span class='ocrx_word' id='word_1_235' title='bbox 2347 2953 2386 2997; x_wconf 91' lang='lat' dir='ltr'><strong>a</strong></span> <span class='ocrx_word' id='word_1_236' title='bbox 2412 2928 2700 3017; x_wconf 90' lang='lat' dir='ltr'><strong>diabolo,</strong></span> <span class='ocrx_word' id='word_1_237' title='bbox 2753 2937 2819 2997; x_wconf 91' lang='lat' dir='ltr'><strong>et</strong></span> <span class='ocrx_word' id='word_1_238' title='bbox 2845 2953 2884 2998; x_wconf 89' lang='lat' dir='ltr'><strong>a</strong></span> <span class='ocrx_word' id='word_1_239' title='bbox 2912 2937 3198 3021; x_wconf 89' lang='lat' dir='ltr'><strong>peccat0,</strong></span> <span class='ocrx_word' id='word_1_240' title='bbox 3229 2936 3292 2998; x_wconf 90' lang='lat' dir='ltr'><strong>et</strong></span> <span class='ocrx_word' id='word_1_241' title='bbox 3319 2952 3359 2997; x_wconf 89' lang='lat' dir='ltr'><strong>a</strong></span> <span class='ocrx_word' id='word_1_242' title='bbox 3383 2951 3579 3021; x_wconf 85' lang='lat' dir='ltr'><strong>poena</strong></span> 
     </span>
     <span class='ocr_line' id='line_1_39' title="bbox 392 3044 3815 3169; baseline 0 -55"><span class='ocrx_word' id='word_1_243' title='bbox 392 3046 709 3139; x_wconf 86' lang='lat' dir='ltr'><strong>redempti</strong></span> <span class='ocrx_word' id='word_1_244' title='bbox 736 3069 988 3115; x_wconf 88' lang='lat' dir='ltr'><strong>sumus.</strong></span> <span class='ocrx_word' id='word_1_245' title='bbox 1023 3048 1080 3115; x_wconf 87' lang='lat' dir='ltr'><strong>A</strong></span> <span class='ocrx_word' id='word_1_246' title='bbox 1108 3046 1369 3115; x_wconf 91' lang='lat' dir='ltr'><strong>diabolo</strong></span> <span class='ocrx_word' id='word_1_247' title='bbox 1411 3068 1566 3135; x_wconf 85' lang='lat' dir='ltr'><strong>ergo</strong></span> <span class='ocrx_word' id='word_1_248' title='bbox 1611 3054 1677 3115; x_wconf 87' lang='lat' dir='ltr'><strong>et</strong></span> <span class='ocrx_word' id='word_1_249' title='bbox 1718 3068 1759 3114; x_wconf 90' lang='lat' dir='ltr'><strong>a</strong></span> <span class='ocrx_word' id='word_1_250' title='bbox 1790 3053 2045 3137; x_wconf 87' lang='lat' dir='ltr'><strong>peccato</strong></span> <span class='ocrx_word' id='word_1_251' title='bbox 2072 3067 2189 3137; x_wconf 90' lang='lat' dir='ltr'><strong>per</strong></span> <span class='ocrx_word' id='word_1_252' title='bbox 2229 3044 2470 3114; x_wconf 89' lang='lat' dir='ltr'><strong>Christi</strong></span> <span class='ocrx_word' id='word_1_253' title='bbox 2517 3053 2791 3114; x_wconf 89' lang='lat' dir='ltr'><strong>mortem</strong></span> <span class='ocrx_word' id='word_1_254' title='bbox 2819 3045 3077 3114; x_wconf 89' lang='lat' dir='ltr'><strong>liberati</strong></span> <span class='ocrx_word' id='word_1_255' title='bbox 3103 3068 3357 3132; x_wconf 90' lang='lat' dir='ltr'><strong>sumus,</strong></span> <span class='ocrx_word' id='word_1_256' title='bbox 3388 3046 3573 3137; x_wconf 87' lang='lat' dir='ltr'><strong>quia,</strong></span> <span class='ocrx_word' id='word_1_257' title='bbox 3606 3109 3815 3169; x_wconf 45' lang='lat' dir='ltr'>meque-</span> 
     </span>
     <span class='ocr_line' id='line_1_40' title="bbox 393 3160 3819 3256; baseline -0.003 -24"><span class='ocrx_word' id='word_1_258' title='bbox 393 3171 468 3232; x_wconf 88' lang='lat' dir='ltr'><strong>ut</strong></span> <span class='ocrx_word' id='word_1_259' title='bbox 493 3165 586 3234; x_wconf 88' lang='lat' dir='ltr'><strong>ait</strong></span> <span class='ocrx_word' id='word_1_260' title='bbox 611 3164 965 3256; x_wconf 86' lang='lat' dir='ltr'><strong>Apostolus</strong></span> <span class='ocrx_word' id='word_1_261' title='bbox 995 3165 1039 3247; x_wconf 91' lang='lat'><strong>¹,</strong></span> <span class='ocrx_word' id='word_1_262' title='bbox 1076 3164 1151 3231; x_wconf 85' lang='lat' dir='ltr'><strong>in</strong></span> <span class='ocrx_word' id='word_1_263' title='bbox 1178 3164 1504 3256; x_wconf 78' lang='lat' dir='ltr'><strong>sanquine</strong></span> <span class='ocrx_word' id='word_1_264' title='bbox 1530 3163 1738 3256; x_wconf 81' lang='lat' dir='ltr'><strong>ipsius</strong></span> <span class='ocrx_word' id='word_1_265' title='bbox 1753 3163 2127 3255; x_wconf 79' lang='lat' dir='ltr'><strong>justificati</strong></span> <span class='ocrx_word' id='word_1_266' title='bbox 2152 3185 2382 3232; x_wconf 84' lang='lat' dir='ltr'><strong>sumus</strong></span> <span class='ocrx_word' id='word_1_267' title='bbox 2401 3187 2430 3246; x_wconf 94' lang='lat'><strong>,·</strong></span> <span class='ocrx_word' id='word_1_268' title='bbox 2456 3161 2619 3231; x_wconf 89' lang='lat' dir='ltr'><strong>etin</strong></span> <span class='ocrx_word' id='word_1_269' title='bbox 2645 3185 2722 3231; x_wconf 91' lang='lat' dir='ltr'><strong>eo</strong></span> <span class='ocrx_word' id='word_1_270' title='bbox 2749 3162 2928 3255; x_wconf 87' lang='lat' dir='ltr'><strong>quod</strong></span> <span class='ocrx_word' id='word_1_271' title='bbox 2954 3186 3186 3233; x_wconf 89' lang='lat' dir='ltr'><strong>sumus</strong></span> <span class='ocrx_word' id='word_1_272' title='bbox 3203 3160 3571 3256; x_wconf 86' lang='lat' dir='ltr'><strong>justificati,</strong></span> <span class='ocrx_word' id='word_1_273' title='bbox 3603 3174 3819 3232; x_wconf 68' lang='lat' dir='ltr'><strong>ritm-‹ma-</strong></span> 
     </span>
    </p>
   </div>
   <div class='ocr_carea' id='block_1_8' title="bbox 397 3237 3795 3374">
    <p class='ocr_par' dir='ltr' id='par_1_9' title="bbox 397 3237 3795 3374">
     <span class='ocr_line' id='line_1_41' title="bbox 397 3237 3795 3374; baseline -0 -25"><span class='ocrx_word' id='word_1_274' title='bbox 397 3281 465 3351; x_wconf 91' lang='lat' dir='ltr'><strong>id</strong></span> <span class='ocrx_word' id='word_1_275' title='bbox 487 3289 606 3371; x_wconf 88' lang='lat' dir='ltr'><strong>est,</strong></span> <span class='ocrx_word' id='word_1_276' title='bbox 637 3306 678 3351; x_wconf 89' lang='lat' dir='ltr'><strong>a</strong></span> <span class='ocrx_word' id='word_1_277' title='bbox 702 3281 977 3374; x_wconf 86' lang='lat' dir='ltr'><strong>peccatis</strong></span> <span class='ocrx_word' id='word_1_278' title='bbox 1003 3281 1228 3368; x_wconf 87' lang='lat' dir='ltr'><strong>soluti,</strong></span> <span class='ocrx_word' id='word_1_279' title='bbox 1260 3305 1301 3350; x_wconf 88' lang='lat' dir='ltr'><strong>a</strong></span> <span class='ocrx_word' id='word_1_280' title='bbox 1325 3281 1587 3350; x_wconf 84' lang='lat' dir='ltr'><strong>diabolo</strong></span> <span class='ocrx_word' id='word_1_281' title='bbox 1633 3303 1865 3349; x_wconf 91' lang='lat' dir='ltr'><strong>sumus</strong></span> <span class='ocrx_word' id='word_1_282' title='bbox 1898 3279 2183 3365; x_wconf 90' lang='lat' dir='ltr'><strong>liberati,</strong></span> <span class='ocrx_word' id='word_1_283' title='bbox 2233 3282 2352 3371; x_wconf 92' lang='lat' dir='ltr'><strong>qui</strong></span> <span class='ocrx_word' id='word_1_284' title='bbox 2395 3300 2516 3347; x_wconf 91' lang='lat' dir='ltr'><strong>nos</strong></span> <span class='ocrx_word' id='word_1_285' title='bbox 2541 3278 2827 3349; x_wconf 85' lang='lat' dir='ltr'><strong>vinculis</strong></span> <span class='ocrx_word' id='word_1_286' title='bbox 2852 3288 3260 3371; x_wconf 88' lang='lat' dir='ltr'><strong>peccatorum</strong></span> <span class='ocrx_word' id='word_1_287' title='bbox 3290 3280 3567 3350; x_wconf 89' lang='lat' dir='ltr'><strong>tenebat.</strong></span> <span class='ocrx_word' id='word_1_288' title='bbox 3622 3237 3795 3348; x_wconf 55' lang='grc' dir='ltr'><strong>«ιιὶὶῗιῖοιῖ</strong></span> 
     </span>
    </p>
   </div>
   <div class='ocr_carea' id='block_1_9' title="bbox 3603 3367 3820 3421">
    <p class='ocr_par' dir='ltr' id='par_1_10' title="bbox 3603 3367 3820 3421">
     <span class='ocr_line' id='line_1_42' title="bbox 3603 3367 3820 3421; baseline -0.014 -16"><span class='ocrx_word' id='word_1_289' title='bbox 3603 3367 3648 3405; x_wconf 72' lang='lat' dir='ltr'><strong>et</strong></span> <span class='ocrx_word' id='word_1_290' title='bbox 3674 3376 3698 3406; x_wconf 75' lang='lat' dir='ltr'><strong>n</strong></span> <span class='ocrx_word' id='word_1_291' title='bbox 3720 3378 3820 3421; x_wconf 76' lang='lat' dir='ltr'><strong>pec.</strong></span> 
     </span>
    </p>
   </div>
   <div class='ocr_carea' id='block_1_10' title="bbox 368 3394 3822 5369">
    <p class='ocr_par' dir='ltr' id='par_1_11' title="bbox 368 3394 3822 5369">
     <span class='ocr_line' id='line_1_43' title="bbox 393 3394 3821 3492; baseline 0 -25"><span class='ocrx_word' id='word_1_292' title='bbox 393 3396 522 3469; x_wconf 87' lang='lat' dir='ltr'><strong>Sed</strong></span> <span class='ocrx_word' id='word_1_293' title='bbox 549 3398 880 3492; x_wconf 88' lang='lat' dir='ltr'><strong>quomodo</strong></span> <span class='ocrx_word' id='word_1_294' title='bbox 909 3422 950 3467; x_wconf 89' lang='lat' dir='ltr'><strong>a</strong></span> <span class='ocrx_word' id='word_1_295' title='bbox 973 3398 1249 3490; x_wconf 86' lang='lat' dir='ltr'><strong>peccatis</strong></span> <span class='ocrx_word' id='word_1_296' title='bbox 1289 3419 1408 3489; x_wconf 89' lang='lat' dir='ltr'><strong>per</strong></span> <span class='ocrx_word' id='word_1_297' title='bbox 1447 3397 1591 3488; x_wconf 88' lang='lat' dir='ltr'><strong>ejus</strong></span> <span class='ocrx_word' id='word_1_298' title='bbox 1631 3404 1910 3466; x_wconf 89' lang='lat' dir='ltr'><strong>mortem</strong></span> <span class='ocrx_word' id='word_1_299' title='bbox 1948 3396 2149 3466; x_wconf 90' lang='lat' dir='ltr'><strong>soluti</strong></span> <span class='ocrx_word' id='word_1_300' title='bbox 2195 3418 2427 3464; x_wconf 89' lang='lat' dir='ltr'><strong>sumus</strong></span> <span class='ocrx_word' id='word_1_301' title='bbox 2446 3400 2477 3463; x_wconf 74' lang='lat' dir='ltr'><strong>‘l</strong></span> <span class='ocrx_word' id='word_1_302' title='bbox 2522 3394 2694 3476; x_wconf 88' lang='lat' dir='ltr'><strong>Quia</strong></span> <span class='ocrx_word' id='word_1_303' title='bbox 2736 3418 2853 3488; x_wconf 88' lang='lat' dir='ltr'><strong>per</strong></span> <span class='ocrx_word' id='word_1_304' title='bbox 2879 3395 3022 3486; x_wconf 88' lang='lat' dir='ltr'><strong>ejus</strong></span> <span class='ocrx_word' id='word_1_305' title='bbox 3049 3404 3350 3483; x_wconf 89' lang='lat' dir='ltr'><strong>mortem,</strong></span> <span class='ocrx_word' id='word_1_306' title='bbox 3383 3404 3459 3464; x_wconf 93' lang='lat' dir='ltr'><strong>ut</strong></span> <span class='ocrx_word' id='word_1_307' title='bbox 3485 3395 3578 3476; x_wconf 79' lang='lat' dir='ltr'><strong>ait</strong></span> <span class='ocrx_word' id='word_1_308' title='bbox 3604 3429 3698 3470; x_wconf 70' lang='lat' dir='ltr'><strong>cato</strong></span> <span class='ocrx_word' id='word_1_309' title='bbox 3742 3442 3821 3473; x_wconf 66' lang='grc' dir='ltr'><strong>ιω.</strong></span> 
     </span>
     <span class='ocr_line' id='line_1_44' title="bbox 394 3490 3822 3610; baseline -0.001 -25"><span class='ocrx_word' id='word_1_310' title='bbox 394 3517 748 3610; x_wconf 87' lang='lat' dir='ltr'><strong>Apostolus</strong></span> <span class='ocrx_word' id='word_1_311' title='bbox 778 3518 826 3604; x_wconf 83' lang='lat'><strong>¹,</strong></span> <span class='ocrx_word' id='word_1_312' title='bbox 857 3514 1350 3586; x_wconf 80' lang='lat' dir='ltr'><strong>commendatur</strong></span> <span class='ocrx_word' id='word_1_313' title='bbox 1373 3514 1561 3584; x_wconf 86' lang='lat' dir='ltr'><strong>nobis</strong></span> <span class='ocrx_word' id='word_1_314' title='bbox 1591 3514 1885 3583; x_wconf 74' lang='lat' dir='ltr'><strong>charitas</strong></span> <span class='ocrx_word' id='word_1_315' title='bbox 1928 3513 2075 3599; x_wconf 85' lang='lat' dir='ltr'><strong>Dei,</strong></span> <span class='ocrx_word' id='word_1_316' title='bbox 2106 3512 2175 3581; x_wconf 91' lang='lat' dir='ltr'><strong>id</strong></span> <span class='ocrx_word' id='word_1_317' title='bbox 2195 3520 2314 3599; x_wconf 90' lang='lat' dir='ltr'><strong>est,</strong></span> <span class='ocrx_word' id='word_1_318' title='bbox 2356 3519 2624 3604; x_wconf 88' lang='lat' dir='ltr'><strong>apparet</strong></span> <span class='ocrx_word' id='word_1_319' title='bbox 2667 3511 2910 3580; x_wconf 88' lang='lat' dir='ltr'><strong>eximia</strong></span> <span class='ocrx_word' id='word_1_320' title='bbox 2953 3521 3017 3581; x_wconf 90' lang='lat' dir='ltr'><strong>et</strong></span> <span class='ocrx_word' id='word_1_321' title='bbox 3041 3511 3579 3581; x_wconf 87' lang='lat' dir='ltr'><strong>commendabilis</strong></span> <span class='ocrx_word' id='word_1_322' title='bbox 3605 3490 3822 3610; x_wconf 50' lang='lat' dir='ltr'><strong>{32:¹2¹ss</strong></span> 
     </span>
     <span class='ocr_line' id='line_1_45' title="bbox 394 3619 3749 3724; baseline 0 -23"><span class='ocrx_word' id='word_1_323' title='bbox 394 3632 675 3703; x_wconf 87' lang='lat' dir='ltr'><strong>charitas</strong></span> <span class='ocrx_word' id='word_1_324' title='bbox 724 3632 845 3703; x_wconf 89' lang='lat' dir='ltr'><strong>Dei</strong></span> <span class='ocrx_word' id='word_1_325' title='bbox 899 3656 1055 3724; x_wconf 81' lang='lat' dir='ltr'><strong>erga</strong></span> <span class='ocrx_word' id='word_1_326' title='bbox 1104 3655 1225 3702; x_wconf 92' lang='lat' dir='ltr'><strong>nos</strong></span> <span class='ocrx_word' id='word_1_327' title='bbox 1276 3632 1347 3701; x_wconf 93' lang='lat' dir='ltr'><strong>in</strong></span> <span class='ocrx_word' id='word_1_328' title='bbox 1399 3631 1547 3719; x_wconf 89' lang='lat' dir='ltr'><strong>hoc,</strong></span> <span class='ocrx_word' id='word_1_329' title='bbox 1626 3630 1805 3723; x_wconf 90' lang='lat' dir='ltr'><strong>quod</strong></span> <span class='ocrx_word' id='word_1_330' title='bbox 1872 3629 2123 3699; x_wconf 90' lang='lat' dir='ltr'><strong>Filium</strong></span> <span class='ocrx_word' id='word_1_331' title='bbox 2186 3652 2384 3698; x_wconf 89' lang='lat' dir='ltr'><strong>suum</strong></span> <span class='ocrx_word' id='word_1_332' title='bbox 2437 3626 2707 3697; x_wconf 87' lang='lat' dir='ltr'><strong>tradidit</strong></span> <span class='ocrx_word' id='word_1_333' title='bbox 2757 3628 2830 3696; x_wconf 90' lang='lat' dir='ltr'><strong>in</strong></span> <span class='ocrx_word' id='word_1_334' title='bbox 2883 3636 3164 3698; x_wconf 86' lang='lat' dir='ltr'><strong>mortem</strong></span> <span class='ocrx_word' id='word_1_335' title='bbox 3217 3652 3337 3722; x_wconf 90' lang='lat' dir='ltr'><strong>pro</strong></span> <span class='ocrx_word' id='word_1_336' title='bbox 3389 3628 3581 3698; x_wconf 87' lang='lat' dir='ltr'><strong>nobis</strong></span> <span class='ocrx_word' id='word_1_337' title='bbox 3605 3619 3749 3701; x_wconf 50' lang='lat'><strong>¹⁶¹²&amp;</strong></span> 
     </span>
     <span class='ocr_line' id='line_1_46' title="bbox 396 3744 3587 3846; baseline -0.003 -22"><span class='ocrx_word' id='word_1_338' title='bbox 396 3752 863 3846; x_wconf 85' lang='lat' dir='ltr'><strong>peccatoribus.</strong></span> <span class='ocrx_word' id='word_1_339' title='bbox 922 3750 1232 3820; x_wconf 87' lang='lat' dir='ltr'><strong>Exhibita</strong></span> <span class='ocrx_word' id='word_1_340' title='bbox 1285 3758 1506 3819; x_wconf 91' lang='lat' dir='ltr'><strong>autem</strong></span> <span class='ocrx_word' id='word_1_341' title='bbox 1550 3756 1746 3819; x_wconf 80' lang='lat' dir='ltr'><strong>tantae</strong></span> <span class='ocrx_word' id='word_1_342' title='bbox 1814 3770 1970 3838; x_wconf 87' lang='lat' dir='ltr'><strong>erga</strong></span> <span class='ocrx_word' id='word_1_343' title='bbox 2040 3769 2162 3817; x_wconf 89' lang='lat' dir='ltr'><strong>nos</strong></span> <span class='ocrx_word' id='word_1_344' title='bbox 2233 3744 2606 3815; x_wconf 89' lang='lat' dir='ltr'><strong>dilectionis</strong></span> <span class='ocrx_word' id='word_1_345' title='bbox 2663 3744 2885 3833; x_wconf 86' lang='lat' dir='ltr'><strong>arrha,</strong></span> <span class='ocrx_word' id='word_1_346' title='bbox 2947 3753 3012 3814; x_wconf 89' lang='lat' dir='ltr'><strong>et</strong></span> <span class='ocrx_word' id='word_1_347' title='bbox 3065 3768 3188 3815; x_wconf 88' lang='lat' dir='ltr'><strong>nos</strong></span> <span class='ocrx_word' id='word_1_348' title='bbox 3239 3768 3587 3815; x_wconf 88' lang='lat' dir='ltr'><strong>movemur</strong></span> 
     </span>
     <span class='ocr_line' id='line_1_47' title="bbox 396 3860 3582 3962; baseline -0.003 -20"><span class='ocrx_word' id='word_1_349' title='bbox 396 3871 941 3962; x_wconf 87' lang='lat' dir='ltr'><strong>accendimurque</strong></span> <span class='ocrx_word' id='word_1_350' title='bbox 969 3868 1051 3938; x_wconf 92' lang='lat' dir='ltr'><strong>ad</strong></span> <span class='ocrx_word' id='word_1_351' title='bbox 1079 3866 1494 3958; x_wconf 87' lang='lat' dir='ltr'><strong>diligendum</strong></span> <span class='ocrx_word' id='word_1_352' title='bbox 1519 3865 1760 3952; x_wconf 90' lang='lat' dir='ltr'><strong>Deum,</strong></span> <span class='ocrx_word' id='word_1_353' title='bbox 1789 3864 1908 3958; x_wconf 84' lang='lat' dir='ltr'><strong>qui</strong></span> <span class='ocrx_word' id='word_1_354' title='bbox 1932 3886 2053 3956; x_wconf 84' lang='lat' dir='ltr'><strong>pro</strong></span> <span class='ocrx_word' id='word_1_355' title='bbox 2080 3862 2274 3932; x_wconf 88' lang='lat' dir='ltr'><strong>nobis</strong></span> <span class='ocrx_word' id='word_1_356' title='bbox 2298 3869 2480 3930; x_wconf 88' lang='lat' dir='ltr'><strong>tanta</strong></span> <span class='ocrx_word' id='word_1_357' title='bbox 2507 3861 2685 3949; x_wconf 83' lang='lat' dir='ltr'><strong>fecit,</strong></span> <span class='ocrx_word' id='word_1_358' title='bbox 2730 3869 2795 3930; x_wconf 90' lang='lat' dir='ltr'><strong>et</strong></span> <span class='ocrx_word' id='word_1_359' title='bbox 2819 3884 2936 3954; x_wconf 91' lang='lat' dir='ltr'><strong>per</strong></span> <span class='ocrx_word' id='word_1_360' title='bbox 2967 3860 3092 3930; x_wconf 91' lang='lat' dir='ltr'><strong>hoc</strong></span> <span class='ocrx_word' id='word_1_361' title='bbox 3112 3861 3582 3954; x_wconf 86' lang='lat' dir='ltr'><strong>justificamur,</strong></span> 
     </span>
     <span class='ocr_line' id='line_1_48' title="bbox 398 3977 3589 4079; baseline -0.002 -22"><span class='ocrx_word' id='word_1_362' title='bbox 398 3988 467 4058; x_wconf 88' lang='lat' dir='ltr'><strong>id</strong></span> <span class='ocrx_word' id='word_1_363' title='bbox 494 3987 810 4059; x_wconf 88' lang='lat' dir='ltr'><strong>estsoluti</strong></span> <span class='ocrx_word' id='word_1_364' title='bbox 837 4010 877 4056; x_wconf 92' lang='lat' dir='ltr'><strong>a</strong></span> <span class='ocrx_word' id='word_1_365' title='bbox 918 3985 1220 4079; x_wconf 88' lang='lat' dir='ltr'><strong>peccatis,</strong></span> <span class='ocrx_word' id='word_1_366' title='bbox 1271 3983 1435 4076; x_wconf 87' lang='lat' dir='ltr'><strong>justi</strong></span> <span class='ocrx_word' id='word_1_367' title='bbox 1473 3982 1823 4052; x_wconf 85' lang='lat' dir='ltr'><strong>efficimur.</strong></span> <span class='ocrx_word' id='word_1_368' title='bbox 1867 3980 2049 4050; x_wconf 87' lang='lat' dir='ltr'><strong>Mors</strong></span> <span class='ocrx_word' id='word_1_369' title='bbox 2088 4002 2245 4069; x_wconf 83' lang='lat' dir='ltr'><strong>ergo</strong></span> <span class='ocrx_word' id='word_1_370' title='bbox 2289 3978 2531 4048; x_wconf 87' lang='lat' dir='ltr'><strong>Christi</strong></span> <span class='ocrx_word' id='word_1_371' title='bbox 2576 4000 2697 4047; x_wconf 92' lang='lat' dir='ltr'><strong>nos</strong></span> <span class='ocrx_word' id='word_1_372' title='bbox 2729 3977 3067 4070; x_wconf 85' lang='lat' dir='ltr'><strong>justificat,</strong></span> <span class='ocrx_word' id='word_1_373' title='bbox 3109 3977 3274 4048; x_wconf 91' lang='lat' dir='ltr'><strong>dum</strong></span> <span class='ocrx_word' id='word_1_374' title='bbox 3299 4003 3418 4073; x_wconf 90' lang='lat' dir='ltr'><strong>per</strong></span> <span class='ocrx_word' id='word_1_375' title='bbox 3442 4004 3589 4050; x_wconf 89' lang='lat' dir='ltr'><strong>eam</strong></span> 
     </span>
     <span class='ocr_line' id='line_1_49' title="bbox 400 4094 3591 4189; baseline -0.003 -14"><span class='ocrx_word' id='word_1_376' title='bbox 400 4105 678 4175; x_wconf 89' lang='lat' dir='ltr'><strong>charitas</strong></span> <span class='ocrx_word' id='word_1_377' title='bbox 722 4104 1039 4173; x_wconf 83' lang='lat' dir='ltr'><strong>excitatur</strong></span> <span class='ocrx_word' id='word_1_378' title='bbox 1082 4102 1154 4170; x_wconf 93' lang='lat' dir='ltr'><strong>in</strong></span> <span class='ocrx_word' id='word_1_379' title='bbox 1197 4100 1504 4171; x_wconf 87' lang='lat' dir='ltr'><strong>cordibus</strong></span> <span class='ocrx_word' id='word_1_380' title='bbox 1547 4097 1810 4168; x_wconf 89' lang='lat' dir='ltr'><strong>nostris.</strong></span> <span class='ocrx_word' id='word_1_381' title='bbox 1860 4096 2161 4166; x_wconf 89' lang='lat' dir='ltr'><strong>Dicimur</strong></span> <span class='ocrx_word' id='word_1_382' title='bbox 2207 4117 2474 4189; x_wconf 86' lang='lat' dir='ltr'><strong>quoque</strong></span> <span class='ocrx_word' id='word_1_383' title='bbox 2521 4102 2586 4163; x_wconf 90' lang='lat' dir='ltr'><strong>et</strong></span> <span class='ocrx_word' id='word_1_384' title='bbox 2627 4094 2819 4164; x_wconf 89' lang='lat' dir='ltr'><strong>aliter</strong></span> <span class='ocrx_word' id='word_1_385' title='bbox 2859 4117 2977 4187; x_wconf 88' lang='lat' dir='ltr'><strong>per</strong></span> <span class='ocrx_word' id='word_1_386' title='bbox 3029 4103 3307 4166; x_wconf 89' lang='lat' dir='ltr'><strong>mortem</strong></span> <span class='ocrx_word' id='word_1_387' title='bbox 3347 4096 3591 4167; x_wconf 89' lang='lat' dir='ltr'><strong>Christi</strong></span> 
     </span>
     <span class='ocr_line' id='line_1_50' title="bbox 395 4210 3589 4314; baseline -0.003 -22"><span class='ocrx_word' id='word_1_388' title='bbox 395 4222 768 4314; x_wconf 83' lang='lat' dir='ltr'><strong>justificari,</strong></span> <span class='ocrx_word' id='word_1_389' title='bbox 800 4221 960 4314; x_wconf 88' lang='lat' dir='ltr'><strong>quia</strong></span> <span class='ocrx_word' id='word_1_390' title='bbox 982 4243 1102 4312; x_wconf 89' lang='lat' dir='ltr'><strong>per</strong></span> <span class='ocrx_word' id='word_1_391' title='bbox 1126 4219 1328 4288; x_wconf 91' lang='lat' dir='ltr'><strong>fidem</strong></span> <span class='ocrx_word' id='word_1_392' title='bbox 1354 4217 1585 4287; x_wconf 89' lang='lat' dir='ltr'><strong>mortis</strong></span> <span class='ocrx_word' id='word_1_393' title='bbox 1612 4215 1755 4308; x_wconf 87' lang='lat' dir='ltr'><strong>ejus</strong></span> <span class='ocrx_word' id='word_1_394' title='bbox 1785 4238 1826 4283; x_wconf 89' lang='lat' dir='ltr'><strong>a</strong></span> <span class='ocrx_word' id='word_1_395' title='bbox 1850 4213 2129 4306; x_wconf 88' lang='lat' dir='ltr'><strong>peccatis</strong></span> <span class='ocrx_word' id='word_1_396' title='bbox 2156 4212 2588 4281; x_wconf 86' lang='lat' dir='ltr'><strong>mundamur.</strong></span> <span class='ocrx_word' id='word_1_397' title='bbox 2621 4210 2812 4280; x_wconf 91' lang='lat' dir='ltr'><strong>Unde</strong></span> <span class='ocrx_word' id='word_1_398' title='bbox 2839 4211 3230 4304; x_wconf 82' lang='lat' dir='ltr'><strong>Apostolus³</strong></span> <span class='ocrx_word' id='word_1_399' title='bbox 3264 4238 3281 4281; x_wconf 75' lang='lat' dir='ltr'><strong>t</strong></span> <span class='ocrx_word' id='word_1_400' title='bbox 3311 4214 3589 4285; x_wconf 78' lang='lat' dir='ltr'><strong>Iustitia</strong></span> 
     </span>
     <span class='ocr_line' id='line_1_51' title="bbox 404 4328 3593 4432; baseline -0.002 -25"><span class='ocrx_word' id='word_1_401' title='bbox 404 4341 526 4410; x_wconf 84' lang='lat' dir='ltr'><strong>Dei</strong></span> <span class='ocrx_word' id='word_1_402' title='bbox 549 4353 646 4410; x_wconf 87' lang='lat' dir='ltr'><strong>est</strong></span> <span class='ocrx_word' id='word_1_403' title='bbox 663 4362 784 4432; x_wconf 84' lang='lat' dir='ltr'><strong>per</strong></span> <span class='ocrx_word' id='word_1_404' title='bbox 804 4332 1012 4431; x_wconf 67' lang='lat' dir='ltr'><strong>fiden&#39;z</strong></span> <span class='ocrx_word' id='word_1_405' title='bbox 1046 4340 1199 4406; x_wconf 78' lang='lat' dir='ltr'><strong>lesu</strong></span> <span class='ocrx_word' id='word_1_406' title='bbox 1231 4334 1503 4406; x_wconf 83' lang='lat' dir='ltr'><strong>Christi.</strong></span> <span class='ocrx_word' id='word_1_407' title='bbox 1536 4333 1617 4402; x_wconf 90' lang='lat' dir='ltr'><strong>Et</strong></span> <span class='ocrx_word' id='word_1_408' title='bbox 1645 4332 1888 4400; x_wconf 89' lang='lat' dir='ltr'><strong>iterum</strong></span> <span class='ocrx_word' id='word_1_409' title='bbox 1915 4330 1964 4401; x_wconf 79' lang='lat'><strong>⁴:</strong></span> <span class='ocrx_word' id='word_1_410' title='bbox 2004 4334 2214 4415; x_wconf 81' lang='lat' dir='ltr'><strong>Quem</strong></span> <span class='ocrx_word' id='word_1_411' title='bbox 2242 4332 2416 4399; x_wconf 86' lang='lat' dir='ltr'><strong>Deus</strong></span> <span class='ocrx_word' id='word_1_412' title='bbox 2448 4328 2791 4421; x_wconf 83' lang='lat' dir='ltr'><strong>proposuit</strong></span> <span class='ocrx_word' id='word_1_413' title='bbox 2802 4328 3319 4424; x_wconf 81' lang='lat' dir='ltr'><strong>propitiatorem</strong></span> <span class='ocrx_word' id='word_1_414' title='bbox 3349 4332 3440 4423; x_wconf 87' lang='lat' dir='ltr'><strong>(a)</strong></span> <span class='ocrx_word' id='word_1_415' title='bbox 3462 4354 3593 4425; x_wconf 81' lang='lat' dir='ltr'><strong>per</strong></span> 
     </span>
     <span class='ocr_line' id='line_1_52' title="bbox 406 4445 3590 4549; baseline -0.004 -18"><span class='ocrx_word' id='word_1_416' title='bbox 406 4457 606 4532; x_wconf 74' lang='lat' dir='ltr'><strong>fidem</strong></span> <span class='ocrx_word' id='word_1_417' title='bbox 634 4458 708 4526; x_wconf 86' lang='lat' dir='ltr'><strong>in</strong></span> <span class='ocrx_word' id='word_1_418' title='bbox 733 4455 1057 4549; x_wconf 75' lang='lat' dir='ltr'><strong>sanquine</strong></span> <span class='ocrx_word' id='word_1_419' title='bbox 1080 4454 1308 4547; x_wconf 77' lang='lat' dir='ltr'><strong>ipsius,</strong></span> <span class='ocrx_word' id='word_1_420' title='bbox 1341 4452 1408 4541; x_wconf 91' lang='lat' dir='ltr'><strong>id</strong></span> <span class='ocrx_word' id='word_1_421' title='bbox 1452 4458 1549 4520; x_wconf 89' lang='lat' dir='ltr'><strong>est</strong></span> <span class='ocrx_word' id='word_1_422' title='bbox 1574 4472 1690 4542; x_wconf 90' lang='lat' dir='ltr'><strong>per</strong></span> <span class='ocrx_word' id='word_1_423' title='bbox 1718 4449 1919 4519; x_wconf 90' lang='lat' dir='ltr'><strong>fidem</strong></span> <span class='ocrx_word' id='word_1_424' title='bbox 1946 4448 2286 4542; x_wconf 87' lang='lat' dir='ltr'><strong>passionis,</strong></span> <span class='ocrx_word' id='word_1_425' title='bbox 2343 4456 2418 4517; x_wconf 90' lang='lat' dir='ltr'><strong>ut</strong></span> <span class='ocrx_word' id='word_1_426' title='bbox 2459 4446 2620 4517; x_wconf 88' lang='lat' dir='ltr'><strong>olim</strong></span> <span class='ocrx_word' id='word_1_427' title='bbox 2647 4456 2670 4517; x_wconf 74' lang='lat'><strong>.⁸</strong></span> <span class='ocrx_word' id='word_1_428' title='bbox 2710 4445 3092 4538; x_wconf 89' lang='lat' dir='ltr'><strong>aspicientes</strong></span> <span class='ocrx_word' id='word_1_429' title='bbox 3115 4448 3189 4516; x_wconf 92' lang='lat' dir='ltr'><strong>in</strong></span> <span class='ocrx_word' id='word_1_430' title='bbox 3222 4457 3590 4541; x_wconf 88' lang='lat' dir='ltr'><strong>serpentem</strong></span> 
     </span>
     <span class='ocr_line' id='line_1_53' title="bbox 368 4562 3593 4661; baseline -0.002 -22"><span class='ocrx_word' id='word_1_431' title='bbox 368 4634 373 4639; x_wconf 86' lang='lat'>.</span> <span class='ocrx_word' id='word_1_432' title='bbox 408 4596 664 4645; x_wconf 80' lang='lat' dir='ltr'><strong>aeneum</strong></span> <span class='ocrx_word' id='word_1_433' title='bbox 711 4573 784 4642; x_wconf 92' lang='lat' dir='ltr'><strong>in</strong></span> <span class='ocrx_word' id='word_1_434' title='bbox 828 4573 1013 4661; x_wconf 82' lang='lat' dir='ltr'><strong>ligno</strong></span> <span class='ocrx_word' id='word_1_435' title='bbox 1063 4577 1352 4640; x_wconf 88' lang='lat' dir='ltr'><strong>erectum</strong></span> <span class='ocrx_word' id='word_1_436' title='bbox 1386 4621 1404 4655; x_wconf 91' lang='lat'><strong>,</strong></span> <span class='ocrx_word' id='word_1_437' title='bbox 1465 4592 1506 4637; x_wconf 89' lang='lat' dir='ltr'><strong>a</strong></span> <span class='ocrx_word' id='word_1_438' title='bbox 1565 4565 1893 4636; x_wconf 90' lang='lat' dir='ltr'><strong>morsibus</strong></span> <span class='ocrx_word' id='word_1_439' title='bbox 1940 4574 2321 4658; x_wconf 86' lang='lat' dir='ltr'><strong>serpentum</strong></span> <span class='ocrx_word' id='word_1_440' title='bbox 2385 4563 2813 4633; x_wconf 86' lang='lat' dir='ltr'><strong>sanabantur.</strong></span> <span class='ocrx_word' id='word_1_441' title='bbox 2875 4562 2948 4632; x_wconf 90' lang='lat' dir='ltr'><strong>Si</strong></span> <span class='ocrx_word' id='word_1_442' title='bbox 2995 4586 3150 4653; x_wconf 83' lang='lat' dir='ltr'><strong>ergo</strong></span> <span class='ocrx_word' id='word_1_443' title='bbox 3202 4572 3391 4636; x_wconf 67' lang='lat' dir='ltr'><strong>rectae</strong></span> <span class='ocrx_word' id='word_1_444' title='bbox 3434 4565 3593 4636; x_wconf 87' lang='lat' dir='ltr'><strong>fidei</strong></span> 
     </span>
     <span class='ocr_line' id='line_1_54' title="bbox 408 4679 3593 4780; baseline -0.002 -21"><span class='ocrx_word' id='word_1_445' title='bbox 408 4690 653 4761; x_wconf 91' lang='lat' dir='ltr'><strong>intuitu</strong></span> <span class='ocrx_word' id='word_1_446' title='bbox 708 4691 780 4759; x_wconf 90' lang='lat' dir='ltr'><strong>in</strong></span> <span class='ocrx_word' id='word_1_447' title='bbox 838 4689 1036 4758; x_wconf 91' lang='lat' dir='ltr'><strong>illum</strong></span> <span class='ocrx_word' id='word_1_448' title='bbox 1089 4686 1497 4780; x_wconf 75' lang='lat' dir='ltr'><strong>inspicimuS,</strong></span> <span class='ocrx_word' id='word_1_449' title='bbox 1556 4684 1674 4777; x_wconf 92' lang='lat' dir='ltr'><strong>qui</strong></span> <span class='ocrx_word' id='word_1_450' title='bbox 1720 4706 1838 4776; x_wconf 88' lang='lat' dir='ltr'><strong>pro</strong></span> <span class='ocrx_word' id='word_1_451' title='bbox 1909 4683 2102 4753; x_wconf 90' lang='lat' dir='ltr'><strong>nobis</strong></span> <span class='ocrx_word' id='word_1_452' title='bbox 2169 4681 2480 4774; x_wconf 90' lang='lat' dir='ltr'><strong>pependit</strong></span> <span class='ocrx_word' id='word_1_453' title='bbox 2532 4681 2603 4749; x_wconf 92' lang='lat' dir='ltr'><strong>in</strong></span> <span class='ocrx_word' id='word_1_454' title='bbox 2656 4679 2864 4770; x_wconf 85' lang='lat' dir='ltr'><strong>ligno,</strong></span> <span class='ocrx_word' id='word_1_455' title='bbox 2919 4703 2959 4749; x_wconf 91' lang='lat' dir='ltr'><strong>a</strong></span> <span class='ocrx_word' id='word_1_456' title='bbox 3012 4680 3293 4751; x_wconf 90' lang='lat' dir='ltr'><strong>vinculis</strong></span> <span class='ocrx_word' id='word_1_457' title='bbox 3345 4682 3593 4752; x_wconf 85' lang='lat' dir='ltr'><strong>diaboli</strong></span> 
     </span>
     <span class='ocr_line' id='line_1_55' title="bbox 409 4788 3593 4898; baseline -0.002 -20"><span class='ocrx_word' id='word_1_458' title='bbox 409 4788 752 4894; x_wconf 86' lang='lat' dir='ltr'><strong>solvimur,</strong></span> <span class='ocrx_word' id='word_1_459' title='bbox 781 4805 850 4875; x_wconf 91' lang='lat' dir='ltr'><strong>id</strong></span> <span class='ocrx_word' id='word_1_460' title='bbox 878 4814 974 4875; x_wconf 90' lang='lat' dir='ltr'><strong>est</strong></span> <span class='ocrx_word' id='word_1_461' title='bbox 1000 4828 1040 4874; x_wconf 86' lang='lat' dir='ltr'><strong>a</strong></span> <span class='ocrx_word' id='word_1_462' title='bbox 1066 4803 1365 4898; x_wconf 77' lang='lat' dir='ltr'><strong>peccatiS,</strong></span> <span class='ocrx_word' id='word_1_463' title='bbox 1393 4810 1459 4871; x_wconf 90' lang='lat' dir='ltr'><strong>et</strong></span> <span class='ocrx_word' id='word_1_464' title='bbox 1484 4801 1576 4870; x_wconf 88' lang='lat' dir='ltr'><strong>ita</strong></span> <span class='ocrx_word' id='word_1_465' title='bbox 1602 4824 1642 4870; x_wconf 91' lang='lat' dir='ltr'><strong>a</strong></span> <span class='ocrx_word' id='word_1_466' title='bbox 1685 4799 1948 4870; x_wconf 87' lang='lat' dir='ltr'><strong>diabolo</strong></span> <span class='ocrx_word' id='word_1_467' title='bbox 1992 4801 2383 4887; x_wconf 87' lang='lat' dir='ltr'><strong>liberamur,</strong></span> <span class='ocrx_word' id='word_1_468' title='bbox 2432 4810 2510 4867; x_wconf 93' lang='lat' dir='ltr'><strong>ut</strong></span> <span class='ocrx_word' id='word_1_469' title='bbox 2549 4820 2668 4867; x_wconf 91' lang='lat' dir='ltr'><strong>nec</strong></span> <span class='ocrx_word' id='word_1_470' title='bbox 2705 4805 2852 4890; x_wconf 87' lang='lat' dir='ltr'><strong>post</strong></span> <span class='ocrx_word' id='word_1_471' title='bbox 2877 4797 3046 4868; x_wconf 89' lang='lat' dir='ltr'><strong>hanc</strong></span> <span class='ocrx_word' id='word_1_472' title='bbox 3071 4799 3277 4870; x_wconf 82' lang='lat' dir='ltr'><strong>vitam</strong></span> <span class='ocrx_word' id='word_1_473' title='bbox 3304 4799 3376 4868; x_wconf 90' lang='lat' dir='ltr'><strong>in</strong></span> <span class='ocrx_word' id='word_1_474' title='bbox 3402 4799 3593 4871; x_wconf 91' lang='lat' dir='ltr'><strong>nobis</strong></span> 
     </span>
     <span class='ocr_line' id='line_1_56' title="bbox 372 4902 3590 5015; baseline -0.002 -23"><span class='ocrx_word' id='word_1_475' title='bbox 372 4902 375 4903; x_wconf 29' lang='lat'><em>⁷</em></span> <span class='ocrx_word' id='word_1_476' title='bbox 409 4922 703 4994; x_wconf 86' lang='lat' dir='ltr'><strong>inveniat</strong></span> <span class='ocrx_word' id='word_1_477' title='bbox 727 4921 907 5015; x_wconf 89' lang='lat' dir='ltr'><strong>quod</strong></span> <span class='ocrx_word' id='word_1_478' title='bbox 933 4920 1189 5015; x_wconf 88' lang='lat' dir='ltr'><strong>puniat.</strong></span> <span class='ocrx_word' id='word_1_479' title='bbox 1221 4919 1431 4989; x_wconf 89' lang='lat' dir='ltr'><strong>Morte</strong></span> <span class='ocrx_word' id='word_1_480' title='bbox 1457 4918 1702 5012; x_wconf 83' lang='lat' dir='ltr'><strong>quippe</strong></span> <span class='ocrx_word' id='word_1_481' title='bbox 1730 4940 1875 5006; x_wconf 88' lang='lat' dir='ltr'><strong>sua,</strong></span> <span class='ocrx_word' id='word_1_482' title='bbox 1923 4940 2060 4986; x_wconf 90' lang='lat' dir='ltr'><strong>uno</strong></span> <span class='ocrx_word' id='word_1_483' title='bbox 2103 4916 2444 4987; x_wconf 84' lang='lat' dir='ltr'><strong>verissimo</strong></span> <span class='ocrx_word' id='word_1_484' title='bbox 2488 4913 2835 5003; x_wconf 89' lang='lat' dir='ltr'><strong>sacrifici0,</strong></span> <span class='ocrx_word' id='word_1_485' title='bbox 2867 4915 3201 5007; x_wconf 88' lang='lat' dir='ltr'><strong>quidquid</strong></span> <span class='ocrx_word' id='word_1_486' title='bbox 3243 4917 3590 5010; x_wconf 87' lang='lat' dir='ltr'><strong>culparum</strong></span> 
     </span>
     <span class='ocr_line' id='line_1_57' title="bbox 409 5031 3592 5130; baseline -0.002 -20"><span class='ocrx_word' id='word_1_487' title='bbox 409 5047 569 5130; x_wconf 88' lang='lat' dir='ltr'><strong>erat,</strong></span> <span class='ocrx_word' id='word_1_488' title='bbox 599 5040 777 5111; x_wconf 87' lang='lat' dir='ltr'><strong>unde</strong></span> <span class='ocrx_word' id='word_1_489' title='bbox 795 5062 915 5110; x_wconf 90' lang='lat' dir='ltr'><strong>nos</strong></span> <span class='ocrx_word' id='word_1_490' title='bbox 940 5037 1244 5117; x_wconf 84' lang='lat' dir='ltr'><strong>diabolus</strong></span> <span class='ocrx_word' id='word_1_491' title='bbox 1266 5036 1351 5107; x_wconf 87' lang='lat' dir='ltr'><strong>ad</strong></span> <span class='ocrx_word' id='word_1_492' title='bbox 1388 5034 1633 5104; x_wconf 88' lang='lat' dir='ltr'><strong>luenda</strong></span> <span class='ocrx_word' id='word_1_493' title='bbox 1671 5034 1993 5129; x_wconf 88' lang='lat' dir='ltr'><strong>supplicia</strong></span> <span class='ocrx_word' id='word_1_494' title='bbox 2033 5032 2394 5120; x_wconf 89' lang='lat' dir='ltr'><strong>detinebat,</strong></span> <span class='ocrx_word' id='word_1_495' title='bbox 2435 5031 2736 5102; x_wconf 89' lang='lat' dir='ltr'><strong>Christus</strong></span> <span class='ocrx_word' id='word_1_496' title='bbox 2768 5031 3074 5120; x_wconf 82' lang='lat' dir='ltr'><strong>extinxit,</strong></span> <span class='ocrx_word' id='word_1_497' title='bbox 3105 5033 3280 5103; x_wconf 89' lang='lat' dir='ltr'><strong>utin</strong></span> <span class='ocrx_word' id='word_1_498' title='bbox 3305 5033 3429 5103; x_wconf 85' lang='lat' dir='ltr'><strong>hac</strong></span> <span class='ocrx_word' id='word_1_499' title='bbox 3455 5034 3592 5105; x_wconf 85' lang='lat' dir='ltr'><strong>vita</strong></span> 
     </span>
     <span class='ocr_line' id='line_1_58' title="bbox 410 5147 3589 5247; baseline -0.002 -18"><span class='ocrx_word' id='word_1_500' title='bbox 410 5158 718 5229; x_wconf 87' lang='lat' dir='ltr'><strong>tentando</strong></span> <span class='ocrx_word' id='word_1_501' title='bbox 743 5158 935 5228; x_wconf 89' lang='lat' dir='ltr'><strong>nobis</strong></span> <span class='ocrx_word' id='word_1_502' title='bbox 956 5178 1092 5225; x_wconf 93' lang='lat' dir='ltr'><strong>non</strong></span> <span class='ocrx_word' id='word_1_503' title='bbox 1117 5153 1489 5247; x_wconf 80' lang='lat' dir='ltr'><strong>praevaleat.</strong></span> <span class='ocrx_word' id='word_1_504' title='bbox 1526 5151 1707 5222; x_wconf 86' lang='lat' dir='ltr'><strong>Licet</strong></span> <span class='ocrx_word' id='word_1_505' title='bbox 1733 5151 1911 5221; x_wconf 91' lang='lat' dir='ltr'><strong>enim</strong></span> <span class='ocrx_word' id='word_1_506' title='bbox 1948 5173 2070 5220; x_wconf 90' lang='lat' dir='ltr'><strong>nos</strong></span> <span class='ocrx_word' id='word_1_507' title='bbox 2112 5156 2315 5219; x_wconf 89' lang='lat' dir='ltr'><strong>tentet</strong></span> <span class='ocrx_word' id='word_1_508' title='bbox 2354 5156 2498 5239; x_wconf 91' lang='lat' dir='ltr'><strong>post</strong></span> <span class='ocrx_word' id='word_1_509' title='bbox 2523 5147 2767 5218; x_wconf 89' lang='lat' dir='ltr'><strong>Christi</strong></span> <span class='ocrx_word' id='word_1_510' title='bbox 2793 5155 3068 5218; x_wconf 88' lang='lat' dir='ltr'><strong>mortem</strong></span> <span class='ocrx_word' id='word_1_511' title='bbox 3102 5149 3349 5242; x_wconf 89' lang='lat' dir='ltr'><strong>quihus</strong></span> <span class='ocrx_word' id='word_1_512' title='bbox 3375 5152 3589 5224; x_wconf 89' lang='lat' dir='ltr'><strong>modis</strong></span> 
     </span>
     <span class='ocr_line' id='line_1_59' title="bbox 478 5293 2683 5369; baseline -0.005 -14"><span class='ocrx_word' id='word_1_513' title='bbox 478 5306 496 5341; x_wconf 77' lang='lat'>²</span> <span class='ocrx_word' id='word_1_514' title='bbox 519 5304 677 5369; x_wconf 71' lang='lat' dir='ltr'><strong>Rom„</strong></span> <span class='ocrx_word' id='word_1_515' title='bbox 703 5317 759 5366; x_wconf 79' lang='lat' dir='ltr'><strong>v,</strong></span> <span class='ocrx_word' id='word_1_516' title='bbox 788 5306 839 5356; x_wconf 80' lang='lat' dir='ltr'><strong>s.</strong></span> <span class='ocrx_word' id='word_1_517' title='bbox 865 5327 920 5341; x_wconf 92' lang='lat'><em>-</em></span> <span class='ocrx_word' id='word_1_518' title='bbox 948 5303 971 5338; x_wconf 81' lang='lat'>²</span> <span class='ocrx_word' id='word_1_519' title='bbox 999 5299 1150 5363; x_wconf 55' lang='lat'><strong>1⁶54,</strong></span> <span class='ocrx_word' id='word_1_520' title='bbox 1173 5302 1222 5352; x_wconf 82' lang='lat' dir='ltr'><strong>s.</strong></span> <span class='ocrx_word' id='word_1_521' title='bbox 1244 5326 1305 5337; x_wconf 92' lang='lat'>-</span> <span class='ocrx_word' id='word_1_522' title='bbox 1329 5299 1351 5333; x_wconf 78' lang='lat'><strong>³</strong></span> <span class='ocrx_word' id='word_1_523' title='bbox 1377 5297 1525 5363; x_wconf 68' lang='lat' dir='ltr'><strong>mid„</strong></span> <span class='ocrx_word' id='word_1_524' title='bbox 1557 5310 1637 5362; x_wconf 85' lang='lat'><strong>111,</strong></span> <span class='ocrx_word' id='word_1_525' title='bbox 1665 5300 1743 5349; x_wconf 81' lang='lat'><strong>22.</strong></span> <span class='ocrx_word' id='word_1_526' title='bbox 1762 5323 1824 5334; x_wconf 90' lang='lat'><em>-</em></span> <span class='ocrx_word' id='word_1_527' title='bbox 1841 5297 1860 5332; x_wconf 57' lang='grc' dir='ltr'>ὁ</span> <span class='ocrx_word' id='word_1_528' title='bbox 1879 5294 2024 5359; x_wconf 62' lang='lat' dir='ltr'><strong>thau„</strong></span> <span class='ocrx_word' id='word_1_529' title='bbox 2050 5298 2131 5345; x_wconf 78' lang='lat'><strong>25.</strong></span> <span class='ocrx_word' id='word_1_530' title='bbox 2155 5319 2216 5333; x_wconf 93' lang='lat'>-</span> <span class='ocrx_word' id='word_1_531' title='bbox 2234 5295 2257 5330; x_wconf 79' lang='lat'>⁵</span> <span class='ocrx_word' id='word_1_532' title='bbox 2280 5293 2454 5357; x_wconf 65' lang='lat' dir='ltr'><strong><em>Num„</em></strong></span> <span class='ocrx_word' id='word_1_533' title='bbox 2485 5305 2607 5355; x_wconf 73' lang='lat' dir='ltr'><strong>xxi,</strong></span> <span class='ocrx_word' id='word_1_534' title='bbox 2635 5296 2683 5343; x_wconf 80' lang='lat'><strong>9.</strong></span> 
     </span>
    </p>
   </div>
   <div class='ocr_carea' id='block_1_11' title="bbox 478 5389 3289 5549">
    <p class='ocr_par' dir='ltr' id='par_1_12' title="bbox 478 5389 3289 5549">
     <span class='ocr_line' id='line_1_60' title="bbox 478 5389 1192 5460; baseline -0.007 -15"><span class='ocrx_word' id='word_1_535' title='bbox 478 5395 541 5460; x_wconf 81' lang='lat' dir='ltr'><strong>(a)</strong></span> <span class='ocrx_word' id='word_1_536' title='bbox 570 5393 744 5460; x_wconf 62' lang='lat' dir='ltr'><strong>Vulg„</strong></span> <span class='ocrx_word' id='word_1_537' title='bbox 765 5389 1192 5458; x_wconf 75' lang='lat' dir='ltr'><strong>propitiationem.</strong></span> 
     </span>
     <span class='ocr_line' id='line_1_61' title="bbox 686 5478 3289 5549; baseline -0.003 -1"><span class='ocrx_word' id='word_1_538' title='bbox 686 5500 836 5549; x_wconf 73' lang='lat' dir='ltr'><strong>rou.</strong></span> <span class='ocrx_word' id='word_1_539' title='bbox 882 5499 975 5546; x_wconf 77' lang='lat' dir='ltr'><strong>iv.</strong></span> <span class='ocrx_word' id='word_1_540' title='bbox 3211 5478 3289 5540; x_wconf 68' lang='lat'><strong>20</strong></span> 
     </span>
    </p>
   </div>
  </div>
 </body>
</html>
