4185 6288
1287 430 1483 499 nls'r.
1529 430 1633 497 lx.
1676 428 1858 497 ΛΒΤ.
1902 430 1982 495 11.
2027 427 2334 508 QUAEST.
2374 428 2454 493 11.

289 570 477 632 autem
503 568 599 630 est
621 565 829 649 ipsius
854 565 1092 648 latriae,
1130 567 1363 632 offerre
1392 585 1410 632 z
1440 584 1600 648 ergo
1628 564 1806 631 vide·

287 678 375 738 tm·
394 673 563 757 quod
587 691 785 739 omne
804 692 974 756 opus
1000 674 1245 739 bonum
1270 673 1353 738 ait
1378 673 1583 739 latriae
1608 691 1626 738 t
1649 691 1811 755 ergo

284 780 445 845 latria
466 786 561 844 est
588 781 797 845 virtus
825 781 1170 862 generalis.

347 894 403 953 3.
470 889 628 952 Item
685 889 1082 972 quicumque
1134 889 1346 954 obedit
1390 889 1519 953 Deo
1540 935 1561 967 ,
1619 887 1815 952 servit

278 994 393 1063 neo
419 1017 435 1059 ε
466 995 579 1060 sed
598 995 877 1060 servitus
900 996 1015 1060 soli
1041 996 1168 1060 Deo
1193 995 1426 1074 debita,
1456 1000 1551 1060 est
1577 995 1762 1059 latria
1790 1015 1805 1057 ε

274 1121 422 1184 ergo
459 1105 673 1168 omnis
716 1108 897 1167 actus
951 1123 1083 1187 quo
1126 1103 1252 1168 Deo
1303 1101 1674 1179 obedimus,
1719 1106 1817 1165 est

271 1215 441 1274 actus
480 1209 687 1274 latriae
730 1227 935 1292 :ergo
964 1209 1147 1274 latria
1172 1228 1242 1274 se
1269 1208 1552 1274 extendit
1591 1207 1672 1272 ad
1715 1226 1816 1272 ac-

271 1321 405 1381 tum
439 1317 653 1381 omnis
691 1315 949 1382 virtutis
990 1322 1053 1379 et
1094 1316 1394 1400 praecepti
1428 1335 1446 1381 :
1478 1332 1638 1397 ergo
1683 1332 1814 1379 nou

269 1429 358 1488 est
383 1423 594 1487 virtus
618 1422 937 1506 specialis,
970 1423 1083 1487 sed
1109 1422 1449 1503 generalis.

343 1535 404 1594 4.
438 1528 599 1594 Item
628 1522 1054 1612 quincumque
1080 1529 1225 1593 facit
1252 1528 1397 1612 quis
1424 1527 1505 1591 ad
1533 1526 1811 1609 gloriam

262 1637 405 1714 Dei,
451 1638 599 1702 tacit
642 1637 725 1700 ad
763 1637 1011 1701 cultum
1048 1637 1203 1702 Dei:
1243 1638 1351 1703 sed
1393 1636 1813 1720 omniaquae-

261 1763 537 1827 cumque
574 1744 739 1809 bene
770 1745 1067 1824 facimus,
1112 1746 1379 1809 facimus
1422 1744 1503 1809 ad
1540 1743 1814 1825 gloriam

260 1851 395 1930 Dei,
427 1855 503 1915 ut
528 1851 684 1917 dicit
710 1851 1084 1934 Apostolus¹
1119 1872 1135 1916 ε
1176 1853 1410 1918 Omnia
1445 1854 1519 1918 in
1543 1851 1817 1934 aleriam

262 1958 380 2024 Dei
415 1960 611 2038 tacite
641 1978 668 2019 .·
710 1975 869 2038 ergo
912 1974 1105 2022 omne
1147 1976 1310 2041 opus
1354 1957 1673 2025 laudabile
1719 1962 1818 2022 est

260 2082 425 2146 opus
450 2063 656 2128 latriae
687 2081 706 2126 z
743 2081 906 2144 ergo
938 2061 1123 2127 latria
1156 2064 1413 2131 videtur
1448 2082 1587 2131 esse
1613 2082 1816 2146 gene·-

262 2171 418 2236 ralis
441 2171 702 2236 habitus
726 2170 810 2236 ad
834 2188 1057 2236 omnes
1081 2171 1371 2236 virtutes.

814 2403 1267 2473 CONCLUSIO.

264 2588 498 2649 Lati-ia,
539 2588 603 2642 ut
640 2587 864 2658 respicit
898 2586 1061 2641 Derim
1116 2600 1223 2641 non
1283 2586 1435 2641 modo
1473 2585 1570 2642 sub
1603 2588 1819 2641 ratione

336 2678 462 2745 fim‘s
488 2678 539 2731 et
566 2675 792 2748 objecti,
819 2673 913 2731 scd
946 2674 1043 2730 sub
1080 2678 1294 2731 ratione
1330 2673 1703 2741 honorabilis,
1741 2679 1817 2730 est

338 2768 514 2821 virm
538 2764 814 2836 specialis.

349 2928 531 3012 Reap.
579 2929 661 2993 ad
693 2945 834 3010 arg.
882 2927 1230 2992 Dicendum
1274 2926 1446 3008 quod
1485 2925 1669 2990 latria
1698 2944 1817 2990 no-

266 3034 471 3099 minat
497 3035 827 3113 habitum3
859 3035 1150 3099 nominat
1175 3033 1369 3097 etiam
1394 3031 1640 3096 cultum
1681 3030 1812 3112 Dei,

267 3142 349 3208 ad
377 3162 572 3225 quem
598 3141 708 3207 ille
746 3141 1004 3207 habitus
1041 3140 1396 3206 ordinatur.
1447 3137 1672 3205 Cultus
1706 3159 1818 3204 au·

266 3255 397 3314 tem
446 3251 562 3318 Dei
602 3254 806 3334 potest
845 3248 1040 3331 accipi
1085 3247 1416 3331 tripliciter
1446 3271 1461 3311 z
1495 3246 1815 3327 generali-

264 3362 395 3434 ter,
445 3357 731 3439 proprie,
764 3360 829 3420 et
873 3355 1086 3437 magis
1118 3354 1396 3436 proprie.
1447 3353 1586 3418 Uno
1628 3353 1818 3418 modo

265 3464 500 3531 dicitur
537 3464 751 3531 cultus
799 3467 979 3528 actus
1018 3462 1295 3526 directus
1334 3461 1398 3525 in
1447 3461 1650 3526 Deum
1692 3459 1817 3525 sub

264 3571 512 3636 ratione
537 3571 686 3635 finis
722 3593 737 3633 z
769 3574 832 3634 et
862 3569 954 3633 sic
992 3574 1091 3634 est
1126 3568 1336 3632 omnis
1374 3567 1649 3632 virtutis.
1676 3567 1817 3631 Alio

266 3677 461 3742 modo
495 3677 735 3742 dicitur
772 3678 982 3743 cultus
1017 3677 1138 3742 Dei
1174 3679 1350 3739 actus
1388 3675 1459 3737 in
1489 3674 1693 3738 Deum
1720 3673 1817 3737 di-

266 3791 477 3850 rectus
526 3803 663 3850 non
707 3783 917 3849 solum
958 3784 1201 3847 ratione
1246 3781 1393 3846 flnis
1411 3829 1428 3858 ,
1472 3780 1578 3846 sed
1625 3782 1817 3846 etiam

269 3892 495 3975 ochcti
534 3914 550 3955 ε
584 3893 649 3954 et
686 3889 776 3953 sic
808 3893 904 3953 est
928 3888 1247 3953 virtutum
1287 3887 1814 3970 theologicarum.

270 3999 483 4065 Tertio
525 3997 718 4063 modo
745 3997 951 4063 cultus
997 3998 1118 4062 Dei
1156 3996 1388 4060 dicitur
1427 3997 1641 4077 magis
1669 4015 1816 4079 pro·

269 4108 403 4190 prie
431 4111 614 4171 actus
643 4104 918 4169 directus
944 4104 1015 4167 in
1045 4103 1248 4167 Deum
1277 4122 1408 4168 non
1460 4103 1669 4169 solum
1698 4105 1818 4168 sub

270 4215 516 4279 ratione
545 4213 695 4278 finis
715 4216 780 4277 et
802 4212 1059 4296 objecti,
1085 4212 1194 4276 sed
1213 4211 1404 4278 etiam
1431 4212 1552 4276 suh
1576 4211 1821 4277 ratione

270 4321 663 4387 honorabilis
694 4341 709 4385 z
740 4325 805 4385 et
839 4320 987 4384 talis
1024 4323 1203 4384 actus
1241 4324 1337 4382 est
1374 4323 1553 4383 actus
1594 4319 1823 4384 adora·-

271 4431 482 4511 tionis,
535 4433 598 4495 et
637 4430 727 4494 sic
773 4434 868 4494 est
915 4428 1175 4493 virtutis
1219 4427 1505 4510 specialis
1542 4448 1557 4491 :
1597 4431 1662 4492 et
1700 4427 1821 4491 hoc

275 4540 463 4605 modo
488 4543 585 4603 est
616 4538 817 4622 ipsius
854 4537 1079 4602 latriae.
1126 4536 1307 4601 Sicut
1346 4536 1519 4600 enim
1566 4534 1825 4600 idolola-

274 4648 397 4711 tria
421 4665 553 4713 nou
578 4647 809 4712 dicitur
831 4644 1283 4728 quodcumque
1312 4646 1671 4725 peccatum,
1712 4643 1821 4707 sed

275 4753 432 4818 illud
469 4772 599 4836 quo
629 4758 922 4819 creatura
956 4752 1294 4830 adoratum
1327 4750 1417 4814 sic
1463 4750 1647 4814 latria
1692 4767 1824 4813 non

277 4860 509 4926 dicitur
545 4862 941 4944 quicumque
978 4859 1266 4938 habitus,
1299 4857 1408 4921 sed
1447 4855 1554 4921 ille
1593 4874 1823 4921 secun-

342 5050 362 5085 ¹
390 5051 403 5097 Ι
434 5050 565 5114 Gor„
590 5064 640 5113 1,
662 5054 739 5104 3¹.
758 5077 809 5088 -
829 5050 853 5084 ¹
876 5049 1025 5114 Aug„
1048 5048 1108 5099 de
1139 5046 1296 5098 civil.
1330 5045 1437 5107 Dei,
1467 5043 1557 5095 lib.
1587 5045 1649 5108 X,
1680 5047 1820 5102 c.1v‚

281 5113 448 5178 quoad
474 5127 691 5167 sensum.

3351 433 3472 494 nu

1918 565 2078 631 dum
2114 582 2310 647 quem
2350 562 2562 628 cultus
2602 563 2989 630 adorationis
3033 565 3161 630 Deo
3199 565 3471 630 exhibe-

1924 677 2053 738 tur.
2107 671 2185 736 Et
2229 670 2370 735 ideo
2415 671 2886 737 concedendum
2930 677 3025 738 est
3072 673 3245 757 quod
3287 672 3474 737 latria

1920 782 2016 843 est
2059 776 2346 860 specialis
2390 776 2614 854 virtus,
2660 781 2919 861 propter
2963 779 3088 842 hoc
3108 828 3127 859 ,
3172 779 3346 862 quod
3388 779 3471 844 ad

1919 884 2126 966 ipsam
2194 887 2433 966 spectat
2477 883 2690 948 cultus
2732 884 2841 949 Dei
2895 885 3248 950 secundum
3298 884 3472 968 quod

1920 990 2152 1055 dicitur
2168 990 2376 1071 magis
2400 991 2674 1073 proprie,
2701 991 2991 1057 videlicet
3018 1011 3135 1076 pro
3157 992 3297 1076 ipsa
3324 993 3470 1056 ado-

1920 1097 2188 1162 ratione.
2260 1095 2339 1160 Et
2389 1096 2807 1162 concedendae
2858 1103 3009 1163 sunt
3059 1099 3342 1165 rationes
3390 1099 3470 1164 ad

1920 1202 2044 1267 hoc
2074 1203 2374 1266 inductas.

2006 1316 2063 1373 1.
2095 1309 2193 1373 Ad
2223 1308 2380 1373 illud
2409 1309 2582 1392 quod
2617 1309 2943 1393 objicitur,
2974 1310 3145 1393 quod
3171 1310 3339 1375 Deus
3363 1329 3475 1376 co—

1920 1416 2073 1482 litur
2099 1417 2259 1495 fide,
2289 1434 2400 1499 spe
2441 1421 2505 1479 et
2547 1416 2885 1496 charitate,
2921 1417 3260 1517 dicendum
3299 1418 3473 1502 quod

1920 1524 2133 1589 cultus
2172 1524 2284 1588 Dei
2329 1541 2461 1588 non
2501 1523 2810 1606 accipitur
2849 1524 2941 1588 ibi
2986 1525 3067 1589 ab
3108 1524 3473 1606 Augustino

1920 1633 2011 1699 ita
2052 1633 2269 1698 stricte
2284 1681 2305 1712 ‚
2353 1634 2521 1699 sicut
2569 1634 2638 1698 in
2683 1633 3061 1699 diffinitione
3104 1633 3308 1699 latriae
3329 1682 3349 1712 ,
3399 1638 3474 1699 ut

1922 1746 2297 1826 praetactum
2337 1748 2434 1807 est
2478 1760 2495 1805 ε
2526 1746 2591 1807 et
2629 1741 2771 1806 ideo
2801 1761 2934 1806 non
2972 1742 3264 1825 sequitur
3298 1743 3474 1825 quod

1920 1848 2106 1914 latria
2148 1849 2230 1913 sit
2279 1850 2598 1932 generalis
2644 1850 2851 1916 virtus
2898 1850 2976 1914 ad
3025 1855 3153 1915 tres
3201 1850 3474 1916 virtutes

1921 1958 2333 2039 theologicas.

2002 2072 2065 2132 2.
2098 2065 2194 2130 Ad
2221 2065 2379 2132 illud
2406 2066 2578 2149 quod
2606 2066 2903 2149 objicitur
2934 2067 3006 2131 iu
3032 2068 3423 2134 contrarium
3448 2118 3468 2148 ,

1921 2172 2095 2256 quod
2145 2174 2528 2238 sacrificium
2581 2174 2853 2239 offertur
2904 2174 3030 2240 Deo
3075 2177 3144 2241 in
3190 2177 3474 2259 quolibet

1924 2280 2094 2345 bono
2120 2298 2332 2363 opere,
2363 2279 2706 2345 dicendum
2732 2281 2906 2364 quod
2935 2282 3099 2348 sicut
3122 2282 3338 2349 cultus
3361 2285 3474 2350 Dei

1923 2387 2359 2470 multipliciter
2390 2387 2651 2466 dicitur,
2685 2389 2780 2453 sic
2810 2395 2873 2453 et
2913 2390 3318 2454 sacrificium.
3361 2390 3473 2456 Est

1921 2493 2096 2558 enim
2126 2494 2508 2558 sacrificium
2537 2495 2723 2558 bonae
2748 2496 3154 2578 operationis„
3185 2499 3249 2560 et
3275 2498 3469 2561 sacri-

1924 2600 2144 2663 ficium
2177 2599 2422 2665 devotae
2460 2601 2792 2678 orationis,
2832 2607 2898 2666 et
2922 2603 3307 2667 sacrificium
3338 2604 3469 2668 im-

1924 2707 2283 2771 molationis
2316 2730 2331 2771 :
2364 2708 2649 2791 primum
2675 2714 2772 2773 est
2797 2711 3112 2789 virtutum
3136 2711 3464 2792 omnium;

1924 2814 2279 2880 aecundum
2305 2820 2400 2878 est
2426 2816 2738 2880 virtutum
2759 2816 3302 2901 theologicarum
3337 2825 3471 2884 ter-

1923 2922 2089 2987 tium
2117 2926 2358 3005 spectat
2389 2923 2472 2986 ad
2495 2924 2702 3006 ipsam
2733 2924 3007 2989 latriam.
3060 2925 3267 3008 Ipsius
3294 2927 3470 2992 enim

1921 3030 2126 3094 latriae
2164 3033 2259 3093 est
2297 3030 2678 3094 sacrificium
2726 3030 2957 3096 offerre
3001 3030 3128 3096 Deo
3177 3055 3193 3095 ε
3240 3036 3305 3097 et
3347 3032 3472 3100 hoc

1922 3138 2304 3203 sacrificium
2335 3137 2454 3203 soli
2481 3137 2608 3202 Deo
2632 3137 2899 3204 debetur
2913 3186 2931 3217 ,
2960 3140 3124 3205 sicut
3147 3140 3297 3206 dicit
3328 3142 3471 3207 Au-

1923 3247 2224 3326 gustinus
2239 3248 2262 3280 '
2277 3294 2297 3324 ,
2344 3251 2409 3311 et
2452 3245 2653 3313 latria
2692 3246 2843 3311 dicit
2886 3247 3134 3312 cultum
3176 3247 3294 3313 soli
3343 3247 3472 3316 Deo

1923 3354 2236 3419 debitum.

2006 3469 2064 3527 3.
2116 3461 2213 3525 Ad
2242 3461 2414 3525 'illud
2462 3461 2633 3543 quod
2670 3460 3000 3544 objicitur,
3043 3462 3217 3544 quod
3261 3463 3473 3527 omnis

1924 3570 2037 3653 qui
2066 3569 2279 3634 obedit
2306 3568 2465 3646 Deo,
2499 3568 2696 3632 servit
2732 3569 2889 3646 Dec,
2932 3568 3274 3634 dicendum
3298 3570 3470 3652 quod

1924 3694 2156 3741 verum
2178 3680 2305 3755 est3
2326 3694 2408 3740 ex
2427 3675 2548 3739 hoc
2574 3680 2790 3739 tamen
2820 3692 2949 3739 non
2979 3676 3269 3759 sequitur
3296 3677 3473 3759 quod

1924 3783 2136 3848 omnis
2163 3782 2518 3848 obedientia
2550 3782 2631 3846 sit
2666 3783 2854 3846 latria
2885 3804 2899 3847 ε
2942 3783 3094 3865 quia
3119 3785 3475 3850 obedientia

1926 3909 2058 3955 non
2101 3889 2312 3955 solum
2353 3890 2506 3954 dicit
2539 3889 2911 3956 servitutem
2956 3892 3077 3975 ipsi
3111 3892 3240 3957 Deo
3287 3893 3472 3957 debi-

1924 4005 2058 4065 tam
2079 4050 2099 4081 ,
2130 4000 2458 4065 sed-etiam
2490 3998 2864 4063 servitutem
2887 3999 2991 4063 his
3018 4000 3130 4082 qui
3159 4004 3311 4063 sunt
3335 4000 3474 4065 loco

1925 4109 2061 4188 Dei,
2092 4111 2167 4172 ut
2193 4107 2491 4190 praelatis,
2523 4105 2732 4170 Latria
2763 4109 2981 4170 autem
3017 4107 3168 4171 dicit
3193 4107 3470 4171 servitu-

1925 4219 2057 4280 tem
2086 4214 2201 4280 soli
2228 4215 2356 4279 Deo
2386 4213 2666 4277 debitam
2701 4233 2718 4278 ε
2749 4216 2813 4277 et
2838 4212 2980 4277 ideo
3015 4214 3176 4278 ratio
3206 4213 3317 4277 illa
3342 4231 3475 4279 nou

1926 4324 2118 4402 valet,
2149 4323 2256 4387 sed
2283 4324 2498 4405 peccat
2524 4319 2881 4385 secundum
2906 4338 3320 4402 consequens.

2008 4438 2071 4498 4.
2102 4431 2197 4496 Ad
2225 4430 2381 4494 illud
2408 4430 2578 4511 quod
2607 4428 2930 4511 objicitur,
2951 4429 3122 4512 quod
3147 4445 3475 4512 quaecum·

1928 4559 2054 4623 que
2084 4540 2250 4603 flunt
2288 4537 2366 4601 ad
2409 4537 2682 4619 gloriam
2712 4536 2857 4617 Dei,
2903 4538 3071 4601 flunt
3106 4537 3186 4601 ad
3224 4536 3473 4602 cultum

1927 4647 2063 4724 Dei,
2092 4649 2266 4729 patet
2290 4643 2612 4728 responsio
2634 4661 2748 4727 per
2764 4645 2905 4726 jam
2927 4643 3092 4708 dicta
3118 4666 3133 4707 ι
3165 4642 3472 4726 quoniam

1928 4755 2140 4820 cultus
2174 4752 2481 4834 accipitur
2523 4751 2613 4815 ibi
2641 4750 3023 4831 generaliter
3049 4768 3162 4831 pro
3187 4752 3335 4816 actu
3362 4768 3473 4814 or-

1928 4863 2146 4929 dinato
2179 4861 2247 4925 in
2277 4859 2482 4925 Deum
2524 4863 2831 4941 tanquam
2882 4859 2951 4922 in
2976 4859 3212 4938 finem3
3242 4858 3313 4924 in
3347 4858 3471 4926 dif-

1930 4969 2220 5035 finitione
2246 4971 2462 5033 autem
2503 4965 2705 5031 latriae
2739 4965 3048 5049 accipitur
3074 4964 3286 5050 magis
3321 4985 3472 5051 pro-

1929 5079 2087 5162 prie,
2118 5074 2470 5141 secundum
2495 5073 2667 5156 quod
2690 5072 2933 5138 dictum
2957 5077 3072 5139 est.
