4185 6288
1349 510 1542 578 DIST.
1591 509 1640 575 1.
1683 508 1866 577 ΛΒΤ.
1912 509 1991 576 ΙῙ.
2037 508 2338 588 QUAEST.
2385 512 2463 577 n.
3419 523 3499 583 25

309 653 414 720 ret.
463 651 656 718 Nunc
699 654 923 718 autem
967 660 1333 734 congruum
1377 655 1473 716 aet
1520 652 1584 714 et
1627 649 1855 713 decens

309 763 500 829 Deum
523 760 738 825 multa
764 776 962 843 opera
986 759 1192 824 facere
1214 757 1593 822 miraculose
1619 755 1700 821 ad
1725 776 1857 821 ma-

305 869 776 935 nifoetationem
818 884 957 931 suae
1004 864 1302 949 potentiae
1347 883 1466 947 pro
1513 865 1858 929 conflrma-

300 978 470 1042 tione
516 974 672 1040 fidei
715 976 954 1039 nostrae
987 994 1005 1037 ε
1049 973 1140 1037 sic
1183 972 1376 1036 etiam
1419 974 1488 1037 in
1532 972 1858 1056 proposito

300 1082 800 1165 intelligendum
832 1085 948 1157 est,
987 1080 1153 1144 sicut
1181 1080 1404 1144 dicunt
1435 1080 1657 1143 sancti.
1697 1079 1857 1156 Quia

303 1209 460 1273 ergo
516 1190 718 1255 homo
768 1206 885 1273 per
929 1192 1264 1272 peccatum
1316 1187 1587 1252 interius
1633 1186 1859 1251 lumen

301 1298 707 1362 obfuscatum
735 1295 1035 1372 habebat,
1073 1297 1138 1360 et
1169 1312 1514 1360 conversus
1547 1295 1756 1359 fuerat
1779 1293 1860 1359 ad

302 1404 662 1484 sensibilia,
697 1407 763 1469 et
794 1403 907 1467 illa
939 1402 1218 1483 amabat,
1253 1402 1399 1467 ideo
1436 1400 1602 1466 Deus
1633 1401 1858 1465 invisi-

301 1512 446 1577 bilis
467 1511 685 1576 factus
712 1515 807 1575 oet
830 1509 1102 1575 visibilis
1124 1510 1196 1573 in
1222 1527 1435 1588 carne,
1464 1514 1539 1573 ut
1568 1527 1684 1592 per
1703 1509 1859 1573 visi-

303 1619 456 1683 bilia
485 1620 821 1684 reduceret
849 1619 928 1682 ad
959 1617 1303 1689 invisibilia
1330 1617 1773 1699 cognoscenda
1799 1621 1863 1682 et

304 1726 606 1792 amanda.
653 1725 734 1791 Et
767 1725 892 1790 hoc
932 1729 1027 1791 est
1045 1773 1063 1802 ,
1103 1724 1279 1809 quod
1322 1724 1476 1789 dicit
1514 1723 1862 1806 Gregorius

303 1836 374 1900 in
400 1834 687 1919 quadam
716 1833 1087 1918 praefatione
1104 1842 1171 1897 ¹:
1211 1833 1288 1900 Ut
1321 1831 1479 1899 dum
1512 1830 1866 1899 visibiliter

304 1945 527 2011 Deum⁴
554 1944 984 2025 cognoscimus
1000 1990 1022 2021 ‚
1065 1957 1182 2025 per
1220 1939 1391 2007 hunc
1431 1942 1509 2007 in
1550 1939 1863 2007 invisibi-

308 2051 471 2117 lium
496 2065 779 2117 ornarem
804 2051 1168 2132 rapiamur.

388 2163 449 2222 4.
480 2158 584 2222 Ad
611 2157 774 2223 illud
798 2158 974 2241 quod
996 2156 1369 2241 opponitur,
1393 2154 1568 2239 quod
1591 2155 1683 2219 ita
1707 2154 1869 2220 dim-

310 2266 426 2330 cile
461 2271 561 2330 est
585 2266 941 2349 promereri
973 2265 1178 2331 vitam
1209 2269 1542 2343 aeternam,
1571 2265 1736 2328 sicut
1763 2282 1867 2328 sa-

312 2373 599 2439 tisfacere
625 2386 745 2457 pro
769 2374 1034 2454 offensa,
1065 2373 1408 2438 dicendum
1435 2373 1608 2456 quod
1630 2370 1864 2437 falsum

313 2487 426 2558 est,
465 2481 626 2564 quia
668 2481 748 2545 ad
795 2481 1102 2545 meritum
1139 2480 1292 2546 vitae
1333 2483 1594 2545 aeternae
1634 2478 1872 2543 sufficit

314 2589 774 2673 complacentia
790 2595 816 2630 ¹
854 2606 939 2653 ex
977 2592 1169 2672 parte,
1195 2586 1539 2667 merentis3
1583 2588 1663 2651 ad
1703 2586 1872 2650 hanc

315 2702 532 2761 autem
559 2695 1090 2780 complacentiam
1121 2695 1358 2760 sufficit
1390 2694 1599 2775 gratia
1626 2693 1868 2758 divina.

318 2804 394 2869 Et
416 2806 578 2891 quia
605 2804 898 2871 divinam
936 2806 1213 2886 gratiam
1250 2806 1496 2887 poterat
1529 2801 1726 2867 homo
1755 2802 1871 2865 ha·-

317 2915 465 2979 bere
507 2930 628 2996 per
671 2912 1042 2976 missionem
1080 2910 1356 2995 Spiritus
1391 2912 1590 2977 sancti
1626 2915 1690 2976 et
1729 2910 1875 2978 Filii

318 3022 388 3087 in
433 3024 757 3098 mentem,
805 3020 1044 3102 absque
1083 3019 1228 3085 Filii
1276 3019 1578 3084 missione
1618 3020 1686 3083 in
1735 3039 1876 3085 car-

323 3148 506 3209 nem;
545 3127 709 3194 hinc
738 3132 834 3194 est
866 3127 1036 3211 quod
1069 3126 1151 3192 ad
1181 3127 1631 3211 perfectionem
1665 3127 1877 3192 meriti

323 3237 473 3303 vitae
500 3240 766 3302 aeternae
793 3254 926 3301 non
952 3236 1235 3320 oportuit
1254 3236 1757 3301 incarnationem
1784 3236 1879 3300 in-

325 3345 668 3411 tervenire.
699 3344 801 3410 Ad
827 3343 1344 3409 satisfaciendum
1370 3349 1587 3410 autem
1614 3362 1742 3409 non
1772 3362 1878 3408 so-

325 3455 464 3519 lum
487 3453 849 3537 requiritur
867 3452 1037 3536 quod
1070 3452 1457 3516 satisfaciens
1481 3451 1746 3536 placeat,
1772 3453 1880 3518 sed

329 3562 498 3645 quod
530 3561 848 3627 damnum
879 3577 1362 3643 recompensare
1396 3560 1627 3639 valeat,
1669 3563 1733 3624 et
1763 3561 1880 3625 ho-

329 3688 557 3736 norem
584 3670 714 3735 Deo
749 3669 1075 3735 sublatum
1108 3668 1423 3749 restituat,
1462 3669 1625 3733 sicut
1653 3669 1883 3733 melius

333 3780 589 3844 videtur
611 3777 782 3842 infra
799 3778 820 3813 ⁸
857 3799 873 3841 z
906 3779 971 3841 et
989 3776 1132 3842 ideo
1152 3794 1286 3841 non
1311 3776 1436 3841 fuit
1460 3779 1636 3841 tanta
1665 3795 1886 3840 neces-

334 3886 481 3951 sitas
507 3885 968 3950 incarnationis
991 3888 1251 3968 propter
1281 3884 1718 3949 necessitatem
1746 3903 1885 3949 me-

335 3993 513 4058 rendi
532 4042 552 4073 ,
610 3992 777 4057 sicut
829 3995 1090 4075 propter
1147 3993 1581 4056 necessitatem
1639 3991 1884 4056 satisfa-

336 4101 566 4167 ciendi.
599 4100 680 4166 Et
706 4101 878 4184 quod
912 4099 1069 4164 illud
1103 4101 1187 4163 sit
1211 4118 1466 4177 verum,
1501 4100 1766 4184 planum
1795 4103 1890 4165 est

333 4213 398 4275 in
443 4208 727 4292 angelis,
779 4225 1060 4291 quorum
1105 4213 1337 4273 natura
1380 4225 1516 4273 non
1568 4213 1663 4273 est
1709 4209 1890 4273 unita

331 4317 566 4394 Verb0,
594 4321 660 4381 et
683 4321 901 4381 tamen
928 4321 1304 4381 meruerunt
1328 4316 1529 4381 vitam
1555 4319 1883 4381 aeternam.

336 4427 707 4512 Propterea,
746 4429 881 4490 esto
913 4426 1086 4508 quod
1122 4429 1318 4490 tantae
1358 4425 1743 4490 difficultatis
1784 4426 1886 4504 sit,

337 4554 465 4602 non
492 4540 717 4599 tamen
755 4536 1005 4617 oportet
1027 4532 1199 4617 quod
1225 4535 1484 4617 propter
1516 4533 1639 4597 hoc
1670 4551 1887 4597 neces-

338 4642 510 4707 saria
551 4641 636 4705 sit
679 4640 1063 4720 incarnatio,
1116 4658 1234 4724 pro
1279 4659 1355 4706 eo
1401 4640 1575 4723 quod
1620 4638 1894 4722 Spiritus

341 4754 601 4816 sanctus
633 4749 792 4832 ipse,
823 4749 936 4832 qui
963 4767 1078 4832 per
1111 4748 1479 4813 charitatem
1510 4752 1728 4814 movet
1752 4750 1892 4814 ani·

343 4877 544 4939 mam,
576 4857 845 4940 dignam
880 4875 1021 4921 eam
1054 4856 1201 4921 facit
1225 4856 1432 4939 gloria
1457 4856 1842 4940 sempiterna
1875 4879 1891 4922 ε

345 4968 517 5033 unde
544 4968 853 5030 neutrum
875 4965 950 5028 flt
973 4963 1113 5028 sine
1137 4964 1439 5030 missione
1463 4964 1737 5047 alicujus
1759 4984 1897 5048 per-

347 5093 522 5140 sonae
550 5095 569 5139 :
605 5074 715 5138 sed
750 5072 830 5137 ad
867 5073 1377 5138 satisfaciendum
1417 5073 1770 5137 necessaria
1803 5077 1899 5137 est

350 5181 569 5247 missio
596 5181 670 5245 in
695 5199 976 5262 carnem,
1006 5181 1181 5264 quia,
1213 5181 1377 5246 sicut
1408 5180 1608 5246 iufra*
1635 5180 1893 5264 patebit,

350 5288 971 5370 congruentissimus
1021 5288 1255 5354 modus
1307 5287 1431 5353 fuit
1481 5287 1899 5354 satisfaciendi

419 5427 437 5461 ¹
459 5429 516 5478 ln
536 5421 690 5488 Proes.
719 5423 889 5475 Nativ-
917 5425 1127 5475 Dom.—
1152 5426 1175 5461 ⁸
1198 5424 1252 5476 td
1268 5427 1365 5487 est,
1384 5425 1524 5489 quod
1543 5425 1630 5489 qui
1655 5430 1897 5488 meretur,

417 5499 483 5563 (a)
517 5499 640 5548 eat.
660 5496 783 5546 edit.
805 5497 941 5564 qnia.

1961 666 2078 731 per
2112 652 2383 713 mortem
2423 653 2487 714 et
2520 650 2898 733 passionem,
2936 653 3101 717 sicut
3135 671 3499 736 congruen-

1961 755 2248 820 tissimus
2275 756 2502 821 modus
2523 761 2617 822 est
2644 759 2721 823 ad
2748 761 3128 826 merendum
3153 780 3269 846 per
3292 762 3500 827 chari-

1963 867 2160 927 tatem
2185 868 2249 928 et
2278 865 2695 930 dilectionem.

2045 976 2106 1036 5.
2148 972 2245 1036 Ad
2281 972 2435 1038 illud
2472 974 2642 1058 quod
2678 976 3044 1059 opponitur,
3082 978 3253 1061 quod
3288 978 3505 1043 anima

1967 1077 2194 1143 Christi
2243 1080 2424 1146 educi
2481 1082 2699 1146 debuit
2746 1084 3079 1168 principali
3129 1086 3501 1166 intentione,

1966 1186 2305 1251 dicendum
2327 1188 2495 1272 quod
2520 1188 2705 1264 Deus,
2727 1191 2839 1273 qui
2865 1191 2945 1274 (α)
2975 1192 3056 1256 ab
3078 1196 3319 1257 aeterno
3346 1211 3507 1277 pras·

1965 1292 2153 1356 scivit
2168 1292 2419 1376 lapsum
2434 1295 2701 1360 humani
2721 1299 2996 1378 generis,
3013 1299 3156 1363 ideo
3171 1300 3339 1377 fecit,
3357 1300 3510 1383 quia

1969 1417 2038 1464 se
2062 1407 2592 1484 recuperaturum
2625 1404 2928 1486 cognovit
2959 1427 2974 1468 ε
3011 1409 3075 1469 et
3106 1405 3248 1469 ideo
3274 1406 3509 1489 princi-

1969 1507 2178 1590 palius
2193 1508 2260 1572 in
2277 1509 2630 1575 intentione
2646 1512 2768 1575 fuit
2783 1512 3097 1595 reparatio
3114 1512 3295 1596 lapsi,
3313 1531 3511 1596 quam

1969 1615 2246 1681 conditio
2267 1619 2408 1700 ejus
2430 1618 2508 1682 ad
2531 1618 2781 1702 lapsum
2807 1618 3136 1703 possibilis.
3160 1619 3237 1684 Et
3258 1622 3515 1702 propter

1969 1722 2091 1787 hoc
2117 1742 2248 1788 non
2284 1724 2593 1807 sequitur,
2624 1725 2793 1807 quod
2829 1725 2993 1790 Deus
3028 1743 3159 1789 non
3190 1726 3513 1810 praedesti-

1974 1831 2225 1896 naverit
2246 1831 2567 1896 Christum
2591 1832 3048 1915 principaliter,
3072 1832 3234 1898 sicut
3252 1837 3313 1897 et
3334 1833 3511 1911 alios,

1972 1941 2106 2005 imo
2133 1940 2412 2004 multum
2437 1940 2871 2023 principalius.
2894 1938 3030 2004 Hoc
3052 1940 3225 2004 enim
3250 1945 3512 2020 teneret,

1973 2047 2029 2110 si
2066 2045 2233 2113 Deus
2269 2048 2337 2111 in
2377 2047 2735 2113 conditione
2775 2047 3032 2129 generis
3073 2047 3343 2112 humani
3388 2064 3519 2112 non

1974 2155 2516 2238 praecognovisset
2554 2173 2780 2219 eorum
2816 2153 3067 2237 lapsum
3097 2172 3115 2215 z
3159 2158 3315 2219 tunc
3343 2154 3519 2220 enim

1976 2263 2159 2345 quasi
2195 2267 2431 2346 praeter
2464 2261 2882 2328 intentionem
2917 2261 3328 2328 subsecutum
3358 2262 3517 2327 fuis-

1975 2374 2090 2435 set.
3163 2401 3172 2411 ·

2056 2485 2118 2546 6.
2150 2479 2247 2545 Ad
2272 2479 2431 2545 illud
2455 2480 2626 2562 quod
2653 2480 3018 2563 opponitur,
3044 2477 3213 2561 quod
3237 2477 3524 2543 humana

1979 2592 2212 2652 natura
2251 2590 2346 2651 aet
2387 2588 2660 2652 exaltata
2699 2592 2956 2669 propter
2993 2586 3519 2664 incarnationem,

1981 2695 2325 2760 dicendum
2369 2697 2544 2779 quod
2584 2696 2824 2778 absque
2867 2694 3062 2759 dubio
3106 2712 3338 2757 verum
3382 2699 3520 2760 est:

1981 2804 2089 2868 sed
2127 2820 2209 2867 ex
2249 2802 2372 2867 hoc
2412 2820 2544 2867 non
2582 2802 2873 2885 sequitur
2906 2801 3078 2885 quod
3109 2801 3528 2883 reportaverit

1982 2929 2065 2976 ex
2091 2911 2335 2975 malitia
2358 2909 2792 2985 commodum,
2818 2907 2971 2993 quia
2993 2907 3114 2972 hoc
3139 2926 3274 2973 non
3299 2908 3421 2973 fuit
3446 2926 3530 2973 ex

1984 3035 2103 3081 sua
2138 3016 2408 3095 malitia,
2446 3016 2557 3081 sed
2591 3033 2674 3080 ex
2711 3033 2969 3079 summa
3008 3014 3398 3097 benignitate
3435 3014 3529 3079 di-

1985 3124 2138 3190 vina
2180 3128 2243 3189 et
2279 3123 2607 3207 sapientia.
2655 3123 2819 3202 Quia
2861 3124 3035 3188 enim
3074 3122 3385 3207 sapientia
3420 3121 3528 3187 Dei

1986 3233 2187 3296 vincit
2223 3232 2554 3311 malitiam,
2596 3233 2746 3297 hinc
2782 3237 2876 3297 est
2915 3232 3088 3317 quod
3127 3251 3260 3297 non
3293 3232 3532 3315 patitur

1988 3359 2123 3405 esse
2155 3341 2398 3405 malum
2424 3341 2703 3424 aliquod,
2742 3342 2820 3406 de
2846 3360 2979 3424 quo
3007 3358 3136 3405 non
3176 3341 3382 3405 eliciat
3414 3340 3531 3405 bo-
3606 3407 3609 3410 ,

1989 3466 2174 3529 num,
2207 3454 2271 3513 et
2304 3449 2495 3513 etiam
2520 3451 2733 3531 maJus
2759 3450 3001 3513 bonum
3032 3468 3047 3511 ε
3083 3447 3368 3530 alioquin
3402 3464 3534 3511 non

1990 3558 2265 3640 perfecte
2284 3557 2597 3622 malitiam
2614 3557 2917 3621 vinceret.
2943 3555 3022 3620 Et
3037 3559 3373 3638 propterea
3388 3573 3537 3619 con-

1991 3670 2090 3729 tra
2122 3665 2709 3749 praevaricationem
2738 3663 2917 3742 Adae,
2947 3662 3061 3746 qui
3086 3666 3293 3727 totum
3327 3680 3538 3744 genus

1993 3772 2358 3837 humanum
2399 3772 2646 3852 infecit,
2691 3770 2911 3835 statuit
2949 3769 3395 3835 rectitudinem
3434 3787 3537 3834 se-

1994 3880 2188 3944 cundi
2227 3880 2448 3958 Adae⁸‚
2493 3884 2604 3963 qui
2644 3898 2761 3964 pro
2798 3881 2931 3944 toto
2977 3896 3213 3960 genere
3254 3878 3537 3942 humano

1994 3988 2192 4072 possit
2225 3988 2600 4064 satisfacere,
2636 3992 2700 4052 et
2733 3989 2917 4070 cujus
2947 3986 3302 4052 obedientia
3335 3985 3539 4050 multo

1995 4094 2142 4178 plus
2176 4095 2296 4158 sibi
2329 4095 2624 4179 placeret,
2660 4111 2858 4178 quam
2892 4093 3318 4158 inobedientia
3348 4092 3538 4175 primi

1999 4204 2157 4268 Adae
2194 4205 2400 4287 potuit
2428 4204 2774 4286 displicere.
2811 4202 3114 4268 Similiter
3146 4202 3271 4267 hoc
3303 4202 3426 4267 fuit
3459 4220 3542 4267 ex

1961 4321 1976 4332 ’
1998 4309 2278 4377 bonitate
2312 4311 2553 4391 divina,
2593 4332 2676 4376 ex
2711 4331 2840 4394 qua
2867 4311 3030 4375 Deus
3058 4310 3288 4394 plenus
3321 4311 3417 4373 est
3451 4309 3544 4373 di-

1998 4420 2267 4484 lectione
2293 4423 2357 4484 et
2383 4419 2830 4484 misericordia.
2863 4418 2939 4484 Et
2966 4419 3108 4484 ideo
3135 4418 3547 4500 diligentibus

2001 4547 2091 4609 se,
2122 4547 2284 4612 quos
2314 4533 2564 4593 sanctos
2590 4526 2845 4593 vocavit
2869 4526 3227 4592 secundum
3259 4525 3548 4609 proposi-

2001 4640 2145 4701 tum
2174 4655 2389 4714 suum,
2418 4636 2637 4701 omnia
2677 4635 2825 4700 fecit
2849 4635 2943 4700 eis
2969 4633 3295 4716 cooperari
3327 4633 3399 4697 in
3432 4634 3548 4698 bo-

2002 4761 2165 4807 num
2196 4763 2213 4807 z
2252 4744 2427 4808 unde
2464 4743 2702 4808 Filium
2737 4742 2846 4806 Dei
2882 4741 3201 4806 incarnari
3235 4759 3366 4805 non
3402 4738 3553 4805 fecit

2004 4860 2222 4920 nostra
2273 4855 2550 4936 malitia,
2598 4855 2709 4919 sed
2758 4854 2869 4918 Dei
2912 4853 3187 4917 charitas
3234 4851 3437 4918 nimia
3489 4855 3553 4917 et

2006 4963 2435 5028 misericordia
2453 5011 2471 5041 ,
2528 4962 2881 5027 secundum
2938 4960 3110 5043 quod
3165 4959 3404 5024 dictum
3457 4964 3554 5024 oet

2005 5072 2075 5136 in
2117 5072 2488 5137 auctoritate
2532 5071 2712 5155 prius
2757 5067 2963 5152 posita
2987 5075 3057 5132 ⁶:
3101 5068 3265 5134 Deus
3305 5073 3550 5147 autem,

2006 5183 2125 5263 qui
2163 5180 2347 5247 dives
2386 5184 2479 5246 est
2517 5181 2594 5246 in
2636 5174 3116 5256 misericordia,
3154 5181 3406 5258 propter
3442 5175 3551 5240 m·-

2007 5290 2231 5369 mz’am,
2261 5293 2380 5354 etc.

2010 5423 2120 5472 Deo
2143 5418 2434 5485 placeat.—
2452 5419 2476 5454 ⁸
2502 5418 2629 5470 Dist.
2657 5429 2715 5482 u,
2735 5431 2829 5481 per
2841 5421 3027 5469 totum.
3052 5443 3116 5456 —
3137 5415 3160 5451 ⁸
3184 5416 3309 5466 Dist.
3328 5425 3419 5474 xx,
3437 5428 3492 5478 q.
3513 5424 3553 5463 11

2012 5497 2064 5544 et
2075 5504 2211 5546 1v.-
2225 5491 2246 5526 ⁸
2262 5492 2279 5541 l
2297 5492 2436 5552 Cor„
2453 5494 2612 5555 xv,45
2630 5494 2682 5541 et
2696 5505 2761 5553 s.;
2777 5492 2934 5552 Bm,
2951 5489 3195 5550 v,19.-—⁸
3212 5486 3414 5552 Epkn..
3426 5496 3488 5551 ιι,
3502 5485 3549 5535 4.
