4185 6288
1263 510 1459 577 ols'r.
1497 508 1655 576 xlv.
1695 508 1877 574 ΛΒΤ.
1925 509 2030 574 ΙΙΙ.
2077 510 2375 588 QUAEST.
2424 511 2530 577 111.

289 664 407 722 rae,
457 665 581 711 nec
629 647 868 713 animae
896 647 1148 726 Christi,
1199 665 1318 712 nec
1370 646 1502 711 alii.
1551 645 1630 711 Et
1655 644 1851 710 ratio-

289 773 407 821 nes
441 772 594 837 quae
639 755 766 819 hoc
792 756 1177 836 ostendunt,
1217 758 1372 819 sunt
1408 752 1845 819 conoedcndae.

377 866 436 926 1.
459 863 556 928 Ad
581 864 745 929 illud
769 881 923 928 vero
950 863 1119 945 quod
1143 861 1439 943 objicitur
1472 910 1490 940 ‚
1523 859 1694 943 quod
1734 858 1848 924 de·

292 969 400 1037 dit
428 971 534 1036 illi
568 986 801 1037 nomen
832 970 1004 1052 quod
1044 975 1138 1035 est
1165 983 1359 1049 super
1385 983 1564 1033 omne
1592 981 1844 1040 nomen,

289 1077 631 1142 dicendum
678 1077 851 1160 quod
879 1077 1047 1141 datio
1087 1075 1256 1139 illius
1273 1074 1553 1139 nominis
1585 1073 1708 1137 tuit
1735 1090 1848 1154 per

291 1186 938 1250 communicationem
970 1184 1372 1260 idiomatum,
1404 1186 1479 1246 ut
1513 1181 1710 1245 homo
1734 1180 1839 1245 ille

290 1293 614 1358 diceretur
638 1311 775 1357 aese
797 1291 961 1356 Deus
986 1294 1049 1354 et
1077 1288 1188 1353 Dei
1216 1288 1433 1353 Filius.
1459 1287 1544 1353 De
1571 1288 1690 1351 hac
1715 1307 1836 1352 au·

288 1404 423 1462 tem
479 1398 1057 1463 communicatione
1123 1414 1257 1460 non
1325 1396 1709 1476 intelligitur
1759 1396 1840 1461 ad

289 1523 578 1588 praesens
607 1528 623 1569 t
655 1506 798 1570 ideo
848 1504 1194 1569 auctoritas
1232 1503 1338 1567 illa
1389 1503 1549 1568 nihil
1588 1504 1734 1567 facit
1760 1503 1841 1568 ad

292 1614 714 1696 propositum.

371 1727 430 1785 Ξ.
464 1721 561 1785 Ad
589 1721 749 1785 illud
777 1738 934 1786 vero
961 1719 1132 1802 quod
1172 1717 1491 1801 objicitur,
1523 1718 1695 1801 quod
1723 1737 1835 1801 po-

286 1830 486 1894 tentia
540 1829 852 1895 antecedit
888 1828 1255 1906 scientiam,
1289 1827 1631 1892 dicendum
1665 1828 1837 1911 quod

285 1938 572 2021 potentia
608 1937 840 2002 dicitur
889 1934 1224 2019 dupliciter
1256 1957 1271 1998 :
1317 1939 1606 2017 respectu
1659 1940 1838 1999 actus

285 2044 633 2121 interioris,
664 2048 727 2109 et
755 2047 1045 2126 respectu
1077 2046 1257 2106 actus
1280 2042 1635 2107 exterioris.
1667 2042 1835 2105 Dici-

284 2170 440 2215 mus
462 2152 745 2234 aliquem
799 2168 978 2233 posse
1007 2150 1189 2227 scire,
1221 2154 1285 2214 et
1329 2149 1532 2228 velle;
1563 2149 1837 2214 dicimus

284 2259 478 2323 etiam
529 2277 714 2341 posse
764 2259 1039 2340 operari.
1090 2259 1250 2322 Cum
1299 2275 1461 2338 ergo
1518 2257 1789 2321 dicimus
1813 2305 1831 2333 ,

283 2367 457 2451 quod
502 2367 573 2430 in
630 2369 923 2430 creatura
966 2366 1246 2448 potentia
1291 2364 1602 2428 antecedit
1636 2364 1836 2429 scien-

281 2474 467 2551 tiam,
496 2474 620 2537 hoc
645 2490 879 2537 verum
905 2477 1001 2536 cst
1028 2474 1319 2553 respectu
1355 2475 1532 2534 actus
1567 2471 1836 2536 interio-

281 2582 393 2658 ris,
421 2581 526 2646 sed
575 2598 707 2645 non
739 2580 1097 2657 exterioris,
1128 2578 1281 2661 quia
1303 2579 1584 2660 potentia
1606 2597 1829 2661 opera-

283 2689 419 2753 tiva
444 2688 856 2771 consequitur
883 2687 1232 2754 scientiam.
1252 2685 1410 2750 Cum
1440 2690 1655 2751 autem
1674 2687 1828 2751 dici-

290 2800 399 2860 tur
417 2794 876 2878 omnipotentia
900 2812 1034 2859 esse
1061 2794 1130 2857 in
1147 2793 1383 2877 aliqun,
1412 2794 1536 2858 hoc
1573 2813 1701 2858 non
1737 2795 1832 2857 in-

279 2903 594 2984 telligitur
636 2906 930 2985 respectu
961 2906 1141 2966 actus
1192 2901 1513 2965 interioris
1551 2905 1826 2990 tantum,

279 3012 390 3074 sed
415 3011 610 3075 etiam
663 3014 957 3093 respectu
984 3008 1315 3073 exterioris
1349 3030 1365 3072 ι
1397 3008 1538 3073 ideo
1567 3026 1699 3073 non
1729 3028 1830 3072 se-

280 3119 528 3202 quitur,
572 3117 744 3202 quod
775 3117 828 3180 si
873 3115 943 3180 in
979 3116 1196 3200 aliquo
1241 3114 1324 3180 sit
1366 3115 1825 3197 omniscientia,

277 3227 453 3310 quod
471 3226 540 3289 in
567 3244 646 3290 eo
672 3226 756 3289 sit
779 3223 1267 3307 omnipotentia.

345 3338 425 3397 ι3.
449 3333 544 3398 Ad
571 3333 730 3397 illud
753 3332 924 3415 quod
943 3331 1269 3415 objicitur,
1299 3331 1476 3414 quod
1501 3331 1828 3415 amplioris

277 3440 668 3505 extensionis
705 3446 800 3504 est
825 3439 1120 3516 scientia,
1153 3457 1351 3521 quam
1380 3440 1697 3529 potentia,
1728 3441 1828 3503 di-

276 3547 553 3613 cendum
596 3548 770 3630 quod
810 3565 946 3612 esse
993 3547 1254 3630 majoris
1306 3546 1697 3611 extensionis
1733 3550 1828 3610 est

276 3654 613 3738 dupliciter
638 3677 654 3718 ι
686 3655 791 3719 vel
817 3658 1110 3737 respectu
1134 3654 1385 3736 objecti,
1406 3644 1510 3717 vel
1533 3658 1825 3737 respectu

274 3762 565 3844 subjecti.
587 3760 655 3826 Si
671 3761 1013 3844 loquamur
1040 3761 1118 3827 de
1140 3761 1507 3826 extensione
1535 3766 1824 3843 respectu

276 3868 530 3949 objecti,
576 3868 839 3951 majoris
875 3869 1261 3933 extensionis
1317 3873 1411 3933 est
1441 3867 1823 3932 omniscien-

275 3974 384 4053 tia,
419 3993 615 4057 quam
641 3975 1123 4058 omnipotentia,
1157 3975 1313 4058 quia
1354 3979 1643 4058 respectu
1669 3975 1819 4057 plu-

273 4081 450 4145 rium
477 4087 595 4146 est.
627 4082 695 4147 Si
722 4087 938 4147 autem
971 4084 1319 4165 loquamur
1348 4082 1426 4146 de
1454 4082 1823 4147 extensione

273 4193 566 4270 respectu
618 4188 910 4271 subjecti,
966 4189 1230 4271 majoris
1253 4189 1702 4271 amplitudinis
1727 4195 1823 4253 est

253 4296 754 4379 omnipotentia,
786 4314 981 4379 quam
1009 4296 1468 4374 omniscientia,
1502 4300 1821 4379 quantum

272 4408 367 4469 est
392 4404 472 4467 de
524 4405 783 4487 propria
811 4405 1057 4469 ratione
1083 4404 1441 4487 utriusque.
1484 4403 1648 4469 Nam
1676 4423 1818 4469 om-

274 4513 627 4596 nipotentia
668 4513 848 4596 ponit
899 4512 1258 4595 subJectum
1315 4532 1508 4578 suum
1558 4513 1820 4578 omnino

273 4621 663 4686 immensum
691 4623 755 4684 et
800 4618 1124 4684 infinitum
1154 4642 1172 4699 ;
1199 4619 1638 4684 omniscientia
1665 4639 1820 4688 vero

274 4737 432 4807 non,
460 4729 625 4792 sicut
674 4727 744 4790 in
772 4727 1279 4809 praecedentibus
1321 4728 1443 4793 fuit
1466 4732 1816 4794 ostensum.

275 4834 355 4900 Et
380 4836 521 4901 ideo
548 4854 683 4900 non
705 4837 1017 4918 sequitur,
1033 4836 1204 4919 quod
1233 4836 1287 4899 si
1313 4836 1509 4902 alicui
1536 4838 1820 4920 subjecto

277 4948 525 5009 naturae
578 4948 808 5009 creatae
857 4944 1051 5027 possit
1090 4943 1551 5009 communicari
1576 4945 1816 5010 omnis-

279 5050 530 5131 cientis,
561 5051 735 5134 quod
756 5054 1016 5136 propter
1031 5052 1155 5116 hoc
1176 5052 1372 5134 possit
1391 5051 1822 5116 eicommuni-

278 5159 412 5221 cari
440 5160 921 5244 omnipotentia.
953 5159 1455 5225 communicatio
1480 5160 1655 5224 enim
1676 5179 1821 5224 om-

276 5265 641 5348 nipotentiae
667 5268 814 5352 plus
866 5266 1124 5351 respicit
1146 5266 1632 5350 amplitudinem
1663 5268 1820 5332 sub—

271 5373 449 5455 jecti,
480 5392 675 5457 quam
698 5374 954 5457 objecti.

362 5484 424 5546 4.
456 5478 550 5548 Ad
601 5482 763 5549 illud
812 5481 986 5565 quod
1040 5481 1358 5564 oincitur,
1409 5482 1582 5564 quod
1637 5500 1821 5566 posse

3382 523 3501 584 325

1958 644 2121 710 scire
2139 663 2330 711 omne
2355 646 2597 723 scibile,
2627 651 2721 712 est
2745 664 2948 730 posse,
2977 652 3098 712 etc.
3117 696 3134 724 ‚
3161 649 3503 717 dicendum

1956 751 2131 834 quod
2179 770 2326 815 cum
2381 754 2599 817 anima
2648 759 2994 835 cognoscat
3040 755 3109 819 in
3132 753 3361 834 verbo,
3406 778 3504 824 co·

1954 876 2262 939 gnoscere
2291 860 2491 943 ipsius
2517 861 2754 925 animae
2781 861 2924 944 plus
2940 867 3036 925 est
3059 862 3128 926 in
3142 864 3503 945 recipiendo

1953 965 2034 1028 ab
2061 965 2199 1047 ipso
2234 963 2464 1042 Vei-bc,
2511 986 2711 1050 quam
2765 968 2832 1031 in
2882 970 3132 1050 agendo
3175 969 3244 1033 iu
3288 971 3499 1053 ipsum

1951 1068 2282 1137 Verbum:
2327 1075 2553 1140 etideo
2577 1094 2762 1158 posse
2812 1078 2973 1141 scire
3002 1077 3243 1160 aliquid
3284 1080 3499 1146 scibile

1951 1179 2180 1262 inipso
2207 1179 2437 1260 Verb0,
2468 1190 2560 1246 est
2612 1184 2911 1265 potentiae
2938 1184 3159 1267 utique
3184 1186 3408 1252 activae
3436 1194 3501 1253 et

1949 1288 2253 1366 passivae3
2291 1289 2399 1352 sed
2443 1289 2671 1353 activae
2699 1308 2783 1354 ex
2828 1294 3004 1374 parte
3040 1290 3229 1355 Verbi
3254 1293 3492 1360 illumi-

1948 1394 2182 1474 nantis,
2212 1396 2483 1478 passivae
2505 1414 2661 1460 vero
2707 1414 2791 1459 ex
2840 1400 3019 1479 parte
3039 1399 3273 1464 animae
3300 1403 3497 1466 susci-

1946 1502 2197 1586 pientis.
2242 1503 2402 1567 Cum
2429 1513 2591 1584 ergo·
2617 1503 2889 1568 infertur
2917 1506 3088 1588 quod
3126 1525 3309 1590 posse
3334 1510 3495 1575 scire

1946 1608 2197 1674 infinita
2214 1610 2294 1674 sit
2320 1610 2620 1692 potentiae
2640 1610 2930 1689 infinitae,
2953 1612 3291 1679 dicendum
3317 1618 3492 1699 quod

1945 1734 2026 1780 ex
2049 1717 2172 1781 hoc
2194 1735 2325 1782 non
2355 1718 2643 1800 sequitur
2667 1718 2839 1801 quod
2865 1719 2934 1782 in
2961 1724 3252 1786 creatura
3280 1724 3371 1800 ⁸sit
3396 1725 3494 1789 in-

1944 1824 2159 1888 finitas
2184 1826 2485 1908 potentiae
2516 1826 2772 1906 activae,
2801 1827 2911 1891 sed
2963 1827 3032 1891 in
3060 1829 3196 1911 ἥρω
3221 1836 3314 1895 est
3341 1832 3490 1897 infl-

1944 1932 2111 1994 nitas
2141 1933 2437 2014 potentiae
2463 1933 2736 2015 passivae
2766 1938 2869 1998 :et
2910 1935 3032 1999 hoc
3077 1937 3336 2017 quidem
3360 1959 3489 2005 non

1942 2045 2264 2121 repugnat
2287 2046 2619 2116 creaturae,
2661 2041 2806 2105 licet
2833 2042 2888 2105 ei
2910 2051 3303 2126 repugnaret
3340 2048 3485 2112 inss-

1941 2143 2111 2207 nitas
2159 2147 2459 2227 potentiae
2501 2147 2747 2211 activae.
2783 2147 3096 2225 Quoniam
3123 2170 3279 2233 ergo
3306 2172 3489 2235 posse

1941 2253 2144 2317 facere
2171 2254 2419 2320 infinita
2448 2256 2596 2320 dicit
2638 2257 3019 2322 infinitatem
3062 2262 3360 2341 potentiae
3386 2283 3487 2328 ac-

1941 2360 2114 2439 tivae,
2145 2379 2327 2444 posse
2373 2380 2528 2426 vero
2576 2364 2736 2427 scire
2772 2365 2991 2429 omnia
3027 2366 3179 2431 dicit
3205 2368 3482 2435 infinita-

1938 2470 2069 2531 tem
2096 2469 2391 2550 potentiae
2429 2469 2722 2551 passivae,
2753 2471 2902 2535 hinc
2929 2474 3242 2556 estquod,
3260 2496 3484 2559 quam-

1943 2574 2038 2637 vis
2059 2575 2250 2640 alicui
2270 2580 2579 2642 creaturae
2603 2579 2941 2643 conveniat
2967 2586 3037 2644 ut
3054 2583 3248 2663 possit
3266 2586 3484 2651 omnia

1937 2685 2122 2764 scire,
2152 2703 2284 2749 non
2334 2690 2547 2750 tamen
2593 2687 2894 2751 convenit
2936 2694 3010 2752 ut
3046 2693 3243 2771 possit
3263 2695 3482 2759 omnia

1934 2792 2163 2856 facere.
2197 2792 2342 2857 Etsi
2368 2797 2444 2858 tu
2472 2794 2753 2876 objicias,
2781 2795 2953 2877 quod
2974 2797 3148 2876 :scire
3179 2818 3310 2863 non
3336 2806 3477 2866 tan·-

1937 2905 2078 2964 tum
2108 2905 2203 2964 est
2228 2901 2382 2983 pati,
2413 2919 2640 2965 verum
2667 2901 2860 2966 etiam
2887 2921 3102 2984 agere,
3132 2905 3473 2973 dicendum

1935 3009 2109 3089 quod
2127 3008 2248 3071 hoc
2273 3013 2366 3072 est
2388 3026 2619 3072 verum
2641 3008 2720 3073 de
2749 3010 3011 3075 scientia
3036 3012 3265 3077 actuali
3281 3063 3298 3090 ,
3330 3034 3478 3098 quae

1934 3115 2196 3199 quidem
2248 3116 2529 3182 consistit
2570 3116 2636 3180 in
2673 3121 2817 3182 actu
2843 3119 3167 3200 judicandi
3213 3143 3228 3187 ε
3266 3126 3328 3188 et
3369 3123 3477 3190 illa

1934 3225 2196 3306 quidem
2224 3225 2559 3306 proprium
2604 3226 2703 3289 est
2727 3225 2922 3291 solius
2949 3226 3099 3306 Dei,
3128 3247 3245 3293 nec
3272 3234 3478 3312 potuit

1934 3331 2126 3395 alicui
2173 3337 2483 3396 creaturae
2525 3334 3004 3397 communicari.
3051 3334 3173 3400 Sed
3221 3355 3353 3402 non
3382 3344 3477 3403 est

1934 3456 2165 3502 verum
2192 3439 2271 3502 de
2297 3439 2662 3520 cognitione
2688 3439 3015 3519 habituali,
3035 3441 3202 3506 sicut
3220 3444 3284 3506 in
3303 3463 3475 3527 prae-

1931 3546 2297 3610 cedentibus
2324 3546 2443 3609 fuit
2469 3551 2817 3610 ostensum.

2011 3657 2073 3716 5.
2098 3654 2193 3717 Ad
2220 3653 2376 3717 illud
2396 3653 2566 3734 quod
2585 3655 2686 3735 obj
2695 3653 2900 3731 icitur,
2922 3655 3093 3737 quod
3108 3656 3275 3722 Deus
3296 3678 3472 3724 com-

1933 3760 2260 3824 municare
2283 3760 2504 3824 debuit
2543 3759 2787 3824 Christo
2829 3778 2959 3825 non
2986 3764 3238 3827 tantum
3262 3766 3472 3831 scien-

1930 3868 2086 3933 tiam
2113 3868 2593 3951 speculativam,
2624 3887 2854 3933 verum
2894 3870 3085 3933 etiam
3104 3874 3467 3953 practicam,

1931 3974 2270 4038 dicendum
2289 3974 2460 4058 quod
2487 3975 2749 4038 scientia
2766 3976 3041 4057 practica
3054 3975 3285 4040 dicitur
3309 3976 3470 4044 duo·

1930 4082 2052 4147 bus
2079 4082 2287 4146 modis
2317 4104 2332 4145 ε
2366 4099 2496 4145 uno
2524 4081 2713 4146 modo
2740 4080 2970 4145 dicitur
2998 4082 3256 4147 scientia
3288 4103 3468 4166 prac-

1930 4190 2074 4267 tica,
2109 4209 2255 4272 quae
2282 4194 2378 4255 est
2401 4190 2480 4254 de
2502 4189 2823 4272 operibus,
2854 4190 3020 4254 sicut
3045 4190 3301 4255 moralis
3327 4192 3470 4274 phi-

1929 4297 2217 4380 losophia
2247 4296 2478 4361 dicitur
2510 4296 2588 4360 de
2618 4315 2830 4379 opere,
2854 4315 3002 4379 quae
3032 4302 3128 4361 est
3150 4298 3229 4362 de
3254 4299 3467 4382 operi-

1928 4405 2050 4470 bus
2096 4404 2583 4488 procedentibus
2626 4423 2665 4468 a
2692 4404 2891 4468 libera
2937 4404 3284 4469 voluntate.
3321 4406 3467 4471 Alio

1928 4513 2119 4577 modo
2161 4513 2394 4577 dicitur
2435 4512 2693 4577 scientia
2734 4512 3047 4595 practica,
3078 4531 3228 4595 quae
3267 4518 3361 4577 est
3388 4515 3466 4579 de

1930 4637 2122 4701 opere
2144 4624 2210 4683 et
2234 4619 2305 4683 in
2321 4637 2535 4702 opere,
2565 4619 2729 4683 sicut
2756 4618 2952 4711 saber,
2979 4620 3236 4701 quando
3265 4620 3465 4685 fabri-

1926 4732 2048 4806 cat,
2091 4728 2326 4792 dicitur
2360 4727 2593 4790 habere
2645 4726 3076 4808 cognitionem
3125 4726 3464 4809 practicam

1923 4836 2289 4902 fabricandi.
2327 4836 2541 4900 Primo
2562 4836 2753 4901 modo
2780 4836 3276 4901 communicavit
3299 4836 3466 4902 Deus

1928 4944 2255 5009 scientiam
2302 4943 2644 5026 practicam
2712 4942 2946 5008 animae
2996 4943 3220 5009 Christi
3244 4994 3262 5025 ‚
3309 4946 3466 5029 quia

1927 5051 2212 5117 Christus
2264 5051 2695 5133 cognitionem
2741 5049 2966 5115 habuit
2993 5053 3285 5118 omnium
3311 5071 3466 5137 ope-

1926 5179 2075 5225 rum
2122 5159 2531 5237 divinorum;
2570 5159 2848 5223 secundo
2896 5160 3086 5224 modo
3130 5179 3262 5226 non
3289 5181 3464 5229 com-

1926 5266 2280 5331 municavit
2322 5266 2405 5343 ei,
2454 5282 2568 5347 pro
2594 5284 2669 5329 eo
2697 5266 2863 5347 quod
2892 5266 3108 5332 anima
3141 5268 3367 5334 Christi
3395 5272 3465 5337 in

1927 5373 2170 5439 cunctis
2197 5373 2331 5437 suis
2357 5371 2655 5454 operibus
2683 5391 2814 5436 non
2841 5375 3046 5456 potuit
3070 5374 3129 5439 ei
3174 5394 3465 5461 coopera-

1924 5482 2003 5547 ri.
2035 5481 2181 5546 ldeo
2221 5499 2352 5545 non
2382 5484 2475 5544 est
2502 5480 2707 5545 simile
2720 5479 2799 5545 de
2829 5481 3092 5561 artifice,
3125 5490 3190 5548 et
3216 5489 3359 5567 ejus
3384 5490 3457 5551 ss-
