4185 6288
1604 456 1987 527 nts'rlnc‘r.
2029 462 2135 530 vl.

212 597 385 660 nitus
415 595 647 677 Patris,
681 614 875 680 quem
903 597 1053 663 dicit
1081 597 1360 664 Hilarius
1384 615 1521 662 esse
1556 595 1765 661 fllium

213 704 486 786 origine,
517 710 745 769 contra
770 704 816 769 F
820 707 1065 770 otinum
1090 707 1207 789 (α);
1232 707 1518 782 veritate,
1548 709 1768 769 contra

214 810 592 889 sabellium
630 813 982 892 nativitate,
1009 818 1227 878 contra
1256 814 1517 877 Arrium
1553 812 1623 894 (b)
1661 816 1769 876 :et

211 919 334 983 hoc
364 919 431 982 in
456 919 671 1001 primo
698 920 861 985 libro
898 921 1021 985 fuit
1063 923 1449 1003 expositum.
1482 922 1611 985 Aut
1651 938 1767 1003 po-

212 1032 336 1091 test
361 1046 497 1092 esse
530 1028 614 1092 ab
641 1028 766 1094 alio
792 1030 862 1093 in
891 1030 1252 1095 diversitate
1285 1030 1679 1109 substantias,
1707 1031 1771 1093 et

211 1135 340 1200 hoc
366 1140 572 1218 potest
590 1155 726 1200 esse
744 1137 1073 1219 tripliciter
1090 1138 1441 1203 secundum
1458 1137 1770 1220 triplicem

210 1242 486 1306 modum
521 1243 1001 1307 conformitatis.
1032 1245 1163 1309 Aut
1196 1244 1368 1309 enim
1410 1247 1771 1308 conforma-

212 1354 329 1413 tur
347 1354 665 1433 quantum
681 1350 758 1414 ad
780 1351 1093 1415 rationem
1109 1352 1412 1433 imaginis
1431 1350 1767 1430 naturalis,

214 1460 287 1521 et
306 1457 398 1520 sic
424 1463 520 1520 est
557 1457 733 1521 filius
775 1459 1132 1538 creatione;
1179 1464 1292 1524 aut
1334 1464 1650 1542 quantum
1691 1458 1770 1522 ad

213 1566 537 1629 rationem
566 1565 870 1647 imaginis
911 1572 974 1630 et
1008 1567 1466 1647 similitudinis»,
1498 1584 1646 1650 quae
1675 1571 1773 1630 at-

216 1673 507 1737 tenditur
533 1674 602 1737 in
629 1673 840 1755 gratia
883 1678 945 1738 et
981 1674 1164 1738 donis
1205 1675 1527 1755 gratuitis,
1576 1679 1641 1740 et
1685 1676 1774 1738 sic

218 1786 321 1846 est
350 1781 524 1844 filius
549 1800 663 1864 per
704 1781 1144 1864 adoptionem;
1193 1787 1308 1847 aut
1343 1784 1776 1849 conformatur

219 1889 297 1952 in
319 1892 550 1952 natura
574 1888 876 1969 imaginis
895 1937 911 1967 ,
961 1889 1067 1953 sed
1109 1889 1422 1954 discordat
1450 1909 1564 1973 per
1589 1891 1772 1955 deor-

220 1995 618 2059 <linationem
648 1995 1024 2072 voluntatis,
1055 1996 1218 2060 sicut
1245 1997 1440 2060 homo
1464 2002 1773 2080 peccator,

222 2101 405 2165 etsie
432 2108 527 2166 ost
558 2103 733 2165 filius
761 2105 1256 2186 nuncupatione.
1290 2103 1386 2167 Ex
1425 2103 1528 2167 his
1564 2108 1779 2188 patent

226 2210 607 2275 differentiae
660 2209 984 2274 filiationis
1036 2234 1049 2274 ε
1097 2216 1311 2293 patent
1366 2211 1781 2277 nihilominus

226 2319 429 2382 verba
454 2305 777 2401 praedict‘ae
804 2318 1241 2398 distinctioniS,
1290 2319 1458 2402 quod
1506 2338 1635 2385 non
1679 2321 1781 2385 in-

230 2424 586 2504 culcantur,
619 2424 730 2488 sed
756 2424 942 2488 valde
969 2425 1429 2489 rationabiliter
1456 2426 1777 2491 dicuntur.

232 2533 419 2597 Patet
438 2534 629 2598 etiam
658 2534 987 2617 responsio
1011 2534 1089 2597 ad
1119 2534 1365 2616 objecta
1402 2556 1418 2597 ε
1452 2553 1582 2599 non
1608 2536 1783 2599 enim

230 2639 370 2703 sine
407 2659 598 2704 causa
642 2640 942 2705 dicuntur
987 2640 1093 2704 illa
1141 2641 1264 2704 tria
1318 2641 1648 2706 vocabula.
1708 2641 1786 2706 Et

232 2748 536 2830 quamvis
562 2766 679 2832 pro
725 2749 949 2813 eodem
992 2750 1192 2833 accipi
1240 2749 1437 2832 possit
1470 2750 1677 2831 orig0,
1722 2755 1787 2815 et

234 2856 576 2935 nativitas3
606 2874 742 2920 non
770 2861 989 2920 tamen
1017 2858 1257 2921 frustra
1291 2857 1552 2939 ponitur
1577 2875 1783 2922 unum

235 2981 385 3026 cum
429 2963 650 3042 altero,
700 2964 825 3029 hoc
871 2964 1043 3028 enim
1087 2969 1180 3029 est
1230 2969 1488 3048 propter
1513 2965 1788 3030 haereses

236 3071 582 3135 elidendas.

315 3179 419 3243 Ad
445 3179 606 3244 illud
634 3180 806 3262 quod
831 3180 1160 3263 objicitur,
1191 3182 1362 3264 quod
1386 3182 1598 3247 omnis
1616 3181 1790 3246 fliius

237 3294 350 3352 aut
374 3292 471 3352 est
487 3287 659 3353 filius
685 3307 801 3371 per
823 3294 1189 3370 unaturam,
1214 3294 1325 3354 aut
1354 3310 1466 3374 per
1485 3291 1783 3372 gratiam,

237 3395 581 3460 dicendum
608 3396 783 3478 quod
829 3398 1061 3462 falsum
1107 3402 1222 3477 est,
1257 3399 1381 3463 nisi
1411 3399 1790 3465 extendatur

239 3523 483 3568 nomen
525 3508 798 3585 naturae,
829 3511 893 3569 et
919 3506 1169 3587 gratiae,
1201 3506 1280 3571 ad
1310 3507 1468 3572 illud
1497 3507 1668 3590 quod
1695 3510 1792 3571 est

242 3634 319 3681 ex
369 3635 552 3680 mera
594 3616 702 3681 Dei
744 3617 1206 3697 benevolentia,
1239 3624 1302 3683 et
1328 3618 1406 3683 ad
1433 3618 1592 3684 illud
1615 3618 1787 3701 quod

241 3723 435 3788 hahet
460 3724 606 3807 quis
637 3725 723 3789 ab
749 3725 1021 3808 origine.
1058 3724 1135 3790 Et
1161 3727 1283 3791 hoc
1311 3728 1571 3810 quidem
1598 3728 1790 3793 modo

243 3832 467 3898 filiatio
512 3851 629 3916 per
674 3833 1059 3899 creationem
1100 3838 1306 3917 potest
1353 3835 1474 3900 dici
1511 3836 1791 3919 quodam

247 3940 437 4005 modo
476 3957 611 4004 esse
640 3958 756 4022 per
794 3946 1123 4018 naturam,
1154 3941 1434 4024 quodam
1462 3943 1652 4008 modo
1678 3962 1793 4026 per

246 4047 523 4129 gratiam
540 4070 557 4126 ;
588 4048 697 4112 sed
717 4066 851 4112 non
870 4048 1156 4131 sequitur
1182 4055 1438 4130 propter
1456 4048 1599 4127 hoc,
1620 4050 1790 4133 quod

248 4156 386 4219 talis
424 4155 507 4218 sit
533 4155 709 4220 filius
734 4155 1095 4239 adoptivuS‚
1129 4154 1232 4221 vel
1260 4157 1589 4222 naturalis.

322 4262 423 4327 Ad
448 4261 611 4327 illud
646 4263 819 4345 quod
852 4262 1165 4346 quaeritur
1220 4263 1298 4327 de
1338 4263 1639 4330 filiatione
1682 4284 1795 4349 per

250 4370 793 4453 nuncupationem
814 4419 831 4449 ,
874 4369 1217 4434 dicendum
1245 4371 1417 4453 quod
1441 4371 1547 4437 ille
1573 4373 1663 4437 sic
1690 4373 1794 4439 di-

249 4478 416 4542 citur
452 4478 628 4542 filius
651 4525 669 4554 ,
699 4477 813 4560 qui
856 4476 1049 4542 hahet
1074 4495 1190 4560 per
1216 4482 1515 4543 naturam
1543 4480 1792 4547 confor-

252 4585 539 4649 mitatem
569 4587 643 4666 (ο)
674 4584 1012 4667 imaginis,
1042 4584 1150 4650 sed
1177 4584 1653 4653 difformitatem
1681 4607 1797 4672 per

254 4692 507 4776 culpam
541 4715 557 4757 :
587 4697 650 4758 et
679 4693 801 4757 hoc
823 4740 839 4772 ,
870 4693 1158 4774 inquam,
1192 4694 1381 4758 modo
1406 4697 1798 4778 nuncupatio

256 4799 371 4864 ista
394 4798 675 4883 quodam
699 4800 890 4865 modo
917 4799 1110 4864 habet
1128 4800 1488 4879 veritatem,
1518 4803 1799 4886 quodam

256 4907 590 4972 modo-non
610 4931 624 4972 ε
648 4908 799 4990 quia
821 4907 1101 4990 quodam
1120 4907 1310 4972 modo
1326 4912 1422 4973 est
1439 4909 1632 4991 filius,
1645 4931 1800 4996 quo-

258 5009 402 5074 dam
428 5011 613 5076 modo
633 5016 726 5076 est
755 5010 1180 5076 adversarius.
1205 5011 1283 5075 Et
1309 5011 1452 5077 ideo
1469 5012 1602 5078 sola
1626 5033 1796 5081 nun-

261 5119 589 5201 cupatione
615 5118 850 5183 dicitur
867 5116 1067 5195 filius,
1096 5118 1261 5182 sicut
1288 5118 1614 5185 Abraham
1642 5122 1803 5190 dixit

263 5223 341 5286 ad
363 5223 619 5289 divitem
642 5226 1026 5291 damnatum
1039 5225 1094 5288 ¹:
1124 5224 1499 5306 Recordare,
1522 5227 1647 5309 tili,
1678 5234 1795 5295 etc.

330 5377 500 5502 Q.
520 5382 808 5436 Photinnm.
831 5406 898 5421 —
912 5378 980 5444 (ὁ)
1004 5378 1200 5432 Arium.
1217 5404 1279 5418 —
1294 5379 1357 5445 (c)
1379 5381 1802 5438 conformitatem

268 5461 335 5498 na
497 5492 509 5505 .

576 5566 723 5616 ΤΟΙ.
765 5564 868 5612 Ν.

3302 479 3423 542 225

1958 599 2056 662 Ad
2105 598 2264 664 illud
2308 599 2479 682 quod
2525 599 2753 666 ultimo
2803 602 3103 687 objicitur
3118 656 3137 687 ,
3168 611 3341 692 quod
3368 612 3424 675 si

1874 710 2055 788 pater
2092 711 2188 772 est
2228 725 2344 789 per
2387 708 2771 773 creationem
2794 759 2813 791 ,
2844 712 3028 778 debet
3070 715 3194 780 dici
3245 723 3425 801 pater

1874 813 2266 903 bestiarum3
2312 814 2653 880 dicendum
2696 818 2867 901 quod
2908 837 3037 884 non
3080 825 3372 906 sequitur
3402 847 3450 890 :-

1876 919 2032 1001 quia
2071 938 2201 985 non
2250 940 2681 1006 quaecumque
2707 926 2940 991 creatio
2967 927 3116 994 facit
3140 930 3422 1016 aliquem

1876 1026 1997 1091 dici
2026 1028 2267 1109 sslium3
2302 1030 2410 1095 sed
2434 1033 2665 1097 creatio
2688 1032 2819 1111 illa,
2848 1033 2920 1099 in
2948 1054 3077 1119 qua
3103 1039 3425 1104 confertur

1876 1133 2130 1216 insigne
2158 1136 2393 1203 divinae
2422 1139 2750 1221 imaginis,
2771 1159 2884 1223 per
2901 1160 3098 1225 quam
3124 1146 3423 1228 configu-

1878 1246 2058 1307 ratur
2085 1243 2281 1308 homo
2318 1244 2469 1326 Deo,
2501 1251 2564 1310 et
2589 1246 2856 1313 idoneus
2888 1249 3162 1316 efficitur
3186 1252 3269 1317 ad
3303 1253 3427 1318 hoc

1878 1348 2048 1431 quod
2075 1350 2156 1414 sit
2183 1351 2363 1443 filius·
2384 1353 2743 1437 adoptivus.

2515 1556 2653 1603 DUB.
2696 1557 2763 1605 V·

1914 1666 2011 1716 Per
2027 1665 2357 1730 adoptionem
2379 1680 2478 1718 nos
2491 1667 2848 1792 mmm,
2877 1669 2961 1722 ille
2993 1685 3090 1737 per
3126 1673 3395 1727 veritatem

2712 1754 2770 1792 es
2796 1777 2809 1791 .

1966 1877 2198 1944 Contra
2248 1902 2264 1943 :
2320 1880 2481 1945 Cum
2528 1881 2768 1946 tactum
2810 1901 2925 1965 per
2960 1883 3317 1966 veritatem,
3365 1891 3430 1952 et

1884 1985 2128 2051 dictum
2154 2005 2268 2070 per
2297 1987 2782 2054 similitudinem
2808 2009 2941 2055 non
2971 1992 3424 2075 univocentur,

1885 2094 1994 2158 sed
2023 2095 2527 2177 aequivocentur,
2559 2098 2724 2163 sicut
2742 2098 2941 2165 homo
2968 2101 3195 2183 pictus,
3225 2106 3290 2167 et
3316 2104 3428 2168 ho-

1887 2220 1996 2266 mo
2023 2219 2218 2266 verus
2246 2203 2317 2267 in
2342 2203 2604 2269 homine
2628 2253 2645 2285 ,
2676 2210 2832 2271 tunc
2865 2207 3084 2273 filiatio
3118 2209 3302 2274 nobis
3318 2256 3336 2287 ,
3367 2214 3431 2275 et

1886 2309 2137 2374 Christo
2182 2313 2480 2394 competit
2523 2314 2873 2397 aequivoce.
2922 2315 2998 2380 Et
3039 2318 3160 2382 hoc
3214 2319 3431 2402 ipsum

1888 2416 2145 2481 videtur
2166 2421 2534 2484 confirmari
2559 2440 2674 2504 per
2699 2422 2878 2504 illud,
2909 2425 3081 2506 quod
3111 2425 3344 2490 dicitur
3371 2428 3426 2489 ¹:

1889 2524 2250 2593 ascendam
2277 2526 2370 2593 ad
2392 2531 2647 2594 Patrem
2666 2545 2891 2611 mum,
2923 2537 2981 2597 et
3011 2531 3265 2599 Patrem
3289 2548 3429 2599 vcs-

1891 2639 2084 2699 trum.
2118 2632 2463 2716 Gregorius
2489 2636 2578 2699 ibi
2596 2637 2620 2673 ⁸
2652 2654 2669 2701 ε
2705 2659 2736 2697 α
2764 2637 2964 2703 Aliter
2983 2656 3215 2720 meum,
3245 2644 3310 2705 et
3326 2639 3437 2706 ali·

1889 2748 1989 2809 ter
2034 2750 2340 2811 vestrum.
2395 2767 2427 2805 n
2478 2746 2602 2811 Sed
2647 2751 2867 2812 contra
2913 2748 3036 2814 hoc
3085 2753 3182 2814 est
3202 2798 3221 2828 ,
3262 2752 3435 2834 quod

1892 2855 2179 2921 Christus
2203 2856 2436 2921 dicitur
2463 2857 2658 2922 trater
2683 2862 2900 2924 noster
2931 2883 2945 2925 ε
2976 2860 3085 2925 sed
3109 2879 3240 2927 non
3267 2862 3440 2928 dice-

1893 2967 2074 3027 retur
2121 2982 2206 3028 ex
2250 2962 2375 3027 hoc
2423 2963 2654 3043 trater,
2683 2964 2738 3028 si
2780 2965 3108 3049 aequivoce
3153 2986 3438 3034 essemus

1894 3070 2010 3134 fllii
2043 3088 2060 3133 ε
2091 3088 2272 3153 ergo,
2302 3075 2423 3135 etc.
2470 3070 2630 3136 Item
2654 3121 2672 3152 ,
2698 3090 2851 3136 cum
2890 3073 3121 3139 dicitur
3152 3096 3168 3140 ε
3209 3098 3241 3135 α
3271 3074 3440 3141 Deus

1894 3183 1988 3243 est
2017 3176 2203 3243 Pater
2231 3178 2485 3259 Christi,
2517 3201 2549 3239 n
2583 3180 2688 3245 vel
2723 3204 2754 3242 ι
2782 3180 2970 3248 Pater
2993 3186 3233 3264 noster,
3263 3205 3293 3242 n
3328 3188 3442 3249 aut

1894 3287 2118 3352 eadem
2143 3288 2539 3371 paternitate,
2569 3294 2681 3354 aut
2698 3289 2866 3354 alia:
2901 3290 2954 3353 si
2977 3291 3223 3372 eadem,
3253 3309 3438 3374 ergo,

1895 3395 1951 3459 si
1972 3395 2318 3478 paternitas
2345 3394 2577 3460 dicitur
2594 3395 3019 3477 uniformiter,
3039 3397 3177 3480 pari
3195 3397 3440 3462 ratione

1896 3510 1960 3568 et
2002 3503 2264 3584 filiati03
2311 3505 2368 3569 si
2411 3505 2534 3570 alia
2556 3556 2575 3587 ,
2604 3524 2764 3588 ergo
2807 3506 2876 3570 in
2922 3524 3192 3589 persona
3237 3505 3441 3572 Patris

1895 3614 2047 3675 sunt
2072 3610 2219 3675 duae
2242 3613 2649 3694 paternitates
2669 3661 2689 3693 ,
2718 3613 2891 3695 quod
2929 3612 3299 3695 simpliciter
3322 3612 3440 3677 ab-

1896 3720 2167 3785 surdum
2194 3725 2311 3785 est.

1977 3826 2166 3910 Resp.
2198 3826 2547 3892 Dicendum
2571 3826 2739 3893 :Nos
2755 3834 2818 3893 et
2847 3826 3135 3893 Christus
3161 3827 3441 3893 dicimur

1898 3933 2016 3997 filii
2059 3932 2171 3999 Dei
2195 3982 2211 4012 ,
2240 3952 2359 3999 nec
2401 3935 2663 3999 omnino
2703 3934 2998 4014 univoce,
3028 3950 3148 3998 nec
3174 3933 3442 4000 omnino

1899 4042 2229 4126 aequivoce
2251 4060 2417 4107 :non
2437 4041 2734 4122 univoce,
2761 4041 2915 4125 quia
2943 4059 3078 4106 uua
3105 4045 3202 4106 est
3222 4041 3443 4108 filiatio

1898 4149 2267 4232 temporalis
2328 4153 2393 4214 et
2454 4146 2737 4231 gratuita
2766 4196 2785 4228 ,
2831 4146 2957 4213 alia
3005 4147 3315 4213 naturalis
3380 4151 3447 4213 et

1900 4260 2180 4335 aeterna3
2226 4274 2359 4320 non
2402 4255 2734 4339 aequivoce
2761 4304 2781 4336 ,
2810 4255 2966 4339 quia
2988 4254 3306 4320 mediante
3335 4254 3447 4320 illa

1900 4363 2228 4441 filiatione,
2259 4382 2374 4447 per
2389 4362 2956 4428 conformationem
2972 4363 3055 4428 ad
3075 4362 3252 4428 illam
3270 4360 3442 4443 Filii,

1900 4473 2217 4537 efficimur
2240 4470 2545 4554 adoptivi.
2576 4468 2755 4535 Sicut
2778 4469 2952 4535 enim
2969 4489 3010 4535 a
3029 4468 3214 4536 Patre
3235 4470 3447 4537 omnis

1903 4580 2246 4664 paternitas
2271 4579 2341 4643 in
2366 4578 2524 4643 coelo
2551 4578 2708 4643 etin
2733 4581 2905 4643 terra
2930 4576 3322 4658 nominatur,
3355 4577 3447 4644 sic

1904 4706 1945 4752 a
1970 4686 2129 4752 Filio
2155 4687 2370 4751 omnis
2409 4685 2654 4751 filiatio.
2688 4684 2994 4751 Similiter
3028 4685 3082 4750 si
3117 4689 3446 4770 quaeratur

1906 4799 2128 4860 utrum
2154 4793 2559 4868 uniformiter
2596 4792 2844 4858 dicatur
2885 4792 3049 4858 Deus
3082 4793 3273 4862 Pater
3296 4810 3448 4861 nos·

1906 4909 2022 4983 ter,
2075 4906 2141 4966 et
2177 4900 2370 4982 Filii,
2421 4897 2763 4965 dicendum
2807 4900 2982 4983 quod
3021 4918 3140 4965 nec
3183 4902 3448 4969 omnino

1906 5009 2312 5074 uniformiter
2334 5056 2353 5087 ,
2400 5026 2519 5072 nec
2551 5007 2816 5073 omnino
2857 5007 3269 5089 difformiter3
3297 5010 3451 5094 quia

1908 5115 2096 5181 Pater
2122 5114 2361 5180 dicitur
2375 5113 2521 5179 Filii
2539 5114 2913 5198 paternitate
2931 5115 3218 5181 aeternali
3231 5120 3295 5182 et
3311 5134 3453 5201 per·

1907 5223 2147 5303 sonali;
2197 5226 2377 5306 pater
2414 5240 2570 5289 vero
2595 5227 2810 5288 noster
2836 5241 2918 5291 ex
2944 5227 3231 5309 tempore
3256 5227 3322 5290 et
3346 5243 3451 5291 es-

1911 5461 1948 5513 h
1978 5390 2137 5448 qm„
2155 5399 2264 5454 xvr,
2281 5391 2363 5440 25.
2376 5387 2744 5453 —2Jm,xx,
2766 5390 2841 5439 Π.
2856 5388 2956 5428 -0
2971 5390 3142 5455 Greg..
3165 5389 3217 5438 in
3231 5389 3452 5457 Evanqa,

1950 5475 2055 5513 om.
2076 5471 2199 5512 xxv.
3253 5467 3264 5478 '

3216 5555 3297 5620 15
