4185 6288
746 547 823 609 at
1831 540 2448 608 SENTENTIARUM
2489 541 2639 607 LIB.
2686 541 2794 608 111.

745 693 1075 765 sanctum,
1109 680 1449 751 vocabitur
1470 681 1658 772 filius
1681 680 1827 749 Dei.
1862 680 1980 751 Cui
2006 703 2188 749 sacra
2221 678 2431 771 Virgo
2459 679 2795 773 respondit
2830 689 2850 725 ¹
2889 705 2905 749 :
2938 680 3113 752 Ecce
3156 682 3407 753 ancilla
3445 685 3719 754 Domini
3745 707 3768 751 .-
3791 687 3921 778 fiat

745 800 915 871 mihi
943 796 1299 869 secundum
1338 796 1603 866 verbum
1652 810 1863 866 tuum.
1902 796 2094 879 Quod
2124 819 2454 891 exponens
2479 798 2764 867 Joannes
2790 796 3261 886 Damascenus,
3293 799 3385 869 ait
3409 805 3433 841 ¹
3470 824 3485 868 ε
3522 826 3558 867 c<
3589 800 3742 870 Post
3767 825 3915 872 con-

744 941 1008 987 sensum
1040 924 1261 986 antem
1288 922 1523 985 sanctae
1554 913 1854 1004 Virginis
1885 913 2175 1007 Spiritus
2216 921 2476 983 sanctus
2520 913 2899 1007 supervenit
2944 914 3014 983 in
3043 938 3188 984 eam
3233 915 3596 986 secundum
3640 917 3912 989 verbum

744 1032 1045 1119 Domini,
1089 1030 1267 1125 quod
1308 1030 1476 1099 dixit
1501 1031 1839 1121 AngeluS,
1882 1053 2174 1124 purgans
2201 1030 2409 1123 ipsam
2427 1065 2453 1117 ,·
2476 1037 2543 1099 et
2588 1030 2946 1123 potentiam
2987 1032 3246 1101 deitatis
3290 1032 3487 1102 Verbi
3528 1035 3917 1127 receptivam

744 1172 1147 1243 praeparans,
1176 1146 1375 1217 simul
1404 1156 1624 1217 autem
1652 1157 1711 1215 et
1747 1149 2218 1236 generativam.
2252 1148 2334 1216 Et
2363 1156 2518 1216 tunc
2550 1147 2971 1218 obumbravit
2998 1149 3207 1242 ipsam
3236 1149 3353 1218 Dei
3380 1149 3679 1219 altissimi
3707 1174 3819 1243 per
3845 1175 3911 1222 se

743 1266 1060 1359 sapientia
1085 1271 1148 1333 et
1177 1264 1391 1335 virtus
1413 1265 1728 1352 existens,
1760 1264 1829 1333 id
1856 1272 1952 1332 est
1976 1264 2198 1333 Filius
2213 1263 2332 1332 Dei
2359 1263 2573 1333 Patris
2599 1263 2976 1334 homousios
2995 1318 3013 1351 ,
3055 1264 3123 1333 id
3170 1273 3266 1334 est
3310 1266 3877 1336 consubstantialis
3896 1320 3916 1354 ,

742 1384 910 1453 sicut
935 1382 1240 1453 divinum
1283 1404 1528 1451 semen.
1563 1381 1645 1449 Et
1671 1380 2006 1473 copulavit
2032 1380 2160 1449 sibi
2188 1380 2312 1473 ipsi
2340 1403 2421 1449 ex
2448 1379 2875 1449 sanctissimis
2902 1389 2966 1449 et
2993 1380 3363 1474 purissimis
3391 1381 3602 1473 ipsius
3627 1382 3919 1472 Virginis

740 1500 1213 1590 sanguinibus,
1241 1506 1476 1568 nostrae
1505 1498 1796 1592 antiquae
1820 1496 2296 1589 conspersionis
2321 1518 2585 1566 carnem
2612 1497 2975 1567 animatam
3019 1497 3244 1567 anima
3286 1497 3592 1568 rationali
3617 1505 3684 1567 et
3730 1499 3795 1567 in
3809 1498 3922 1569 tel-

740 1618 974 1688 lectiva
991 1670 1010 1705 ,
1041 1639 1175 1687 non
1205 1616 1572 1704 seminans,
1602 1616 1715 1685 sed
1744 1638 1860 1708 per
1888 1614 2214 1706 Spiritum
2241 1622 2541 1684 sanctum
2579 1636 2828 1683 creanS.
2862 1614 3082 1696 Quare
3114 1614 3314 1685 simul
3340 1637 3526 1701 caro,
3556 1615 3760 1685 simul
3803 1616 3918 1685 Dei

739 1757 913 1820 caro,
945 1735 1146 1803 simul
1176 1732 1294 1802 Dei
1319 1732 1525 1803 Verbi
1554 1754 1703 1801 caro
1732 1731 2021 1801 animata
2048 1732 2271 1800 anima
2297 1730 2604 1800 rationali
2631 1739 2695 1799 et
2723 1730 3143 1801 intellectiva.
3177 1757 3211 1796 »
3246 1732 3348 1801 Ex
3373 1732 3475 1801 his
3501 1732 3918 1825 perspicuum

738 1851 840 1938 fit,
870 1850 1049 1945 quod
1078 1859 1227 1920 ante
1254 1850 1579 1937 diximus,
1609 1870 1873 1917 carnem
1900 1847 2144 1916 scilicet
2166 1846 2374 1917 Verbi
2402 1848 2606 1916 simul
2633 1855 3011 1941 conceptam
3039 1856 3105 1917 et
3131 1857 3535 1942 assumptam
3556 1875 3574 1936 ;
3598 1849 3922 1918 eamdem-

738 1991 868 2061 que
887 2022 905 2055 ,
937 1968 1140 2037 immo
1170 1975 1371 2037 totam
1406 1966 1772 2057 Virginem,
1805 1964 2059 2057 Spiritu
2098 1973 2321 2034 sancto
2348 1966 2811 2057 praeveniente,
2842 1966 2924 2034 ab
2953 1966 3139 2035 omni
3166 1965 3313 2035 labe
3340 1965 3581 2057 peccati
3609 1966 3921 2034 castifica-

740 2093 894 2155 tam.
929 2085 1052 2154 Cui
1083 2085 1318 2154 collata
1349 2091 1445 2153 est
1466 2083 1756 2177 potentia
1784 2105 1957 2152 novo
1983 2104 2165 2152 more
2191 2081 2588 2172 generandi,
2619 2088 2694 2149 ut
2721 2081 2860 2149 sine
2888 2081 3064 2149 coitu
3092 2082 3248 2168 viri,
3279 2082 3419 2151 sine
3463 2081 3742 2152 libidine
3770 2104 3918 2152 con·

734 2203 1035 2296 cipientis
1049 2202 1120 2271 in
1143 2209 1326 2270 utero
1343 2200 1645 2290 Virginis
1670 2197 2111 2268 celebraretur
2130 2205 2477 2291 conceptus
2499 2197 2615 2266 Dei
2636 2204 2701 2266 et
2722 2197 3031 2267 hominis,
3066 2197 3243 2269 «Illa
3261 2197 3440 2266 enim
3463 2221 3613 2268 caro
3632 2203 3681 2286 ⁸,
3710 2222 3907 2291 quam

734 2319 911 2390 Deus
937 2321 1017 2390 de
1044 2318 1322 2409 Virgine
1348 2316 1474 2387 sibi
1518 2316 1712 2385 unire
1739 2315 2049 2407 dignatus
2084 2325 2220 2403 est,
2263 2317 2403 2384 sine
2450 2315 2612 2385 vitio
2658 2325 3005 2408 concepta,
3053 2315 3196 2385 sine
3238 2324 3496 2409 peccato
3544 2325 3701 2386 nata
3729 2323 3845 2387 est.
3878 2344 3911 2383 n

732 2439 919 2509 Hanc
947 2444 1165 2507 tamen
1193 2457 1456 2505 carnem
1486 2457 1620 2504 non
1644 2433 1956 2523 coelestis,
1990 2456 2126 2502 non
2168 2455 2368 2502 aereae
2386 2485 2403 2518 ‚
2435 2454 2568 2501 non
2603 2432 2874 2501 alterius
2897 2432 3219 2525 cujusque
3248 2440 3437 2525 putes
3459 2455 3596 2502 esse
3624 2444 3913 2520 naturae,

734 2556 846 2625 sed
873 2557 1015 2650 ejus
1035 2609 1053 2642 ,
1085 2555 1188 2648 cuj
1200 2578 1276 2623 us
1301 2559 1398 2623 est
1424 2552 1728 2622 omnium
1755 2551 2107 2621 hominum
2134 2573 2311 2620 caro.
3195 2556 3204 2563 '

524 2691 682 2735 Aucto·
823 2671 1014 2756 Quod
1038 2681 1257 2741 autem
1284 2692 1465 2739 sacra
1492 2668 1701 2758 Virgo
1729 2691 1811 2737 ex
1838 2676 1997 2736 tunc
2020 2668 2104 2736 ab
2134 2666 2318 2737 omni
2352 2673 2609 2758 peccato
2639 2665 2958 2736 immunis
2985 2666 3308 2753 extiterit,
3340 2668 3758 2759 Augustinus
3783 2670 3915 2740 evi-

491 2756 706 2861 afss‘ii‘„
735 2792 964 2861 denter
981 2788 1262 2858 ostendit
1281 2786 1351 2855 in
1371 2786 1540 2855 libro
1560 2783 1640 2854 de
1665 2788 1936 2856 Natura
1955 2796 2019 2853 et
2047 2786 2314 2870 Gratia,
2342 2784 2649 2877 inquiens
2669 2790 2691 2824 ⁸
2719 2806 2735 2851 ε
2769 2783 3109 2876 «Excepta
3132 2792 3353 2854 sancta
3372 2784 3653 2875 Virgine
3683 2786 3910 2873 Maria,

532 2882 663 2983 [ῘΞΪῘ.
736 2908 816 2977 de
845 2930 979 2999 qua
1005 2915 1270 2999 propter
1296 2904 1613 2973 honorem
1642 2902 1943 2989 Domini,
1965 2902 2234 2971 nullam
2266 2923 2568 2994 prorsuS,
2599 2924 2751 2969 cum
2792 2901 2873 2970 de
2913 2900 3187 2992 peccatis
3231 2902 3476 2991 agitur,
3508 2902 3739 2972 haberi
3766 2902 3912 2972 volo

523 3004 671 3062 ἮΨ·
738 3024 1186 3117 quaestionem.
1217 3021 1378 3090 Inde
1406 3020 1582 3089 enim
1611 3020 1881 3105 scimus,
1916 3019 2096 3111 quod
2124 3019 2184 3085 ei
2212 3019 2362 3109 plus
2389 3019 2474 3087 sit
2499 3017 2728 3108 gratiae
2753 3018 3066 3089 collatum
3092 3021 3174 3089 ad
3206 3020 3598 3091 vincendum
3630 3045 3713 3091 ex
3738 3021 3914 3092 omni

491 3141 707 3249 ,ζξξξῇὀ
738 3150 920 3235 parte
945 3146 1305 3233 peccatum,
1338 3136 1518 3230 quod
1545 3136 1886 3228 concipere
1914 3158 1985 3204 ac
2014 3158 2241 3227 parere
2271 3135 2538 3222 meruit,
2572 3158 2772 3228 quem
2800 3143 3050 3206 constat
3078 3137 3346 3206 nullum
3373 3136 3683 3209 habuisse
3701 3162 3916 3232 pecca-

738 3268 903 3328 tum.
934 3257 1074 3325 Hac
1096 3278 1252 3344 ergo
1280 3253 1551 3343 Virgine
1579 3262 1869 3345 excepta,
1901 3253 1958 3321 si
1985 3275 2212 3322 omnes
2242 3252 2465 3322 Sancti
2492 3262 2556 3322 et
2582 3253 2837 3323 Sanctae
2858 3256 3243 3346 congregari
3269 3256 3542 3347 possint,
3575 3265 3643 3325 et
3671 3279 3917 3349 quaere-

737 3385 922 3447 retur
946 3373 1029 3443 ab
1057 3372 1150 3442 eis
1176 3394 1261 3441 an
1289 3378 1626 3462 peccatum
1661 3369 1977 3468 haberent
1997 3423 2014 3456 ,
2047 3370 2208 3461 quid
2238 3370 2740 3462 responderetur
2758 3371 2884 3440 nisi
2912 3372 3090 3463 quod
3117 3371 3403 3441 Joanues
3424 3373 3515 3441 ait
3542 3380 3565 3416 ⁸
3594 3397 3615 3440 ε
3638 3376 3716 3443 Si
3739 3374 3920 3443 dixe-

733 3494 945 3563 rimus
974 3490 1131 3583 quia
1150 3500 1503 3582 peccatum
1544 3511 1679 3556 non
1706 3486 2057 3571 habemus,
2107 3489 2401 3580 nosipsos
2453 3485 2844 3557 seducimus.
2889 3488 3010 3557 Illa
3054 3496 3275 3557 autem
3301 3488 3510 3579 Virgo
3537 3495 3560 3531 ⁸
3587 3470 3915 3580 singulari

733 3609 946 3700 gratia
973 3612 1307 3700 praeventa
1332 3611 1427 3673 est
1455 3616 1650 3695 atque
1679 3605 1951 3696 repleta,
1973 3612 2049 3672 ut
2076 3604 2293 3696 ipsum
2321 3603 2591 3673 haberet
2613 3604 2862 3673 ventris
2887 3605 2992 3672 sui
3020 3605 3345 3692 fructum,
3385 3627 3584 3697 quem
3617 3628 3702 3675 ex
3727 3605 3907 3675 initio

733 3723 967 3794 habuit
995 3722 1388 3792 universitas
1436 3721 1820 3806 Dominum,
1863 3727 1937 3789 ut
1968 3720 2138 3789 illud
2164 3730 2186 3765 ⁷
2214 3720 2394 3814 quod
2431 3720 2819 3790 nascebatur
2862 3744 2942 3790 ex
2969 3720 3328 3813 propagine
3372 3722 3570 3814 primi
3599 3721 3906 3807 hominiS‚

734 3839 1191 3910 tantummodo
1218 3838 1509 3928 generiS,
1543 3859 1679 3907 non
1704 3836 2000 3906 criminis
2026 3835 2355 3927 originem
2385 3837 2671 3906 duceret.
2705 3862 2740 3902 >2

530 3980 672 4031 oum
823 3957 990 4026 Cum
1021 3964 1242 4026 autem
1269 3953 1387 4023 illa
1428 3976 1611 4040 caro,
1641 3954 1833 4045 cujus
1858 3954 2245 4024 excellentia
2271 3954 2628 4044 singularis
2677 3954 2894 4024 verbis
2944 3956 3257 4049 explicari
3301 3979 3440 4028 non
3477 3957 3693 4046 valet,
3738 3966 3912 4029 ante-

509 4054 594 4084 non
615 4042 693 4084 ruit

508 4094 701 4201 qurum·
735 4096 939 4167 quam
966 4080 1131 4143 esset
1154 4071 1377 4144 Verbo
1405 4072 1621 4160 unita,
1661 4071 1948 4140 obnoxia
1973 4071 2174 4140 fuerit
2211 4061 2468 4163 peccato
2497 4072 2565 4140 in
2599 4072 2808 4141 Maria
2835 4080 2900 4141 et
2938 4074 3010 4143 in
3038 4075 3216 4163 aliis,
3245 4100 3285 4144 a
3312 4076 3558 4168 quibus
3600 4099 3913 4171 propaga-

547 4170 704 4200 eclmt·
767 4192 780 4206 .

491 4224 560 4262 ω.
580 4221 622 4262 ει.
647 4221 706 4264 Α-
736 4200 915 4262 tione
942 4190 1239 4259 traducta
1263 4197 1389 4274 est;
1421 4212 1557 4259 non
1584 4189 1912 4258 immerito
1951 4187 2162 4259 videri
2208 4196 2417 4282 potest
2444 4189 2515 4257 in
2541 4188 2757 4259 Adam
2784 4199 3043 4284 peccato
3070 4191 3502 4284 subjacuisse,
3533 4193 3729 4287 cujus
3761 4192 3907 4263 uni·

492 4281 685 4334 bmm'
736 4330 926 4380 versa
974 4329 1126 4378 caro
1173 4315 1432 4400 peccato
1478 4305 1876 4399 subjacebat.
1924 4304 2118 4375 Unde
2160 4306 2371 4398 quaeri
2423 4307 2623 4393 solet,
2675 4330 2880 4399 quare
2925 4308 3087 4378 Levi
3132 4308 3494 4380 decimatus
3539 4310 3801 4381 dicatur
3839 4310 3908 4380 in

546 4353 655 4396 sieut

489 4415 708 4524 „nff'jgm
737 4424 1101 4510 Abraham,
1130 4430 1197 4492 et
1221 4445 1356 4492 non
1383 4423 1682 4492 Christus
1700 4425 1879 4516 (cum
1905 4422 1977 4491 in
2002 4422 2251 4492 lumbis
2267 4423 2555 4492 Abrahae
2582 4432 2863 4516 uterque
2891 4424 3091 4493 fuerit
3117 4426 3480 4496 secundum
3502 4427 3908 4497 materialem

490 4554 620 4664 ἓξὲξ
637 4555 704 4653 ⁸33
735 4542 1116 4632 rationem),
1139 4538 1403 4633 quando
1431 4539 1762 4608 Abraham
1789 4538 2152 4609 decimatus
2179 4548 2299 4626 est,
2325 4549 2389 4609 et
2417 4539 2700 4610 decimas
2726 4538 2904 4608 dedit
2929 4539 3401 4612 Melchisedech
3432 4548 3479 4613 ⁸.
3513 4543 3706 4615 Tunc
3733 4544 3904 4614 enim

488 4681 563 4789 ‘32
565 4671 706 4780 2:31
734 4659 1087 4751 Apostolus
1113 4657 1275 4727 Levi
1302 4657 1698 4726 decimatum
1729 4655 1887 4726 dicit
1915 4659 1936 4693 ⁸
1965 4657 2038 4724 in
2066 4656 2402 4728 Abraham
2429 4666 2746 4750 tanquam
2774 4657 2847 4728 in
2875 4658 3198 4728 materiali
3225 4683 3453 4748 causa3
3494 4661 3659 4754 quia
3683 4685 3761 4732 ea
3796 4659 3903 4730 de·

506 4798 702 4845 obnoxi..
730 4776 1078 4846 cimatione
1100 4777 1269 4846 sicut
1285 4772 1623 4844 Abraham
1645 4774 1860 4843 minor
1886 4774 2358 4844 Melchisedech
2376 4774 2767 4863 ostenditur,
2788 4777 2895 4846 cui
2923 4776 3351 4870 personaliter
3377 4777 3664 4849 decimas
3682 4779 3898 4865 solvit,

726 4891 821 4963 ita
848 4901 913 4962 et
937 4893 1239 4964 leviticus
1264 4893 1425 4963 ordo
1441 4943 1460 4979 ,
1495 4890 1616 4985 qui
1640 4891 1714 4960 in
1740 4891 2078 4960 Abraham
2105 4891 2468 4961 secundum
2494 4891 2816 4962 rationem
2854 4894 3235 4963 seminalem
3269 4901 3445 4981 erat,
3476 4903 3541 4963 et
3565 4917 3645 4964 ex
3687 4919 3765 4966 eo
3790 4916 3904 4990 per

725 5009 1315 5103 concupiscentiam
1341 5008 1555 5079 carnis
1580 5006 1931 5077 descendit.
1963 5007 2266 5077 Christus
2291 5016 2513 5078 autem
2540 5030 2677 5078 non
2705 5015 2800 5078 est
2825 5008 3210 5096 decimatuS‚
3242 5009 3425 5102 quia,
3455 5009 3607 5080 licet
3634 5012 3730 5082 ibi
3759 5013 3898 5083 fue-

723 5126 803 5198 rit
836 5127 1199 5195 secundum
1224 5147 1486 5194 carnem
1504 5176 1523 5212 ,
1555 5146 1690 5194 non
1719 5132 1941 5193 tamen
1969 5124 2123 5193 inde
2151 5124 2484 5194 descendit
2513 5124 2875 5194 secundum
2905 5125 3120 5215 legem
3162 5147 3582 5196 communem
3605 5179 3625 5216 ,
3665 5129 3903 5200 scilicet

722 5266 839 5336 pcr
862 5242 1077 5313 carnis
1102 5242 1446 5313 libidinem
1463 5294 1482 5329 ,
1510 5241 1680 5312 sicut
1705 5242 1903 5312 etiam
1930 5242 2002 5310 in
2026 5241 2242 5311 Adam
2270 5263 2497 5310 omnes
2543 5249 3011 5334 peccaverunt,
3043 5241 3156 5312 sed
3193 5265 3330 5313 non
3357 5243 3680 5315 Christus
3716 5245 3900 5340 Unde

783 5399 801 5434 ²
821 5397 958 5460 Luc„
992 5407 1038 5460 1,
1070 5400 1230 5449 38.-
1250 5397 1275 5432 ¹
1295 5399 1550 5460 Damaso„
1569 5395 1635 5448 de
1659 5395 1787 5447 Fide
1811 5395 1967 5458 oreb„
1988 5396 2078 5447 lib.
2114 5395 2199 5456 w,
2227 5409 2270 5446 ο.
2302 5409 2411 5449 111.
2431 5398 2534 5436 —8
2551 5399 2717 5462 Fulgsq
2743 5395 2806 5460 de
2825 5393 2951 5448 Fide
2976 5394 3046 5456 ad
3065 5394 3226 5457 Petra,
3256 5409 3306 5445 ο.
3333 5408 3396 5459 ιι,
3424 5411 3483 5449 ιι.
3513 5401 3588 5450 15.
3618 5425 3683 5440 --
3700 5401 3724 5435 ⁸
3749 5403 3898 5464 Aug„

720 5469 782 5521 ele
808 5469 927 5522 Nat.
952 5474 1001 5521 et
1028 5470 1155 5521 Grae
1176 5507 1196 5531 ,
1222 5484 1267 5522 ο.
1298 5479 1478 5530 xxxv1,
1505 5482 1560 5519 n.
1588 5471 1735 5520 ⁴2—
1755 5471 1813 5520 ⁸1
1837 5471 2003 5526 Ιοαη..
2026 5478 2065 5527 1.
2090 5469 2139 5516 8.
2162 5491 2221 5503 —
2240 5467 2261 5501 ⁸
2288 5470 2454 5542 Futg.‚'
2477 5477 2538 5528 de
2566 5472 2692 5526 Fide
2716 5467 2784 5521 ad
2809 5467 2967 5529 Petu,
2995 5479 3042 5518 ο.
3075 5477 3135 5530 11,
3157 5471 3313 5520 n.17.
3345 5469 3445 5506 ..ae
3472 5473 3626 5534 Aug„
3649 5471 3715 5522 de
3742 5471 3894 5535 Tria„

722 5541 814 5593 lib.
839 5541 973 5607 xm,
997 5557 1043 5594 ο.
1067 5551 1219 5605 xvxu,
1247 5553 1301 5592 n.
1331 5539 1675 5605 23.-⁸Gen.,
1703 5553 1809 5605 nv,
1837 5543 1918 5592 20.
1938 5564 2002 5577 —
2029 5537 2053 5573 ⁸
2082 5536 2257 5602 Hebr„
2278 5554 2376 5609 vn,
2398 5552 2445 5602 9,
3593 5569 3600 5576 .
3665 5566 3671 5574 .
3700 5545 3710 5554 ·
