4185 6288
1262 466 1456 534 ms'r.
1500 464 1628 531 XX.
1672 464 1854 531 ΛΒΤ.
1903 464 1950 530 Ι.
1996 463 2296 543 QUAEST.
2343 463 2449 529 111.

266 610 774 676 manifestaretur
823 608 1042 675 divina
1109 603 1489 670 sufficientia
1505 651 1527 682 ,
1575 602 1630 665 si
1673 619 1804 666 non

266 718 554 800 exigeret
582 717 1098 794 satisfactionem,
1128 714 1467 778 dicendum
1496 710 1664 795 quod
1680 759 1698 789 ,
1729 710 1809 772 si-

269 828 377 889 cut
420 824 587 889 Deus
626 824 835 906 exigit
866 843 907 888 a
945 822 1130 887 nobis
1172 822 1622 887 mandatorum
1660 837 1817 884 suo·

268 950 419 996 rum
446 932 920 997 observantiam
959 949 1088 995 non
1133 934 1389 1014 propter
1426 947 1611 994 suam
1654 926 1817 991 indi-

271 1038 557 1119 gentiam
574 1086 592 1116 ,
646 1038 757 1103 sed
819 1041 1075 1122 propter
1145 1036 1608 1102 ordinationem
1674 1050 1820 1097 nos-

271 1149 440 1209 tram
456 1195 474 1224 ,
525 1165 656 1229 qua
717 1145 1025 1210 debemus
1079 1144 1140 1209 ei
1189 1148 1498 1227 tanquam
1550 1142 1820 1207 Domino

272 1253 551 1335 obedire,
580 1254 670 1318 sic
697 1258 760 1317 et
789 1256 1196 1337 peccatorum
1224 1252 1432 1334 exigit
1457 1249 1816 1328 emendam,

274 1379 409 1426 non
439 1365 696 1445 propter
731 1362 855 1426 hoc
896 1361 1068 1445 quod
1097 1360 1404 1442 indigeat,
1450 1358 1560 1424 sed
1596 1361 1668 1422 ut
1706 1374 1823 1421 nos

275 1469 539 1534 reducat
576 1470 657 1534 ad
696 1469 1160 1534 ordinationem
1212 1466 1485 1531 debitam
1523 1488 1537 1530 ε
1569 1469 1633 1529 et
1682 1464 1824 1528 ideo

278 1576 548 1658 objectio
573 1576 682 1641 illa
704 1576 1082 1661 procedebat
1100 1593 1184 1639 ex
1208 1574 1643 1659 suppositione
1660 1572 1823 1651 falsi,

280 1701 434 1747 cum
458 1685 785 1750 dicebatur
817 1684 1025 1766 magis
1052 1684 1191 1747 sine
1216 1681 1635 1747 satisfactione
1656 1679 1828 1745 divi-

282 1807 435 1853 nam
461 1791 909 1856 sufficientiam
933 1789 1348 1855 manifestari.

372 1906 431 1965 3.
481 1900 582 1965 Α(1
619 1899 777 1965 illud
821 1899 991 1981 quod
1033 1897 1351 1979 objicitur,
1390 1895 1565 1978 quod
1605 1894 1833 1959 modus

283 2011 451 2077 alius
509 2007 719 2089 magis
777 2006 1213 2070 manifestaret
1265 2003 1554 2069 divinam
1614 2008 1834 2086 poten-

284 2121 463 2198 tiam,
492 2116 832 2182 dicendum
855 2113 1027 2198 quod
1052 2113 1169 2178 etsi
1197 2112 1268 2176 in
1296 2111 1474 2177 omni
1501 2129 1693 2193 opere
1727 2109 1833 2175 Dei

285 2227 656 2293 ostendatur
697 2222 917 2289 divina
942 2221 1252 2306 potentia,
1287 2220 1358 2283 in
1387 2237 1578 2303 opere
1620 2222 1836 2283 tamen

288 2333 705 2420 reparationis
746 2330 958 2413 magis
994 2329 1430 2394 manifestatur
1471 2327 1837 2409 benignitas

294 2448 359 2509 et
383 2440 849 2518 misericordia,
879 2443 944 2503 et
963 2456 1078 2522 per
1117 2454 1508 2519 consequens
1546 2436 1684 2518 ipsa
1702 2437 1841 2517 Jus-

293 2552 432 2616 titia
472 2550 564 2615 eis
608 2565 882 2613 annexa.
929 2545 1008 2610 Et
1052 2546 1217 2624 ide0‚
1267 2563 1415 2609 cum
1457 2546 1668 2627 posset
1707 2560 1840 2607 uno

292 2659 492 2724 verbo
542 2675 751 2739 genus
803 2655 1165 2720 humanum
1217 2670 1511 2736 reparare
1535 2700 1554 2731 ,
1616 2650 1842 2715 maluit

293 2771 508 2831 tamen
536 2781 832 2847 reparare
867 2781 1017 2827 cum
1058 2759 1430 2826 difficultate
1476 2763 1539 2823 et
1581 2757 1843 2841 poenali-

294 2879 445 2955 tate,
475 2874 631 2957 quia
655 2873 866 2955 magis
891 2873 1328 2955 opportunum
1351 2871 1488 2933 erat
1511 2867 1602 2930 ibi
1631 2870 1842 2932 osten-

297 2983 446 3049 dere
489 2981 1010 3059 misericordiam,
1060 2996 1257 3061 quam
1307 2975 1679 3060 potentiam.
1730 2974 1847 3039 Po-

302 3091 498 3173 tentia
520 3089 696 3154 enim
734 3088 888 3153 satis
928 3086 1240 3152 claruerat
1282 3084 1352 3149 in
1395 3101 1616 3151 rerum
1658 3082 1846 3148 educ·
1890 3092 1898 3104 ·

304 3199 474 3263 tione
495 3221 513 3277 ;
537 3198 648 3263 sed
668 3197 878 3262 adbuc
901 3194 1136 3261 latebat
1161 3192 1620 3272 misericordia,
1649 3209 1844 3275 quam

303 3306 673 3370 ostendebat
697 3305 863 3369 Deus
887 3303 957 3367 in
981 3301 1261 3366 hominis
1289 3299 1712 3383 reparatione.

383 3421 444 3479 4.
474 3414 575 3479 Ad
611 3413 769 3478 illud
809 3411 982 3495 quod
1026 3409 1350 3492 objicitur,
1388 3407 1561 3491 quod
1597 3425 1851 3491 repara·

301 3524 414 3600 tio,
457 3521 880 3607 praetermissa
904 3517 1351 3596 satisfactione,
1383 3516 1597 3598 magis
1624 3515 1851 3580 astrin-

303 3633 487 3712 geret
510 3647 629 3693 nos
649 3629 729 3694 ad
745 3627 1139 3693 laudandum
1164 3629 1227 3691 et
1243 3626 1595 3691 amandum
1620 3624 1848 3702 Deum,

302 3737 645 3802 dicendum
677 3735 850 3819 quod
894 3735 1123 3799 falsum
1152 3738 1249 3798 est
1279 3755 1295 3798 ε
1329 3726 1471 3816 plu's
1515 3733 1688 3799 enim
1732 3750 1850 3797 nos

304 3844 603 3926 astringit
657 3843 737 3908 ad
781 3860 1067 3907 amorem
1111 3846 1177 3906 et
1222 3841 1479 3906 laudem
1528 3840 1640 3905 Dei
1687 3840 1810 3904 hoc
1831 3891 1850 3922 ,

305 3951 477 4034 quod
527 3950 698 4015 dedit
743 3950 1162 4032 unigenitum
1214 3967 1411 4014 suum
1456 3967 1574 4032 pro
1630 3948 1813 4012 nobis
1833 3996 1851 4026 ,

307 4077 504 4142 quam
558 4058 613 4122 si
654 4058 890 4141 absque
928 4057 1052 4122 hoc
1099 4056 1515 4121 condonasset
1564 4056 1746 4120 nobis
1796 4060 1860 4120 et

311 4185 569 4250 poenam
607 4170 672 4231 et
715 4165 989 4248 culpam.
1036 4162 1234 4229 Multo
1276 4164 1451 4228 enim
1487 4165 1700 4246 majus
1740 4164 1862 4227 fuit

311 4274 484 4357 quod
509 4273 675 4338 Deus
697 4290 813 4356 pro
836 4271 1020 4335 nobis
1048 4275 1320 4336 mortem
1349 4271 1616 4349 subiret,
1665 4289 1861 4353 quam

310 4387 569 4468 peccata
634 4385 853 4446 nostra
919 4379 1306 4445 condonaret
1332 4403 1348 4458 ;
1402 4380 1606 4445 multo
1671 4380 1864 4444 etiam

315 4495 528 4575 majus
552 4491 673 4556 fuit
698 4489 905 4555 dando
942 4487 1124 4551 nobis
1150 4487 1384 4554 Filium
1412 4493 1666 4571 peccata
1706 4507 1859 4554 con-

315 4601 555 4666 donare
568 4646 590 4676 ‚
618 4616 813 4681 quam
843 4596 896 4660 si
925 4596 1291 4680 simpliciter
1328 4601 1584 4680 peccata
1633 4597 1858 4662 condo-

319 4711 547 4772 nasset.
581 4707 703 4780 Qm‘
725 4705 898 4770 enim
919 4708 938 4744 ¹
966 4705 1226 4786 proprio
1252 4704 1426 4770 Filio
1452 4720 1567 4771 suo
1592 4721 1725 4772 non
1745 4721 1857 4787 pe·

316 4815 541 4898 percit,
569 4812 682 4880 sed
697 4828 817 4896 pro
842 4812 1025 4878 nobis
1041 4811 1332 4878 omnibus
1350 4810 1636 4880 tradidit
1653 4813 1858 4893 illum,

323 4922 630 5007 quomodo
657 4927 790 4989 non·
819 4922 1038 4988 omnia
1064 4920 1248 4988 nobis
1273 4937 1418 4986 cum
1441 4920 1551 4987 illo
1574 4920 1872 5001 donavit,

324 5032 491 5095 sicut
517 5031 794 5097 dicitur?
823 5029 902 5094 Et
938 5029 1029 5092 sic
1057 5033 1229 5113 patet
1263 5028 1436 5112 quod
1467 5028 1629 5094 ratio
1657 5048 1874 5113 proce-

327 5139 420 5204 dit
437 5157 521 5204 ex
545 5137 979 5223 suppositione
1011 5136 1173 5202 falsi.

401 5316 420 5352 ¹
440 5317 596 5380 Rom„
619 5328 736 5378 vm,
765 5317 844 5366 32.
868 5341 933 5352 —
958 5315 980 5350 ¹
1006 5312 1155 5378 Ibid„
1182 5326 1277 5375 xn,
1308 5317 1384 5365 19.
1408 5313 1507 5351 -⁸
1533 5313 1675 5377 Sap„
1701 5327 1741 5378 1,
1768 5319 1879 5365 1.-
1908 5307 1912 5312 ’

379 5387 463 5451 Cf.
485 5387 628 5437 Alex.
661 5387 857 5449 Alens„
880 5399 935 5449 p.
952 5384 1103 5450 11¹,q.
1127 5397 1168 5449 1,
1183 5385 1376 5435 memb.
1407 5388 1456 5449 5,
1474 5387 1572 5434 art.
1598 5387 1652 5447 23
1678 5386 1730 5436 S.
1758 5385 1875 5445 Th„

409 5481 476 5544 (a)
499 5481 650 5546 Vulg.
679 5479 922 5531 vindicta.

3353 458 3473 523 &29

2009 605 2069 664 5.
2098 600 2198 665 Ad
2240 598 2401 664 illud
2433 598 2606 682 quod
2632 598 2933 682 oincitur
2949 644 2969 677 ,
3016 594 3188 679 quod
3216 595 3273 659 si
3298 594 3478 659 satis-

1926 710 2269 775 factionem
2296 728 2429 775 non
2457 710 2777 792 exegisset
2799 758 2816 789 ,
2849 707 3059 789 magis
3101 705 3479 789 praebuisset

1926 817 2201 881 formam
2228 817 2523 882 imitandi
2548 836 2639 895 se,
2667 816 3006 883 dicendum
3030 814 3202 898 quod
3230 813 3347 878 etsi
3378 812 3482 877 de-

1926 925 2197 989 beamus
2222 924 2425 989 Deum
2452 923 2695 988 imitari
2723 924 2791 986 in
2821 920 3165 1005 aliquibus,
3209 938 3341 984 non
3380 926 3477 984 ta-

1930 1053 2082 1100 men
2128 1039 2421 1100 nostrum
2464 1039 2560 1101 est
2606 1035 2845 1100 imitari
2892 1035 2964 1098 in
3014 1033 3334 1098 omnibus.
3383 1031 3484 1098 Ad

1931 1142 2134 1208 Deum
2163 1144 2335 1208 enim
2360 1136 2600 1226 spectat
2624 1160 2914 1226 quaerere
2942 1142 3220 1224 gloriam
3249 1144 3314 1205 et
3343 1140 3485 1205 vin·

1931 1251 2189 1328 dictam,
2215 1252 2566 1317 secundum
2592 1251 2766 1335 quod
2794 1250 3061 1316 dicitur²
3096 1272 3110 1314 :
3146 1249 3313 1317 Mihi
3335 1249 3483 1316 vin-

1931 1358 2176 1426 dictam
2207 1361 2314 1443 (a),
2344 1365 2405 1427 et
2435 1375 2543 1443 eqo
2572 1360 2941 1427 retribuam.
2986 1359 3085 1424 Ad
3115 1378 3233 1425 nos
3268 1362 3486 1422 autem

1936 1486 2068 1532 non
2107 1468 2399 1551 pertinet,
2454 1468 2610 1551 quia
2652 1473 2949 1533 nostrum
2992 1486 3122 1532 non
3167 1470 3263 1531 est
3302 1465 3487 1549 judi-

1937 1593 2104 1653 care,
2137 1576 2244 1640 sed
2272 1576 2549 1659 judicari
2583 1599 2599 1642 :
2637 1582 2702 1641 et
2744 1576 2886 1641 ideo
2926 1576 2996 1639 in
3032 1576 3156 1641 hoc
3199 1593 3331 1640 non
3371 1574 3488 1639 de-

1936 1683 2076 1748 buit
2103 1684 2254 1749 dare
2280 1684 2555 1748 formam
2584 1684 2877 1749 imitandi
2917 1702 3005 1748 se.
3036 1682 3238 1747 Aliter
3281 1686 3489 1765 posset

1942 1791 2096 1868 dici,
2146 1793 2318 1875 quod
2363 1792 2531 1857 Deus
2549 1840 2567 1870 ,
2610 1792 2928 1873 exigendo
2973 1789 3486 1868 satisfactionem,

1943 1900 2153 1981 magis
2178 1900 2455 1983 praebuit
2481 1900 2672 1965 nohis
2710 1901 3006 1976 formam,
3034 1916 3232 1982 quam
3264 1898 3318 1961 si
3360 1915 3493 1962 non

1943 2007 2263 2089 exegisset
2292 2031 2308 2073 ι
2339 2008 2615 2092 praebuit
2644 2008 2817 2071 enim
2846 2007 3219 2089 exemplum
3245 2006 3316 2069 in
3340 2005 3495 2069 sub·

1943 2113 2089 2178 ditis
2129 2119 2194 2179 et
2236 2117 2515 2199 praelatis
2548 2138 2563 2180 ε
2597 2116 2863 2180 subditis
2890 2115 2959 2178 in
2996 2115 3154 2193 hoc,
3186 2112 3357 2196 quod
3389 2130 3491 2176 re·
3548 2182 3555 2189 ‚

1946 2222 2121 2285 misit
2172 2228 2236 2288 et
2290 2225 2614 2306 pepercit;
2674 2222 2954 2307 praelatis
3005 2239 3161 2287 vero
3213 2222 3282 2284 in
3331 2221 3451 2284 hoc
3475 2269 3493 2299 ,

1948 2329 2120 2412 quod
2152 2331 2488 2395 emendam
2516 2330 2874 2414 requisivit,
2904 2332 2979 2393 ut
3021 2329 3210 2394 decor
3229 2328 3496 2412 justitiae

1948 2442 2312 2503 servaretur
2347 2455 2364 2498 ε
2400 2438 2571 2521 quod
2610 2441 2847 2521 spectat
2890 2436 2970 2501 ad
3012 2454 3122 2501 eos
3166 2435 3281 2519 qui
3322 2435 3501 2518 judi-

1951 2549 2099 2611 cant
2124 2549 2384 2624 terram,
2417 2544 2775 2610 secundum
2803 2544 2958 2608 illud
2981 2548 3003 2584 ⁸
3040 2542 3344 2626 :Diliqite
3358 2542 3501 2624 jus-

1951 2653 2192 2731 titiam,
2223 2654 2340 2736 qui
2365 2652 2682 2734 iudicatis
2718 2658 2977 2720 terram.

2032 2766 2095 2824 6.
2134 2761 2233 2826 Ad
2272 2760 2430 2823 illud
2474 2761 2646 2843 quod
2694 2760 2923 2825 ultimo
2963 2758 3282 2842 objicitur,
3330 2757 3504 2842 quod

1954 2867 2280 2932 decentius
2315 2867 2535 2931 fuisset
2558 2885 2853 2950 reparare
2885 2884 3096 2966 genus
3133 2865 3497 2929 humanum

1956 2977 2091 3040 sine
2117 2976 2432 3058 adjutorio
2467 2976 2759 3041 humano
2778 3023 2795 3054 ,
2825 2976 3004 3041 etita
3040 2974 3179 3039 sine
3225 2973 3507 3038 satisfac-

1956 3093 2125 3169 tore,
2157 3088 2497 3155 dicendum
2523 3089 2694 3173 quod
2721 3090 2844 3154 hoc
2883 3088 3116 3154 falsum
3141 3092 3237 3154 est
3279 3110 3295 3153 :
3327 3106 3507 3153 sum·

1961 3215 2085 3261 mae
2114 3196 2289 3261 enim
2313 3196 2609 3260 bonitatis
2636 3200 2733 3261 est
2756 3196 3228 3261 communicare
3255 3199 3509 3260 creatu-

1958 3323 2049 3369 rae
2081 3305 2476 3389 operationes
2501 3305 2766 3386 nobileS,
2797 3304 3151 3369 secundum
3176 3304 3348 3387 quod
3371 3304 3510 3387 ipsa

1962 3416 2114 3477 nata
2150 3416 2246 3477 est
2284 3412 2604 3495 suscipere
2636 3434 2651 3477 ε
2683 3417 2746 3477 et
2786 3416 3075 3477 creatura
3118 3411 3360 3495 aliquid
3405 3429 3517 3494 po-

1962 3524 2084 3585 test
2128 3522 2333 3585 facere
2380 3521 2450 3584 in
2497 3520 2895 3603 reparatione
2912 3569 2931 3600 ,
2976 3519 3274 3603 quamvis
3319 3519 3518 3584 solius

1965 3628 2074 3694 Dei
2112 3630 2193 3693 sit
2221 3629 2471 3712 operari
2512 3628 2583 3692 in
2624 3628 2936 3711 primaria
2978 3646 3199 3693 rerum
3241 3627 3517 3711 produc-

1965 3737 2170 3815 tione,
2199 3737 2312 3801 ubi
2338 3755 2471 3801 non
2510 3741 2606 3800 est
2639 3736 2926 3820 'operatio
2953 3735 3020 3799 in
3049 3736 3333 3818 aliquam
3375 3753 3514 3799 ma-

1967 3844 2192 3908 teriam
2223 3845 2695 3927 praeJacentem.

2491 4085 2847 4165 QUAESTIO
2882 4085 2992 4153 111.

1972 4239 2065 4295 An
2099 4239 2293 4309 aliqua
2314 4252 2459 4310 pura
2492 4241 2742 4295 creatura
2777 4238 3021 4309 potuerit
3050 4238 3366 4306 satisfacere
3409 4252 3516 4311 pro

2419 4332 2529 4387 toto
2564 4344 2750 4401 ρεπεν-ο
2778 4329 3016 4386 humano
3034 4329 3078 4387 ⁴.

2060 4490 2287 4555 Utrum
2328 4490 2544 4573 aliqua
2577 4494 2868 4557 creatura
2904 4508 3070 4575 pura
3100 4488 3383 4573 potuerit
3421 4506 3527 4553 sa·-
3574 4510 3637 4553 Aa
3658 4521 3767 4564 opp.

1979 4599 2264 4663 tisfacere
2307 4617 2422 4682 pro
2450 4603 2580 4664 toto
2614 4617 2851 4680 genere
2890 4599 3221 4676 humano;
3256 4600 3321 4662 et
3358 4595 3530 4679 quod

1981 4706 2094 4787 sic,
2125 4706 2397 4772 videtur.
2422 4705 2561 4771 Una
2584 4709 2874 4771 creatura
2899 4724 3065 4788 pura
3094 4705 3300 4790 potuit
3325 4708 3533 4769 totum

1986 4833 2196 4897 genus
2215 4814 2579 4878 humanum
2608 4813 2868 4878 inficere
2894 4831 3009 4897 per
3026 4813 3283 4897 culpam
3308 4831 3531 4878 suam:

1984 4941 2174 5005 ergo,
2207 4922 2262 4985 si
2307 4921 2518 5003 gratia
2544 4924 2637 4985 est
2672 4920 3056 5004 principium
3086 4920 3530 5001 satisfaciendi,

1984 5030 2150 5094 sicut
2174 5041 2175 5044 ’
2199 5027 2384 5111 culpa
2432 5027 2816 5112 principium
2863 5027 3225 5106 inficiendi,
3279 5029 3534 5095 videtur

1987 5136 2160 5221 quod
2202 5135 2424 5219 aliqua
2461 5152 2625 5218 pura
2669 5139 2958 5202 creatura
2998 5154 3114 5220 per
3161 5154 3347 5202 suam
3393 5156 3542 5220 gra-

1989 5350 2040 5400 p.
2072 5337 2158 5400 111,
2184 5351 2234 5400 q.
2265 5347 2409 5398 xxm,
2427 5338 2523 5386 art.
2548 5337 2596 5397 2;
2618 5335 2940 5387 etlllSent..
2961 5336 3078 5389 dist.
3099 5349 3198 5401 xx,
3219 5350 3330 5403 q.1,
3361 5340 3458 5388 art.
3480 5341 3544 5403 45

1991 5413 2192 5470 scotus,
2220 5408 2285 5459 111
2323 5407 2484 5469 Sene„
2515 5405 2636 5457 (1181.
2671 5418 2783 5471 xxx,
2807 5421 2860 5472 q.
2885 5420 2930 5471 ι,
2958 5408 3258 5472 Richardus,
3294 5375 3545 5471 l’llsene„

1991 5478 2107 5529 dist.
2131 5490 2222 5542 xx,
2238 5491 2289 5542 q.
2312 5489 2403 5541 ιιι,
2423 5477 2600 5541 steph.
2621 5478 2830 5539 Bmless,
2850 5479 2913 5528 ΙΙΙ
2940 5480 3101 5542 Seni„
3118 5479 3234 5533 dist.
3254 5491 3353 5544 xx,
3375 5494 3425 5544 q.
3462 5492 3548 5535 111.
