4185 6288
768 440 892 508 uo
1876 439 2503 511 SENTENTIARUM
2538 441 2689 510 ΗΒ.
2735 441 2842 509 111.

771 580 951 676 quod
984 580 1294 653 divinitas
1327 587 1623 673 separata
1666 579 1751 649 sit
1784 579 1857 649 in
1900 587 2113 649 morte
2150 579 2235 648 ab
2282 576 2575 667 homine,
2606 602 2761 674 quae
2784 580 2915 650 nisi
2941 580 3356 668 discessisset,
3389 579 3589 651 homo
3633 579 3753 650 ille
3792 580 3955 650 mori

773 720 908 769 non
961 704 1194 791 posset.
1244 697 1436 780 Quod
1470 697 1572 767 illi
1617 697 1700 767 ad
1745 719 2009 766 carnem
2054 697 2394 785 referunt,
2451 720 2654 792 quam
2714 697 2943 768 dicunt
2985 721 3026 767 a
3068 697 3205 768 Deo
3252 705 3641 791 separatam.
3700 695 3957 779 Quibus

774 814 1267 909 respondemus,
1314 812 1498 884 illam
1547 815 2022 907 separationem
2067 815 2158 883 sic
2215 836 2352 884 esse
2404 815 2844 906 accipiendam
2866 867 2885 902 ,
2942 815 3111 885 sicut
3167 815 3564 906 intelligitur
3626 814 3958 883 derelictio

776 956 921 1028 quae
974 934 1109 1003 illis
1162 933 1380 1003 verbis
1437 933 1850 1023 significatur
1909 957 1925 1001 :
1991 934 2074 1000 Ut
2129 930 2290 1023 quid
2340 955 2446 1002 me
2501 930 2950 1025 dereliquisti?
2995 931 3141 1014 Quo
3205 931 3402 1001 modo
3448 954 3606 1021 ergo
3666 929 3961 1000 Christus

776 1050 1124 1120 derelictus
1149 1058 1287 1120 erat
1320 1071 1359 1117 a
1384 1049 1604 1137 Patre,
1634 1072 1786 1118 cum
1817 1048 1887 1117 in
1914 1070 2105 1118 cruce
2133 1048 2521 1118 derelictum
2563 1044 2631 1117 se
2676 1049 3044 1120 clamabat?
3079 1048 3227 1118 Nou
3270 1055 3618 1118 recesserat
3658 1048 3841 1117 Deus
3885 1047 3960 1116 ab

777 1161 1083 1249 homine,
1132 1162 1223 1231 ita
1268 1161 1446 1253 quod
1491 1170 1657 1230 esset
1699 1160 1914 1229 soluta
1958 1159 2122 1229 unio
2167 1160 2287 1228 Dei
2333 1167 2399 1229 et
2444 1160 2754 1230 hominis.
2807 1161 3127 1254 Alioquin
3162 1160 3290 1230 fuit
3353 1160 3643 1253 quodam
3709 1168 3965 1251 tempus

780 1278 1044 1372 quando
1072 1277 1364 1349 Christus
1391 1278 1607 1347 adhuc
1638 1279 1832 1347 vivus
1860 1277 2060 1347 homo
2087 1286 2252 1365 erat,
2287 1285 2352 1346 et
2378 1299 2513 1347 non
2540 1277 2755 1365 Deus;
2787 1277 2948 1370 quia
2984 1276 3198 1346 adhuc
3240 1276 3433 1346 vivus
3469 1299 3539 1346 se
3578 1275 3966 1346 derelictum

781 1395 1130 1482 clamabat,
1179 1417 1313 1464 non
1373 1394 1992 1489 derelinquendum.
2044 1392 2118 1463 Si
2163 1416 2320 1483 ergo
2377 1393 2497 1463 illa
2538 1393 2873 1464 derelictio
2917 1394 3185 1463 unionis
3242 1393 3641 1486 intelligitur
3679 1393 3964 1481 solutio;

783 1512 1128 1583 antefacta
1154 1511 1548 1582 fuitsolutio
1574 1511 1695 1581 Dei
1722 1520 1786 1580 et
1813 1511 2128 1598 hominis,
2159 1533 2362 1603 quam
2390 1508 2689 1580 Christus
2716 1516 3020 1581 mortuus
3045 1518 3234 1580 esset.
3268 1509 3400 1581 Sed
3427 1510 3580 1603 quis
3605 1508 3730 1580 hoc
3757 1508 3969 1579 dicat?

782 1628 1135 1700 Fateamur
1160 1650 1317 1719 ergo
1345 1628 1557 1699 Deum
1584 1628 1871 1721 quodam
1899 1631 2097 1699 modo
2122 1628 2318 1698 illum
2347 1627 2683 1698 hominem
2709 1628 2782 1698 in
2812 1634 3020 1698 morte
3046 1627 3442 1716 deseruisse,
3487 1625 3649 1721 quia
3674 1626 3975 1721 potestati

784 1745 1320 1840 persequentium
1346 1767 1500 1814 eum
1527 1745 1830 1838 exposuit
1853 1745 1937 1815 ad
1965 1753 2252 1837 tempus»,
2281 1765 2417 1814 non
2441 1766 2629 1814 suam
2657 1745 3018 1838 potentiam
3045 1745 3405 1815 exercendo
3445 1743 3643 1813 illum
3686 1742 3979 1813 defendit

786 1871 1026 1934 utnon
1052 1868 1441 1931 moreretur.
1475 1861 1820 1953 Separavit
1841 1883 1910 1931 se
1936 1860 2283 1948 divinitas,
2324 1861 2485 1954 quia
2527 1861 2854 1931 subtraxit
2900 1861 3408 1954 protectionem3
3450 1860 3565 1931 sed
3604 1882 3743 1929 non
3789 1858 3981 1929 solvit

790 1980 1126 2050 unionem.
1162 1977 1504 2072 Separavit
1529 2000 1599 2046 se
1622 1978 1808 2065 foris,
1837 1987 2075 2047 utnon
2122 1978 2372 2047 adesset
2414 1976 2496 2047 ad
2541 1977 3028 2066 defensionem3
3080 1979 3192 2047 sed
3240 1999 3375 2048 non
3421 1978 3603 2047 intus
3644 1975 3861 2046 defuit
3900 1977 3982 2044 ad

789 2096 1127 2193 unionem.
1162 2093 1398 2163 Sinon
1439 2092 1534 2163 ibi
1559 2093 1957 2164 cohibuisset
2000 2094 2397 2187 potentiam,
2443 2092 2556 2163 sed
2593 2094 3009 2182 exercuisset,
3058 2116 3194 2164 non
3246 2103 3611 2164 moreretur
3653 2092 3975 2163 Christus.

791 2212 1095 2282 Mortuus
1118 2218 1216 2279 est
1240 2210 1537 2280 Christus
1562 2210 1907 2280 divinitate
1934 2210 2298 2298 recedente,
2334 2210 2405 2279 id
2449 2218 2546 2280 est
2588 2211 2892 2281 effectum
2932 2210 3239 2304 potentiae
3279 2211 3351 2279 in
3395 2209 3806 2281 defendendo
3848 2231 3984 2279 non

794 2328 1166 2398 exhibente.
1207 2328 1332 2397 Hic
1374 2334 1469 2396 est
1509 2326 1731 2395 hircus
1774 2350 2236 2419 apopompaeus
2274 2336 2319 2415 ¹,
2350 2327 2509 2419 qui,
2557 2328 2762 2396 altero
2799 2326 2981 2396 hirco
3027 2326 3402 2414 immolato,
3444 2327 3516 2394 in
3559 2326 3983 2396 solitudinem

795 2443 1203 2529 mittebatur,
1265 2451 1341 2511 ut
1383 2443 1627 2532 legitur
1674 2443 1745 2512 in
1799 2443 2115 2512 Levitioe.
2172 2444 2320 2513 Duo
2374 2444 2551 2513 enim
2594 2443 2785 2532 hirci,
2836 2442 3215 2514 humanitas
3258 2451 3324 2512 et
3372 2442 3688 2512 divinitas
3739 2443 3979 2513 Christi

795 2560 1288 2651 intelliguntur.
1319 2561 1746 2629 Humanitate
1773 2583 1929 2650 ergo
1957 2561 2321 2647 immolata,
2351 2559 2662 2630 divinitas
2688 2560 2933 2630 Christi
2960 2560 3032 2629 in
3059 2559 3484 2629 solitudinem
3517 2558 3709 2646 abiit,
3754 2560 3824 2628 id
3862 2567 3982 2644 est,

798 2678 865 2746 in
897 2677 1163 2746 coelum.
1195 2675 1386 2747 Unde
1411 2675 1820 2769 Hesychius²
1858 2677 1941 2769 (a)
1980 2701 1998 2745 ε
2039 2704 2074 2743 «
2100 2675 2177 2744 In
2205 2676 2665 2765 solitudinem,
2709 2677 2776 2746 id
2805 2684 2902 2747 est
2945 2678 3015 2745 in
3055 2676 3290 2747 coelum
3336 2683 3624 2769 tempore
3669 2676 3988 2770 passionis

800 2793 1113 2865 divinitas
1151 2794 1385 2862 abiisse
1429 2792 1694 2880 dicitur,
1743 2816 1878 2863 non
1924 2794 2145 2863 locum
2192 2801 2489 2881 mutans,
2533 2794 2645 2863 sed
2692 2793 2980 2888 quodam
3039 2784 3232 2863 modo
3282 2793 3596 2863 virtutem
3648 2793 3985 2882 cohibens,

807 2918 881 2981 ut
906 2916 1168 3002 possent
1214 2909 1403 3002 impii
1429 2932 1884 2980 consummare
1939 2910 2331 3003 passionem.
2356 2936 2391 2977 ι)
2439 2911 2624 2980 Abiit
2668 2933 2824 3002 ergo
2850 2962 2868 2998 ,
2916 2910 2983 2980 id
3034 2918 3130 2980 est
3169 2911 3486 2980 virtutem
3538 2909 3873 2997 cohibuit,
3925 2917 3993 2978 et

805 3028 1088 3120 portavit
1112 3026 1491 3119 iniquitates
1534 3034 1813 3114 nostras,
1864 3049 1996 3096 non
2043 3039 2119 3096 ut
2159 3028 2451 3110 haberet,
2496 3028 2606 3097 sed
2654 3037 2730 3096 ut
2777 3035 3191 3098 consumeret
3235 3050 3252 3095 t
3298 3028 3473 3095 Deus
3512 3025 3692 3095 enim
3748 3028 3773 3065 ⁸
3818 3026 3992 3118 iynis

811 3167 1195 3214 consumens
1225 3156 1342 3214 est.
1387 3144 1489 3215 Ex
1519 3143 1623 3214 bis
1649 3143 1805 3214 satis
1843 3143 2235 3232 ostenditur,
2266 3144 2597 3237 praemissa
2642 3143 2845 3216 verba
2885 3143 3223 3215 Ambrosii
3267 3142 3360 3213 sic
3406 3166 3542 3213 esse
3592 3143 3990 3238 accipienda,

811 3269 886 3332 ut
913 3260 1354 3352 praediximus.

643 3459 781 3503 mm
900 3372 1039 3442 Alii
1062 3395 1328 3465 quoque
1351 3372 1721 3441 auctoritati
1746 3371 2153 3458 innituntur,
2200 3372 2320 3464 qui
2357 3379 2656 3443 asserunt
2697 3373 3113 3443 divinitatem
3157 3372 3231 3440 in
3280 3378 3492 3442 morte
3536 3372 3872 3443 recessisse
3911 3375 3996 3443 ab

468 3557 480 3569 ‚
571 3523 625 3566 ..i
671 3522 784 3563 mem
816 3489 1079 3558 homine
1103 3489 1463 3557 secundum
1490 3489 1775 3557 carnem.
1810 3489 1924 3556 Ait
1954 3488 2132 3557 enim
2159 3490 2559 3559 Athanasius
2591 3493 2615 3529 ⁸
2649 3515 2665 3558 ι
2706 3515 2741 3556 ι(
2782 3490 3168 3560 Maledictus
3204 3489 3323 3581 qui
3374 3497 3590 3558 totum
3627 3489 3993 3575 hominem,

582 3586 788 3689 fflffiss‘
814 3628 1014 3697 quem
1041 3605 1392 3697 assumpsit
1419 3604 1535 3673 Dei
1562 3605 1798 3691 Filius,
1828 3604 2046 3674 denuo
2087 3614 2524 3700 assumptum,
2574 3607 2766 3675 tertia
2800 3607 2908 3675 die
2950 3630 2991 3676 a
3033 3606 3312 3677 mortuis
3358 3606 3824 3675 ressurrexisse
3864 3629 3998 3676 non

573 3716 719 3754 ‘'¹⁰¹²'‘
813 3719 1186 3790 confitetur.
1217 3719 1389 3806 Fiat,
1420 3719 1559 3789 fiat.
1591 3747 1626 3786 >³
1667 3721 1740 3790 Si
1775 3722 2117 3814 inquiunt,
2144 3722 2363 3793 denuo
2388 3730 2764 3814 assumptus
2789 3732 2885 3792 est
2913 3723 3109 3792 homo
3134 3723 3206 3792 in
3236 3722 3750 3810 resurrectione,
3799 3745 3997 3814 quem

813 3843 1249 3929 assumpserat
1274 3836 1344 3904 in
1372 3837 1844 3923 incarnatione,
1874 3838 2176 3930 deposuit
2201 3861 2357 3928 ergo
2391 3838 2644 3908 eumin
2688 3847 2895 3908 morte
2928 3864 2944 3908 :
2979 3848 3275 3931 separata
3317 3861 3476 3929 ergo
3516 3838 3647 3907 fuit
3689 3837 3998 3909 divinitas

814 3954 883 4023 iu
911 3962 1120 4022 morte
1146 3953 1228 4022 ab
1271 3953 1704 4023 humanitate.
1752 3954 2009 4037 Quibus
2053 3956 2545 4049 respondemus,
2595 3956 2774 4049 quod
2819 3956 2874 4024 si
2920 3956 2991 4024 in
3038 3956 3141 4025 his
3181 3956 3401 4025 verbis
3447 3955 3811 4048 assumptio
3856 3955 3999 4026 talis

693 4047 786 4077 ⁰⁰⁸⁰
814 4069 1245 4160 intelligatur,
1278 4093 1427 4163 quae
1455 4071 1539 4139 sit
1573 4071 1650 4163 (b)
1689 4072 2049 4141 secundum
2095 4073 2407 4142 unionem
2426 4126 2443 4159 ,
2475 4095 2611 4142 non
2637 4096 2900 4143 carnem
2930 4081 3185 4142 tantum
3207 4124 3227 4160 ,
3255 4072 3368 4142 sed
3395 4079 3608 4141 totum
3634 4071 3995 4158 hominem,

815 4187 884 4256 id
931 4195 1050 4276 est,
1096 4187 1382 4255 animam
1438 4194 1503 4256 et
1546 4209 1808 4257 carnem
1852 4189 2069 4259 denuo
2115 4190 2240 4258 sibi
2287 4191 2505 4260 univit
2551 4191 2619 4260 in
2669 4192 3172 4279 resurrectione3
3221 4192 3379 4284 quia
3440 4213 3576 4260 non
3622 4190 4000 4283 simpliciter

816 4302 1194 4390 hominem,
1251 4302 1363 4371 sed
1416 4308 1629 4372 totum
1674 4304 2009 4374 hominem
2055 4316 2466 4400 assumptum
2527 4307 2706 4377 dicit.
2757 4306 3001 4378 Totum
3046 4330 3201 4398 ergo
3271 4308 3611 4378 hominem
3663 4308 3739 4376 in
3795 4315 3999 4377 morte

815 4418 1138 4510 deposuit,
1186 4418 1255 4487 id
1299 4427 1417 4506 est,
1467 4420 1758 4490 animam
1804 4430 1870 4490 et
1910 4443 2198 4492 carnem.
2243 4423 2374 4496 Sed
2425 4425 2601 4516 quis,
2657 4423 2786 4493 nisi
2847 4423 3057 4493 hostis
3105 4423 3427 4510 veritatis,
3487 4424 3660 4494 dicat
3713 4423 3999 4493 animam

816 4559 857 4605 a
880 4535 1103 4607 Verbo
1130 4535 1531 4628 depositam?
1559 4537 1643 4606 Et
1670 4546 1888 4609 tamen
1914 4539 2043 4610 nisi
2069 4541 2193 4610 hoc
2221 4541 2573 4627 fateantur,
2602 4540 2783 4633 quod
2810 4548 3001 4630 ⁸totus
3046 4540 3244 4610 homo
3282 4539 3367 4608 sit
3409 4547 3821 4632 assumptus,
3869 4560 4001 4609 non

815 4676 936 4746 pro
961 4653 1055 4723 eis
1081 4652 1235 4721 facit
1262 4653 1381 4721 illa
1420 4656 1794 4743 auctoritaS,
1824 4680 1976 4750 quae
2015 4667 2227 4728 totum
2263 4659 2418 4728 dicit
2462 4666 2899 4750 assumptum.
2950 4656 3311 4726 Sciendum
3357 4664 3455 4726 est
3499 4677 3656 4747 ergo
3710 4655 3999 4726 Athana-

813 4770 989 4839 sium
1042 4769 1111 4837 id
1166 4769 1409 4838 dixisse
1461 4780 1687 4841 contra
1745 4773 2017 4843 illorum
2069 4775 2417 4867 perfidiam
2439 4827 2458 4861 ,
2533 4775 2652 4867 qui
2719 4774 3264 4843 resurrectionem
3333 4772 3580 4843 Christi
3645 4773 3993 4862 negabant,

811 4895 1117 4978 putantes
1145 4895 1353 4956 morte
1381 4889 1658 4959 detineri
1685 4913 1864 4978 eum,
1896 4892 2014 4984 qui
2040 4891 2219 4962 solus
2246 4891 2267 4928 ⁸
2303 4892 2479 4960 inter
2511 4902 2805 4960 mortuos
2831 4891 2997 4962 liber
3034 4899 3152 4959 est.
3200 4890 3355 4959 {deo
3399 4887 3597 4958 illum
3644 4888 3993 4973 maledicit,

811 5003 930 5095 qui
973 5026 1108 5073 non
1144 5004 1494 5075 confitetur
1537 5014 1748 5075 totum
1788 5007 2126 5076 hominem
2166 5009 2385 5077 denuo
2425 5016 2836 5100 assumptum
2881 5005 3337 5091 resurrexisse,
3388 5004 3458 5073 id
3502 5011 3622 5091 est,
3667 5003 3996 5074 Christum

876 5148 896 5185 ¹
929 5147 1309 5211 Apopompaeus
1326 5185 1342 5210 ,
1372 5150 1545 5199 Groece
1574 5153 1930 5214 Αποπομπαῖος
1950 5191 1963 5214 ,
1995 5166 2025 5202 a
2052 5152 2213 5204 verbo
2244 5165 2410 5216 graeco
2449 5153 2756 5215 ἀποπέμπω,
2793 5150 2933 5215 quod
2954 5153 3034 5201 est
3059 5148 3315 5213 ableqare,
3345 5147 3428 5199 vel
3456 5150 3507 5198 in
3534 5146 3851 5198 solitudinem
3878 5148 3995 5196 mit-

810 5219 942 5279 tere,
971 5221 1004 5268 a
1030 5218 1193 5268 verbo
1216 5235 1395 5282 πεμπω
1415 5256 1432 5282 ,
1459 5222 1685 5285 mttere,
1715 5227 1766 5272 et
1789 5224 1888 5274 ἀπὸ
1906 5259 1922 5283 ,
1954 5224 2092 5287 quod
2122 5228 2201 5275 est
2223 5222 2421 5287 procul.
2452 5223 2583 5272 Hinc
2608 5236 2761 5285 caper
2788 5222 2871 5275 vel
2892 5221 3063 5272 hircus
3086 5220 3381 5271 emissarius
3408 5219 3612 5282 dicitur,
3639 5218 3694 5272 id
3711 5222 3790 5270 est
3809 5218 3864 5269 in
3885 5216 3997 5268 soli·

809 5287 1039 5338 tudinem
1067 5288 1280 5350 missus,
1308 5295 1365 5340 ut
1386 5290 1569 5355 legitur
1592 5292 1646 5342 in
1671 5303 1755 5342 xv1
1785 5306 1895 5356 cap.
1927 5293 2155 5345 Levite'ci.
2183 5321 2246 5333 —
2267 5297 2288 5330 ⁸
2313 5294 2559 5358 Hesych.,
2589 5295 2642 5342 in
2665 5293 2844 5355 Leon„
2873 5305 2960 5344 xvi
2977 5330 2991 5353 ‚
3030 5296 3108 5344 2¹.
3133 5318 3192 5328 -
3214 5291 3236 5327 ⁸
3256 5292 3403 5346 Deut.
3442 5302 3517 5357 tv,
3547 5293 3625 5340 24.
3662 5315 3724 5328 —
3744 5289 3766 5326 δ
3793 5290 3995 5356 Athen„

811 5357 901 5408 lib.
921 5359 1010 5418 vt,
1031 5357 1120 5422 qni
1146 5357 1205 5408 de
1232 5359 1549 5412 Beatitudine
1571 5362 1678 5426 filii
1705 5362 1906 5427 dicitur,
1928 5364 1999 5414 acl
2020 5364 2271 5432 Theophil.
2289 5365 2385 5405 ——‘
2402 5366 2483 5421 Ps.
2508 5375 2740 5427 muru,
2768 5367 2818 5420 6.

880 5445 949 5511 (α)
969 5445 1057 5496 ΔΙ.
1088 5446 1328 5499 Exichius
1352 5450 1434 5501 vel
1463 5449 1706 5502 Esichius.
1731 5476 1792 5490 —
1822 5451 1884 5516 (ὁ)
1918 5453 1990 5505 fit.
