4185 6288
721 383 839 448 508
1838 370 2459 442 SENTENTIARUM
2501 373 2648 438 LIB.
2705 374 2809 439 III.

723 521 1063 583 mortuus:
1097 517 1152 581 si
1186 533 1345 598 ergo
1384 516 1542 580 fides
1580 514 1870 581 informis
1906 515 2002 577 est
2034 510 2266 592 hujus-

725 626 934 705 modi,
985 625 1234 691 videtur
1270 625 1443 707 quod
1487 643 1601 708 per
1644 623 1994 688 adventum
2036 618 2263 702 gratiae

724 732 954 797 habeat
977 732 1332 796 informari.

806 839 962 904 Item
992 839 1152 903 nihil
1173 838 1345 904 aliud
1373 841 1469 903 est
1493 838 1700 903 dicere
1722 836 2014 900 habitum
2035 834 2264 897 vivum

724 966 894 1027 esse,
924 965 1121 1030 quam
1163 964 1276 1029 per
1320 945 1502 1010 illum
1550 945 1744 1008 vitam
1777 947 2080 1007 aeternam
2130 958 2266 1004 me-

725 1052 849 1116 reri
877 1068 1059 1135 posse
1090 1071 1106 1114 :
1136 1050 1248 1114 sed
1278 1049 1530 1113 credere
1562 1048 1707 1112 fidei
1732 1045 2057 1124 informis,
2092 1043 2267 1127 quod

726 1163 821 1223 est
857 1156 1157 1222 assentire
1201 1157 1427 1240 primae
1471 1154 1723 1219 veritati
1768 1157 2023 1236 propter
2071 1169 2162 1230 se,
2205 1152 2269 1214 et

726 1283 919 1348 super
961 1264 1200 1342 omnia,
1245 1263 1733 1346 superveniente
1778 1260 2107 1339 charitate,
2147 1259 2264 1322 ha-

725 1374 834 1437 bet
887 1390 1078 1437 omne
1121 1371 1293 1454 quod
1337 1371 1766 1434 necessarium
1808 1372 1903 1434 est
1955 1367 2036 1432 ad
2085 1365 2272 1430 meri-

727 1485 869 1545 tum
903 1497 1106 1561 :ergo
1144 1479 1434 1554 videtur,
1474 1476 1646 1559 quod
1672 1476 1726 1539 si
1776 1478 1955 1540 actus
1991 1476 2133 1555 ejus
2176 1477 2271 1536 est

729 1588 1129 1666 meritorius,
1190 1585 1362 1669 quod
1419 1584 1674 1647 habitus
1734 1582 1816 1644 sit
1884 1581 2266 1646 vivificatus.

728 1696 905 1775 Quod
935 1699 1149 1760 autem
1170 1694 1405 1758 habeat
1427 1710 1617 1757 omne
1644 1690 1813 1773 quod
1840 1689 2269 1754 necessarium

727 1808 823 1866 est
862 1802 942 1866 ad
988 1800 1332 1879 meritum,
1376 1799 1642 1883 planum
1690 1801 1819 1874 est,
1866 1813 2015 1860 cum
2059 1795 2272 1877 ipsum

729 1928 891 1994 opus
930 1909 1009 1974 de
1048 1926 1115 1972 se
1157 1908 1238 1971 sit
1283 1907 1529 1970 bonum
1576 1910 1638 1968 et
1682 1907 1951 1981 rectum,
2009 1907 2072 1965 et
2114 1901 2194 1965 sit
2236 1921 2277 1966 a

730 2016 1036 2081 charitate
1062 2015 1470 2096 imperatum.

811 2120 970 2186 Item
1011 2138 1202 2185 omne
1242 2117 1396 2183 illud
1440 2118 1610 2201 quod
1659 2116 1888 2181 dicitur
1931 2132 2066 2180 esse
2112 2131 2280 2179 mor-

732 2235 922 2294 tuum
948 2247 1032 2293 ex
1059 2227 1192 2292 solo
1215 2227 1462 2291 defectu
1488 2225 1760 2306 alicujus
1777 2272 1795 2303 ,
1831 2223 1941 2287 illo
1968 2241 2279 2306 superve-

734 2336 946 2400 niente
972 2335 1337 2401 vivisscatur
1367 2351 1384 2397 ε
1415 2332 1523 2397 sed
1550 2331 1707 2396 fides
1732 2330 2025 2394 informis
2049 2330 2282 2395 dicitur

734 2462 872 2508 esse
911 2447 1165 2507 mortua
1196 2442 1280 2505 ob
1321 2440 1637 2506 defectum
1665 2439 1892 2520 gratiae
1908 2486 1928 2517 ‚
1960 2443 2023 2502 et
2051 2455 2281 2521 opera-

735 2550 926 2616 tionis
951 2550 1296 2614 fructuosae
1328 2570 1343 2612 ε
1376 2565 1557 2628 ergo,
1593 2546 1750 2628 ipsis
1774 2544 2279 2627 supervenienti·

738 2659 881 2735 bus»,
919 2656 1245 2721 reviviscit
1277 2678 1292 2719 ε
1323 2655 1431 2719 sed
1458 2671 1609 2718 cum
1651 2651 2003 2730 reviviscit,
2043 2652 2285 2717 forma-

741 2771 886 2831 tur:
911 2783 1070 2847 ergo
1098 2763 1254 2827 fides
1280 2761 1571 2826 informis
1593 2763 1798 2842 potest
1823 2759 1962 2822 fieri
1990 2759 2283 2824 formata.

743 2873 820 2939 Et
871 2873 994 2937 hoc
1042 2877 1135 2935 est
1182 2869 1353 2952 quod
1402 2869 1672 2932 habetur
1714 2867 1783 2929 in
1837 2865 2053 2929 Glossa
2096 2884 2290 2949 super

743 2979 901 3051 illud
935 2980 953 3015 ¹
1008 2997 1026 3042 :
1065 2976 1257 3043 Fides
1300 2977 1440 3042 sine
1489 2973 1782 3056 operibus
1825 2981 2079 3040 mortua
2123 2981 2217 3040 est
2264 2995 2290 3038 .-

745 3086 963 3152 Glossa
992 3104 1011 3151 2
1049 3109 1080 3149 α
1108 3082 1450 3150 Reviviscit
1471 3099 1555 3144 ex
1580 3080 1877 3163 operibus
1902 3081 2079 3144 ssdes.
2110 3102 2141 3139 υ
2168 3079 2290 3146 Sed

742 3199 798 3261 si
825 3197 982 3262 fides
1018 3215 1098 3261 ex
1144 3196 1444 3279 operibus
1469 3193 1834 3273 reviviscit,
1865 3211 2024 3275 ergo
2067 3211 2151 3258 ex
2178 3194 2293 3258 ad-

739 3310 942 3370 ventu
968 3322 1239 3387 operum
1264 3303 1458 3368 habet
1482 3303 1686 3367 vitam
1718 3307 1781 3366 et
1807 3302 2104 3365 formam.

822 3412 945 3478 Sed
986 3415 1208 3477 contra
1249 3433 1266 3475 t
1302 3416 1362 3475 1.
1407 3409 1671 3475 Nullum
1714 3413 2044 3493 peccatum
2091 3413 2297 3493 potest

739 3521 880 3585 fleri
928 3520 1279 3585 formatum
1327 3540 1344 3583 ι
1393 3536 1551 3600 ergo
1605 3518 1786 3582 nulla
1838 3518 2045 3582 virtus
2095 3522 2297 3601 potest

739 3630 882 3694 fleri
921 3628 1212 3693 informis
1244 3650 1260 3692 :
1292 3645 1450 3709 ergo
1496 3627 1653 3692 fides
1691 3628 1965 3691 formata
2006 3643 2140 3690 non
2188 3643 2276 3709 po

743 3742 867 3805 test
892 3738 1033 3803 fleri
1061 3736 1392 3802 Informis:
1421 3737 1559 3820 pari
1588 3736 1834 3801 ratione
1860 3755 1976 3799 nec
2007 3735 2298 3799 informis

742 3849 946 3929 potest
971 3845 1112 3909 fleri
1137 3845 1431 3911 formata.

820 3958 882 4017 2.
911 3951 1066 4016 Item
1098 3952 1368 4016 nullum·
1386 3970 1550 4035 opus
1578 3956 1910 4015 mortuum
1933 3952 2138 4032 potest
2162 3948 2301 4012 lieri

668 4054 685 4073 ⁰
740 4059 1011 4134 vivum;
1064 4076 1261 4142 opera
1307 4058 1480 4124 enim
1523 4076 1671 4141 quae
1722 4058 1793 4122 in
1834 4060 2091 4140 peccato
2134 4056 2297 4120 facta

741 4171 891 4232 sunt
909 4216 930 4247 ‚
962 4184 1296 4248 nunquam
1325 4165 1810 4231 revivificantur
1837 4182 1951 4248 per
1978 4165 2261 4246 gratiam
2279 4211 2298 4243 ,

741 4280 816 4340 ut
857 4274 986 4338 sint
1030 4274 1229 4368 digna
1258 4273 1776 4338 remuneratione
1805 4275 2065 4336 aeternae
2092 4270 2246 4334 vitae
2278 4294 2295 4338 :

742 4400 903 4463 ergo
951 4381 1005 4444 si
1043 4381 1203 4445 fides
1250 4380 1543 4446 informis
1595 4385 1850 4445 mortua
1894 4383 2010 4459 est,
2045 4378 2303 4443 videtur

743 4489 920 4571 quod
972 4506 1086 4571 per
1128 4487 1407 4569 gratiam
1454 4505 1587 4551 non
1635 4486 1870 4550 habeat
1914 4485 2227 4550 vivificari
2283 4491 2299 4534 Ξ

745 4612 905 4677 ergo
937 4614 1052 4659 nec
1080 4593 1438 4658 informari.

827 4707 888 4768 3.
930 4702 1090 4767 Item
1137 4701 1395 4765 nullum
1445 4699 1735 4765 accidens
1772 4704 1978 4784 potest
2020 4701 2296 4779 alterari,

747 4814 1101 4881 secundum
1128 4814 1301 4896 quod
1337 4812 1477 4876 vult
1524 4810 1785 4876 Boetius
1815 4834 1831 4876 ε
1862 4812 1969 4875 sed
1997 4811 2156 4876 fides
2195 4812 2302 4875 in·

747 4922 969 4987 formis
1008 4925 1104 4986 est
1141 4918 1433 4985 accidens
1461 4941 1475 4982 z
1511 4937 1669 5001 ergo
1711 4918 1966 4983 alterari
2009 4935 2140 4982 non
2186 4936 2308 5001 po·-

751 5034 916 5094 test:
947 5028 1058 5092 sed
1085 5044 1278 5092 omne
1314 5028 1486 5111 quod
1525 5027 1602 5092 de
1647 5025 1907 5090 informi
1950 5025 2023 5088 sst
2067 5026 2308 5089 forma-

749 5141 892 5201 tum
911 5182 932 5213 ‚
962 5135 1270 5199 alteratur
1300 5156 1317 5199 2
1348 5152 1505 5216 ergo
1548 5132 1938 5216 impossibile
1981 5136 2076 5196 est
2109 5132 2305 5197 fldem

751 5243 1092 5308 informem
1122 5241 1263 5305 fleri
1287 5242 1648 5307 formatam.

813 5370 830 5405 ¹
855 5369 984 5428 lac„
1011 5378 1066 5425 u,
1102 5370 1178 5429 ιο,
1203 5370 1277 5418 ¹6.

2455 516 2515 575 4.
2551 510 2709 575 Item
2746 528 2829 574 ex
2867 510 2968 575 his
3009 526 3156 591 quae
3199 512 3350 573 sunt
3379 511 3631 578 diversa
3654 532 3892 597 genere,

2374 636 2505 682 non
2550 621 2756 701 potest
2800 617 2939 681 fleri
2980 634 3189 680 unum
3234 634 3348 698 per
3386 621 3724 685 essentiam
3763 625 3899 687 :sed

2374 726 2533 789 fides
2573 725 2843 790 formata
2885 722 3036 787 dicit
3077 722 3372 786 habitum
3421 744 3629 791 unum
3669 748 3783 811 per
3824 748 3902 794 es-

2375 837 2645 900 sentiam
2679 853 2696 898 :
2739 853 2899 916 ergo
2949 833 3337 916 impossibile
3381 839 3475 899 est
3524 836 3727 919 ipsam
3765 858 3904 903 con-

2379 949 2547 1009 stare
2588 962 2670 1008 ex
2711 943 2919 1025 gratia
2964 946 3222 1023 gratum
3272 942 3568 1020 faciente,
3604 952 3671 1010 et
3714 948 3908 1028 gratia

2377 1050 2578 1132 gratis
2596 1049 2762 1114 data.
2792 1050 2860 1114 Si
2881 1067 3042 1131 ergo
3061 1049 3218 1112 fides
3246 1050 3536 1114 informis
3560 1059 3656 1116 est
3680 1053 3906 1118 donum

2380 1157 2607 1237 gratiae
2648 1156 2849 1238 gratis
2892 1157 3086 1232 datae,
3124 1156 3378 1221 videtur
3422 1159 3593 1241 quod
3637 1160 3911 1244 impossi-

2378 1264 2502 1328 bile
2531 1266 2615 1329 sit
2638 1266 2841 1349 ipsam
2867 1246 3017 1329 fieri
3033 1267 3370 1331 formatam
3387 1314 3404 1343 ,
3434 1269 3909 1350 superveniente

2377 1373 2606 1453 gratia.

2460 1483 2519 1543 5.
2554 1479 2710 1543 Item
2746 1479 2900 1543 fldes
2927 1478 3218 1544 informis
3247 1499 3361 1563 per
3386 1482 3743 1547 adventum
3771 1501 3912 1564 gra·

2384 1587 2491 1651 tiae
2531 1603 2660 1651 non
2704 1590 3191 1667 transmutatur,
3235 1588 3360 1652 nisi
3406 1589 3908 1653 accidentaliter:

2390 1711 2547 1775 ergo
2573 1693 2623 1756 si
2653 1711 2767 1776 per
2792 1693 3142 1758 adventum
3169 1696 3396 1777 gratiae
3423 1697 3702 1760 efficitur
3729 1698 3915 1761 virtus

2384 1801 2684 1879 formata,
2712 1801 2941 1865 accidit
2979 1802 3126 1865 fidei
3165 1803 3337 1884 quod
3383 1805 3464 1868 sit
3502 1805 3780 1868 formata
3822 1828 3837 1869 t
3868 1806 3914 1867 si

2383 1899 2542 1989 e'rgo
2570 1908 2824 1972 nullum
2850 1926 3060 1989 genus
3089 1910 3316 1973 accidit
3342 1911 3597 1993 speciei,
3615 1911 3779 1975 fides
3802 1929 3916 1975 non

2385 2020 2481 2080 est
2521 2016 2760 2100 species
2804 2016 3061 2080 virtutis
3104 2017 3357 2099 proprie
3401 2016 3585 2081 dictae
3615 2035 3633 2079 ε
3666 2017 3840 2100 quod
3873 2016 3919 2079 si

2385 2128 2508 2192 hoc
2535 2131 2628 2192 est
2666 2127 2922 2204 falsum,
2958 2145 3116 2206 ergo
3165 2134 3229 2190 et
3257 2127 3415 2192 illud
3442 2146 3526 2193 ex
3553 2147 3692 2211 quo
3721 2128 3921 2211 sequi·

2388 2241 2516 2315 tur,
2566 2236 2859 2300 videlicet
2912 2235 3086 2318 quod
3134 2235 3396 2300 habitus
3439 2237 3591 2301 fidei
3643 2236 3923 2301 informis

2389 2363 2504 2429 per
2527 2344 2877 2409 adventum
2905 2342 3135 2424 gratiae
3162 2342 3495 2407 formetur.

2469 2456 2531 2516 6.
2564 2450 2756 2530 Item,
2787 2450 2954 2514 sicut
2978 2468 3045 2514 se
3089 2450 3283 2515 habet
3326 2450 3543 2515 anima
3594 2452 3679 2515 ad
3713 2456 3925 2535 poten·

2391 2560 2532 2639 tias,
2571 2559 2662 2622 sic
2705 2577 2773 2622 se
2817 2557 3012 2622 habet
3052 2557 3262 2640 gratia
3300 2557 3381 2622 ad
3424 2558 3703 2622 virtut&
3742 2577 3923 2622 suas:

2393 2667 2501 2732 sed
2546 2667 3076 2750 quotiescumque
3117 2667 3332 2730 anima
3372 2666 3743 2731 infunditur
3763 2714 3780 2743 ,
3826 2666 3930 2729 fert

2394 2793 2611 2839 secum
2638 2775 2951 2857 potentias
2992 2793 3142 2838 suas
3174 2792 3192 2836 ε
3222 2791 3380 2856 ergo
3412 2774 3930 2856 quotiescumque

2398 2882 2752 2947 infunditur
2778 2884 3008 2964 gratia,
3038 2883 3157 2945 fert
3187 2898 3405 2945 secum
3432 2882 3712 2946 virtutae
3744 2903 3761 2944 ε
3792 2899 3934 2962 ergo

2398 3007 2547 3054 cum
2591 2990 2948 3054 infunditur
3011 2988 3255 3071 gratia,
3326 2988 3694 3053 infunditur
3760 2988 3949 3065 simul,

2399 3097 2555 3161 fides
2595 3097 2865 3161 formata
2911 3114 2929 3162 ε
2969 3113 3127 3179 ergo
3164 3096 3322 3161 fides
3356 3096 3629 3160 formata
3678 3115 3816 3162 non
3856 3100 3938 3160 est

2400 3204 2620 3268 eadem
2650 3222 2800 3267 cum
2828 3204 2957 3284 illa,
3005 3223 3152 3288 quae
3196 3205 3373 3287 prius
3398 3209 3536 3269 erat
3569 3204 3640 3269 in
3685 3206 3933 3269 anima:

2401 3315 2464 3375 et
2489 3311 2541 3374 si
2569 3311 2721 3389 hoc,
2753 3314 2946 3375 restat
2971 3312 3141 3394 quod
3167 3311 3325 3376 fides
3354 3312 3646 3376 informis
3689 3332 3806 3396 per
3840 3313 3936 3377 ad·

2402 3422 2671 3482 ventum
2695 3419 2922 3499 gratiae
2946 3436 3077 3482 non
3104 3419 3436 3483 formetur.

2940 3647 3394 3714 CONCLUSIO.

2407 3814 2562 3870 Fides
2600 3814 2854 3881 insomnis
2890 3828 2988 3884 per
3013 3813 3210 3884 qratioe
3237 3811 3528 3868 adventum
3560 3816 3812 3881 tonnam
3843 3813 3946 3871 red-

2466 3903 2642 3968 ditur,
2673 3918 2793 3958 cum
2818 3904 3006 3972 qratia
3032 3903 3270 3956 omnium
3294 3903 3565 3957 virtutum
3593 3905 3666 3959 sit
3696 3905 3891 3973 soma.

2490 4063 2673 4146 Resp.
2705 4061 2786 4127 ad
2813 4079 2955 4143 arg.
2990 4060 3088 4125 Ad
3116 4060 3570 4143 praedictorum
3598 4061 3949 4143 intelligen-

2409 4173 2567 4237 tiam
2611 4175 2705 4235 est
2733 4169 3112 4246 notandum,
3141 4167 3315 4250 quod
3356 4173 3594 4249 praeter
3620 4167 3769 4232 illas
3806 4166 3950 4251 po&

2411 4280 2615 4345 tiones
2633 4327 2653 4357 ‚
2701 4294 2848 4360 quae
2900 4275 3197 4340 dicebant
3246 4274 3438 4338 fidem
3487 4275 3840 4340 informem
3882 4272 3950 4337 ad

2413 4386 2761 4450 adventum
2813 4383 3039 4464 gratiae
3088 4381 3341 4446 excludi
3361 4431 3378 4459 ,
3427 4383 3787 4447 secundum
3826 4381 3953 4445 illos

2411 4493 2525 4576 qui
2551 4493 2773 4556 dicunt
2799 4491 3015 4572 ipsum
3043 4488 3336 4553 habitum
3371 4488 3517 4552 fidei
3547 4489 3848 4554 informis
3873 4505 3953 4550 re-

2317 4625 2326 4634 ·
2414 4616 2675 4663 manere
2722 4615 2872 4661 cum
2919 4595 3130 4676 gratia
3170 4595 3689 4678 superveniente,
3736 4594 3954 4678 triplex

2414 4708 2509 4770 est
2557 4704 2769 4768 adhuc
2838 4703 3067 4767 modus
3129 4702 3407 4766 dicendi.
3457 4700 3736 4778 Quidam
3796 4700 3954 4764 enim
3975 4726 4094 4782 01:⁵¹·

2413 4812 2737 4890 dixerunt,
2788 4810 2958 4893 quod
3003 4810 3261 4874 habitus
3300 4809 3449 4874 fidei
3496 4809 3796 4873 informis
3838 4824 3956 4870 non

2413 4922 2726 4986 formatur
2751 4939 2790 4983 a
2817 4919 3025 5001 gratia
3052 4920 3563 5003 superveniente,
3595 4936 3716 4981 nec
3744 4918 3828 4982 ab
3852 4914 3956 4979 ali·

2415 5046 2546 5112 quo
2586 5027 2759 5111 quod
2786 5028 2868 5091 sit
2906 5047 2946 5091 a
2991 5027 3202 5108 gratia
3222 5075 3240 5105 ,
3271 5025 3376 5091 vel
3401 5044 3552 5089 cum
3578 5025 3816 5106 gratia.
3846 5021 3955 5086 Alii
3976 5018 4094 5076 ψ’·

2417 5155 2572 5202 vero
2600 5137 2936 5215 dixerunt,
2966 5136 3138 5218 quod
3164 5134 3461 5218 quamvis
3491 5151 3623 5197 non
3650 5133 3956 5197 formetur

2417 5266 2458 5311 a
2497 5244 2727 5328 gratia,
2776 5245 3090 5310 formatur
3130 5249 3344 5309 tamen
3387 5244 3470 5308 ab
3515 5243 3766 5326 aliquo,
3799 5235 3955 5326 quod

2423 5352 2782 5417 infunditur
2830 5352 3021 5417 simul
3076 5371 3225 5416 cum
3285 5350 3516 5432 gratia.
3566 5349 3765 5414 Tertii
3819 5362 3955 5412 vero
3975 5335 4092 5397 ⁰⁹³⁶*
