4185 6288
476 2487 542 2529 Ad
563 2500 666 2542 opp.

782 556 938 621 ltem
987 558 1107 623 hoc
1149 561 1404 627 videtur
1442 562 1686 628 ratione
1716 579 1733 625 ε
1766 559 2103 624 Chat-itatis
2143 561 2240 624 est

700 664 1046 731 rectificare
1091 669 1392 736 affectum
1441 689 1458 734 ε
1501 669 1610 733 sed
1656 667 1919 732 affectus
1963 684 2098 730 non
2145 669 2241 730 est

700 778 931 856 rectus,
964 778 1089 843 nisi
1126 785 1458 864 praeponat
1498 782 1707 863 majus
1733 779 1974 842 bonum
2001 776 2238 840 minori

700 881 897 946 bono:
927 888 989 948 et
1021 886 1146 951 hoc
1173 888 1323 953 dicit
1363 889 1654 954 ordinem
1684 911 1700 951 t
1732 904 1895 969 ergo
1925 885 1995 948 in
2023 884 2239 948 chari-

699 991 825 1053 tate
851 993 1183 1071 ponendus
1210 998 1303 1058 est
1328 996 1506 1061 ordo.

782 1096 935 1161 ltem
962 1100 1235 1166 charitas
1266 1103 1477 1185 diligit
1501 1102 1685 1186 plura
1712 1100 1817 1165 dili
1826 1100 2049 1182 gibilia
2080 1121 2097 1163 ε
2128 1105 2241 1163 aut

698 1221 860 1284 ergo
904 1224 1090 1290 aeque
1137 1209 1345 1293 primo
1364 1259 1383 1290 ,
1447 1215 1560 1275 aut
1620 1227 1753 1273 non
1802 1231 1819 1273 :
1869 1227 2002 1273 non
2053 1224 2239 1291 aeque

699 1310 941 1393 primo,
989 1319 1267 1393 constat,
1320 1335 1468 1380 cum
1525 1315 1798 1380 charitas
1850 1315 2107 1379 habitus
2156 1313 2239 1377 sit

701 1434 891 1496 unus,
933 1423 998 1483 et
1021 1440 1193 1486 unus
1216 1424 1472 1489 habitus
1508 1442 1714 1489 unum
1741 1422 2087 1507 principale
2114 1421 2239 1484 ha-

701 1524 808 1588 bet
858 1524 1222 1610 objectum
1279 1531 1332 1594 si
1380 1549 1511 1595 non
1562 1548 1748 1614 aeque
1791 1531 2031 1614 primo,
2078 1547 2238 1611 ergo

701 1651 908 1697 unum
950 1654 1065 1717 per
1103 1638 1299 1719 prius,
1347 1638 1666 1722 reliquum
1714 1657 1828 1722 per
1873 1638 2186 1722 posterius
2217 1660 2233 1703 ε

698 1757 856 1821 ergo
881 1741 970 1806 ibi
996 1747 1092 1808 est
1113 1746 1503 1809 necessarius
1529 1745 1708 1810 ordo.

777 1844 936 1910 Item
981 1848 1193 1929 magis
1232 1850 1532 1932 competit
1569 1850 1726 1915 ordo
1766 1849 1970 1914 amori
2000 1850 2238 1914 delibe-

695 1953 931 2033 rativo,
980 1974 1175 2037 quam
1221 1956 1497 2021 naturali
1531 1979 1545 2020 :
1578 1957 1687 2021 sed
1728 1956 2022 2023 videmus
2062 1977 2237 2024 amo-

693 2079 834 2126 rem
870 2064 1229 2129 naturalem
1255 2065 1623 2130 ordinatum
1649 2084 1785 2130 esse
1808 2071 2102 2148 respectu
2145 2066 2238 2131 di·

694 2168 1036 2250 ligihilium
1068 2190 1086 2235 :
1127 2191 1289 2255 ergo
1333 2174 1537 2237 multo
1564 2174 1791 2239 fortius
1818 2174 2073 2238 videtur
2098 2191 2236 2238 esse

696 2276 861 2341 circa
897 2295 1185 2344 amorem
1229 2280 1712 2346 deliberativum
1752 2304 1767 2346 :
1808 2280 1917 2345 sed
1964 2280 2109 2345 talis
2144 2283 2238 2346 est

698 2401 880 2449 amor
904 2386 1226 2452 charitatis
1258 2407 1275 2453 τ
1306 2406 1485 2470 ergo,
1515 2393 1637 2452 etc.

776 2492 1005 2558 Contra
1037 2515 1053 2558 ε
1088 2499 1146 2558 1.
1196 2495 1361 2560 Ordo
1401 2495 1838 2579 praesupponit
1886 2495 2238 2561 distinctio-

696 2617 846 2664 nem
878 2622 893 2665 ε
928 2619 1087 2684 ergo
1132 2602 1245 2667 ubi
1286 2621 1419 2666 non
1456 2608 1550 2667 est
1592 2603 1928 2679 distinctio,
1970 2603 2060 2667 ihi
2103 2621 2235 2667 non

694 2711 792 2771 est
815 2708 971 2772 ordo
1001 2728 1018 2772 t
1047 2709 1157 2774 sed
1191 2709 1465 2774 charitas
1501 2713 1791 2793 respectu
1833 2709 2236 2775 diversorum

695 2813 1104 2897 diligibilium
1141 2835 1272 2881 non
1300 2822 1393 2882 est
1420 2819 1737 2896 distincta,
1777 2836 1896 2882 nec
1925 2818 2238 2902 multipli-

694 2924 830 2985 cata
899 2943 914 2985 z
969 2941 1128 3005 ergo
1174 2943 1293 2988 nec
1344 2929 1637 3008 respectu
1686 2925 2060 2989 eorumdem
2117 2926 2238 2990 erit

693 3027 1005 3093 ordinata.
1981 3091 1986 3096 .

771 3136 831 3198 2.
867 3134 1022 3202 Item
1048 3136 1437 3222 ubicumque
1471 3143 1566 3204 est
1608 3138 1762 3205 ordo
1778 3188 1795 3217 ,
1828 3139 1920 3205 ibi
1962 3147 2056 3207 est
2083 3160 2237 3226 pro-

692 3246 898 3328 portio
929 3268 944 3310 :
983 3248 1092 3312 sed
1130 3248 1542 3330 diligibilium
1581 3268 1666 3314 ex
1709 3249 2015 3315 charitate
2056 3251 2237 3315 nulla

692 3356 787 3417 est
809 3354 1167 3438 proporti03
1204 3357 1396 3421 creati
1418 3357 1593 3421 enim
1620 3357 1697 3421 ad
1729 3357 2077 3422 increatum
2108 3376 2241 3423 mo-

691 3460 860 3540 dica,
903 3463 1007 3527 vel
1050 3463 1232 3528 nulla
1268 3468 1362 3528 est
1403 3465 1762 3548 proportio,
1792 3483 1911 3529 nec
1951 3465 2238 3548 corporis

691 3571 771 3634 ad
791 3572 1093 3653 spiritum
1130 3595 1146 3638 ε
1177 3590 1336 3654 ergo
1362 3572 1575 3637 sinon
1600 3576 1697 3636 est
1724 3573 1901 3652 orde,
1945 3573 2050 3637 vel
2078 3590 2233 3656 pro-

691 3682 917 3763 portio,
951 3680 1117 3745 inter
1142 3680 1476 3762 diligibilia
1494 3729 1512 3760 ,
1544 3680 1799 3744 videtur
1822 3681 1995 3762 quod
2023 3680 2234 3745 chari·

692 3792 789 3852 tas
809 3793 1098 3872 respectu
1123 3805 1352 3854 eorum
1383 3804 1515 3854 non
1542 3788 1624 3851 sit
1651 3788 1962 3853 ordinata.

773 3901 832 3962 3.
866 3895 1023 3961 Item
1051 3898 1208 3962 ordo
1235 3886 1526 3961 'maxime
1551 3899 1790 3979 spectat
1813 3896 1892 3961 ad
1920 3896 2238 3979 cognitio-

691 4021 878 4084 nem,
923 4005 1079 4087 quia
1124 4003 1424 4088 sapientis
1466 4007 1560 4069 est
1601 4004 1940 4070 ordinare:
1973 4022 2132 4086 ergo
2178 4005 2234 4068 si

691 4131 823 4177 non
887 4113 1150 4196 ponitur
1197 4113 1355 4179 ordo
1401 4115 1472 4178 in
1517 4113 1882 4195 cognitione
1942 4117 2233 4197 respectu

689 4223 1297 4303 cognoscendorum,
1352 4222 1555 4287 multo
1606 4222 1826 4287 minus
1875 4240 2007 4285 non
2049 4221 2234 4286 dehet

690 4328 846 4395 ordo
889 4330 1041 4413 poni
1082 4327 1149 4393 in
1196 4329 1499 4394 charitate
1548 4332 1840 4412 respectu
1883 4327 2235 4410 diligendo-

689 4455 860 4503 rum.
894 4434 961 4501 Si
1008 4439 1079 4502 tu
1108 4436 1279 4501 dicas
1304 4437 1475 4519 quod
1502 4436 1658 4500 ordo
1683 4439 1778 4500 est
1805 4436 1872 4501 in
1913 4436 2231 4514 scientiis,

689 4544 986 4628 objicitur
1027 4545 1105 4609 de
1147 4545 1295 4622 fide,
1326 4562 1473 4627 quae
1517 4549 1615 4608 est
1654 4544 1912 4609 habitus
1960 4545 2233 4625 cogniti-

688 4672 833 4734 vus,
864 4671 994 4738 qua
1023 4654 1217 4718 etiam
1244 4653 1591 4717 creduntur
1616 4652 1869 4717 articuli
1901 4652 2138 4717 diversi
2168 4669 2237 4716 se

687 4762 968 4831 invicem
1018 4760 1390 4825 excedentes
1449 4760 1803 4826 secundum
1847 4760 2124 4842 gradum
2175 4762 2238 4825 et

687 4871 1098 4954 dignitatem,
1129 4867 1291 4933 sicut
1317 4867 1409 4932 illi
1441 4868 1554 4951 qui
1582 4872 1734 4932 sunt
1773 4868 1850 4934 de
1873 4868 2232 4945 divinitate,

686 4977 1162 5044 excellentiores
1213 4978 1371 5039 sunt
1410 4992 1610 5058 quam
1652 4973 1745 5037 illi
1796 4975 1908 5057 qui
1956 4977 2109 5038 sunt
2159 4974 2239 5039 de

688 5086 1087 5151 humanitate
1133 5101 1152 5145 τ
1196 5084 1252 5149 si
1291 5101 1452 5164 ergo
1494 5101 1624 5147 non
1670 5084 1931 5167 ponitur
1976 5083 2134 5148 ordo
2171 5084 2239 5148 in

1809 422 2433 491 semel-manum
2470 423 2620 491 Lm.
2664 425 2775 491 m.

2425 563 2489 623 «t.
2534 558 2713 639 Item,
2752 561 2915 625 simt
2955 561 3030 625 in
3072 560 3199 626 flde
3229 563 3481 625 unaest
3528 560 3697 625 ratio
3741 578 3878 626 σο-

2345 665 2558 744 dendi,
2586 668 2819 732 scilicet
2859 685 3118 734 summa
3142 668 3398 746 veritas,
3445 666 3539 730 sic
3566 666 3639 730 in
3682 667 3880 731 chari-

2347 776 2474 838 tate
2502 791 2633 838 una
2658 779 2755 839 est
2779 775 2939 840 ratio
2966 775 3298 858 diligendi,
3320 774 3884 840 videlicetsumma

2346 881 2594 946 bonitas
2626 905 2642 948 :
2672 884 2780 947 sed
2820 888 3079 966 propter
3118 884 3375 949 unicam
3408 885 3725 948 rationem
3751 902 3884 950 cre-

2346 988 2535 1054 dendi
2577 991 2734 1054 fldae
2758 991 3059 1054 omnibus
3085 991 3366 1055 articulis
3390 991 3658 1055 assentit
3681 1008 3885 1073 aqua-

2345 1095 2489 1161 liter
2517 1116 2535 1162 z
2562 1115 2723 1178 ergo
2746 1098 2886 1180 pari
2911 1098 3157 1162 ratione
3183 1097 3437 1162 videtur
3456 1098 3537 1162 de
3558 1097 3881 1175 charitate,

2346 1203 2517 1286 quod
2562 1209 2628 1267 et
2670 1205 2806 1287 ipsa
2853 1205 3072 1269 omnia
3107 1203 3439 1286 diligenda
3476 1204 3714 1274 habeat
3752 1203 3885 1268 dili-

2347 1328 2503 1392 gere
2528 1311 2878 1394 aequaliter.

2426 1422 2486 1481 δ.
2520 1417 2679 1483 Item
2711 1419 2986 1484 charitas
3012 1420 3289 1502 quadam
3315 1418 3598 1483 naturali
3623 1418 3885 1482 inclina-

2344 1524 2518 1590 tione
2565 1525 2828 1591 inclinat
2888 1527 2969 1590 ad
3027 1525 3426 1607 diligendum
3478 1526 3729 1589 bonum
3777 1546 3795 1588 ε
3835 1523 3883 1586 si

2344 1648 2504 1713 ergo
2533 1633 2671 1715 ipsa
2698 1636 2794 1697 est
2818 1633 3074 1698 habitus
3099 1651 3271 1698 unus
3308 1637 3374 1697 et
3398 1632 3570 1697 idem
3596 1648 3881 1707 manens,

2345 1738 2511 1803 idem
2552 1758 2803 1823 semper
2846 1744 2943 1805 oet
2976 1745 3201 1805 natum
3237 1741 3444 1805 faeere
3470 1740 3647 1804 idem
3675 1740 3748 1803 in
3788 1740 3884 1803 his

2344 1863 2492 1928 quae
2520 1849 2893 1912 naturaliter
2933 1848 3244 1913 inclinant
3277 1848 3358 1912 ad
3394 1847 3638 1930 aliquid
3669 1869 3685 1909 ε
3722 1847 3885 1910 vide·

2344 1957 2454 2018 tur
2478 1972 2640 2035 ergo
2667 1956 2838 2038 quod
2867 1955 3142 2019 charitas
3183 1955 3448 2019 omnino
3490 1952 3885 2018 uniformiter

2344 2063 2409 2124 et
2434 2062 2766 2144 aequaliter
2796 2064 3049 2129 moveat
3078 2062 3160 2127 ad
3195 2061 3544 2126 amandum
3569 2078 3768 2124 omne
3792 2059 3883 2123 di·

2342 2167 2612 2250 ligibile.

2423 2281 2485 2341 6.
2534 2276 2691 2342 Item
2733 2278 2789 2341 si
2836 2279 2993 2344 ordo
3041 2276 3387 2341 attenditur
3432 2275 3503 2338 in
3540 2274 3843 2339 charitate
3862 2321 3880 2353 ,

2343 2389 2456 2449 aut
2499 2385 2845 2451 attenditur
2894 2389 3212 2469 quantum
3260 2384 3341 2448 ad
3393 2383 3690 2447 habitum
3712 2431 3732 2460 ,
3780 2385 3886 2446 ant

2343 2495 2660 2573 quantum
2695 2493 2775 2557 ad
2811 2497 3027 2558 actum
3067 2495 3430 2575 :quantum
3472 2489 3554 2554 ad
3600 2489 3886 2553 habitum

2343 2620 2508 2683 non,
2538 2607 2814 2682 constat,
2845 2623 2995 2669 cum
3030 2604 3138 2668 ille
3182 2603 3266 2668 sit
3293 2621 3470 2666 unus
3507 2605 3572 2665 et
3595 2601 3811 2678 idem;
3838 2601 3890 2664 si

2343 2715 2657 2794 quantum
2703 2712 2781 2775 ad
2826 2716 3075 2791 actum,
3110 2728 3271 2792 ergo
3309 2709 3565 2776 videtur
3608 2710 3787 2792 quod
3827 2709 3890 2772 in

2343 2818 2699 2883 dormiente
2725 2836 2857 2882 non
2885 2820 2964 2882 sit
2994 2818 3273 2883 charitas
3298 2817 3612 2896 ordinata,
3646 2836 3801 2883 cum
3827 2818 3890 2881 in

2342 2942 2420 2989 eo
2473 2941 2604 2988 non
2675 2930 2967 2991 exerceat
3009 2930 3222 2990 actum
3264 2943 3480 2989 suum.
3537 2923 3649 2988 Est
3693 2924 3889 3006 igitur

2343 3032 2614 3115 quaestio
2640 3050 2834 3115 penes
2869 3032 3023 3115 quid
3058 3031 3421 3097 attendatur
3449 3031 3605 3096 ordo
3643 3032 3718 3096 in
3743 3031 3891 3096 cha-

2342 3144 2563 3222 ritate,
2611 3149 2675 3209 et
2720 3163 2921 3227 quare
2963 3146 3175 3228 magis
3213 3143 3576 3209 attendatur
3613 3143 3771 3209 ordo
3813 3146 3878 3208 in

2343 3253 2512 3335 ipsa,
2546 3271 2742 3336 quam
2770 3254 2840 3317 in
2867 3253 2993 3318 alia
3023 3254 3297 3330 virtute,
3326 3271 3478 3318 cum
3505 3254 3723 3320 omnis
3746 3255 3883 3318 vir-

2344 3366 2483 3441 tus,
2513 3361 2676 3426 sicut
2704 3362 2856 3427 dicit
2882 3362 3292 3444 Augustinus
3324 3362 3396 3426 in
3423 3362 3589 3427 libro
3624 3363 3719 3428 De
3754 3362 3889 3428 Μο-

2342 3472 2524 3537 ribus
2550 3471 2884 3551 Ecclesia,
2914 3471 2996 3535 sit
3031 3487 3215 3535 amor
3240 3468 3574 3535 ordinatus
3599 3492 3618 3548 ;
3648 3473 3716 3534 et
3738 3486 3890 3533 rm·-

2342 3597 2489 3659 sus,
2544 3596 2694 3643 cum
2745 3579 2911 3643 circa
2950 3595 3143 3644 omne
3189 3577 3440 3643 bonum
3486 3576 3572 3641 sit
3616 3577 3843 3642 modus
3865 3624 3885 3653 ,

2340 3686 2580 3770 species
2605 3691 2671 3751 et
2708 3686 2865 3750 ordo
2887 3733 2905 3762 ,
2945 3703 3062 3749 cur
3090 3684 3301 3768 potius
3339 3684 3617 3750 charitas
3644 3684 3891 3749 dicatur

2341 3794 2652 3873 ordinata,
2683 3811 2881 3877 quam
2906 3793 3288 3858 modificata.

2882 4028 3333 4097 CONCLUSIO.

2376 4193 2628 4252 Charitas
2673 4190 2934 4248 ordinata
2969 4193 3046 4247 est
3082 4192 3324 4261 respectu
3369 4204 3551 4246 eorum
3574 4228 3593 4256 ,
3630 4205 3750 4262 quo
3790 4206 3860 4246 a

2737 4280 3007 4336 charitate
3032 4281 3157 4335 sunt
3184 4277 3487 4349 diziqmda.

2423 4442 2608 4524 Resp.
2639 4439 2719 4504 ad
2745 4456 2887 4521 arg.
2921 4437 3016 4503 Ad
3044 4436 3496 4521 praedictorum
3529 4437 3899 4520 intelligen-

2342 4550 2498 4615 tiam
2543 4551 2636 4612 est
2681 4545 3058 4625 notandum,
3090 4546 3258 4628 quod
3297 4545 3574 4609 charitas
3617 4549 3716 4609 est
3747 4547 3897 4610 vin-

2342 4657 2563 4723 culum
2591 4654 2822 4735 ligans,
2846 4655 3039 4736 Juxta
3064 4651 3221 4716 illud
3251 4651 3423 4734 quod
3450 4651 3606 4716 dicit
3628 4652 3903 4735 Aposto-

2342 4766 2447 4830 lus
2485 4763 2575 4830 ad
2620 4763 3027 4839 Colossenses,
3061 4761 3177 4825 ubi
3212 4764 3397 4825 vocat
3443 4778 3589 4824 eam
3612 4764 3633 4801 ¹
3675 4762 3903 4826 vincu-

2346 4872 2478 4938 lum
2503 4870 2936 4954 perfectionis.
2968 4867 3044 4932 Et
3069 4867 3408 4951 Dionysius
3430 4916 3447 4944 ,
3495 4869 3589 4933 De
3623 4869 3902 4935 Divinis

2347 4977 2767 5055 Nominibus,
2818 4976 2971 5041 dicit
3009 5021 3028 5055 ,
3077 4974 3265 5059 quod
3306 4991 3491 5038 amor
3537 4980 3635 5039 est
3686 4978 3907 5041 virtus

2346 5087 2617 5156 unitiva.
2649 5085 2828 5149 Unde
2857 5100 3005 5148 cum
3033 5100 3215 5148 amor
3240 5082 3564 5146 cliaritatis
3590 5083 3675 5145 sit
3716 5100 3908 5148 amor

687 5192 814 5257 fide
861 5195 1153 5275 respectu
1196 5190 1621 5270 credibilium,
1667 5209 1797 5255 non
1845 5191 2031 5256 debet
2084 5192 2244 5275 poni
2351 5190 2633 5255 maxime
2664 5187 2979 5264 liberalis,
3009 5186 3213 5251 multa
3246 5184 3691 5267 complectitur
3737 5190 3805 5250 et
3838 5186 3910 5250 in

691 5299 845 5365 ordo
869 5299 939 5363 in
967 5297 1273 5364 charitate
1295 5300 1588 5381 respectu
1614 5297 2050 5380 diligibilium.

753 5427 770 5462 ⁸
788 5424 1000 5489 coloss„
1019 5434 1100 5487 111,
1123 5425 1193 5473 lt.
1209 5422 1300 5459 —2
1322 5423 1473 5476 Dion.
1492 5423 1773 5490 areop-,de
1788 5424 2085 5490 Div.Nom.,
2110 5438 2157 5477 c.
2172 5437 2241 5480 ιν.

2349 5317 2558 5365 unum
2603 5296 2869 5379 colligit.
2919 5294 3098 5360 Unde
3142 5292 3417 5359 charitas
3471 5311 3606 5359 non
3645 5296 3909 5358 tantum

2353 5408 2497 5476 unit
2517 5405 2633 5473 fini
2661 5404 2908 5470 eumin
2934 5420 3069 5486 quo
3101 5406 3230 5484 est,
3259 5401 3368 5467 sed
3396 5402 3594 5467 etiam
3619 5401 3912 5485 quodam
