4185 6288
810 504 890 565 22
1921 492 2542 561 SENTENTIARUM
2583 492 2734 559 LIB.
2784 494 2890 560 111.

808 636 952 703 viro
977 640 1045 702 et
1069 636 1374 714 muliere;
1404 634 1703 699 convenit
1728 633 1914 699 educi
1940 632 2019 697 de
2049 632 2194 697 viro
2219 629 2356 694 sine

811 743 1112 822 muliere,
1145 747 1210 807 et
1249 742 1329 807 de
1373 740 1643 806 muliere
1684 741 1822 805 sine
1861 740 2003 804 viro
2031 761 2048 803 ε
2076 739 2187 803 sed
2227 742 2358 802 tres

810 850 1066 916 illorum
1090 851 1428 915 modorum
1452 850 1741 926 fuissent,
1765 850 1818 913 si
1842 849 2039 912 homo
2062 846 2352 921 stetisset,

811 957 978 1022 sicut
995 958 1263 1041 planum
1285 960 1379 1022 est
1401 980 1416 1021 :
1439 974 1600 1039 ergo
1618 956 1873 1021 videtur
1894 953 2064 1037 quod
2088 959 2153 1018 et
2173 970 2357 1035 quar-

810 1069 918 1129 tus
942 1066 1185 1142 fuisset,
1213 1083 1345 1148 quo
1370 1064 1637 1129 eductus
1664 1067 1759 1128 est
1783 1063 1862 1127 de
1886 1063 2021 1125 sola
2044 1060 2351 1125 muliere:

812 1171 924 1236 sed
948 1170 1055 1235 hic
1080 1176 1349 1254 quartus
1376 1175 1470 1235 est
1504 1171 1573 1234 in
1603 1170 2035 1233 incarnatione
2065 1190 2079 1231 ε
2109 1186 2267 1248 ergo
2302 1167 2356 1230 si

810 1276 1007 1342 homo
1028 1278 1319 1357 stetisset,
1337 1278 1689 1341 incarnatio
1710 1275 1962 1354 fuisset3
1989 1280 2102 1339 aut
2124 1275 2176 1337 si
2200 1292 2353 1353 non,

811 1386 968 1450 tunc
989 1403 1163 1450 unus
1183 1384 1412 1449 modus
1434 1383 1870 1467 productionis
1888 1382 2234 1446 hominum
2257 1381 2361 1446 de-

811 1494 1048 1571 ficeret,
1064 1496 1128 1556 et
1144 1492 1235 1555 sic
1253 1492 1628 1556 universum
1647 1491 1999 1574 perfectum
2014 1508 2148 1553 non
2162 1492 2353 1554 esset:

813 1604 877 1666 et
924 1600 1049 1665 hoc
1100 1603 1195 1664 est
1246 1600 1608 1663 maximum
1658 1597 2158 1674 inconveniens3
2206 1595 2360 1659 dicit

814 1707 990 1772 enim
1025 1707 1432 1789 Augustinus
1459 1709 1477 1742 ¹
1524 1705 1695 1789 quod
1742 1705 2121 1769 universum
2166 1702 2362 1767 habet

814 1818 1057 1879 tantam
1098 1813 1548 1896 perfectionem
1568 1862 1585 1891 ,
1616 1812 1787 1894 quod
1823 1830 2015 1876 nemo
2057 1813 2265 1893 potest
2288 1808 2358 1871 in

814 1939 893 1986 eo
924 1919 1364 2003 imperfectum
1402 1919 1861 1984 rationabiliter
1895 1916 2133 2001 aliquid
2173 1916 2356 1981 inve-

814 2027 976 2104 nire,
1005 2045 1126 2091 nec
1150 2026 1608 2092 rationabiliter
1633 2024 1876 2108 aliquid
1901 2023 2164 2104 addere,
2196 2023 2361 2086 sicut

816 2139 881 2200 et
905 2136 1041 2217 ipse
1067 2134 1217 2199 dicit
1243 2135 1310 2198 in
1333 2132 1589 2200 librode
1611 2132 1831 2199 Libero
1861 2130 2168 2209 Arbitrio,
2188 2131 2359 2213 quod

814 2240 977 2306 nihil
1028 2245 1232 2324 potest
1282 2240 1638 2304 intellectus
1692 2243 1909 2303 noster
1959 2238 2315 2319 intelligere
2337 2285 2356 2317 ,

816 2347 989 2431 quod
1022 2347 1494 2429 subterfugeret
1528 2345 1703 2409 illam
1739 2363 2086 2428 supernam
2119 2362 2356 2408 arcem.

1353 2602 1806 2670 CONCLUSIO.

815 2761 1219 2817 lumi-nationis
1244 2759 1529 2815 dominice.
1551 2761 1835 2832 proecipua
1861 2762 2008 2816 ratio
2031 2765 2110 2817 est
2136 2762 2362 2819 hmani

885 2850 1092 2918 ceneris
1131 2847 1425 2920 redemptio
1440 2888 1457 2917 ,
1501 2852 1752 2920 quamvis
1797 2849 1921 2905 huic
1971 2853 2182 2907 rationi
2233 2851 2363 2908 clia

883 2936 994 2991 sint
1012 2950 1239 2991 anne-w
1253 2938 1509 2991 rationes.

589 3132 722 3193 oph,
745 3137 789 3182 ι,
896 3094 1086 3178 Resp.
1130 3094 1212 3159 ad
1256 3094 1415 3174 Arg.
1466 3092 1566 3158 Ad
1617 3094 2068 3177 praedictorum
2118 3097 2358 3163 intelli-

814 3203 1101 3284 gentiam
1128 3206 1222 3266 est
1258 3201 1613 3266 notandum
1632 3250 1649 3278 ,
1680 3203 1851 3284 quod
1881 3203 2047 3267 circa
2082 3203 2204 3269 hoc
2233 3206 2359 3270 du-

816 3309 965 3392 plex
992 3313 1087 3373 est
1123 3308 1582 3389 magistrorum
1611 3309 1852 3390 opinio,
1884 3308 2159 3387 Quidam
2186 3313 2359 3377 enim

816 3414 1022 3479 dicere
1067 3414 1324 3494 volunt,
1372 3413 1541 3495 quod
1582 3413 1662 3478 de
1706 3414 2142 3482 incarnatione
2182 3419 2361 3502 loqui

815 3528 911 3590 est
957 3524 1310 3606 dupliciter.
1367 3520 1475 3586 Est
1524 3522 1698 3587 enim
1749 3523 2102 3589 incarnatio
2150 3529 2361 3593 carnis

815 3631 1187 3714 assumptio.
1217 3631 1303 3696 De
1329 3649 1517 3695 carne
1554 3634 1881 3714 assumpta
1906 3636 2000 3696 est
2030 3632 2208 3715 loqui
2236 3634 2359 3699 du-

813 3739 1102 3824 pliciter:
1132 3744 1245 3802 ant
1277 3741 1594 3820 quantum
1632 3737 1713 3801 ad
1749 3738 2171 3802 substantiam
2192 3788 2209 3812 ,
2245 3745 2361 3806 aut

813 3850 1133 3930 quantum
1160 3845 1238 3911 ad
1274 3845 1587 3910 defectum
1623 3844 2053 3927 passibilitatis
2084 3851 2148 3910 et
2185 3865 2359 3912 mor-

813 3951 1094 4017 talitatis.
1126 3951 1193 4016 Si
1233 3953 1341 4015 flat
1384 3969 1595 4016 sermo
1634 3951 1711 4017 de
1753 3951 1890 4034 ipsa
1926 3959 2245 4035 quantum
2277 3956 2358 4020 ad

814 4060 1111 4123 effectum
1140 4058 1567 4140 passibilitatis
1590 4063 1654 4122 et
1680 4058 2109 4135 mortalitatis,
2137 4061 2361 4125 dicunt

815 4165 987 4248 quod
1022 4163 1478 4229 iucarnationis
1512 4165 1837 4247 praecipua
1874 4167 2033 4230 ratio
2066 4166 2188 4231 fuit
2225 4168 2357 4234 hu-

815 4272 993 4337 mani
1036 4270 1291 4354 generis
1335 4271 1711 4354 redemptio.
1760 4269 1892 4336 Nisi
1937 4273 2110 4336 enim
2163 4274 2356 4340 homo

815 4382 1162 4463 peccasset,
1194 4381 1258 4442 et
1297 4376 1510 4460 lapsus
1554 4378 1767 4442 fuisset
1789 4427 1807 4457 ,
1841 4382 1907 4442 et
1948 4380 2359 4445 redimendus

813 4490 976 4551 esset
995 4535 1013 4566 ,
1060 4485 1345 4551 Christus
1388 4503 1647 4550 carnem
1693 4486 2026 4551 mortalem
2070 4507 2204 4552 non
2248 4508 2356 4553 as-

814 4593 1207 4677 sumpsisset.
1240 4592 1307 4657 Si
1335 4596 1551 4657 autem
1588 4591 1915 4675 loquimur
1941 4593 2017 4657 de
2057 4595 2356 4661 incarna-

811 4700 984 4764 tione
1035 4699 1390 4765 secundum
1438 4699 1612 4781 quod
1660 4697 1810 4763 dicit
1856 4701 2355 4782 assumptionem

815 4806 1121 4871 humant-,e
1171 4810 1422 4871 naturae
1470 4805 1789 4887 loquendo
1831 4805 2220 4887 simpliciter,
2268 4809 2358 4874 sic

816 4917 1115 4980 dixerunt
1142 4915 1317 4999 quod
1353 4913 1681 4998 praecipua
1705 4913 1868 4978 ratio
1903 4913 2357 4982 incarnationis

818 5042 951 5089 non
1012 5027 1106 5086 est
1164 5021 1454 5087 liberatio
1515 5021 1770 5103 generis
1832 5022 2101 5085 humani
2124 5070 2143 5102 ,
2205 5025 2357 5106 quia

819 5129 1069 5197 etiamsi
1093 5129 1288 5193 homo
1314 5146 1447 5193 non
1473 5131 1807 5211 peccasset,
1839 5126 2124 5193 Christus
2152 5130 2355 5194 incar·

696 5239 709 5256 ³
816 5243 1009 5304 natus
1055 5242 1238 5303 esset.
1285 5236 1407 5302 Sed
1455 5237 1654 5318 hujus
1697 5235 1863 5300 ratio
1909 5240 2004 5300 est
2050 5237 2356 5319 perfectio

816 5346 1156 5430 multiplex
1180 5362 1454 5427 surgens
1480 5363 1561 5409 ex
1586 5344 1895 5427 dignitate
1920 5344 2095 5409 illius
2118 5345 2349 5429 operis.

881 5473 900 5509 ¹
928 5470 1160 5538 Δαμώ
1184 5470 1292 5521 Lib.
1323 5468 1470 5534 Arb„
1497 5468 1588 5519 lib.
1616 5471 1711 5534 ln,
1741 5484 1787 5522 c.
1816 5482 1871 5522 tx
1887 5507 1905 5535 ,
1924 5471 2095 5535 quoad
2123 5483 2347 5525 sensum.

2468 630 2825 696 Incarnatio
2870 631 3044 696 enim
3086 630 3237 696 facit
3271 630 3352 696 ad
3393 619 3845 714 perfectionem
3884 618 4011 697 ho-‘

2467 737 2660 801 minis
2679 783 2697 817 ,
2744 742 2808 802 et
2847 755 2963 820 per
3006 755 3399 821 consequens
3437 738 3518 803 ad
3562 739 4011 822 perfectionem

2464 845 2660 910 totius
2710 845 2994 910 universi
3011 894 3029 923 ,
3078 846 3148 909 in
3198 846 3322 910 hoc
3368 845 3541 928 quod
3587 845 3899 928 complet,
3951 850 4015 910 et

2466 953 2951 1036 completionem
2973 953 3080 1016 dat
3100 953 3389 1017 humano
3412 952 3634 1033 generi
3657 953 4014 1017 secundum

2465 1062 2621 1127 illud
2668 1061 2839 1145 quod
2883 1063 3138 1144 respicit
3182 1068 3481 1126 naturam
3498 1110 3516 1140 ,
3550 1067 3615 1125 et
3657 1062 4013 1126 secundum

2469 1169 2628 1234 illud
2674 1170 2847 1253 quod
2886 1171 3142 1253 respicit
3183 1169 3459 1251 gratiam
3482 1219 3499 1250 ‚
3545 1174 3609 1234 et
3655 1168 4015 1234 secundum

2468 1276 2627 1340 illud
2653 1276 2824 1360 quod
2853 1279 3106 1360 respicit
3131 1278 3446 1360 gloriam:
3471 1277 3826 1343 secuudum
3857 1277 4013 1344 illud

2467 1384 2636 1466 qnod
2666 1384 2921 1467 roepicit
2944 1388 3266 1459 naturam,
3296 1384 3452 1467 quia
3476 1383 3548 1447 in
3575 1383 4012 1447 incarnatione

2468 1496 2562 1556 est
2603 1492 3065 1556 consummatio
3107 1490 3446 1555 modorum
3487 1489 3758 1555 ducendi
3803 1489 4012 1553 homi-

2468 1601 2705 1664 nemin
2731 1618 2896 1679 esse3
2920 1604 3016 1664 est
3037 1598 3230 1664 etiam
3257 1597 3724 1662 consummatio
3746 1598 3818 1661 in
3842 1614 4014 1660 oom-

2470 1706 2795 1788 paratione
2842 1706 2924 1770 ad
2966 1704 3416 1787 perfectionem
3461 1704 3712 1786 agentis
3726 1752 3743 1777 ,
3781 1704 3853 1767 in
3896 1704 4015 1767 hoc

2468 1811 2641 1895 quod
2665 1812 2737 1874 in
2763 1812 3198 1875 incarnatione
3222 1810 3441 1890 homo,
3466 1811 3581 1894 qui
3602 1816 3696 1875 est
3722 1811 4011 1892 ultimus,

2468 1921 2887 2003 conjungitur
2911 1938 3061 1984 cum
3087 1938 3206 1984 suo
3244 1920 3578 2002 principio,
3613 1921 3857 1984 unione
3889 1939 4014 2003 qua

2468 2027 2590 2090 sub
2614 2026 2739 2091 Deo
2767 2026 2946 2091 nulla
2973 2031 3067 2091 est
3092 2029 3321 2109 major.
3346 2026 3525 2092 Facit
3551 2028 3747 2092 etiam
3773 2028 3854 2091 ad
3881 2046 4009 2110 per·

2469 2135 2802 2199 sectionem
2842 2135 3124 2200 hominis
3163 2139 3476 2217 quantum
3519 2135 3599 2199 ad
3646 2135 3803 2200 illud
3843 2135 4013 2218 quod

2469 2241 2723 2324 respicit
2746 2242 3025 2323 gratiam
3039 2290 3059 2320 ,
3088 2241 3241 2325 quia
3269 2242 3337 2304 in
3372 2242 3806 2305 incarnatione
3834 2258 4012 2305 assu-

2431 2432 2434 2433 7
2470 2347 2591 2411 mit
2638 2346 2922 2413 Christus
2968 2348 3324 2414 humanam
3380 2354 3679 2413 naturam
3699 2397 3718 2424 ‚
3771 2348 4011 2413 ratione

2468 2458 2658 2539 cujus
2679 2455 2864 2539 plene
2884 2456 3079 2521 habet
3099 2472 3235 2520 esse
3258 2460 3450 2538 caput
3474 2456 3668 2521 totius
3693 2455 4007 2534 Ecclesiae,

2331 2650 2334 2653 -
2468 2565 2656 2646 cujus
2678 2563 2958 2647 corporis
2983 2565 3273 2628 membra
3301 2562 3478 2626 uniri
3504 2563 3747 2627 habent
3772 2564 4011 2628 ratione

2467 2669 2794 2735 charitatis
2822 2674 2886 2735 et
2921 2670 3187 2751 gratiae3
3226 2674 3289 2735 et
3319 2669 3512 2734 simul
3540 2688 3690 2734 cum
3720 2671 3845 2735 hoc
3870 2670 4013 2734 facit

2467 2778 2549 2842 ad
2586 2777 3032 2860 perrectionem
3072 2776 3322 2856 meriti,
3356 2778 3508 2859 quia
3540 2777 3763 2841 omnia
3794 2776 4013 2840 merita

2467 2882 2748 2965 pendent
2768 2886 2833 2947 et
2854 2883 3272 2947 meliorantur
3302 2884 3532 2947 merito
3557 2882 3819 2947 Christi.
3845 2881 4013 2945 Facit

2468 2991 2660 3054 etiam
2703 2989 2780 3054 ad
2825 2989 3275 3073 perfectionem
3315 2989 3542 3072 gloriae
3561 3038 3578 3069 ‚
3622 2989 3692 3052 iu
3732 3008 3809 3053 eo
3846 2987 4010 3071 quod

2468 3097 2662 3162 homo
2702 3098 2773 3162 in
2816 3096 2941 3162 Deo
2977 3115 3097 3162 suo
3139 3097 3385 3162 invenit
3426 3115 3662 3181 pascua
3699 3098 4009 3180 quantum

2467 3205 2550 3268 ad
2583 3208 2830 3288 partem
2860 3204 3251 3289 corporalem
3268 3254 3286 3283 ,
3317 3209 3380 3269 et
3413 3210 3735 3288 quantum
3759 3204 3840 3268 ad
3870 3220 4008 3286 par-

2468 3317 2598 3377 tem
2622 3313 3041 3396 spiritualem,
3063 3314 3199 3378 sive
3221 3313 3646 3394 ingrediatur,
3668 3314 3806 3377 sive
3829 3329 4009 3393 egre-

2467 3420 2680 3484 diatur
2708 3439 2726 3482 ι
2754 3420 2928 3502 quod
2960 3438 3090 3483 non
3122 3420 3384 3499 faceret,
3416 3419 3469 3483 si
3502 3417 3669 3483 Deus
3696 3437 3828 3484 nou
3856 3420 4009 3481 esset

2467 3527 2853 3592 incarnatus.
2885 3526 3248 3611 Completus
3287 3527 3482 3591 etiam
3521 3531 3616 3590 est
3653 3528 3852 3592 totius
3882 3526 4003 3588 hu-

2468 3652 2675 3699 manae
2709 3638 2960 3698 naturae
2985 3635 3305 3718 appetitus
3323 3683 3341 3714 ,
3383 3635 3541 3699 dum
3576 3653 3692 3719 per
3719 3652 3883 3719 opus
3908 3633 4005 3696 in-

2466 3740 2846 3806 carnationis
2885 3741 3283 3806 nobilissima
3319 3742 3627 3808 idoneitas
3643 3792 3662 3820 ,
3692 3760 3841 3827 quae
3877 3745 4006 3806 erat

2464 3849 2534 3913 in
2549 3849 2843 3913 bumana
2863 3852 3127 3928 natura,
3153 3850 3507 3914 secuudum
3531 3869 3729 3934 quam
3754 3847 4005 3915 unibilis

2465 3959 2602 4019 erat
2625 3955 2896 4031 divinae,
2926 3954 3003 4019 ad
3034 3959 3251 4019 actum
3281 3956 3631 4038 perfectum
3656 3956 3998 4021 reducitur.

2467 4061 2546 4127 Et
2589 4062 2835 4126 ratione
2884 4061 3086 4144 hujus
3135 4062 3507 4145 multiplicis
3563 4061 3962 4145 perfectiouis
3980 4107 3997 4136 ,

2463 4187 2613 4250 quae
2665 4168 2875 4250 surgit
2920 4188 3005 4233 ex
3061 4188 3251 4252 opere
3301 4170 3755 4236 incarnationis
3775 4219 3792 4251 ,
3849 4187 3997 4233 con-

2463 4295 2708 4358 gruum
2751 4276 2875 4340 fuit
2916 4275 3118 4341 Deum
3159 4277 3480 4342 incarnari
3515 4298 3533 4343 z
3565 4284 3628 4344 et
3670 4279 3828 4362 quia
3869 4276 4000 4341 haec

2463 4382 2800 4466 multiplex
2828 4383 3130 4466 perfectio
3158 4403 3290 4449 non
3318 4386 3570 4469 respicit
3599 4391 3849 4451 tantum
3874 4388 3997 4448 sta-

2462 4494 2603 4554 tum
2636 4495 2886 4554 naturae
2925 4490 3150 4573 lapsae,
3191 4492 3321 4556 imo
3358 4493 3612 4577 respicit
3644 4495 3837 4559 etiam
3876 4495 3996 4554 sta-

2462 4602 2605 4662 tum
2637 4600 2887 4662 naturae
2919 4598 3263 4678 institutae;
3296 4601 3438 4667 ideo
3465 4603 3516 4665 si
3554 4602 3753 4668 homo
3790 4602 3998 4683 lapsus

2463 4724 2596 4769 non
2634 4706 2891 4784 fuisset,
2936 4706 3356 4774 nihilominus
3396 4711 3764 4777 incarnatus
3804 4711 3992 4784 esset,

2463 4812 2614 4894 quia
2672 4812 2761 4876 ita
2818 4815 3213 4898 competebat
3269 4815 3596 4881 hominem
3654 4817 3994 4901 perfectum

2462 4938 2627 4999 esse,
2670 4925 2734 4984 et
2773 4921 3129 4985 secundum
3170 4925 3467 4986 naturam
3487 4971 3505 5003 ,
3547 4926 3613 4987 et
3651 4920 3992 4988 secundum

2463 5026 2763 5108 gratiam,
2789 5030 2853 5090 et
2873 5027 3229 5091 secundum
3250 5028 3523 5109 gloriam
3537 5078 3555 5110 ,
3581 5029 3747 5096 sicut
3765 5030 3818 5093 si
3839 5026 3992 5091 esset

2461 5134 2530 5197 in
2554 5137 2725 5198 statu
2752 5134 2950 5217 lapso,
2980 5138 3045 5198 et
3069 5134 3350 5219 quodam
3375 5137 3566 5203 modo
3591 5137 3886 5222 amplius.
3912 5131 3987 5196 Et

2392 5304 2424 5334 ο
2461 5241 2601 5307 haec
2622 5243 2976 5308 secundum
2991 5242 3177 5306 istam
3194 5243 3584 5326 opinionem.
3605 5245 3684 5310 Et
3700 5245 3811 5330 qui
3830 5241 3988 5306 hanc

2461 5349 2828 5432 opinionem
2883 5351 3271 5431 sequuntur,
3324 5352 3676 5417 concedunt
3725 5350 3984 5455 rationes

2461 5474 2610 5540 quae
2637 5457 2717 5522 ad
2755 5457 2923 5521 hanc
2960 5458 3208 5539 partem
3239 5456 3665 5524 adducuntur.
3701 5457 3986 5525 Rationes
