4185 6288
726 489 847 550 284

726 619 893 684 nitas
917 636 1185 702 operum
1212 619 1541 684 ordinetur
1579 621 1660 685 ad
1704 621 2058 703 profectum
2081 623 2270 706 spiri-

725 729 854 806 tus,
882 726 1117 791 frustra
1147 727 1571 808 operabatur;
1611 728 1664 791 si
1693 728 2080 810 proficiebat,
2113 746 2270 811 ergo

724 855 765 900 a
782 835 1173 918 plenitudine
1199 835 1549 900 deficiebat.

806 946 867 1006 5.
891 942 1074 1020 Item,
1107 943 1269 1008 sicut
1295 943 1511 1008 anima
1536 943 1767 1008 Christi
1792 942 1976 1007 unita
2006 942 2126 1005 fuit
2174 942 2268 1006 di-

723 1050 998 1126 vinitati,
1050 1051 1138 1113 ita
1164 1054 1229 1114 et
1249 1068 1515 1132 corpus3
1544 1054 1608 1115 et
1634 1050 1798 1114 sicut
1833 1049 1913 1112 ad
1943 1049 2274 1131 perfectio-

727 1178 877 1224 nem
910 1158 1166 1223 unionis
1190 1158 1542 1240 requiritur
1586 1157 1882 1240 perfectio
1910 1157 2157 1239 gratiae,
2183 1157 2274 1221 ita

725 1268 807 1331 ad
856 1264 1304 1350 perfectionem
1350 1269 1602 1329 naturae
1657 1264 1956 1346 perfectio
2002 1264 2207 1329 fetatis
2253 1287 2268 1328 ε

726 1376 836 1440 sed
862 1375 1146 1441 Christus
1163 1373 1516 1439 secundum
1561 1391 1794 1457 corpus
1820 1373 2138 1438 crescebat
2160 1391 2271 1438 ve·

727 1487 977 1563 raciter‚
1008 1490 1073 1551 et
1102 1487 1490 1570 implebatur
1517 1485 1820 1568 quotidie,
1843 1502 1962 1549 nec
1983 1485 2212 1549 habuit
2235 1503 2276 1548 a

728 1595 1041 1679 principio
1068 1595 1532 1679 plenitudinem
1555 1598 1830 1673 naturai,
1857 1593 1997 1658 sive
2024 1592 2271 1656 aetatis:

729 1720 887 1784 ergo
907 1719 1028 1766 nec
1051 1700 1516 1779 plenitudinem
1545 1699 1794 1781 gratiae.

811 1813 873 1872 6.
907 1808 1092 1889 Item,
1120 1809 1198 1873 de
1222 1808 1400 1872 nulla
1423 1826 1491 1871 re
1515 1810 1721 1889 potest
1740 1805 2051 1887 capacitas
2062 1806 2277 1888 aliqua

729 1916 1002 1999 impleri,
1028 1935 1109 1981 ex
1133 1918 1236 1999 cuj
1247 1935 1320 1979 us
1342 1916 1620 1980 adventu
1648 1913 1958 1996 capacitas
1997 1932 2129 1977 nou
2158 1914 2276 1977 mi-

728 2023 971 2103 nuitur,
1006 2023 1115 2088 sed
1141 2026 1422 2104 augetur
1467 2044 1481 2086 ε
1534 2022 1642 2086 sed
1683 2021 1892 2102 gratia
1931 2020 2279 2084 adveniens

728 2149 862 2195 non
893 2131 1147 2210 minuit,
1178 2131 1286 2195 sed
1313 2134 1509 2213 auget
1552 2130 1961 2213 capacitatem
1987 2129 2223 2193 animae
2256 2149 2272 2191 z

727 2256 886 2319 ergo
934 2238 1192 2301 videtur
1218 2238 1389 2320 quod
1437 2256 1794 2320 numquam
1822 2240 2029 2320 posset
2072 2237 2278 2319 ipsam

729 2345 993 2428 implere
1032 2364 1232 2428 :ergo
1260 2364 1376 2410 nec
1404 2344 1469 2408 in
1502 2345 1770 2425 ChristO,
1799 2363 1918 2410 nec
1943 2345 2012 2409 in
2037 2344 2163 2408 alio
2184 2347 2281 2408 oet

729 2452 1009 2535 reperire
1035 2452 1262 2535 gratiae
1287 2452 1783 2535 plenitudinem.

1242 2682 1768 2750 CONCLUSIO.

729 2867 927 2926 Gratia
964 2866 1168 2923 Christi
1217 2867 1287 2922 ab
1325 2868 1564 2923 instanti
1596 2881 1703 2923 suoe
1760 2867 2121 2939 conceptionis
2165 2866 2281 2933 tuit

795 2958 1040 3027 perfecta
1065 2960 1122 3041 ct
1163 2960 1526 3013 consummata
1545 2997 1560 3023 ,
1606 2971 1724 3026 quae
1758 2957 1876 3023 fuit
1913 2957 1976 3011 in
2005 2970 2062 3011 eo
2089 2969 2279 3011 secun-

803 3046 932 3101 dum
958 3045 1353 3117 plenitudinem
1379 3044 1912 3117 superabundantias.

813 3206 1000 3289 Resp.
1034 3206 1115 3270 ad
1136 3223 1276 3288 arg.
1311 3205 1660 3270 Dicendum
1690 3204 1860 3285 quod
1892 3203 2131 3286 absque
2154 3202 2282 3267 du-

730 3313 838 3379 bio
853 3313 924 3377 in
951 3311 1196 3376 Christo
1214 3312 1565 3376 secundum
1588 3311 1942 3375 humanam
1983 3313 2282 3375 naturam

731 3423 813 3486 ab
840 3420 1043 3503 ipsius
1070 3417 1498 3502 conceptionis
1541 3418 1890 3500 primordio
1927 3418 2047 3481 fuit
2071 3420 2285 3500 gratia

717 3528 1028 3611 perfecta,
1057 3529 1121 3590 et
1163 3525 1476 3603 ordinata,
1507 3530 1569 3589 et
1610 3529 2052 3588 consummata
2076 3525 2282 3608 pleni—

732 3635 909 3701 tudo.
945 3633 1090 3697 Non
1113 3632 1290 3697 enim
1318 3632 1577 3696 decebat
1602 3629 1884 3696 Verbum
1930 3632 2283 3697 increatum

735 3741 906 3807 uniri
936 3739 1168 3804 animae
1195 3738 1647 3821 perfectissima
1676 3739 1939 3816 unione,
1973 3737 2179 3820 qualis
2191 3742 2288 3801 aet

735 3849 890 3912 unio
918 3848 989 3911 in
1014 3847 1326 3911 unitatem
1359 3863 1671 3928 personae,
1700 3844 1860 3927 quin
1876 3845 2096 3907 anima
2121 3849 2284 3908 esset

733 3955 1077 4031 deiformia,
1103 3955 1455 4019 meandum
1496 3952 1667 4037 quod
1696 3957 1832 4017 erat
1853 3952 2169 4034 possibile.
2206 3950 2286 4015 Et

732 4063 874 4128 ideo
901 4080 1031 4125 non
1052 4065 1303 4125 tantum
1350 4060 1838 4125 deiformitatem
1886 4059 2112 4123 habuit
2140 4077 2286 4141 gra-

732 4169 840 4233 tiae
871 4172 935 4233 et
964 4167 1226 4250 gloriae3
1259 4167 1369 4232 sed
1398 4167 1590 4231 etiam
1615 4185 1809 4249 super
1830 4184 2091 4230 omnem
2132 4184 2286 4247 gra-

733 4275 889 4340 tiam
913 4279 977 4340 et
997 4275 1293 4357 gloriam.
1330 4272 1458 4338 Nec
1501 4277 1756 4338 tantum
1787 4273 1905 4336 fuit
1932 4273 1999 4336 in
2041 4292 2117 4337 eo
2147 4273 2285 4356 ple-

734 4384 957 4449 nitudo
983 4384 1402 4462 sufficientiae,
1457 4383 1620 4446 sicut
1646 4384 1715 4446 in
1744 4382 2010 4462 SanctiS,
2046 4383 2128 4447 de
2159 4401 2288 4464 qua

735 4491 1127 4574 plenitudine
1152 4490 1383 4555 dicitur
1412 4491 1429 4525 ¹
1464 4512 1478 4554 :
1516 4489 1873 4572 Stephanus
1897 4491 2121 4571 plenus
2148 4507 2289 4573 qra-

739 4601 836 4666 tia
880 4605 943 4666 et
1002 4597 1431 4679 tortitudine;
1478 4616 1595 4661 nec
1655 4601 1908 4662 tantum
1961 4598 2287 4680 plenitudo

736 4707 1207 4788 praerogativae,
1236 4706 1398 4769 sicut
1423 4706 1493 4769 in
1520 4704 1788 4787 Virgine
1814 4704 2034 4785 Maria,
2065 4705 2143 4769 de
2157 4723 2289 4787 qua

738 4812 1128 4897 plenitudine
1174 4812 1406 4877 dicitur
1432 4815 1455 4847 ¹
1499 4833 1516 4877 ι
1562 4814 1695 4878 Ave
1717 4862 1735 4890 ,
1790 4814 2008 4895 qratia
2052 4812 2287 4893 plena.-

740 4938 858 4984 nec
904 4923 1158 4984 tantum
1203 4919 1531 5002 plenitudo
1557 4919 2035 4984 numerositatis
2082 4925 2146 4982 et
2182 4937 2288 4983 co·-

741 5027 888 5110 piae,
917 5028 1080 5091 sicut
1106 5026 1175 5090 in
1204 5030 1339 5090 tota
1380 5026 1675 5104 Ecclesia,
1706 5027 1783 5091 de
1830 5044 1959 5108 qua
2016 5026 2293 5109 plenitu-

741 5131 898 5198 dine'
911 5134 933 5168 ⁸
962 5152 980 5197 ε
1011 5132 1316 5200 Ascendit
1339 5149 1534 5215 super
1560 5134 1763 5213 coetos,
1813 5142 1884 5200 ut
1913 5133 2292 5216 adimpleret

743 5242 986 5319 omnia,
1010 5245 1130 5305 etc.
1166 5263 1182 5306 ι
1213 5242 1324 5306 sed
1351 5242 1545 5307 etiam
1563 5242 1887 5324 plenitudo
1899 5243 2294 5324 superabun-

816 5409 830 5443 ¹
857 5410 991 5468 Act„
1021 5418 1093 5469 VI,
1121 5408 1170 5457 8.
1192 5433 1246 5444 --
1266 5408 1289 5442 ¹
1312 5407 1450 5469 Luc„
1480 5418 1520 5471 1,
1548 5409 1706 5458 28.—
1728 5407 1750 5441 ⁸
1791 5406 1996 5471 Ephe-3„
2037 5418 2105 5468 lv,
2136 5410 2212 5458 10.
2232 5434 2295 5448 -·

748 5483 772 5519 ὅ
799 5480 966 5543 laam,
992 5486 1033 5543 1,
1063 5480 1138 5530 ss.
1163 5503 1227 5520 -
1251 5477 1274 5514 ⁸
1296 5476 1454 5541 md„
1489 5479 1567 5529 ¹6.

1855 484 2480 555 SENTENTIARUM
2518 487 2668 554 LlB.
2715 487 2819 555 111.

2383 624 2641 702 dantiae,
2670 624 2750 689 de
2763 631 2958 708 qua‘:
2992 628 3294 697 Vidimus
3312 631 3589 714 qloriam
3607 633 3919 713 &inulte-3

2380 730 2667 813 plenum,
2724 731 3015 815 inquam,
3073 737 3469 818 plenitudine
3527 743 3923 822 superabun-

2381 836 2617 902 dantiae
2644 860 2658 902 ε
2685 844 2939 921 propter
2968 843 3141 924 quod
3170 845 3386 908 subdit
3409 846 3490 910 ad
3517 848 3639 914 hoc
3662 848 3925 930 proban-

2380 944 2537 1009 dum
2554 946 2576 980 ⁸
2602 945 2728 1013 :Et
2754 946 2834 1011 de
2858 947 3262 1029 plenitudine
3289 952 3427 1034 qius
3448 969 3566 1019 nos
3592 970 3805 1020 omnes
3827 971 3926 1021 ac-

2380 1054 2685 1134 cepimus.
2725 1045 3326 1123 concedendae'sunt
3351 1078 3509 1141 ergo
3526 1061 3798 1126 rationes
3821 1081 3925 1126 os-

2383 1160 2712 1224 tendentes
2758 1160 3079 1226 Christum
3107 1164 3190 1228 ab
3218 1166 3479 1230 instanti
3506 1169 3928 1251 conceptionis

2383 1266 2582 1331 fuisse
2623 1267 2830 1350 gratia
2871 1269 3162 1352 plenum,
3192 1278 3256 1336 et
3283 1262 3579 1340 habuisse
3605 1274 3673 1338 in
3700 1294 3768 1340 se
3794 1277 3926 1358 ple-

2383 1374 2750 1439 nitudinem
2778 1378 3023 1457 gratiae.
3480 1359 3503 1384 ⁶

2466 1486 2526 1545 1.
2586 1482 2682 1545 Ad
2732 1482 2892 1547 illud
2940 1503 3100 1567 ergo
3160 1487 3328 1568 quod
3362 1489 3571 1570 primo
3610 1489 3926 1572 objicitur,

2384 1589 2558 1672 quod
2587 1609 2719 1655 non
2750 1591 2976 1656 habuit
3001 1593 3195 1658 fldem
3249 1600 3313 1659 et
3338 1613 3517 1677 spem
3534 1644 3551 1675 ,
3592 1596 3930 1660 dicendum

2384 1697 2560 1779 quod
2594 1698 2749 1762 fides
2798 1702 2861 1762 et
2904 1717 3049 1782 spes
3085 1701 3322 1765 habent
3373 1720 3592 1767 secum
3638 1705 3930 1786 junctam

2384 1804 2969 1887 imperfectionem;
3002 1807 3239 1872 habent
3272 1814 3336 1873 et
3376 1809 3801 1875 nihilominus
3825 1810 3932 1874 ali-

2386 1912 2542 1992 quid
2573 1913 2970 1996 perfectionis
3008 1936 3023 1978 :
3055 1920 3118 1979 et
3169 1916 3414 1980 ratione
3448 1919 3589 1999 ejus
3615 1917 3790 1999 quod
3818 1919 3931 1982 ha-

2387 2018 2542 2084 bent
2596 2020 2674 2084 de
2701 2021 3201 2102 imperfectione,
3235 2022 3615 2104 plenitudini
3643 2024 3789 2106 plus
3814 2025 3927 2088 ob·

2386 2127 2586 2205 viant,
2629 2145 2825 2209 quam
2857 2127 2938 2191 ad
2966 2127 3423 2210 plenitudinem
3468 2130 3735 2209 faciant3
3767 2131 3931 2196 unde

2385 2238 2781 2300 evacuantur
2803 2234 2873 2297 in
2895 2234 3107 2316 gloria
3136 2256 3152 2298 ε
3180 2236 3289 2299 sed
3316 2237 3559 2301 ratione
3594 2240 3738 2320 ejus
3764 2239 3930 2321 quod

2386 2341 2786 2424 perfectionis
2839 2346 2933 2406 est
2971 2342 3039 2405 in
3079 2342 3192 2418 eis,
3242 2342 3295 2405 si
3323 2344 3479 2426 quid
3517 2350 3612 2409 est
3643 2345 3928 2428 reperiri,

2385 2450 2627 2514 habent
2670 2467 2806 2512 esse
2832 2449 2901 2512 in
2932 2449 3199 2514 Christo.
3244 2449 3322 2514 Et
3348 2451 3491 2516 ideo
3518 2451 3777 2528 illarum
3805 2452 3929 2516 vir·

2384 2560 2601 2621 tutum
2647 2556 2930 2620 absentia
2970 2557 3113 2639 plus
3157 2561 3488 2623 attestatur
3528 2559 3927 2642 plenitudini,

2388 2682 2590 2747 quam
2616 2663 3055 2728 diminutioni.

2467 2776 2527 2835 2.
2562 2770 2661 2835 Ad
2708 2770 2867 2836 illud
2893 2770 3066 2853 quod
3094 2772 3422 2854 objicitur,
3454 2774 3627 2856 quod
3654 2775 3932 2840 Christus

2388 2879 2511 2943 fuit
2535 2878 2605 2941 in
2626 2883 2799 2941 statu
2826 2878 3109 2955 viatoriS,
3145 2879 3487 2944 dicendum
3527 2882 3700 2962 quod
3730 2882 3931 2948 Chris-

2347 3038 2353 3047 .
2388 2990 2493 3050 tus
2516 2985 2637 3048 fuit
2680 2983 2879 3048 simul
2909 2986 2976 3048 in
3006 2988 3175 3050 statu
3231 2986 3521 3065 viatoria,
3553 2992 3617 3051 et
3643 3008 3931 3073 compre-

2392 3091 2681 3156 hensoris
2713 3114 2727 3156 :
2761 3092 2830 3155 in
2867 3093 3039 3157 statu
3082 3093 3662 3176 comprehensoris,
3713 3115 3933 3161 secun-

2389 3197 2550 3261 dum
2590 3201 2837 3280 partem
2881 3197 3306 3280 superiorem3
3340 3199 3410 3261 in
3447 3203 3618 3264 statu
3652 3200 3927 3277 viatoris,

2389 3304 2749 3369 secundum
2790 3309 3035 3387 partem
3068 3304 3458 3384 inferiorem,
3493 3310 3558 3369 et
3583 3308 3927 3373 secundum

2389 3431 2672 3477 carnem.
2691 3411 2770 3476 Et
2782 3414 3090 3495 quoniam
3117 3413 3349 3494 gratia,
3376 3415 3736 3480 secundum
3754 3433 3929 3479 suam

2389 3522 2729 3586 essentiam
2741 3524 2804 3585 et
2817 3520 3384 3603 complementum,
3411 3522 3666 3604 respicit
3694 3528 3930 3605 partem

2389 3627 2783 3711 superiorem
2816 3632 2879 3691 et
2900 3631 3216 3706 mentem;
3240 3627 3390 3690 hinc
3404 3632 3500 3691 est
3522 3630 3695 3710 quod
3727 3629 3932 3695 Chris-

2390 3740 2495 3800 tus
2529 3736 2742 3817 magis
2767 3735 2996 3800 habuit
3022 3735 3300 3816 gratiam
3329 3736 3694 3818 perfectam,
3744 3754 3931 3820 quam

2390 3844 2774 3909 diminutam
2797 3891 2814 3918 ,
2859 3843 3009 3925 quia
3064 3844 3272 3924 gratia
3319 3842 3532 3924 magis
3568 3844 3934 3927 respiciebat

2392 3955 2636 4015 statum
2663 3951 3037 4033 perfectum.

2473 4067 2535 4125 3.
2583 4061 2680 4126 Ad
2733 4061 2892 4126 illud
2946 4060 3117 4143 quod
3171 4059 3468 4142 objicitur
3520 4061 3599 4125 de
3645 4061 3930 4144 exemplo

2393 4170 2644 4246 Christi,
2674 4168 3011 4233 dicendum
3037 4168 3210 4251 quod
3236 4166 3521 4232 Christus
3548 4169 3723 4234 dedit
3753 4168 3931 4234 nobis

2393 4278 2763 4361 exemplum
2807 4278 2873 4339 in
2928 4276 3228 4358 operibus
3287 4276 3733 4356 exterioribus,
3780 4284 3841 4343 et
3866 4278 3931 4342 in

2393 4387 2694 4471 operibus
2721 4384 2977 4449 virtutis
3005 4385 3296 4467 perfectae
3332 4404 3350 4447 ε
3379 4385 3487 4449 sed
3517 4385 3625 4449 illa
3650 4404 3843 4469 opera
3869 4388 3931 4449 in

2395 4495 2641 4562 Christo
2667 4495 2850 4557 erant
2877 4491 3326 4574 perfectionem
3356 4491 3718 4572 indicantia,
3748 4495 3815 4557 in
3827 4510 3931 4557 no-

2393 4603 2492 4667 bis
2515 4620 2672 4668 vero
2697 4602 2849 4663 sunt
2893 4599 2974 4665 ad
3020 4599 3468 4682 perfectionem
3506 4598 3929 4683 perducentia.

2395 4710 2473 4775 Et
2529 4708 2828 4792 quamvis
2873 4725 3070 4790 opera
3119 4706 3434 4771 exteriora
3479 4707 3935 4789 praetenderent

2395 4819 2538 4899 eJus
2590 4816 2961 4899 profectum,
3019 4831 3150 4878 non
3190 4817 3405 4878 tamen
3446 4818 3585 4878 erat
3639 4812 3929 4887 mendax,

2395 4924 2547 5006 quia
2588 4922 2836 4986 nullam
2872 4921 3319 5004 perfectionem
3359 4920 3754 4998 indicabant,
3793 4933 3931 5001 quae

2397 5048 2526 5094 non
2553 5032 2715 5094 esset
2741 5030 2809 5092 in
2834 5045 2931 5092 e0.
2964 5026 3030 5092 Si
3059 5044 3214 5092 vero
3244 5045 3356 5109 per
3383 5046 3577 5111 opera
3602 5044 3735 5092 non
3783 5022 3934 5088 indi·

2397 5137 2578 5200 cahat
2591 5136 3037 5219 perfectionem
3064 5151 3249 5197 suam
3272 5152 3619 5213 summam,
3663 5133 3787 5197 hoc
3810 5147 3931 5195 non

2398 5248 2533 5310 erat
2583 5243 2916 5308 falsitatem
2969 5239 3360 5324 praetendere
3385 5289 3404 5320 ,
3468 5241 3577 5306 sed
3611 5240 3933 5307 veritatem

2356 5382 2363 5389 ·
2400 5350 2715 5416 occultare
2772 5372 2790 5416 z
2846 5348 3018 5433 quod
3069 5346 3327 5431 quidem
3377 5348 3522 5413 licet
3582 5351 3646 5413 et
3690 5342 3934 5429 expedit

2403 5462 2660 5543 propter
2688 5460 2973 5524 nostram
2989 5454 3349 5523 utilitatem.
