4185 6288
689 468 805 528 ¹90

678 598 958 664 tivitates
1001 614 1404 663 veneramur.
1450 620 1482 657 n
1534 596 1661 662 Sed
1709 598 2101 678 ubicumque
2134 599 2230 658 est

678 705 916 789 duplex
965 704 1296 784 nativitas,
1343 705 1428 768 ibi
1477 708 1576 769 est
1620 703 1860 787 duplex
1907 703 2119 782 nasci3
2164 706 2230 766 et

678 813 1068 894 ubicumque
1120 816 1216 875 est
1264 812 1501 895 duplex
1551 813 1761 890 nasci,
1824 813 1908 876 ibi
1978 816 2071 876 est
2128 810 2230 874 bis

676 920 850 983 nasci
884 941 897 981 :
931 936 1111 999 ergO,
1146 922 1265 982 etc.

757 1024 910 1090 Item
952 1025 1236 1089 Christus
1263 1025 1462 1089 semel
1483 1027 1742 1106 genitus
1777 1030 1979 1091 estex
2006 1024 2223 1103 Patre,

675 1133 1027 1200 seeundum
1055 1133 1210 1197 illud
1240 1131 1511 1197 Psalmi¹
1542 1156 1555 1196 :
1597 1134 1806 1201 Semel
1845 1134 2095 1202 locutus
2135 1143 2229 1201 est

675 1242 869 1320 Deus,
903 1245 1022 1306 etc.
1053 1240 1270 1306 Glossa
1309 1263 1325 1304 ε
1364 1265 1395 1301 α
1425 1240 1493 1304 ld
1531 1247 1656 1321 est,
1690 1241 1922 1306 Filium
1961 1242 2220 1324 genuit,

673 1354 737 1413 et
775 1350 970 1413 semel
1019 1354 1210 1413 natus
1250 1354 1344 1413 est
1384 1368 1466 1414 ex
1508 1354 1730 1415 matre.
1771 1373 1802 1409 »
1857 1349 1936 1414 Et
1983 1354 2228 1415 constat

673 1455 829 1519 illud
864 1457 1079 1537 semel,
1110 1461 1173 1522 et
1209 1457 1407 1536 illud,
1453 1476 1584 1522 non
1613 1476 1748 1522 esse
1772 1476 2016 1536 unum,
2063 1457 2227 1522 sicut

676 1580 796 1626 nec
821 1564 1169 1645 temporale
1196 1569 1260 1628 et
1287 1566 1605 1628 aeternum
1637 1583 1654 1628 ε
1690 1582 1850 1645 ergo
1879 1569 2129 1647 ponunt
2157 1565 2227 1628 in

676 1686 1029 1734 numerum
1061 1692 1076 1734 :
1113 1671 1169 1733 si
1206 1690 1365 1752 ergo
1407 1671 1602 1735 semel
1647 1677 1711 1736 et
1749 1672 1945 1736 semel
1985 1671 2229 1735 faciunt

601 1805 611 1814 ·
676 1774 797 1855 his,
829 1775 1116 1841 Christus
1142 1783 1237 1841 est
1264 1778 1359 1841 bis
1386 1783 1595 1842 natus.

444 2554 511 2599 Ad
530 2566 632 2612 opp.

759 1882 917 1947 ltem
944 1885 1109 1949 actio
1135 1885 1462 1966 geminata
1500 1885 1789 1965 geminat
1815 1885 2174 1967 paseionem
2209 1906 2224 1947 ε

676 2006 835 2071 ergo
863 1991 915 2054 si
946 1991 1070 2055 alia
1118 1998 1213 2056 est
1254 1993 1582 2073 generatio
1612 2010 1742 2075 qua
1770 1991 1986 2071 Pater,
2017 1996 2081 2056 et
2108 1991 2233 2055 alia

663 2115 807 2191 'qua
832 2102 1036 2161 mater
1061 2098 1307 2179 genuit,
1338 2117 1496 2181 ergo
1523 2099 1647 2162 alia
1680 2103 1743 2162 et
1768 2099 1894 2163 alia
1920 2099 2061 2163 vice
2104 2118 2229 2181 ge-

676 2206 853 2269 nitus
879 2210 973 2270 est
1002 2204 1288 2269 Christus
1324 2224 1365 2268 a
1397 2205 1579 2269 Patre
1606 2210 1669 2269 et
1707 2224 1747 2269 a
1783 2210 1987 2270 matre
2020 2228 2035 2270 ε
2065 2226 2227 2288 ergo

676 2316 771 2377 est
813 2312 1052 2394 pluries
1079 2316 1267 2375 natus
1298 2334 1312 2374 ι
1346 2313 1455 2376 sed
1496 2330 1626 2376 non
1658 2318 1785 2392 ter,
1834 2313 1933 2377 vel
1962 2320 2224 2397 quater,

677 2421 855 2485 etsie
880 2420 958 2484 de
987 2419 1127 2483 aliis
1156 2441 1172 2483 :
1211 2438 1371 2502 ergo
1397 2420 1498 2483 bis
1527 2423 1711 2484 natus
1737 2426 1833 2484 est
1860 2420 2166 2487 Christus.

758 2525 880 2591 Sed
909 2533 1128 2591 contra
1157 2549 1173 2589 ε
1221 2532 1282 2590 1.
1314 2529 1432 2593 Bia
1471 2527 1622 2592 dicit
1662 2528 2006 2592 consimilis
2045 2535 2228 2594 actus

677 2634 1211 2715 geminationem;
1242 2636 1411 2700 unde
1438 2654 1570 2699 non
1595 2635 1826 2699 dicitur
1852 2636 2085 2719 aliquis
2116 2638 2227 2701 ali-

677 2740 832 2823 quid
856 2741 1074 2806 fecisse
1102 2743 1220 2822 bie,
1251 2762 1327 2806 eo
1354 2743 1526 2825 quod
1553 2742 1711 2824 legit
1737 2747 1801 2807 et
1825 2743 2176 2825 disputavit
2205 2766 2219 2808 :

674 2849 784 2913 sed
831 2849 1160 2929 generatio
1200 2855 1476 2926 aeterna,
1528 2855 1598 2912 et
1640 2851 2043 2932 temporalis,
2092 2870 2226 2916 non

676 2962 771 3021 est
796 2955 966 3020 idem
992 2962 1195 3034 actua,
1226 2976 1346 3020 nec
1371 2956 1720 3020 consimilis
1751 2979 1766 3021 :
1796 2976 1955 3039 ergo
1982 2959 2226 3023 ratione

676 3061 846 3125 illius
879 3062 1146 3146 duplicis
1187 3064 1539 3128 nativitatis
1566 3082 1697 3128 non
1740 3070 1944 3147 potest
1970 3064 2096 3129 dici
2128 3064 2225 3128 bis

675 3175 888 3236 natus,

756 3283 818 3342 Ξ.
868 3278 1027 3343 ltem
1077 3281 1270 3346 semel
1315 3285 1379 3345 et
1427 3281 1523 3347 bis
1572 3279 1796 3345 dicunt
1839 3282 2226 3348 vicissitudi-

674 3401 863 3463 nem;
900 3386 1067 3450 idem
1097 3389 1273 3451 enim
1296 3393 1390 3452 est
1417 3388 1673 3471 aliquod
1702 3389 1801 3453 bis
1841 3389 2012 3469 fieri,
2051 3392 2222 3472 quod

673 3495 737 3555 et
780 3492 1031 3558 duabus
1076 3496 1325 3560 vicibus
1355 3497 1494 3560 fieri
1535 3518 1550 3560 :
1585 3498 1694 3561 sed
1740 3498 1910 3580 apud
1949 3497 2225 3562 Filium·

672 3617 803 3667 non
837 3602 1021 3670 cadit
1062 3607 1547 3682 transmittam,
1590 3619 1703 3668 nec
1737 3604 2225 3671 vicissitudinis

673 3708 1063 3778 obumbratio
1090 3733 1115 3776 .·
1142 3730 1300 3792 ergo
1325 3729 1454 3774 non
1482 3710 1667 3774 debet
1693 3709 1816 3773 dici
1842 3710 1943 3773 bis
1966 3717 2179 3775 natus,

755 3822 814 3881 3.
865 3817 1021 3880 Item
1075 3818 1174 3883 bis
1222 3818 1371 3882 dicit
1426 3821 1603 3881 actus
1646 3816 2219 3899 interruptionem;

672 3922 844 3987 unde
869 3925 1317 3988 convenienter
1351 3924 1582 3987 dicitur
1627 3924 1858 4006 aliquis
1898 3925 1996 3988 bis
2030 3926 2224 3988 fuisse

674 4028 931 4094 Parisiis
964 4053 978 4093 :
1021 4031 1131 4095 sed
1172 4050 1303 4095 non
1353 4033 1805 4096 convenienter
1851 4031 2082 4096 dicitur
2127 4034 2224 4097 bis

672 4136 865 4201 fuisse
889 4137 1107 4202 homo,
1141 4135 1265 4202 Sed
1292 4139 1618 4219 generatio
1649 4141 1922 4217 aeterna,
1953 4157 2102 4221 quae
2130 4145 2226 4204 est

675 4261 757 4307 ex
795 4241 1012 4324 Patre,
1042 4246 1408 4308 nullatenus
1449 4245 1570 4308 fuit
1615 4244 1969 4326 interrupta
2015 4267 2031 4309 ε
2063 4264 2222 4328 ergo

674 4348 932 4414 videtur
970 4349 1341 4432 simpliciter
1382 4369 1517 4415 esse
1554 4351 1786 4414 falsum
1819 4372 1833 4413 :
1881 4375 1911 4411 α
1940 4351 2223 4418 Christus

674 4455 771 4519 his
797 4460 990 4522 natus
1011 4463 1128 4522 est.
1158 4480 1190 4517 n

753 4568 816 4628 4.
851 4565 1009 4629 ltem
1037 4565 1159 4629 hoc
1184 4565 1591 4646 adverbium,
1621 4566 1753 4641 bie,
1791 4567 2091 4650 importat
2115 4586 2222 4632 ac-

671 4677 778 4738 tus
822 4672 1334 4737 terminationem
1357 4719 1374 4749 ‚
1422 4673 1573 4755 quia
1619 4673 1696 4738 de
1744 4679 1892 4738 actu
1939 4677 2050 4758 qui
2090 4693 2224 4740 non

674 4779 1089 4857 terminatur,
1123 4797 1252 4843 non
1281 4787 1376 4844 est
1401 4779 1608 4844 dicere
1635 4781 1848 4863 ipsum
1891 4782 1988 4845 bis
2033 4800 2220 4846 exer-

673 4887 842 4964 ceri3
885 4887 993 4950 sed
1033 4888 1361 4968 generatio
1406 4893 1645 4951 aeterna
1681 4905 1813 4951 non
1855 4888 2048 4953 habet
2089 4892 2219 4952 ter-

676 4993 950 5072 minum,
981 4993 1135 5075 quia
1160 4992 1356 5058 Filius
1378 5012 1626 5077 semper
1654 5002 2001 5076 generatur
2033 5014 2072 5058 a
2100 4995 2220 5060 Pa-

673 5105 769 5165 tre
786 5122 803 5178 3
827 5118 1006 5180 ergO‚
1036 5107 1155 5165 etc.

755 5212 815 5272 5.
846 5206 1002 5271 Item
1029 5207 1153 5273 hoc
1178 5207 1579 5287 adverbium,
1600 5208 1721 5288 bis,
1752 5209 2222 5296 importat-suc-

741 5368 966 5418 ¹Psalm.
991 5381 1096 5431 ut,
1125 5372 1199 5420 12.
1228 5395 1292 5407 -
1316 5369 1335 5401 ²
1362 5371 1489 5434 Jac„
1519 5382 1557 5433 1,
1588 5371 1665 5420 17.
1684 5395 1747 5409 —
1775 5371 1799 5405 ⁸
1823 5370 1995 5435 Arist„
2044 5371 2219 5436 Phys„

674 5441 761 5495 lib.
793 5443 857 5507 V,
887 5447 1023 5494 cont.
1049 5446 1143 5507 3⁴,
1174 5446 1234 5495 38
1264 5446 1319 5494 et
1344 5444 1558 5508 4131112.
1591 5446 1719 5505 vn,
1748 5449 1888 5495 cont.
1917 5447 1963 5496 5.

1793 448 2416 527 SENTENTIARUM
2461 454 2606 521 LlB.
2653 456 2759 521 lll.

2334 593 2632 657 cessionis
2656 592 2946 658 ordinem
2981 614 2996 657 ε
3026 593 3136 658 sed
3167 591 3335 658 circa
3365 592 3596 658 Christi
3624 613 3890 677 genera-

2336 701 2577 765 tionem
2617 707 2925 765 aeternam
2970 705 3258 783 respectu
3303 702 3667 784 temporalis
3709 704 3890 768 nulla

2338 811 2506 875 eadit
2528 811 2876 888 successim
2922 829 3079 891 ergo
3109 811 3273 875 sicut
3306 812 3539 893 aliquis
3564 830 3697 876 non
3735 812 3889 876 dici·

2337 921 2445 981 tur
2478 919 2574 981 bis
2615 922 2833 996 natus,
2866 918 2979 1001 qui
3018 919 3214 982 simul
3249 924 3596 1001 generatur
3633 939 3673 982 a
3707 925 3886 1002 patre

2336 1032 2400 1090 et
2437 1045 2477 1090 a
2517 1032 2742 1105 matre,
2785 1028 2873 1091 ita
2917 1045 3049 1091 non
3090 1027 3345 1093 videtur
3386 1028 3560 1111 quod
3604 1027 3890 1092 Christus

2337 1134 2435 1197 bis
2471 1139 2660 1198 natus
2686 1134 2970 1213 dIcatur,
3002 1153 3154 1199 cum
3190 1136 3383 1199 simul
3418 1136 3500 1198 sit
3525 1154 3752 1200 verum
3781 1135 3890 1218 ip·

2336 1260 2483 1305 sum
2534 1241 2743 1306 dicere
2787 1244 3085 1323 generari
3136 1261 3176 1306 a
3221 1242 3409 1308 Patre
3451 1246 3517 1306 et
3553 1261 3593 1306 a
3639 1247 3884 1321 matre3

2337 1347 2523 1414 Pater
2549 1350 2720 1413 enim
2750 1369 2925 1414 nunc
2949 1355 3217 1431 generat
3239 1349 3494 1427 Filium,
3523 1354 3588 1414 et
3620 1350 3691 1413 in
3716 1353 3889 1413 tem-

2335 1474 2490 1538 pore
2520 1457 2864 1521 nativitatis
2893 1475 3062 1537 suae,
3101 1457 3262 1522 sicut
3304 1458 3493 1539 virgo
3534 1455 3734 1520 Maria
3775 1474 3891 1537 ge·

2333 1564 2497 1628 nuit.

2417 1677 2479 1735 6.
2511 1671 2669 1735 Item
2695 1690 2871 1735 nunc
2898 1670 3201 1754 temporis
3220 1719 3236 1750 ,
3273 1675 3337 1734 et
3363 1688 3537 1734 nunc
3563 1670 3887 1735 aeternita·

2336 1780 2449 1856 tie,
2494 1797 2626 1843 non
2667 1784 2920 1861 ponunt
2952 1778 3020 1842 in
3062 1795 3436 1857 numerum,
3484 1795 3635 1842 cum
3679 1795 3893 1843 unum

2335 1887 2670 1951 claudatur
2693 1887 2762 1949 in
2788 1886 2989 1950 altero
3021 1906 3037 1949 z
3066 1903 3229 1965 ergo
3263 1903 3413 1949 cum
3459 1883 3659 1949 Filius
3700 1886 3895 1966 geni-

2337 1997 2442 2058 tus
2486 1995 2569 2057 sit
2610 2013 2650 2057 a
2707 1993 2893 2057 Patre
2938 1993 3005 2055 in
3060 2010 3237 2057 nunc
3280 1990 3689 2071 aeternitatis,
3735 1996 3804 2056 et
3852 2011 3897 2056 a

2339 2107 2541 2166 matre
2569 2102 2638 2164 in
2664 2118 2838 2164 nunc
2876 2100 3183 2181 temporis
3197 2147 3215 2179 ,
3247 2117 3383 2163 non
3418 2098 3673 2164 videtur
3718 2099 3893 2182 quod

2338 2210 2564 2275 debeat
2590 2209 2712 2274 diei
2742 2210 2841 2274 bis
2864 2214 3077 2289 natm,
3105 2208 3211 2273 vel
3234 2208 3514 2289 genitus.

2883 2443 3339 2511 CONCLUSIO.

2340 2619 2610 2677 Catholice
2637 2618 2789 2675 debet
2832 2622 2886 2674 et
2924 2622 3103 2690 potest
3140 2618 3370 2675 admitti
3414 2617 3500 2673 hic
3530 2632 3720 2686 senno,
3748 2617 3898 2690 quod

2413 2709 2654 2765 christus
2709 2712 2786 2764 eet
2846 2707 2926 2764 bis
2979 2712 3170 2774 natus,
3234 2711 3439 2764 oetema
3496 2711 3547 2763 et
3602 2707 3898 2778 temporali

2410 2798 2784 2871 differentibus
2809 2798 3268 2869 venerationibus.

2418 2956 2603 3039 Resp.
2632 2958 2712 3021 ad
2741 2974 2883 3039 arg.
2915 2956 3264 3021 Dicendum
3301 2956 3507 3039 quod,
3553 2956 3718 3020 sicut
3751 2957 3903 3021 vult

2338 3063 2761 3149 Philosophus
2779 3065 2825 3144 ⁸,
2856 3069 3036 3129 actus
3063 3063 3396 3148 tripliciter
3425 3064 3620 3128 habet
3652 3081 3900 3129 nume-

2337 3175 2490 3254 rari,
2514 3174 2806 3240 videlicet
2829 3173 3139 3255 subjecto,
3165 3176 3227 3236 et
3253 3176 3565 3255 tempore,
3591 3175 3659 3236 et
3681 3172 3898 3255 specie

2336 3282 2472 3348 sive
2507 3282 2822 3361 termino;
2859 3280 3031 3345 unde
3067 3284 3246 3343 actus
3285 3278 3694 3362 multiplicari
3732 3277 3898 3342 dici-
3986 3325 3992 3332 .

2336 3391 2468 3469 tur,
2498 3393 2611 3453 aut
2649 3388 2804 3470 quia
2845 3392 2941 3451 est
2969 3388 3040 3450 in
3078 3386 3203 3450 alio
3220 3434 3238 3463 ,
3279 3392 3344 3450 et
3384 3385 3510 3450 alio
3554 3386 3884 3468 subjecto;

2337 3500 2452 3559 aut
2480 3496 2632 3577 quia
2673 3495 2744 3557 in
2784 3493 2942 3570 alio,
2980 3498 3045 3557 et
3083 3493 3209 3557 alio
3252 3493 3567 3570 termino;
3597 3484 3712 3556 a'ut
3733 3492 3896 3574 quia

2335 3602 2408 3666 in
2435 3603 2559 3667 alio
2589 3602 2803 3667 etalio
2830 3602 3148 3683 tempore,
3182 3600 3318 3665 sive
3351 3617 3675 3664 mensura.
3723 3598 3894 3662 Cum

2336 3726 2495 3789 ergo
2522 3709 2899 3773 adverbium
2925 3708 3307 3772 numerandi
3340 3708 3512 3772 dicat
3534 3724 3892 3771 numerum

2337 3821 2516 3879 actus
2555 3816 2770 3897 aliquo
2809 3815 3080 3879 istorum
3118 3815 3320 3879 trium
3348 3815 3686 3879 modorum
3702 3861 3720 3892 ‚
3767 3831 3897 3878 ne-

2336 3941 2507 3987 cesse
2549 3927 2647 3987 est
2683 3927 2757 3986 ut
2790 3921 3087 4005 importet
3121 3923 3334 4005 ipsum
3365 3921 3713 3987 numerari.
3757 3920 3896 3986 Ad-

2336 4032 2634 4096 verbium
2659 4037 2877 4096 autem
2895 4080 2913 4110 ,
2956 4050 3105 4095 cum
3146 4033 3229 4094 sit
3255 4030 3640 4114 adjectivum
3676 4030 3890 4111 verbi,

2337 4138 2458 4201 sub
2484 4139 2729 4202 ratione
2757 4138 2937 4202 verbi
2962 4138 3265 4221 importat
3289 4138 3476 4202 illum
3508 4151 3892 4212 numerum,

2336 4244 2450 4326 qui
2477 4248 2576 4308 est
2617 4245 2818 4327 ipsius
2861 4251 3070 4324 actua,
3100 4244 3455 4309 secundum
3493 4244 3671 4327 quod
3704 4246 3893 4309 actus

2335 4349 2442 4413 hic
2465 4356 2668 4416 estex
2708 4357 2886 4434 parte
2927 4353 3267 4435 temporie,
3297 4352 3435 4416 aive
3471 4343 3829 4417 'durationis
3861 4373 3885 4415 .·.

2336 4463 2400 4522 et
2424 4459 2543 4523 iste
2569 4463 2664 4523 est
2690 4477 3024 4537 numeruS‚
3053 4459 3166 4541 qui
3194 4464 3291 4524 eet
3313 4477 3398 4523 ex
3419 4462 3600 4541 parte
3628 4474 3891 4522 mensu-

2335 4583 2448 4629 rae.
2483 4565 2561 4631 Et
2599 4566 2771 4648 quod
2806 4565 2931 4630 hoc
2964 4566 3378 4644 adverbium,
3421 4564 3556 4642 biS,
3584 4564 3893 4646 importet

2335 4692 2685 4738 numerum
2729 4679 2909 4738 actus
2953 4692 3037 4738 ex
3078 4679 3258 4757 parte
3303 4690 3662 4752 mensurae,
3711 4675 3890 4754 patet

2334 4802 2447 4866 per
2479 4783 2690 4865 ipsum
2722 4784 2990 4847 modum
3029 4783 3352 4865 loquendi.
3398 4781 3544 4847 Non
3578 4781 3752 4846 enim
3778 4781 3891 4845 di—

2334 4908 2443 4953 cor
2468 4890 2565 4954 bis
2592 4891 2936 4954 comedisse
2966 4895 3223 4973 propter
3253 4890 3415 4955 duas
3458 4909 3561 4954 res
3585 4907 3748 4972 quas
3773 4906 3888 4953 co·

2334 4997 2525 5077 medi,
2571 4998 2671 5062 vel
2713 5003 2971 5080 propter
3009 4998 3544 5081 plurificationem
3585 5016 3672 5062 ex
3706 5001 3890 5079 parte

2334 5104 2643 5186 subjecti3
2697 5105 2807 5168 sed
2856 5109 3110 5188 propter
3164 5104 3757 5188 multiplicationem
3802 5121 3890 5168 ex

2332 5216 2510 5294 parte
2535 5212 2871 5295 temporis»,
2901 5213 3035 5277 sive
3071 5230 3394 5277 mensurae
3411 5261 3430 5294 ,
3458 5211 3611 5295 quia
3636 5211 3887 5276 comedi

2333 5319 2404 5383 in
2427 5319 2549 5384 alio
2571 5366 2590 5397 ,
2617 5324 2681 5384 et
2717 5320 2843 5383 alio
2887 5325 3192 5403 tempore.
3226 5319 3543 5397 Quoniam
3573 5336 3735 5400 ergo
3761 5335 3883 5399 ge-

2333 5428 2577 5493 neratio
2603 5429 2739 5495 sive
2767 5428 2994 5494 Christi
3018 5428 3319 5495 nativitas
3341 5433 3584 5493 aeterna
3608 5444 3883 5492 mensu-
