4185 6288
1264 484 1458 549 Dls'r.
1503 484 1773 550 XXVIII.
1822 485 2001 550 ART.
2040 485 2085 550 1.
2134 483 2435 564 QUAEST.
2482 488 2529 550 1.

842 684 1292 755 CONCLUSIO.

299 838 655 894 Irrationales
692 841 950 893 creatmoe
975 833 1081 893 novt
1123 842 1248 893 sunt
1281 837 1567 908 diliqendoe
1621 841 1842 911 proprie

373 943 440 983 ecc
475 926 743 982 charitate
778 927 1054 997 eliciente,
1093 943 1210 983 cum
1250 928 1380 983 talis
1416 929 1637 984 dilectio
1674 930 1842 984 solum

371 1017 672 1072 rationales
692 1019 948 1087 respiciat
971 1020 1271 1085 creaturas,
1303 1018 1428 1072 licet
1450 1019 1659 1089 possint
1684 1017 1844 1088 diliqi

371 1123 438 1163 a
463 1107 730 1162 charitate
754 1109 1072 1178 imperante.

387 1265 570 1348 Resp.
603 1265 683 1330 ad
711 1285 851 1347 arg.
885 1265 982 1330 Ad
1008 1265 1455 1348 praedictorum
1484 1266 1845 1349 intelligen-

304 1373 458 1437 tiam
487 1376 581 1437 est
609 1374 962 1438 notandum
981 1421 998 1449 ,
1027 1374 1201 1455 quod
1225 1392 1373 1438 cum
1401 1373 1630 1456 aliquis
1666 1379 1847 1440 actus

304 1481 540 1545 dicitur
562 1498 696 1544 esse
721 1499 802 1544 ex
831 1480 1050 1563 aliqua
1077 1480 1337 1560 virtute,
1368 1481 1489 1545 hoc
1516 1486 1719 1564 potest
1744 1484 1846 1547 in-

281 1588 509 1669 telligi
557 1587 899 1671 dupliciter
937 1611 952 1651 ε
999 1607 1131 1653 uno
1175 1589 1365 1653 modo
1408 1589 1571 1654 sicut
1617 1609 1656 1655 a
1704 1609 1845 1655 mo-

308 1700 495 1760 vente
524 1699 588 1760 et
610 1696 963 1777 imperante
991 1718 1007 1774 ;
1039 1696 1164 1760 alio
1194 1697 1382 1760 modo
1408 1696 1571 1760 sicut
1610 1697 1692 1760 ab
1733 1698 1848 1761 eli-

309 1804 509 1867 ciente
563 1808 626 1867 et
678 1803 1084 1867 informante.
1133 1802 1351 1867 Primo
1407 1805 1598 1868 modo
1647 1810 1853 1887 potest

309 1911 457 1987 dici,
496 1910 667 1992 quod
709 1910 928 1974 omnia
970 1928 1165 1992 opera
1207 1911 1531 1974 meritoria
1575 1917 1726 1975 sunt
1769 1930 1850 1976 ex

308 2016 644 2092 charitate,
675 2016 830 2097 quia
861 2015 1135 2085 charitas
1159 2016 1433 2098 imperat
1474 2036 1662 2081 omne
1689 2037 1852 2101 opus

309 2124 556 2187 honum
595 2146 611 2188 z
660 2124 823 2187 sicut
860 2142 942 2187 ex
980 2123 1284 2188 charitate
1331 2143 1586 2206 possum
1634 2127 1726 2191 ire
1771 2129 1850 2190 ad

311 2229 616 2295 Sanctum
664 2230 973 2294 iacobum
995 2279 1013 2309 ,
1061 2237 1125 2295 et
1166 2249 1250 2295 ex
1296 2231 1600 2296 charitate
1642 2233 1853 2298 levare

311 2338 619 2401 festucam
645 2338 723 2401 de
750 2341 940 2402 terra.
973 2336 1262 2402 Secundo
1306 2337 1495 2401 modo
1536 2342 1712 2402 actus
1748 2339 1853 2403 ille

315 2444 550 2508 dicitur
572 2463 708 2508 esse
730 2463 815 2509 ex
839 2444 1167 2522 charitate,
1199 2464 1393 2527 quem
1420 2446 1677 2510 habitus
1702 2447 1854 2511 cha-

315 2553 517 2615 ritatis
539 2552 792 2634 inspicit
815 2551 1163 2617 formaliter
1188 2557 1250 2616 et
1276 2552 1529 2633 directe,
1562 2555 1728 2618 sicut
1754 2555 1849 2618 di-

314 2653 520 2739 ligere
542 2657 744 2722 Deum
770 2662 832 2721 et
860 2659 1251 2740 proximum,
1284 2677 1478 2741 quem
1505 2678 1636 2723 non
1662 2661 1855 2726 habet

315 2764 532 2828 anima
562 2764 786 2829 elicere
832 2764 1149 2828 mediante
1191 2765 1317 2828 alio
1361 2764 1608 2845 habitu,
1656 2786 1852 2850 quam

316 2871 538 2935 habitu
565 2871 910 2935 charitatis.
945 2869 1311 2935 Secundum
1338 2872 1459 2935 hoc
1489 2874 1853 2956 intelligen-

316 2978 496 3055 dum,
516 2979 685 3061 quod
716 2979 957 3060 aliquid
984 2979 1161 3060 diligi
1190 2998 1273 3044 ex
1299 2981 1624 3061 charitate,
1650 2987 1855 3065 potest

318 3085 650 3168 dupliciter
679 3084 956 3168 intelllgi
986 3108 1002 3151 ε
1035 3105 1166 3152 uno
1198 3088 1388 3153 modo
1427 3107 1510 3153 ex
1551 3090 1855 3156 charitate

319 3193 668 3274 imperante
686 3240 703 3269 ,
734 3194 910 3257 etsie
949 3195 1204 3259 concedi
1247 3200 1448 3278 potest
1485 3199 1658 3280 quod
1687 3199 1854 3265 irra-

319 3299 583 3363 tionales
627 3305 936 3366 creaturae
964 3307 1112 3366 sunt
1141 3302 1484 3385 diligendae
1524 3323 1606 3370 ex
1645 3307 1857 3371 chari-

318 3411 444 3470 tate
474 3429 488 3469 :
523 3407 687 3471 sicut
725 3408 895 3472 enim
925 3409 1199 3473 charitas
1239 3411 1511 3495 imperat
1551 3418 1614 3477 et
1642 3420 1858 3481 movet

315 3514 394 3577 ad
440 3513 830 3594 faciendum,
858 3517 924 3578 et
948 3514 1285 3581 dicendum
1299 3566 1319 3596 ,
1353 3525 1416 3582 et
1464 3538 1850 3601 cognoscen-

317 3621 476 3685 dum
511 3621 730 3685 omnia
770 3640 916 3704 quae
955 3627 1238 3705 spectant
1266 3606 1347 3690 ad
1387 3628 1655 3692 salutem
1705 3649 1851 3695 nos-

317 3731 482 3791 tram
511 3733 576 3791 et
603 3727 856 3792 laudem
901 3730 1186 3794 divinam
1201 3779 1221 3810 ,
1251 3733 1342 3796 sic
1366 3720 1558 3798 etiam
1589 3736 1857 3819 imperat

318 3836 395 3899 ad
425 3836 791 3901 amandum.
824 3836 1001 3903 Unde
1028 3839 1181 3920 quia
1208 3840 1430 3905 multae
1460 3836 1854 3909 irrationales

317 3947 625 4007 creaturae
665 3943 829 4008 datae
856 3952 1010 4009 sunt
1046 3947 1233 4009 nobis
1260 3948 1328 4011 in
1356 3949 1748 4031 adjutorium
1776 3954 1855 4017 ad

317 4051 746 4115 exercendum
772 4070 964 4135 opera
997 4054 1340 4134 meritoria,
1372 4057 1678 4123 ordinatae
1707 4066 1855 4125 sunt

316 4158 507 4220 etiam
553 4157 630 4221 ad
658 4158 1050 4225 laudandum
1092 4160 1315 4226 Deum.
1346 4162 1508 4227 Hinc
1553 4170 1647 4229 est
1684 4169 1856 4249 quod

316 4263 612 4344 charitas,
644 4283 792 4347 quae
833 4270 930 4330 est
974 4269 1249 4331 amatrix
1293 4269 1404 4333 Dei
1445 4275 1508 4335 et
1551 4275 1851 4355 proximi,

317 4370 587 4451 imperat
616 4371 773 4436 tales
798 4377 1120 4438 creaturas
1148 4375 1352 4457 diligi.
1381 4377 1522 4442 Alio
1552 4382 1741 4445 modo
1767 4383 1856 4447 di-

318 4478 486 4542 citur
527 4478 766 4561 aliquid
791 4480 978 4561 diligi
1007 4498 1090 4545 ex
1116 4481 1417 4547 charitate
1463 4486 1748 4553 eliciente
1794 4495 1856 4554 et

319 4585 739 4665 informante3
800 4592 862 4652 et
912 4589 1003 4652 sic
1056 4588 1353 4669 diligitur
1408 4611 1491 4656 ex
1552 4594 1856 4661 charitate

320 4693 501 4772 illud,
533 4694 600 4756 in
627 4695 797 4777 quod
822 4699 918 4758 est
956 4695 1236 4760 formalis
1261 4703 1325 4761 et
1351 4702 1648 4783 proprius
1678 4710 1858 4769 actus

319 4800 522 4883 ipsius
566 4801 888 4864 charitatis
930 4819 947 4866 ε
990 4802 1120 4866 tale
1162 4807 1380 4869 autem
1427 4825 1554 4871 non
1595 4815 1688 4873 est
1732 4811 1855 4874 nisi

316 4907 472 4971 illud
532 4907 704 4990 quod
751 4911 848 4973 est
877 4922 1224 4975 ‘summum
1276 4912 1521 4977 bonum
1545 4963 1562 4992 ,
1595 4916 1698 4980 vel
1752 4919 1857 4982 cui

316 5033 646 5079 summum
696 5015 938 5081 bonum
985 5022 1211 5082 natum
1260 5024 1355 5083 est
1403 5021 1620 5105 aliquo
1666 5026 1856 5091 modo

316 5124 488 5187 uniri
516 5142 630 5207 per
654 5125 1084 5206 cognitionem
1109 5131 1172 5190 et
1195 5145 1502 5193 amorem.
1535 5130 1680 5195 Ideo
1706 5152 1856 5199 cum

317 5234 627 5299 creaturae
652 5231 1048 5296 irrationales
1070 5251 1203 5298 non
1229 5234 1357 5300 sint
1380 5236 1503 5301 hoc
1529 5238 1719 5303 modo
1743 5240 1856 5305 Dei

318 5357 597 5421 capaces.‚
641 5339 794 5421 quia
832 5356 963 5402 non
1005 5345 1157 5406 sunt
1201 5342 1282 5407 ad
1318 5344 1430 5408 Dei
1474 5346 1852 5427 imaginem,

319 5465 434 5530 per
460 5447 832 5512 charitatem
858 5464 987 5511 non
1017 5453 1221 5530 potest
1245 5450 1338 5515 eis
1363 5454 1646 5535 exoptati
1674 5472 1857 5519 sum·

3370 492 3479 554 631

1950 638 2132 686 mum
2161 622 2404 685 bonum
2436 641 2453 685 τ
2484 626 2548 685 et
2591 622 2733 686 ideo
2766 623 3038 686 charitas
3077 642 3209 686 non
3234 624 3492 687 descen-

1950 727 2042 791 dit
2082 729 2162 793 ad
2193 729 2302 792 illa
2329 729 2654 811 diligenda
2679 732 3031 795 secundum
3056 750 3250 795 suum
3277 735 3491 795 actum

1953 837 2286 919 proprium
2313 842 2375 901 et
2401 836 2733 901 formalem
2765 861 2780 901 ι
2815 843 2876 901 et
2900 857 3015 921 per
3040 839 3161 901 hoc
3186 839 3335 901 talia
3363 857 3493 902 non

1953 942 2313 1024 diliguntur
2358 962 2441 1008 ex
2492 944 2795 1008 charitate
2848 945 3151 1008 eliciente.
3198 944 3275 1008 Et
3318 944 3372 1007 si
3423 950 3494 1008 tu

1953 1068 2230 1132 quaeraS,
2263 1068 2409 1132 quae
2437 1050 2643 1114 virtus
2681 1051 2884 1113 eliciat
2920 1051 3103 1115 illum
3143 1055 3355 1114 actum
3402 1051 3496 1115 di-

1955 1155 2262 1235 lectioniS‚
2292 1174 2420 1239 quo
2443 1156 2586 1239 quis
2611 1157 2822 1237 diligit
2854 1162 3176 1221 creaturas
3200 1158 3269 1220 in
3297 1175 3496 1238 quan—

1957 1267 2098 1326 tum
2125 1268 2274 1327 sunt
2300 1283 2339 1327 a
2358 1264 2484 1327 Deo
2510 1267 2574 1326 et
2598 1264 2679 1327 ad
2704 1263 2928 1343 Deum,
2955 1264 3295 1328 dicendum
3322 1262 3495 1345 quod

1955 1370 2098 1435 haec
2123 1375 2218 1434 est
2245 1372 2574 1452 cujusdam
2615 1371 2863 1453 pietatis
2904 1376 2968 1435 et
3001 1371 3349 1435 affectionis
3381 1390 3494 1433 na-

1957 1478 2199 1542 turalis,
2232 1479 2407 1543 Sicut
2432 1479 2603 1542 enim
2635 1479 2832 1542 homo
2859 1477 3068 1560 diligit
3094 1496 3315 1541 canem
3345 1496 3502 1562 qua·

1957 1586 2106 1650 dam
2149 1587 2377 1668 pietate
2424 1586 2720 1665 naturali,
2776 1586 2931 1671 quia
2974 1586 3146 1650 videt
3190 1605 3341 1675 eum
3382 1587 3501 1650 sibi

1958 1693 2381 1773 obedientem,
2422 1695 2511 1758 sic
2557 1699 2620 1759 et
2659 1700 2917 1759 caeteras
2956 1694 3111 1759 alias
3155 1696 3406 1771 hestiaS,
3439 1701 3503 1760 et

1960 1801 2355 1867 irrationales
2416 1807 2735 1866 creaturas
2781 1803 3151 1867 naturaliter
3208 1821 3290 1867 ex
3334 1822 3502 1885 qua-

1960 1909 2107 1972 dam
2136 1910 2369 1991 pietate
2397 1909 2613 1973 innata
2638 1909 2849 1990 diligit
2876 1913 2938 1972 et
2966 1910 3159 1989 fovet,
3191 1911 3353 1974 sicut
3379 1929 3502 1974 na—

1961 2020 2065 2080 tus
2090 2022 2226 2080 erat
2252 2018 2465 2081 fovere
2492 2021 2556 2080 et
2589 2017 2887 2096 diligere,
2919 2021 3233 2099 quantum
3259 2020 3396 2082 erat
3421 2036 3502 2082 ex

1964 2127 2172 2207 prima
2238 2125 2614 2189 conditione.
2676 2124 2854 2188 Unde
2905 2126 3259 2189 secundum
3331 2125 3504 2208 quod

1962 2233 2159 2296 homo
2192 2233 2339 2314 plus
2379 2233 2761 2296 reformatur
2788 2237 2851 2295 et
2894 2232 3219 2296 reducitur
3262 2234 3340 2296 ad
3382 2238 3504 2297 sta-

1963 2344 2105 2404 tum
2141 2339 2552 2417 innocentiae,
2598 2339 2950 2403 secundum
2982 2340 3103 2402 hoc
3129 2339 3342 2419 magis
3384 2340 3503 2403 sibi

1965 2451 2421 2511 mansuescunt
2467 2446 2841 2528 hujusmodi
2879 2450 3209 2526 creaturas,
3263 2451 3325 2511 et
3368 2447 3503 2529 ipse

1962 2554 2130 2617 circa
2172 2572 2278 2617 eas
2322 2552 2550 2634 majori
2580 2554 2807 2635 pietate
2836 2557 3152 2616 movetur.
3205 2552 3382 2616 Sicut
3426 2554 3502 2617 de

1963 2661 2146 2724 beato
2185 2660 2516 2723 Francisco
2549 2657 2827 2740 legitur,
2860 2658 3033 2741 quod
3070 2678 3230 2741 erga
3272 2660 3500 2741 hujus·
3568 2688 3709 2731 sancta
3738 2749 3747 2757 .

3572 2750 3749 2792 ranciscn

3605 2813 3711 2855 ictas

1961 2876 2239 2954 fluebat,
2281 2875 2434 2957 quia
2471 2877 2612 2956 ‚iam
2653 2873 2930 2956 quodam
2976 2873 3165 2937 modo
3211 2873 3507 2938 innocen·
3574 2826 3711 2918 enin·

1963 2768 2139 2831 modi
2165 2770 2484 2831 creaturas
2511 2766 2674 2828 mira
2701 2765 2947 2847 pietatis
2971 2766 3392 2830 teneritudine
3418 2768 3506 2829 af-
3533 2749 3567 2792 F

1964 2983 2120 3047 tiam
2172 2982 2679 3064 recuperaverat.
2732 2979 2804 3043 In
2862 2982 2964 3062 cuj
2975 2999 3051 3043 us
3099 2981 3191 3043 rei
3241 2980 3506 3061 signum

1964 3095 2271 3156 creaturae
2298 3087 2691 3155 irrationales
2719 3088 2923 3152 eidem
2957 3088 3500 3171 obtemperabant.

1965 3200 2041 3265 Et
2069 3198 2420 3263 secundnm
2447 3198 2614 3261 hanc
2652 3196 3114 3261 distinctionem
3157 3200 3329 3279 patet
3372 3214 3511 3260 res-

1965 3306 2186 3390 ponsio
2214 3306 2294 3369 ad
2322 3303 2768 3387 quaestionem,
2792 3303 2945 3385 quia
2972 3322 3102 3367 uno
3132 3304 3316 3368 modo
3345 3296 3512 3367 crea-

1962 3418 2131 3478 turae
2160 3412 2557 3476 irrationales
2593 3415 2746 3475 sunt
2780 3429 2862 3474 ex
2898 3410 3203 3475 charitate
3247 3411 3513 3492 diligen·

1963 3522 2085 3600 dae,
2129 3520 2420 3585 videlieet
2463 3538 2545 3583 ex
2588 3518 2892 3583 charitate
2938 3520 3330 3601 imperante;
3385 3517 3512 3584 alio

1964 3647 2120 3694 vero
2166 3627 2355 3692 modo
2401 3645 2555 3706 non,
2596 3606 2893 3690 videlicet
2930 3644 3012 3690 ex
3056 3626 3360 3690 charitate
3404 3626 3512 3690 eli-

1964 3737 2188 3799 ciente.
2223 3733 2589 3798 Secundum
2615 3733 2739 3797 hoc
2767 3733 2959 3797 etiam
2989 3737 3158 3815 patet
3185 3734 3510 3815 responsio

1963 3844 2042 3909 ad
2068 3844 2316 3925 objecta
2342 3842 2422 3905 ad
2453 3845 2791 3923 utramque
2820 3844 3090 3923 partem,
3119 3840 3271 3921 quia
3299 3857 3512 3922 proce-

1963 3952 2127 4015 dunt
2152 3949 2505 4013 secundum
2534 3928 2810 4012 diversas
2838 3948 3012 4025 vias,
3044 3945 3209 4010 sicut
3235 3948 3511 4010 intuenti

1962 4060 2242 4140 apparet.
2271 4055 2382 4118 Est
2408 4058 2471 4118 et
2494 4053 2660 4117 alius
2687 4054 2792 4117 hic
2817 4053 3046 4116 modus
3072 4053 3317 4117 dicendi
3347 4069 3508 4135 prae·

1962 4165 2128 4229 dicto
2169 4164 2357 4227 modo
2395 4180 2527 4226 non
2553 4160 2911 4224 contrarius
2929 4208 2945 4238 ,
2977 4160 3083 4223 sed
3112 4161 3322 4242 potius
3349 4178 3508 4224 eon-

1962 4290 2159 4337 sonus
2181 4320 2197 4350 ,
2231 4269 2402 4354 quod
2439 4269 2679 4351 aliquid
2723 4267 2907 4348 diligi
2945 4286 3027 4331 ex
3058 4268 3361 4331 charitate
3390 4286 3503 4350 po·

1962 4384 2084 4444 test
2129 4397 2262 4442 esse
2304 4376 2635 4459 tripliciter
2678 4393 2693 4435 ε
2732 4374 2836 4439 vel
2882 4375 2971 4437 ita
3018 4374 3186 4456 quod
3236 4374 3509 4437 charitas

1962 4487 2150 4551 faciat
2179 4485 2344 4548 circa
2371 4484 2582 4565 ipsum
2610 4482 2909 4546 dilectum
2947 4499 3184 4563 ponere
3221 4480 3503 4545 affectio·

1963 4613 2113 4659 nem
2144 4595 2206 4656 et
2230 4592 2450 4669 finem,
2477 4593 2542 4653 et
2561 4590 2649 4652 sic
2678 4589 2887 4652 solum
2915 4589 3082 4652 Deus
3110 4587 3405 4668 diligitur
3424 4606 3507 4652 ex

1962 4704 2302 4777 charitate3
2334 4699 2458 4763 alio
2500 4698 2691 4762 modo
2730 4697 2820 4760 ita
2845 4696 3016 4779 quod
3044 4694 3315 4759 charitas
3342 4695 3508 4759 circa

1962 4812 2263 4878 dilectum
2300 4808 2516 4891 ipsum
2556 4806 2741 4869 faciat
2789 4822 3023 4887 ponere
3068 4802 3502 4880 affectionem,

1962 4938 2095 4984 non
2125 4923 2340 4982 tamen
2373 4916 2571 4979 finem
2590 4963 2608 4994 ,
2639 4917 2702 4977 et
2727 4912 2817 4976 sic
2839 4912 3131 4992 diligitur
3170 4909 3504 4992 proximus

1962 5046 2043 5093 ex
2086 5026 2411 5102 charitate,
2452 5022 2604 5105 quia
2649 5022 2815 5084 circa
2860 5019 3229 5101 proximum
3270 5015 3504 5081 affectu

1963 5132 2282 5198 charitatis
2309 5131 2580 5194 afficitur
2607 5126 2884 5210 optando
2928 5124 2988 5187 ei
3023 5141 3351 5188 summum
3382 5122 3505 5187 bo-

1962 5260 2147 5320 num,
2169 5258 2298 5305 non
2326 5241 2583 5322 propter
2604 5236 2840 5318 ipsum,
2863 5233 2971 5297 sed
2995 5238 3249 5314 propter
3274 5230 3501 5297 Deum.

1964 5348 2174 5417 Tertio
2203 5347 2391 5411 modo
2427 5345 2658 5410 dicitur
2698 5342 2936 5426 aliquid
2964 5360 3046 5405 ex
3072 5339 3373 5404 charitate
3403 5340 3501 5403 di-

1962 5453 2116 5536 ligi,
2145 5452 2233 5516 ita
2260 5449 2434 5533 quod
2470 5448 2745 5514 charitas
2783 5447 2951 5510 circa
2979 5443 3141 5511 illud
3166 5460 3299 5509 non
3328 5444 3504 5528 ponit
