4185 6288
721 588 999 656 eandum
1025 591 1197 675 quod
1224 608 1354 657 non
1387 595 1483 655 est
1511 589 1715 655 simile
1732 640 1750 671 ,
1781 590 1936 673 quia
1971 589 2274 673 quamvis

721 697 940 761 anima
960 715 1076 779 per
1101 697 1376 779 gratiam
1403 695 1667 762 uniatur
1691 698 1786 761 rei
1814 696 2118 778 digniori,
2158 695 2272 759 sci·

721 804 867 871 licet
892 804 1039 885 Dec,
1062 823 1193 869 non
1215 809 1430 869 tamen
1455 804 1680 869 unitur
1708 804 1946 868 unione
1964 803 2268 882 naturali,

720 913 830 977 sed
856 914 1066 994 magis
1092 912 1450 978 voluntaria
1482 935 1496 976 :
1530 913 1747 977 necin
1783 911 2099 975 unitatem
2144 909 2269 992 hy-

721 1019 984 1102 postasis
1012 1020 1259 1098 unitur,
1280 1020 1483 1085 sedin
1511 1018 2020 1084 conformitatem
2042 1018 2273 1084 volun-

720 1126 910 1191 tatis:
940 1129 1005 1191 et
1039 1126 1179 1191 ideo
1212 1146 1345 1192 non
1381 1130 1477 1192 est
1501 1144 1755 1191 necesse
1800 1126 2014 1208 ipsum
2063 1123 2272 1189 Deum

720 1252 857 1299 esse
884 1235 1079 1299 unius
1104 1253 1392 1318 personae
1421 1253 1572 1300 cum
1598 1235 1818 1299 anima
1855 1251 2054 1315 quam
2080 1232 2273 1297 inha-

719 1340 902 1422 hitat,
940 1342 1051 1407 sed
1076 1342 1419 1407 conformis
1446 1340 1795 1407 voluntatis
1824 1361 1841 1404 t
1876 1357 2006 1403 non
2034 1338 2124 1402 sic
2150 1357 2272 1405 au-

718 1451 850 1512 tem
884 1453 981 1514 est
1024 1450 1091 1514 in
1131 1450 1411 1528 Christo,
1440 1450 1509 1512 in
1555 1467 1687 1531 quo
1717 1446 2067 1530 personalis
2110 1446 2271 1511 unio

717 1560 834 1622 est.
1348 1568 1351 1573 ’

799 1668 859 1729 4.
894 1663 988 1728 Ad
1017 1663 1177 1730 illud
1200 1665 1370 1748 quod
1399 1665 1702 1748 objicitur
1721 1711 1740 1744 ,
1771 1663 1944 1747 quod
1972 1661 2273 1745 quamvis

719 1772 949 1835 natura
1010 1770 1230 1835 divina
1282 1771 1366 1835 sit
1412 1770 1597 1835 unita
1647 1769 1957 1834 humanae
1978 1817 1996 1847 ‚
2050 1773 2271 1833 tamen

720 1875 1005 1943 Christus
1031 1883 1125 1943 est
1162 1897 1432 1962 persona
1466 1879 1823 1945 secundum
1863 1877 2036 1960 quod
2081 1875 2265 1955 Deus,

718 1983 1057 2049 dicendum
1099 1987 1270 2069 quod
1313 2005 1446 2051 non
1491 1989 1587 2051 est
1630 1985 1860 2063 simile,
1908 1982 2147 2066 duplici
2185 2000 2270 2047 ex

718 2106 909 2155 causa
957 2111 974 2156 z
1017 2104 1287 2175 persona
1323 2092 1585 2176 quidem
1635 2092 1764 2156 duo
1808 2090 1983 2170 dicit,
2036 2089 2270 2154 scilicet

718 2201 1109 2285 hypostasim
1128 2254 1145 2285 ,
1187 2204 1257 2269 in
1307 2224 1437 2288 qua
1479 2207 1577 2269 e&
1614 2201 2023 2267 subsistentia
2071 2200 2268 2265 totius

716 2326 854 2374 esse
915 2311 1052 2391 rei,
1112 2317 1175 2377 et
1226 2312 1676 2395 proprietatem
1732 2308 2268 2391 supereminentis

714 2417 1048 2499 dignitatis
1077 2442 1093 2483 z
1124 2422 1188 2483 et
1222 2419 1291 2482 in
1319 2418 1425 2482 illa
1450 2435 1607 2482 vera
1638 2416 1878 2480 unione
1912 2418 2267 2496 utrumque

717 2525 955 2590 horum
988 2526 1306 2609 reperitur
1342 2526 1412 2590 in
1441 2522 1685 2588 Christo
1711 2522 2065 2587 secundum
2097 2520 2268 2603 quod

716 2632 904 2698 Deus,
934 2633 1096 2699 Nam
1125 2633 1480 2718 hypostasis
1504 2632 1727 2697 divina
1752 2633 1850 2694 est
1874 2629 2014 2707 illa,
2045 2629 2112 2693 in
2140 2646 2270 2710 qua

716 2741 1257 2807 substantificatur
1283 2741 1350 2805 in
1373 2737 1701 2823 hypostasi
1728 2736 1989 2801 alterius
2016 2740 2267 2800 naturae

715 2853 921 2915 totum
970 2868 1107 2914 esse
1145 2848 1397 2929 Christi,
1443 2865 1576 2911 non
1607 2847 1941 2910 humana:
1975 2842 2268 2926 proprie-

715 2940 812 3022 tas
838 2957 1032 3022 etiam
1057 2955 1387 3039 dignitatis
1412 2956 1577 3019 inest
1600 2952 1693 3016 illi
1713 2950 2072 3016 secundum
2091 2950 2268 3014 illam

716 3072 1012 3129 naturam
1026 3112 1044 3144 ‚
1091 3079 1241 3147 quae
1292 3078 1421 3126 non
1466 3064 1670 3143 potest
1716 3058 1889 3123 uniri
1934 3056 2215 3158 digniori
2247 3078 2263 3121 t

719 3176 1066 3253 utrumque
1119 3174 1335 3235 autem
1397 3169 1638 3233 horum
1700 3165 1910 3229 deficit
1959 3163 2268 3229 humanae

717 3283 970 3343 naturae
981 3326 1002 3357 ,
1050 3278 1356 3361 quoniam
1407 3277 1545 3359 ipsa
1611 3269 2155 3337 substantificatur
2199 3271 2267 3333 in

718 3386 1044 3469 hypostasi
1109 3385 1368 3450 alterius
1432 3388 1681 3447 naturae
1706 3427 1723 3459 ‚
1785 3382 2040 3461 propter
2094 3379 2267 3460 quod

718 3494 997 3577 quodam
1035 3492 1224 3558 modo
1260 3492 1491 3557 dicitur
1532 3504 1804 3569 vergere
1841 3486 1912 3550 in
1954 3484 2262 3549 accidens.

719 3601 953 3666 Unitur
991 3602 1185 3665 etiam
1226 3597 1507 3681 digniori
1542 3599 1792 3672 naturae
1831 3615 1848 3656 ι
1890 3594 1951 3657 et
1992 3592 2135 3655 ideo
2179 3609 2263 3655 ex

717 3708 856 3791 ipsa
879 3709 979 3772 sui
1004 3710 1242 3774 unione
1271 3712 1336 3771 et
1359 3704 1688 3771 nobilitate
1715 3706 1885 3767 caret
1901 3704 1965 3765 et
1988 3699 2268 3782 proprie-

716 3820 847 3883 tate
889 3833 1176 3898 personae
1225 3833 1341 3899 per
1384 3832 1474 3893 se,
1520 3811 1820 3896 quamvis
1859 3826 1992 3872 non
2030 3811 2263 3886 careat,

717 3923 852 3988 imo
883 3923 1113 3988 haheat
1144 3924 1214 3987 in
1241 3924 1624 3987 assumente.

799 4035 859 4096 ὅ.
892 4031 989 4096 Ad
1033 4031 1191 4096 illud
1218 4031 1389 4114 quod
1416 4026 1748 4111 objicitur,
1776 4022 1973 4106 quod,
2006 4020 2059 4083 si
2104 4019 2261 4084 Ver-

716 4138 873 4204 bum
922 4138 1265 4203 dimitteret
1305 4137 1662 4200 humanam
1706 4135 2003 4196 naturam
2022 4173 2043 4204 ,
2089 4126 2264 4209 quod

711 4245 745 4311 J
747 4263 896 4310 esus
930 4245 1284 4310 secundum
1322 4241 1496 4325 quod
1532 4240 1728 4304 homo
1773 4240 1936 4300 esset
1965 4252 2259 4317 persona,

711 4353 1050 4419 dicendum
1092 4351 1262 4435 quod
1310 4366 1542 4416 verum
1586 4350 1681 4410 est
1697 4395 1718 4425 ,
1762 4345 1916 4427 quia
1957 4346 2117 4407 tunc
2154 4343 2263 4407 illa

710 4464 944 4526 natura
988 4461 1253 4525 haberet
1304 4457 1505 4522 alium
1561 4453 1827 4526 modum
1877 4448 2187 4514 existendi
2240 4471 2255 4513 ε

706 4585 840 4634 non
866 4567 1040 4633 enim
1065 4570 1227 4631 esset
1253 4565 1435 4630 unita
1456 4561 1564 4628 alii
1588 4558 1890 4642 digniori,
1918 4575 2039 4621 nec
2065 4555 2260 4620 habe·

705 4679 803 4739 ret
847 4673 1249 4757 suppositum
1282 4670 1543 4736 alterius
1587 4670 1877 4742 naturae3
1915 4680 2089 4726 nunc
2132 4681 2259 4726 au-

703 4787 836 4845 tem
863 4785 959 4845 est
985 4798 1021 4844 e
1047 4778 1366 4843 contrario
1398 4797 1415 4839 2
1445 4779 1509 4841 et
1536 4775 1678 4838 ideo
1708 4772 1777 4835 in
1804 4769 1915 4834 illo
1956 4785 2257 4851 processu

705 4886 886 4952 nulla
908 4890 1004 4951 oet
1028 4884 1367 4951 necessitas
1392 4879 1707 4948 inferendi
1723 4926 1742 4959 ,
1771 4876 1928 4959 quia
1959 4892 2091 4938 non
2119 4892 2251 4939 ser-

704 4999 897 5058 vatur
923 4992 1365 5059 convenientia
1387 4984 1839 5054 similitudinis.
1869 4981 1943 5046 Et
1964 4981 2018 5044 si
2046 4984 2117 5045 tu
2145 4981 2253 5046 ob-

695 5100 882 5182 jicias
917 5100 1091 5183 quod
1118 5099 1298 5165 nulla
1335 5096 1617 5179 dignitas
1650 5094 2001 5168 accrescat,
2030 5088 2252 5153 dicen-

765 5226 785 5260 ¹
813 5224 895 5287 Cf.
923 5225 1071 5276 Alex.
1101 5222 1333 5288 Alensis,
1359 5236 1414 5287 p.
1443 5220 1537 5280 nt.
1561 5234 1613 5284 q.
1644 5229 1728 5278 vi,
1755 5214 1949 5267 memb.
1980 5216 2028 5277 2,
2056 5216 2158 5265 art.
2185 5216 2214 5265 3
2230 5228 2248 5278 5

1837 452 2463 522 SENTENTIARUM
2503 454 2652 521 mn.
2699 454 2830 522 111..
2865 450 2874 457 ’

2383 589 2541 655 dum
2584 594 2757 675 quod
2801 593 2911 659 ille
2941 595 3169 675 homo,
3212 614 3363 662 cnm
3393 596 3476 660 sit
3518 612 3789 680 persona
3829 614 3926 661 se-

2383 698 2666 763 cundum
2706 701 2880 783 quod
2926 701 3153 782 home,
3200 702 3325 767 hoc
3367 721 3500 768 non
3540 707 3635 767 est
3675 708 3927 786 propter

2383 805 2442 868 di
2450 805 2716 887 gnitatis
2756 812 3156 875 crementum
3178 858 3196 888 ‚
3225 811 3334 874 sed
3366 814 3623 893 propter
3651 810 3922 875 minora·

2381 912 2622 977 tionem
2667 933 2749 979 ex
2798 915 2905 980 illa
2943 917 3340 1000 separatione
3376 940 3391 981 ε
3422 917 3578 999 quia
3619 921 3773 980 tunc
3814 935 3922 980 na-

2382 1024 2527 1085 tura
2553 1021 2663 1087 illa
2694 1023 2874 1104 prius
2899 1024 3162 1088 haberet
3192 1042 3310 1107 pro
3355 1024 3679 1107 supposito
3712 1042 3925 1107 perso-

2380 1143 2534 1190 nam
2569 1132 2912 1209 aeternam3
2960 1149 3137 1195 nuuc
3165 1134 3383 1197 autem
3419 1136 3560 1215 post
3584 1131 3923 1214 separatio-

2381 1252 2534 1298 nem
2578 1235 2842 1302 haberet
2880 1256 3219 1321 personam
3257 1238 3695 1320 temporalem.
3734 1236 3925 1303 Multo

2381 1345 2597 1406 autem
2645 1342 2911 1424 dignius
2957 1347 3051 1408 est
3095 1345 3331 1408 hahere
3381 1361 3717 1428 personam
3756 1350 3928 1410 aeter-

2381 1466 2536 1512 nam
2564 1448 2827 1515 alterius
2855 1456 3130 1531 naturae,
3173 1470 3370 1535 quam
3399 1470 3737 1535 personam
3765 1457 3927 1517 tem·
4051 1537 4061 1548 ·

2380 1555 2665 1638 poralem
2682 1604 2698 1634 ‚
2745 1558 2881 1623 sive
2918 1559 3183 1624 omnino
3226 1558 3730 1624 connaturalem.
3772 1558 3928 1625 Nam

2379 1663 2592 1745 primo
2642 1665 2831 1730 modo
2874 1684 3147 1748 peoeona
3197 1666 3463 1732 faciebat
3516 1667 3730 1750 ipsum
3784 1684 3927 1732 vere

2378 1769 2502 1833 dici
2529 1773 2593 1835 et
2618 1789 2754 1835 esse
2781 1770 3020 1850 Deum3
3068 1772 3350 1837 secundo
3383 1773 3572 1837 modo
3602 1774 3928 1839 hominem

2376 1893 2639 1959 purum.

2905 2099 3267 2178 QUAESTIO
3308 2100 3415 2165 ΙΙΙ.

2376 2276 2469 2333 An
2495 2276 2601 2332 Ιιωο
2625 2279 2701 2333 sit
2726 2292 2857 2333 vera
2875 2293 2898 2333 .·
2932 2299 2960 2328 «
2990 2278 3250 2351 Christus,
3276 2280 3560 2336 secundum
3587 2280 3731 2353 quod
3758 2283 3926 2354 homo,

2847 2373 2924 2424 est
2950 2368 3295 2425 individuum
3323 2373 3363 2426 ¹.
3393 2390 3421 2422 ι)

2459 2523 2686 2588 Utrum
2707 2524 2828 2589 ista
2854 2525 2935 2589 sit
2961 2544 3115 2590 vera
3137 2549 3151 2590 :
3189 2550 3219 2587 α
3238 2527 3543 2605 christus,
3573 2529 3924 2594 secundum
3956 2542 4017 2587 Ad
4046 2555 4129 2598 ουν·

2375 2631 2546 2713 quod
2578 2631 2797 2711 homo,
2826 2637 2921 2696 est
2945 2633 3353 2699 individuum
3376 2656 3393 2714 ;
3416 2660 3447 2695 ι)
3485 2639 3550 2700 et
3577 2638 3752 2719 quod
3778 2655 3928 2702 vera

2375 2738 2477 2816 sit,
2509 2739 2762 2804 videtur
2794 2762 2809 2804 :
2843 2740 3126 2805 Christus
3167 2747 3261 2805 est
3299 2742 3537 2825 aliquid
3576 2745 3928 2809 secundum

2375 2846 2547 2928 quod
2575 2845 2793 2926 homo,
2824 2847 2988 2912 sicut
3020 2848 3313 2913 habitum
3341 2856 3435 2913 est
3464 2851 3534 2913 in
3561 2852 3926 2934 praeoeden-

2375 2951 2548 3016 tibus
2588 2974 2603 3016 t
2638 2956 2750 3016 aut
2791 2971 2951 3035 ergo
2987 2953 3141 3037 quid
3182 2956 3546 3020 universale
3565 3006 3583 3037 ,
3618 2963 3737 3022 aut
3778 2956 3927 3040 quid

2374 3059 2722 3140 singulare.
2752 3060 2872 3126 Sed
2899 3080 3033 3126 non
3058 3063 3454 3144 universale,
3483 3065 3637 3148 quia
3666 3064 3926 3129 Damas-

2375 3170 2611 3232 cenus¹
2638 3169 2789 3233 dicit
2827 3171 2999 3252 quod
3038 3170 3239 3235 Filius
3280 3170 3388 3236 Dei
3428 3174 3772 3256 assumpsit
3814 3173 3931 3236 hu-

2376 3291 2635 3337 manam
2667 3279 2964 3340 naturam
3005 3277 3076 3341 in
3118 3282 3333 3343 atomo
3350 3326 3367 3359 ,
3398 3280 3520 3343 hoc
3557 3283 3651 3343 est
3680 3280 3750 3344 in
3796 3279 3925 3344 sin-

2374 3380 2586 3461 gulari
2619 3403 2633 3445 :
2663 3388 2727 3446 et
2752 3381 2873 3446 hoc
2897 3388 2992 3448 est
3016 3384 3424 3450 individuum
3460 3406 3476 3451 ε
3509 3405 3670 3469 ergo
3700 3394 3820 3452 etc.

2456 3487 2614 3551 Item
2644 3487 2955 3570 Christus,
2994 3491 3344 3555 secundum
3381 3492 3552 3573 quod
3580 3493 3783 3560 homo
3816 3495 3924 3576 (a),

2372 3594 2563 3659 hahet
2632 3585 3083 3678 proprietateS,
3142 3615 3421 3681 quarum
3490 3599 3925 3665 collectionem

2333 3775 2338 3779 ,
2371 3701 2755 3784 impossihile
2802 3705 2897 3766 est
2935 3704 3004 3767 in
3047 3704 3172 3769 alio
3209 3706 3475 3789 reperiri
3506 3725 3522 3770 ε
3556 3705 3680 3771 hoc
3707 3714 3923 3773 autem

2370 3812 2468 3870 est
2491 3825 2628 3871 esse
2657 3807 3068 3873 individuum
3084 3860 3102 3889 ‚
3131 3811 3297 3875 siout
3325 3818 3495 3895 patet
3529 3814 3601 3877 in
3626 3816 3919 3880 notifica-

2371 3914 2544 4003 tione
2600 3915 2954 3996 individui,
3002 3937 3196 4001 quam
3254 3919 3362 3984 dat
3415 3919 3813 4005 Porphyrius
3835 3924 3857 3959 ⁸
3901 3943 3918 3986 ε

2380 4046 2411 4082 α
2439 4021 2849 4090 lndividuum
2872 4027 3165 4109 estquod
3192 4031 3435 4092 constat
3460 4043 3538 4094 ex
3567 4033 3925 4115 proprieta—

2372 4130 2561 4210 tibus,
2600 4149 2878 4213 quarum
2917 4132 3352 4199 collectionem
3391 4137 3788 4220 impossihile
3829 4143 3926 4203 est

2369 4234 2438 4298 in
2458 4235 2584 4300 alio
2612 4238 2910 4320 reperire.
2942 4263 2972 4298 ι)
3010 4238 3135 4305 Sed
3170 4240 3292 4305 hoc
3317 4244 3616 4308 convenit
3645 4244 3919 4323 Chr-ism,

2367 4344 2719 4408 secundum
2747 4346 2919 4429 quod
2947 4347 3144 4412 homo
3175 4371 3189 4411 :
3223 4367 3405 4430 ergo,
3436 4354 3554 4415 etc.

2448 4448 2606 4513 Item
2671 4450 2994 4530 Christus,
3049 4455 3402 4520 secundum
3467 4458 3643 4539 quod
3689 4457 3915 4538 homo,

2366 4557 2750 4639 praedicatur
2791 4559 2870 4625 de
2918 4580 3052 4627 uno
3089 4563 3224 4628 solo
3272 4586 3287 4626 :
3334 4564 3443 4629 sed
3483 4565 3818 4648 singulare
3856 4571 3921 4631 et

2365 4661 2771 4729 individuum
2803 4671 2900 4731 est
2925 4668 3106 4746 illud,
3136 4671 3306 4753 quod
3334 4671 3413 4736 de
3434 4690 3566 4736 uno
3592 4674 3735 4739 solo
3763 4691 3923 4758 prae-

2363 4765 2611 4833 dicatur
2659 4791 2674 4833 2
2729 4789 2889 4853 ergo
2947 4773 3234 4839 Christus
3251 4825 3267 4852 ,
3329 4777 3683 4843 secundum
3750 4778 3922 4864 quod

2363 4877 2581 4958 hom0,
2610 4885 2704 4945 est
2732 4882 3162 4951 individuum.

2444 4983 2604 5055 Item
2630 4988 2772 5054 haec
2798 4996 2894 5056 est
2919 5010 3110 5057 vera:
3142 5017 3174 5055 α
3200 4994 3486 5062 Christus
3507 5004 3604 5063 est
3635 4998 3860 5064 homo.
3880 5019 3912 5057 n

2360 5090 2491 5154 Aut
2535 5111 2692 5176 ergo
2735 5097 2824 5160 ibi
2868 5099 3250 5182 praedicatur
3276 5103 3659 5171 accidentale
3688 5108 3920 5191 praedi-

698 5295 757 5358 2.
784 5294 901 5358 Th„
920 5309 974 5359 p.
997 5295 1082 5358 ΙΙΙ,
1101 5309 1155 5361 q.
1180 5306 1294 5359 xvi,
1329 5290 1697 5356 m123et111
1734 5283 2031 5349 Sent.‚dist.
2057 5296 2284 5350 x,q-n„
2358 5264 2475 5317 ‘³1⁸²-
2500 5280 2562 5331 ¹2
2601 5284 2653 5337 (1-
2693 5285 2771 5325 111·
2792 5275 2886 5312 -⁸
2912 5277 3172 5340 Damaso„
3199 5277 3260 5327 de
3287 5278 3411 5329 Fide
3428 5282 3654 5364 orthod„
3681 5285 3773 5337 m),
3818 5285 3908 5353 111,

701 5369 795 5416 art.
820 5369 876 5428 ί,
905 5377 1026 5429 q.1;
1050 5364 1221 5430 AEgid.
1243 5366 1415 5424 Rom„
1446 5363 1512 5416 111
1540 5362 1673 5411 Seni.
1691 5395 1707 5423 ,
1756 5357 1874 5408 dist.
1901 5367 1953 5415 x,
1972 5369 2024 5418 q.
2052 5366 2136 5418 1v3
2165 5355 2250 5406 Ri-
2357 5349 2403 5386 θ·
2438 5344 2622 5390 ¹1·-⁸
2646 5347 2892 5412 Porphyr,
2931 5350 3129 5414 tsegog.
3152 5384 3165 5409 ,
3198 5364 3242 5399 c.
3273 5349 3335 5400 de
3360 5352 3574 5418 specte.

701 5436 938 5496 chariat,
957 5435 1325 5501 tllsene.‚dist.
1345 5443 1460 5507 x,q.
1482 5446 1534 5501 ις
1555 5430 1732 5495 steph.
1758 5426 2053 5489 nrum-,ut
2076 5425 2239 5494 Sene„

2419 5435 2489 5502 (a)
2507 5437 2634 5493 Cot.
2654 5443 2774 5495 edit.
2798 5445 2931 5496 dmi
2956 5445 3136 5502 homo.
