4185 6288
1306 470 1500 540 ms'r.
1544 466 1651 538 xl.
1694 465 1877 536 ΛΒΤ.
1923 466 2005 532 11.
2043 462 2346 545 QUAEST.
2389 460 2499 529 111.

373 611 431 671 2.
463 606 623 672 Item
652 608 709 672 si
735 608 932 675 homo
955 609 1215 693 iucoepit
1258 628 1395 674 esse
1431 608 1630 688 Deus,
1676 622 1840 687 ergo

294 713 438 793 iste,
467 719 582 779 aut
621 716 732 781 ille
769 739 784 781 :
816 722 880 782 et
920 718 1013 781 sic
1051 718 1129 782 de
1167 718 1308 783 aliis
1357 736 1376 781 ε
1424 716 1534 781 sed
1574 734 1704 782 non
1748 716 1843 778 est

267 819 439 884 dare
469 822 599 885 nisi
647 824 728 888 de
766 824 886 888 isto
908 872 925 900 ‚
971 829 1036 888 et
1063 825 1182 889 iste
1214 825 1410 889 homo
1440 842 1694 907 semper
1723 823 1842 888 fuit

261 923 457 990 -Deus
491 950 507 991 ε
538 947 701 1010 ergo
727 947 863 996 non
890 932 1080 1014 coepit
1104 950 1239 996 esse
1272 931 1439 996 Deus
1467 954 1483 996 ε
1518 947 1678 1012 ergo
1702 930 1842 995 haec

260 1037 385 1097 -est
408 1035 566 1100 salsa
598 1060 614 1102 :
653 1060 686 1098 u
713 1037 918 1104 Homo
944 1040 1203 1125 incoepit
1230 1059 1368 1105 esse
1395 1038 1582 1104 Deus.
1613 1060 1645 1098 ο

258 1176 282 1184 -
371 1146 430 1206 3.
463 1143 625 1209 Item
652 1147 1144 1212 communicatio
1169 1153 1264 1213 est
1300 1148 1367 1212 in
1390 1146 1833 1212 idiomatibus:

284 1267 448 1331 ergo
487 1252 542 1314 si
594 1252 792 1320 homo
850 1255 1112 1338 incoepit
1169 1273 1306 1319 esse
1359 1253 1523 1320 Deus
1543 1302 1561 1333 ,
1588 1254 1840 1320 videtur

282 1358 462 1439 quod
487 1358 633 1423 haec
656 1361 740 1424 sit
760 1363 1160 1428 concedenda
1189 1380 1207 1427 ε
1243 1386 1275 1423 α
1301 1363 1411 1428 Dei
1438 1363 1610 1428 filius
1638 1364 1839 1429 iucoe-

280 1466 386 1546 pit
407 1484 544 1531 esse
570 1467 784 1533 Deus:
825 1492 856 1531 n
891 1471 1002 1536 sed
1031 1471 1171 1535 haee
1215 1469 1373 1535 falsa
1419 1470 1831 1555 simpliciter:

279 1589 446 1654 ergo
467 1577 534 1638 et
559 1576 790 1658 prima.

368 1684 430 1745 A.
485 1681 646 1747 ltem
695 1689 828 1749 esto
870 1686 1044 1768 quod
1089 1687 1287 1754 Filius
1327 1688 1439 1753 Dei
1491 1686 1837 1769 deponeret

277 1785 640 1868 hominem,
672 1811 864 1875 quem
884 1795 1249 1878 assumpsit,
1280 1814 1395 1879 per
1421 1793 1830 1877 impossibile,

276 1898 440 1960 tunc
465 1915 692 1979 quaero
710 1899 786 1963 de
805 1901 967 1964 hac:
1004 1925 1036 1962 α
1063 1901 1183 1966 Iste
1214 1902 1411 1967 homo
1437 1901 1667 1966 desinit
1698 1920 1833 1966 esse

275 2002 452 2069 Deus
478 2027 495 2070 ε
523 2029 555 2066 s
593 2006 735 2072 haec
761 2012 858 2072 est
885 2010 1040 2073 falsa
1070 2028 1275 2093 :ergo
1309 2009 1449 2094 pari
1492 2009 1735 2074 ratione
1770 2012 1835 2073 et

276 2111 422 2175 haec
459 2118 560 2177 est
590 2114 750 2178 falsa
790 2137 805 2178 ε
857 2139 888 2176 α
931 2116 1139 2181 Homo
1177 2117 1440 2200 incoepit
1462 2135 1598 2181 eaee
1642 2116 1828 2194 Deus,

276 2237 433 2283 cum
472 2223 841 2304 assumpsit.
889 2247 921 2283 n
972 2223 1266 2288 Probatio
1307 2224 1577 2288 minoris
1610 2246 1626 2289 ε
1657 2243 1832 2288 nunc

276 2332 378 2390 est
401 2329 564 2393 unio
595 2348 614 2393 ι
645 2348 803 2412 ergo
824 2332 1318 2397 communicatio
1346 2335 1441 2397 est
1465 2333 1534 2396 in
1556 2332 1832 2398 idioma-

276 2433 455 2498 tibus
485 2457 501 2498 :
539 2454 700 2517 ergo
739 2437 793 2500 si
843 2437 1042 2503 Filius
1078 2439 1186 2503 Dei
1226 2458 1478 2523 semper
1508 2439 1630 2503 erit
1662 2438 1834 2504 filius

275 2540 412 2620 Dei,
438 2547 504 2607 et
532 2542 733 2609 homo
758 2563 1009 2630 semper
1035 2548 1156 2612 erit
1179 2546 1368 2627 Deus,
1398 2547 1685 2630 wquitur
1709 2565 1831 2612 ne-

277 2651 554 2715 cessario
598 2651 773 2733 quod
819 2653 961 2718 haec
997 2655 1080 2718 sit
1129 2673 1284 2719 vera
1333 2675 1351 2717 ε
1406 2677 1436 2714 e
1474 2653 1597 2719 Iste
1636 2654 1831 2719 homo

278 2757 404 2821 erit
423 2775 683 2841 semper
710 2759 874 2825 Deus
905 2783 920 2824 ε
961 2782 993 2820 ι)
1033 2765 1098 2825 et
1135 2761 1276 2826 haec
1311 2760 1644 2826 similiter:
1674 2785 1705 2822 α
1733 2760 1834 2826 Fi-

277 2865 410 2929 lius
453 2866 569 2930 Dei
612 2885 862 2951 semper
898 2867 1017 2932 erit
1055 2868 1252 2933 homo
1284 2892 1299 2932 :
1331 2890 1362 2928 n
1397 2885 1557 2949 ergo
1601 2873 1666 2934 et
1692 2868 1833 2933 baec

277 2975 377 3036 oet
414 2973 734 3038 falsat«
773 2973 1409 3041 Homodesinitesse
1449 2975 1833 3041 Deus:»et

278 3078 424 3143 haec
455 3099 471 3140 ε
514 3103 547 3141 u
574 3080 741 3146 Deus
782 3081 1013 3148 desinit
1054 3101 1190 3148 esse
1220 3078 1439 3149 homo.
1481 3106 1514 3142 n
1558 3081 1703 3149 Pari
1730 3101 1833 3149 ra-

277 3187 453 3253 tione
480 3192 547 3253 et
569 3189 676 3254 hae
698 3194 849 3255 sunt
876 3190 1050 3256 falsae
1074 3214 1097 3252 .-
1134 3213 1165 3252 ι
1191 3190 1314 3255 Iste
1339 3190 1536 3256 homo
1572 3191 1833 3275 incoepit

275 3312 417 3361 esse
436 3295 637 3374 Deus3
657 3319 689 3356 ι
720 3301 828 3362 et:
863 3321 895 3358 a
920 3297 1086 3363 Deus
1109 3298 1370 3382 incoepit
1393 3316 1530 3364 esse
1554 3299 1767 3364 homo.
1789 3322 1821 3360 n

816 3540 1280 3609 CONCLUSIO.

278 3709 452 3768 Homo
467 3709 689 3781 incoepit
710 3724 830 3766 csse
846 3711 1016 3781 Deus,
1042 3714 1095 3766 et
1108 3711 1250 3767 Deus
1265 3711 1484 3784 iucoepit
1502 3726 1621 3769 esse
1639 3711 1824 3781 bomo,

348 3804 477 3858 sum
522 3800 816 3856 locutiones
858 3815 996 3857 veroe
1013 3841 1033 3873 ,
1082 3802 1133 3857 si
1169 3800 1293 3858 bene
1327 3801 1737 3872 intelliqantur,
1774 3805 1828 3859 et

345 3894 573 3961 possunt
600 3888 847 3945 admitti.

75 4068 183 4127 cpia.
216 4081 253 4122 ι.
361 4050 551 4135 Resp.
580 4051 662 4116 ad
697 4070 838 4133 arg.
876 4049 1223 4116 Dicendum
1249 4050 1425 4134 quod
1448 4051 1688 4134 absque
1713 4052 1826 4117 du-

280 4159 388 4223 bio
441 4159 584 4223 baec
632 4157 1046 4224 conceditur:
1096 4181 1128 4221 α
1169 4156 1335 4222 Deus
1378 4158 1638 4242 incoepit
1689 4177 1825 4224 esse

279 4265 514 4346 hom03
544 4287 576 4325 ι»
615 4266 726 4331 sed
755 4266 833 4331 de
878 4265 1046 4329 hac:
1090 4288 1121 4327 α
1148 4263 1354 4331 Homo
1391 4265 1652 4349 incoepit
1686 4284 1825 4331 esse

278 4372 471 4451 Deus,
500 4395 532 4433 ο
568 4372 840 4437 dubium
885 4376 980 4437 est
996 4422 1018 4453 ,
1062 4377 1284 4437 utrum
1328 4372 1698 4457 simpliciter
1744 4373 1825 4437 sit

279 4480 705 4545 concedenda.
752 4478 1024 4557 Quidam
1073 4480 1249 4545 enim
1289 4480 1639 4545 voluerunt
1676 4498 1819 4545 eam

280 4587 676 4668 distinguere
692 4635 711 4665 ,
741 4605 824 4651 ex
855 4606 931 4652 eo
958 4587 1129 4670 quod
1157 4587 1281 4651 hoc
1304 4587 1600 4668 verbum,
1630 4589 1823 4654 incoe·

274 4697 401 4777 pit,
427 4699 636 4778 potest
677 4695 941 4760 attribui
966 4696 1123 4761 huic
1144 4696 1442 4776 termino,
1473 4696 1678 4771 homo,
1708 4715 1819 4762 ra·-

277 4802 451 4867 tione
490 4803 818 4886 suppositi,
849 4804 954 4869 vel
983 4803 1227 4869 ratione
1256 4804 1502 4869 formae.
1534 4801 1605 4869 Si
1633 4805 1819 4869 attri-

276 4909 511 4975 buatur
543 4912 790 4976 ratione
831 4911 1056 4976 formae
1076 4959 1094 4991 ,
1125 4916 1280 4977 tunc
1325 4912 1444 4976 iste
1481 4912 1815 4992 terminus,

274 5016 456 5084 homo
470 5065 494 5097 ‚
540 5017 734 5082 habet
777 5017 1273 5101 suppositionem
1319 5018 1674 5100 simplicem
1707 5040 1723 5082 ε
1757 5023 1820 5084 et

271 5129 429 5190 tunc
466 5130 563 5191 est
602 5142 863 5205 sensus,
898 5124 1072 5207 quod
1096 5124 1263 5191 Deus
1287 5124 1548 5208 incoepit
1580 5124 1817 5207 praedi-

275 5233 407 5297 cari
433 5232 512 5298 de
537 5233 833 5315 hominc;
867 5232 1023 5315 quia
1069 5232 1259 5297 modo
1302 5231 1722 5315 praedicatur,
1753 5239 1817 5298 et

273 5340 455 5423 prius
479 5358 615 5404 non
642 5339 1128 5422 praedicabatur,
1163 5343 1227 5403 et
1252 5339 1342 5403 sic
1365 5339 1602 5406 locutio
1623 5340 1816 5405 habet

275 5448 634 5513 veritatem.
671 5446 738 5511 Si
785 5463 937 5511 vero
980 5446 1273 5528 respiciat
1315 5447 1519 5529 ipsam
1571 5448 1815 5511 ratione

635 5570 790 5620 ron.
826 5568 920 5620 w.

3367 459 3486 527 2⁸7

1950 602 2300 686 suppositi,
2339 600 2431 664 sic
2469 598 2776 664 dixerunt
2814 595 2989 679 quod
3037 595 3179 662 baec
3216 595 3516 679 estfalsa⁸

1948 708 2186 775 locutio
2213 756 2232 787 ,
2293 707 2449 791 quia
2502 704 2827 790 supposito
2886 722 3138 787 semper
3192 705 3494 770 convenit

1950 835 2084 882 esse
2128 816 2351 881 Deum.
2396 814 2605 897 Hujus
2646 817 2868 878 autem
2906 811 3112 876 simile
3136 811 3487 894 assignant,

1948 924 2113 989 sicut
2137 924 2192 988 si
2218 923 2509 988 dicatur:
2548 944 2580 984 α
2606 920 2844 985 Album
2877 918 3141 1001 incoepit
3177 937 3314 984 esse
3337 938 3490 984 scu-

1948 1034 2115 1110 tum,
2142 1053 2173 1090 ι
2209 1050 2286 1096 eo
2312 1031 2484 1114 quod
2513 1032 2767 1094 scutum
2794 1028 3078 1111 primum
3104 1025 3247 1105 fuit,
3271 1030 3493 1108 etpost

1926 1137 2297 1214 dealbetur.
2328 1137 2396 1204 Si
2411 1137 2586 1203 enim
2600 1135 2903 1220 incoeptio
2930 1134 3315 1199 attribuatur
3334 1133 3490 1199 huic

1946 1246 2223 1312 termino
2266 1245 2481 1313 album
2521 1245 2769 1310 ratione
2803 1244 3051 1322 formae,
3085 1260 3241 1308 vera
3264 1245 3361 1307 est
3387 1242 3487 1306 lo-

1947 1353 2119 1417 cutio
2145 1375 2163 1432 ;
2194 1353 2249 1417 si
2274 1353 2521 1418 ratione
2568 1350 2880 1436 suppositi
2899 1399 2919 1431 ,
2966 1348 3124 1414 falsa
3163 1353 3259 1413 est
3272 1397 3291 1428 ,
3334 1347 3489 1432 quia

1945 1460 2121 1543 quod
2147 1466 2243 1525 est
2264 1460 2510 1539 album,
2531 1460 2712 1544 prius
2733 1459 2857 1524 ruit
2877 1460 3159 1523 scutum.
3178 1454 3249 1522 Si
3271 1458 3487 1521 autem

1944 1573 2273 1653 quaeratm·
2288 1570 2451 1634 ratio
2467 1569 2668 1651 hnjus
2705 1565 3189 1650 multiplicitatis
3210 1611 3229 1642 ‚
3265 1564 3489 1630 dicunt

1943 1694 2089 1741 eam
2132 1696 2215 1743 ex
2256 1677 2379 1742 hoc
2420 1676 2763 1760 provenire
2781 1723 2800 1755 ,
2829 1672 2985 1758 quia
3013 1672 3286 1738 verbum
3309 1674 3487 1739 inci-

1938 1784 2168 1865 piendi
2211 1785 2447 1850 claudit
2479 1785 2549 1848 in
2579 1802 2648 1849 se
2673 1782 3109 1866 negationem,
3142 1785 3206 1845 et
3235 1780 3343 1845 illa
3371 1799 3487 1863 po-

1941 1897 2065 1958 test
2107 1894 2379 1977 intelligi
2420 1893 2777 1978 praecedere
2818 1891 3177 1956 terminum
3221 1912 3237 1955 :
3285 1894 3351 1954 et
3397 1890 3488 1954 sic

1939 2000 2089 2065 facit
2132 2002 2348 2085 ipsum
2404 2001 2642 2066 habere
2698 1997 3057 2081 simplicem
3108 1997 3485 2081 suppositio-

1942 2125 2092 2173 nem
2126 2125 2143 2170 :
2177 2109 2280 2173 vel
2304 2108 2507 2190 sequi,
2537 2112 2601 2172 et
2627 2107 2718 2171 sic
2741 2106 2995 2189 respicit
3035 2106 3249 2189 ipsum
3276 2104 3489 2187 gratia

1940 2216 2273 2300 suppositi.
2296 2214 2473 2281 Unde
2496 2215 2798 2298 quamvis
2812 2218 3102 2298 respectu
3121 2214 3483 2296 aliquorum

1940 2327 2222 2403 actuum,
2256 2323 2359 2388 vel
2404 2323 2753 2388 verborum
2767 2370 2785 2401 ,
2812 2322 3131 2386 terminus
3157 2321 3484 2403 subjectus
3526 2341 3538 2355 ·

1939 2431 2354 2497 determinate
2416 2431 2647 2497 habeat
2684 2430 3184 2515 suppositionem
3228 2429 3482 2513 simpli-

1940 2556 2103 2618 cem,
2133 2543 2248 2603 aut
2273 2538 2700 2622 personalem:
2728 2541 2947 2602 tamen
2974 2540 3265 2620 respectu
3282 2537 3484 2620 hujus

1940 2646 2144 2725 verbi,
2194 2647 2478 2728 incoepit,
2508 2650 2782 2729 utroque
2806 2644 2997 2709 modo
3018 2647 3225 2727 potest
3242 2661 3481 2728 suppo-

1939 2769 2094 2816 nere
2125 2775 2140 2816 :
2174 2756 2239 2817 et
2274 2752 2397 2816 hoc
2440 2770 2572 2817 non
2616 2750 2796 2835 ponit
2838 2750 3369 2835 multiplicitatem
3414 2752 3482 2815 in

1939 2865 2334 2944 supponente
2349 2909 2366 2939 ,
2397 2861 2509 2926 sed
2549 2862 2618 2925 in
2646 2864 2779 2926 tota
2811 2860 3132 2926 locutione
3175 2878 3259 2925 ex
3304 2860 3484 2925 varia

1939 2969 2303 3050 negationis
2344 2969 2835 3054 comparatione.
2886 2967 3035 3034 Haec
3085 2971 3302 3033 autem
3357 2969 3484 3034 dis-

1938 3077 2161 3142 tinctio
2200 3077 2350 3142 satis
2393 3082 2491 3143 est
2541 3076 2955 3155 rationabilis,
2986 3076 3044 3139 si
3071 3093 3223 3140 sane
3248 3073 3479 3140 intelli-

1938 3189 2136 3268 gatur
2181 3184 2452 3269 simplex
2491 3185 2860 3270 suppositio,
2885 3186 2960 3249 ut
2985 3184 3236 3249 dicatur
3259 3182 3481 3249 termi-

1937 3311 2062 3358 nus
2109 3292 2348 3359 habere
2389 3293 2742 3377 simfflicem
2792 3291 3297 3376 suppositionem
3311 3338 3331 3370 ,
3361 3291 3482 3356 suh

1936 3419 2068 3484 quo
2091 3419 2225 3465 non
2252 3400 2401 3465 licet
2419 3401 2819 3480 descendere,
2849 3400 3013 3464 sicut
3035 3416 3186 3462 cum
3212 3397 3480 3463 dicitur:

1945 3532 1977 3569 ι
2000 3507 2189 3573 Solus
2217 3507 2414 3572 homo
2456 3505 2685 3586 currit,
2725 3529 2759 3566 ι
2792 3507 2895 3572 vel
2931 3504 3285 3588 simplicem
3321 3522 3482 3587 sup-

1937 3614 2315 3698 positionem
2335 3615 2599 3694 habere,
2627 3612 2890 3697 quando
2918 3612 3355 3696 praedicatum,
3379 3611 3480 3676 vel

1936 3722 2177 3806 aliquid
2226 3723 2297 3787 in
2338 3722 2683 3806 praedicato
2730 3720 2993 3804 roepicit
3017 3720 3231 3803 ipsum
3270 3717 3481 3801 gratia

1891 3831 2183 3907 ,forma
2230 3829 2403 3895 Licet
2442 3833 2659 3895 autem
2707 3846 2840 3894 non
2883 3827 2966 3892 sit
3006 3827 3309 3911 praedicta
3355 3827 3478 3894 dis·
3508 3860 3702 3917 ΜΡΝ»,

1937 3937 2161 4003 tinctio
2200 3937 2600 4022 reprobanda
2617 3984 2634 4013 ‚
2681 3939 2962 4002 attamen
3008 3952 3141 4000 non
3192 3933 3478 4000 dissolvit

1933 4045 2120 4128 plene
2172 4045 2666 4127 ambiguitatem
2709 4041 3046 4109 locutionis
3083 4043 3424 4126 propositae
3454 4064 3470 4107 ε

1933 4153 2243 4237 quoniam
2264 4153 2317 4216 si
2342 4152 2598 4236 respicit
2620 4152 2835 4235 ipsum
2866 4150 3116 4216 ratione
3141 4150 3470 4233 suppositi,

1931 4261 2145 4327 adhuc
2169 4261 2361 4326 habet
2387 4261 2624 4326 locutio
2650 4260 3009 4327 veritatem.
3034 4258 3102 4325 Si
3128 4258 3304 4324 enim
3332 4259 3473 4324 haec

1929 4373 2026 4435 est
2050 4387 2248 4435 vera:
2287 4392 2318 4431 ι
2346 4368 2469 4434 Iste
2495 4368 2690 4433 homo
2716 4367 2977 4451 incoepit
3002 4385 3161 4447 esse,
3198 4387 3232 4428 ι
3260 4367 3331 4430 in
3353 4366 3472 4430 ali-

1931 4496 2061 4562 quo
2109 4495 2331 4558 sensu,
2378 4480 2454 4543 ut
2496 4477 2679 4560 prius
2699 4477 3042 4559 probatum
3079 4479 3197 4555 est,
3230 4476 3470 4559 absque

1929 4586 2126 4651 dubio
2177 4602 2409 4652 verum
2455 4586 2583 4663 est,
2611 4583 2784 4665 quod
2827 4581 3088 4666 incoepit
3120 4600 3255 4647 esse
3280 4581 3466 4648 Deus.

1927 4692 2008 4758 Et
2060 4695 2321 4776 propter
2380 4692 2505 4755 hoc
2570 4690 3061 4771 intelligendum
3122 4689 3294 4772 quod
3350 4689 3467 4753 ad-
3496 4721 3623 4777 0,;„‚
3666 4721 3709 4763 ς,

1927 4801 2058 4865 huc
2115 4799 2417 4883 praedicta
2466 4797 2701 4861 locutio
2747 4797 2939 4861 habet
2990 4796 3349 4874 veritatem,
3380 4814 3474 4861 se-

1928 4906 2215 4972 cundum
2263 4905 2435 4988 quod
2482 4904 2756 4970 verbum
2804 4901 3171 4986 incipiendi
3224 4901 3478 4987 respicit

1926 5019 2182 5080 tantum
2235 5013 2598 5094 subjectum
2660 5009 2870 5093 gratia
2917 5009 3251 5093 suppositi.
3296 5009 3477 5077 Unde

1927 5124 2386 5191 attendendum
2402 5121 2576 5206 quod
2598 5121 2705 5186 ille
2729 5122 3069 5204 terminus,
3100 5123 3308 5205 homo,
3334 5142 3477 5190 res-

1926 5236 2116 5316 pectu
2163 5231 2391 5297 Christi
2449 5228 2687 5313 partim
2730 5228 2925 5294 habet
2985 5232 3287 5297 naturam
3334 5235 3477 5297 ter-

1929 5339 2088 5404 mini
2134 5336 2533 5403 accidentalis
2546 5385 2568 5416 ‚
2616 5337 2851 5420 partim
2883 5339 3186 5403 naturam
3216 5340 3474 5405 termini

1926 5432 2355 5511 substantialis
2397 5464 2416 5508 ε
2456 5447 2759 5509 naturam
2786 5492 2805 5521 ,
2849 5445 3162 5529 inquam,
3218 5446 3481 5511 termmi

3163 5555 3241 5617 Π
