<?xml version="1.0" encoding="UTF-8"?>
<!DOCTYPE html PUBLIC "-//W3C//DTD XHTML 1.0 Transitional//EN"
    "http://www.w3.org/TR/xhtml1/DTD/xhtml1-transitional.dtd">
<html xmlns="http://www.w3.org/1999/xhtml" xml:lang="en" lang="en">
 <head>
  <title>
</title>
<meta http-equiv="Content-Type" content="text/html;charset=utf-8" />
  <meta name='ocr-system' content='tesseract 3.04.00' />
  <meta name='ocr-capabilities' content='ocr_page ocr_carea ocr_par ocr_line ocrx_word'/>
</head>
<body>
  <div class='ocr_page' id='page_1' title='image "./srecardinalissb01cargoog_0073.png"; bbox 0 0 4185 6288; ppageno 0'>
   <div class='ocr_carea' id='block_1_1' title="bbox 1309 447 3483 528">
    <p class='ocr_par' dir='ltr' id='par_1_1' title="bbox 1309 447 3483 528">
     <span class='ocr_line' id='line_1_1' title="bbox 1309 447 3483 528; baseline -0.002 -12"><span class='ocrx_word' id='word_1_1' title='bbox 1309 451 1499 517; x_wconf 84' lang='lat' dir='ltr'><strong>DIST.</strong></span> <span class='ocrx_word' id='word_1_2' title='bbox 1540 448 1624 516; x_wconf 89' lang='lat'><strong>11.</strong></span> <span class='ocrx_word' id='word_1_3' title='bbox 1666 449 1845 516; x_wconf 71' lang='grc' dir='ltr'><strong>ΛΒΤ.</strong></span> <span class='ocrx_word' id='word_1_4' title='bbox 1892 449 1996 515; x_wconf 82' lang='grc' dir='ltr'><strong>ΙΙΙ.</strong></span> <span class='ocrx_word' id='word_1_5' title='bbox 2045 447 2346 528; x_wconf 74' lang='lat' dir='ltr'><strong>QUAEST.</strong></span> <span class='ocrx_word' id='word_1_6' title='bbox 2396 448 2502 513; x_wconf 84' lang='grc' dir='ltr'><strong>ΙΙΙ.</strong></span> <span class='ocrx_word' id='word_1_7' title='bbox 3414 454 3483 513; x_wconf 74' lang='grc'><strong>51</strong></span> 
     </span>
    </p>
   </div>
   <div class='ocr_carea' id='block_1_2' title="bbox 301 586 1839 1104">
    <p class='ocr_par' dir='ltr' id='par_1_2' title="bbox 301 586 1839 1104">
     <span class='ocr_line' id='line_1_2' title="bbox 368 586 1839 671; baseline 0.003 -23"><span class='ocrx_word' id='word_1_8' title='bbox 368 587 398 648; x_wconf 76' lang='lat'><strong>1</strong></span> <span class='ocrx_word' id='word_1_9' title='bbox 429 587 493 650; x_wconf 88' lang='lat' dir='ltr'><strong>et</strong></span> <span class='ocrx_word' id='word_1_10' title='bbox 518 586 583 649; x_wconf 67' lang='grc' dir='ltr'><strong>Β.</strong></span> <span class='ocrx_word' id='word_1_11' title='bbox 614 586 718 652; x_wconf 77' lang='lat' dir='ltr'><strong>Ad</strong></span> <span class='ocrx_word' id='word_1_12' title='bbox 739 587 912 653; x_wconf 77' lang='lat' dir='ltr'><strong>duaa</strong></span> <span class='ocrx_word' id='word_1_13' title='bbox 949 604 1115 671; x_wconf 82' lang='lat' dir='ltr'><strong>ergo</strong></span> <span class='ocrx_word' id='word_1_14' title='bbox 1144 587 1543 657; x_wconf 73' lang='lat' dir='ltr'><strong>auctoritates</strong></span> <span class='ocrx_word' id='word_1_15' title='bbox 1570 586 1839 669; x_wconf 76' lang='lat' dir='ltr'><strong>Augus-</strong></span> 
     </span>
     <span class='ocr_line' id='line_1_3' title="bbox 304 689 1838 777; baseline 0.003 -23"><span class='ocrx_word' id='word_1_16' title='bbox 304 689 405 754; x_wconf 86' lang='lat' dir='ltr'><strong>tini</strong></span> <span class='ocrx_word' id='word_1_17' title='bbox 439 690 754 763; x_wconf 81' lang='lat' dir='ltr'><strong>adductas</strong></span> <span class='ocrx_word' id='word_1_18' title='bbox 787 693 870 759; x_wconf 91' lang='lat' dir='ltr'><strong>de</strong></span> <span class='ocrx_word' id='word_1_19' title='bbox 908 693 1128 777; x_wconf 76' lang='lat' dir='ltr'><strong>gratia</strong></span> <span class='ocrx_word' id='word_1_20' title='bbox 1168 694 1454 772; x_wconf 76' lang='lat' dir='ltr'><strong>unionis,</strong></span> <span class='ocrx_word' id='word_1_21' title='bbox 1495 693 1838 759; x_wconf 89' lang='lat' dir='ltr'><strong>dicendum</strong></span> 
     </span>
     <span class='ocr_line' id='line_1_4' title="bbox 304 798 1839 886; baseline 0.005 -25"><span class='ocrx_word' id='word_1_22' title='bbox 304 798 457 881; x_wconf 88' lang='lat' dir='ltr'><strong>quod</strong></span> <span class='ocrx_word' id='word_1_23' title='bbox 481 798 672 881; x_wconf 85' lang='lat' dir='ltr'><strong>large</strong></span> <span class='ocrx_word' id='word_1_24' title='bbox 703 799 798 865; x_wconf 88' lang='lat' dir='ltr'><strong>ibi</strong></span> <span class='ocrx_word' id='word_1_25' title='bbox 821 801 1133 885; x_wconf 82' lang='lat' dir='ltr'>accipitur</span> <span class='ocrx_word' id='word_1_26' title='bbox 1155 802 1386 884; x_wconf 80' lang='lat' dir='ltr'><strong>gratia,</strong></span> <span class='ocrx_word' id='word_1_27' title='bbox 1415 820 1550 867; x_wconf 86' lang='lat' dir='ltr'><strong>non</strong></span> <span class='ocrx_word' id='word_1_28' title='bbox 1577 820 1695 886; x_wconf 88' lang='lat' dir='ltr'><strong>pro</strong></span> <span class='ocrx_word' id='word_1_29' title='bbox 1714 801 1839 868; x_wconf 91' lang='lat' dir='ltr'><strong>ha-</strong></span> 
     </span>
     <span class='ocr_line' id='line_1_5' title="bbox 302 908 1838 997; baseline 0.005 -25"><span class='ocrx_word' id='word_1_30' title='bbox 302 908 427 973; x_wconf 90' lang='lat' dir='ltr'><strong>bitu</strong></span> <span class='ocrx_word' id='word_1_31' title='bbox 470 909 767 975; x_wconf 87' lang='lat' dir='ltr'><strong>animam</strong></span> <span class='ocrx_word' id='word_1_32' title='bbox 797 911 1206 993; x_wconf 75' lang='lat' dir='ltr'><strong>informante,</strong></span> <span class='ocrx_word' id='word_1_33' title='bbox 1256 914 1365 978; x_wconf 87' lang='lat' dir='ltr'><strong>sed</strong></span> <span class='ocrx_word' id='word_1_34' title='bbox 1409 931 1524 996; x_wconf 88' lang='lat' dir='ltr'><strong>pro</strong></span> <span class='ocrx_word' id='word_1_35' title='bbox 1555 932 1632 979; x_wconf 88' lang='lat' dir='ltr'><strong>eo</strong></span> <span class='ocrx_word' id='word_1_36' title='bbox 1666 914 1838 997; x_wconf 90' lang='lat' dir='ltr'><strong>quod</strong></span> 
     </span>
     <span class='ocr_line' id='line_1_6' title="bbox 301 1016 1838 1104; baseline 0.003 -24"><span class='ocrx_word' id='word_1_37' title='bbox 301 1016 490 1099; x_wconf 79' lang='lat' dir='ltr'><strong>gratis</strong></span> <span class='ocrx_word' id='word_1_38' title='bbox 528 1017 873 1103; x_wconf 80' lang='lat' dir='ltr'><strong>accipitur,</strong></span> <span class='ocrx_word' id='word_1_39' title='bbox 912 1024 976 1084; x_wconf 91' lang='lat' dir='ltr'><strong>et</strong></span> <span class='ocrx_word' id='word_1_40' title='bbox 1017 1019 1460 1104; x_wconf 85' lang='lat' dir='ltr'><strong>superexcellit</strong></span> <span class='ocrx_word' id='word_1_41' title='bbox 1483 1020 1838 1086; x_wconf 87' lang='lat' dir='ltr'><strong>terminum</strong></span> 
     </span>
    </p>
   </div>
   <div class='ocr_carea' id='block_1_3' title="bbox 300 1120 1848 1212">
    <p class='ocr_par' dir='ltr' id='par_1_3' title="bbox 300 1120 1848 1212">
     <span class='ocr_line' id='line_1_7' title="bbox 300 1120 1848 1212; baseline 0.003 -25"><span class='ocrx_word' id='word_1_42' title='bbox 300 1127 541 1189; x_wconf 85' lang='lat' dir='ltr'><strong>naturae</strong></span> <span class='ocrx_word' id='word_1_43' title='bbox 575 1147 593 1190; x_wconf 90' lang='lat'>:</span> <span class='ocrx_word' id='word_1_44' title='bbox 635 1131 698 1190; x_wconf 89' lang='lat' dir='ltr'><strong>et</strong></span> <span class='ocrx_word' id='word_1_45' title='bbox 739 1126 830 1191; x_wconf 78' lang='lat' dir='ltr'><strong>sic</strong></span> <span class='ocrx_word' id='word_1_46' title='bbox 869 1130 1077 1211; x_wconf 87' lang='lat' dir='ltr'><strong>potest</strong></span> <span class='ocrx_word' id='word_1_47' title='bbox 1113 1128 1238 1193; x_wconf 89' lang='lat' dir='ltr'><strong>dici</strong></span> <span class='ocrx_word' id='word_1_48' title='bbox 1275 1128 1504 1192; x_wconf 81' lang='lat' dir='ltr'><strong>factam</strong></span> <span class='ocrx_word' id='word_1_49' title='bbox 1529 1120 1848 1212; x_wconf 81' lang='lat' dir='ltr'><strong>magnam</strong></span> 
     </span>
    </p>
   </div>
   <div class='ocr_carea' id='block_1_4' title="bbox 296 1232 1839 5206">
    <p class='ocr_par' dir='ltr' id='par_1_4' title="bbox 300 1232 1839 1644">
     <span class='ocr_line' id='line_1_8' title="bbox 300 1232 1839 1320; baseline 0.004 -26"><span class='ocrx_word' id='word_1_50' title='bbox 300 1232 569 1313; x_wconf 80' lang='lat' dir='ltr'><strong>gratiam</strong></span> <span class='ocrx_word' id='word_1_51' title='bbox 592 1233 867 1317; x_wconf 83' lang='lat' dir='ltr'><strong>corpori,</strong></span> <span class='ocrx_word' id='word_1_52' title='bbox 892 1234 1049 1300; x_wconf 92' lang='lat' dir='ltr'><strong>dum</strong></span> <span class='ocrx_word' id='word_1_53' title='bbox 1069 1240 1472 1320; x_wconf 85' lang='lat' dir='ltr'><strong>assumptum</strong></span> <span class='ocrx_word' id='word_1_54' title='bbox 1495 1236 1677 1301; x_wconf 79' lang='lat' dir='ltr'><strong>suita</strong></span> <span class='ocrx_word' id='word_1_55' title='bbox 1701 1254 1839 1320; x_wconf 90' lang='lat' dir='ltr'><strong>per·</strong></span> 
     </span>
     <span class='ocr_line' id='line_1_9' title="bbox 300 1337 1836 1428; baseline 0.004 -25"><span class='ocrx_word' id='word_1_56' title='bbox 300 1356 449 1405; x_wconf 84' lang='lat' dir='ltr'><strong>sona</strong></span> <span class='ocrx_word' id='word_1_57' title='bbox 466 1337 699 1407; x_wconf 86' lang='lat' dir='ltr'><strong>Verbi:</strong></span> <span class='ocrx_word' id='word_1_58' title='bbox 725 1345 794 1407; x_wconf 86' lang='lat' dir='ltr'><strong>et</strong></span> <span class='ocrx_word' id='word_1_59' title='bbox 811 1340 904 1407; x_wconf 83' lang='lat' dir='ltr'><strong>ita</strong></span> <span class='ocrx_word' id='word_1_60' title='bbox 923 1359 1008 1408; x_wconf 86' lang='lat' dir='ltr'><strong>ex</strong></span> <span class='ocrx_word' id='word_1_61' title='bbox 1023 1341 1148 1408; x_wconf 86' lang='lat' dir='ltr'><strong>hoc</strong></span> <span class='ocrx_word' id='word_1_62' title='bbox 1171 1361 1305 1408; x_wconf 91' lang='lat' dir='ltr'><strong>non</strong></span> <span class='ocrx_word' id='word_1_63' title='bbox 1325 1343 1642 1428; x_wconf 84' lang='lat' dir='ltr'><strong>sequitur,</strong></span> <span class='ocrx_word' id='word_1_64' title='bbox 1662 1342 1836 1427; x_wconf 90' lang='lat' dir='ltr'><strong>quod</strong></span> 
     </span>
     <span class='ocr_line' id='line_1_10' title="bbox 301 1447 1835 1517; baseline 0.003 -7"><span class='ocrx_word' id='word_1_65' title='bbox 301 1447 448 1511; x_wconf 87' lang='lat' dir='ltr'><strong>unio</strong></span> <span class='ocrx_word' id='word_1_66' title='bbox 472 1447 584 1512; x_wconf 86' lang='lat' dir='ltr'><strong>illa</strong></span> <span class='ocrx_word' id='word_1_67' title='bbox 611 1447 806 1514; x_wconf 89' lang='lat' dir='ltr'><strong>Verbi</strong></span> <span class='ocrx_word' id='word_1_68' title='bbox 829 1450 913 1516; x_wconf 88' lang='lat' dir='ltr'><strong>ad</strong></span> <span class='ocrx_word' id='word_1_69' title='bbox 928 1451 1217 1517; x_wconf 88' lang='lat' dir='ltr'><strong>animam</strong></span> <span class='ocrx_word' id='word_1_70' title='bbox 1236 1451 1361 1516; x_wconf 79' lang='lat' dir='ltr'><strong>ssat</strong></span> <span class='ocrx_word' id='word_1_71' title='bbox 1379 1450 1699 1517; x_wconf 88' lang='lat' dir='ltr'><strong>mediante</strong></span> <span class='ocrx_word' id='word_1_72' title='bbox 1716 1451 1835 1516; x_wconf 88' lang='lat' dir='ltr'><strong>ali-</strong></span> 
     </span>
     <span class='ocr_line' id='line_1_11' title="bbox 303 1557 1008 1644; baseline 0.01 -23"><span class='ocrx_word' id='word_1_73' title='bbox 303 1574 424 1640; x_wconf 87' lang='lat' dir='ltr'><strong>quo</strong></span> <span class='ocrx_word' id='word_1_74' title='bbox 446 1557 676 1627; x_wconf 86' lang='lat' dir='ltr'><strong>babitu</strong></span> <span class='ocrx_word' id='word_1_75' title='bbox 700 1563 1008 1644; x_wconf 83' lang='lat' dir='ltr'><strong>gratuito.</strong></span> 
     </span>
    </p>

    <p class='ocr_par' dir='ltr' id='par_1_5' title="bbox 296 1668 1837 3151">
     <span class='ocr_line' id='line_1_12' title="bbox 375 1668 1837 1738; baseline 0.005 -9"><span class='ocrx_word' id='word_1_76' title='bbox 375 1668 415 1729; x_wconf 82' lang='lat'>3</span> <span class='ocrx_word' id='word_1_77' title='bbox 438 1671 502 1732; x_wconf 86' lang='lat' dir='ltr'><strong>et</strong></span> <span class='ocrx_word' id='word_1_78' title='bbox 524 1671 589 1732; x_wconf 79' lang='grc'><strong>4.</strong></span> <span class='ocrx_word' id='word_1_79' title='bbox 620 1668 721 1735; x_wconf 81' lang='lat' dir='ltr'><strong>Ad</strong></span> <span class='ocrx_word' id='word_1_80' title='bbox 745 1669 885 1734; x_wconf 89' lang='lat' dir='ltr'><strong>illas</strong></span> <span class='ocrx_word' id='word_1_81' title='bbox 909 1670 1068 1736; x_wconf 87' lang='lat' dir='ltr'><strong>duas</strong></span> <span class='ocrx_word' id='word_1_82' title='bbox 1101 1671 1377 1738; x_wconf 77' lang='lat' dir='ltr'><strong>rationes</strong></span> <span class='ocrx_word' id='word_1_83' title='bbox 1401 1671 1480 1737; x_wconf 90' lang='lat' dir='ltr'><strong>de</strong></span> <span class='ocrx_word' id='word_1_84' title='bbox 1513 1670 1837 1737; x_wconf 88' lang='lat' dir='ltr'><strong>inhabita-</strong></span> 
     </span>
     <span class='ocr_line' id='line_1_13' title="bbox 306 1771 1837 1863; baseline 0.004 -26"><span class='ocrx_word' id='word_1_85' title='bbox 306 1771 465 1839; x_wconf 86' lang='lat' dir='ltr'><strong>tione</strong></span> <span class='ocrx_word' id='word_1_86' title='bbox 502 1779 566 1842; x_wconf 88' lang='lat' dir='ltr'><strong>et</strong></span> <span class='ocrx_word' id='word_1_87' title='bbox 603 1776 942 1858; x_wconf 59' lang='lat' dir='ltr'><strong>tri-untione,</strong></span> <span class='ocrx_word' id='word_1_88' title='bbox 978 1778 1324 1844; x_wconf 87' lang='lat' dir='ltr'><strong>dioendum</strong></span> <span class='ocrx_word' id='word_1_89' title='bbox 1353 1778 1526 1863; x_wconf 92' lang='lat' dir='ltr'><strong>quod</strong></span> <span class='ocrx_word' id='word_1_90' title='bbox 1566 1797 1700 1845; x_wconf 90' lang='lat' dir='ltr'><strong>non</strong></span> <span class='ocrx_word' id='word_1_91' title='bbox 1742 1784 1837 1845; x_wconf 78' lang='lat' dir='ltr'><strong>est</strong></span> 
     </span>
     <span class='ocr_line' id='line_1_14' title="bbox 307 1879 1835 1966; baseline 0.005 -21"><span class='ocrx_word' id='word_1_92' title='bbox 307 1879 519 1962; x_wconf 75' lang='lat' dir='ltr'><strong>simile,</strong></span> <span class='ocrx_word' id='word_1_93' title='bbox 543 1884 856 1966; x_wconf 89' lang='lat' dir='ltr'><strong>quoniam</strong></span> <span class='ocrx_word' id='word_1_94' title='bbox 877 1885 1254 1952; x_wconf 87' lang='lat' dir='ltr'><strong>inhabitatio</strong></span> <span class='ocrx_word' id='word_1_95' title='bbox 1274 1886 1383 1953; x_wconf 89' lang='lat' dir='ltr'><strong>Dei</strong></span> <span class='ocrx_word' id='word_1_96' title='bbox 1409 1887 1479 1952; x_wconf 90' lang='lat' dir='ltr'><strong>iu</strong></span> <span class='ocrx_word' id='word_1_97' title='bbox 1508 1887 1749 1966; x_wconf 88' lang='lat' dir='ltr'><strong>anima,</strong></span> <span class='ocrx_word' id='word_1_98' title='bbox 1770 1892 1835 1952; x_wconf 91' lang='lat' dir='ltr'><strong>et</strong></span> 
     </span>
     <span class='ocr_line' id='line_1_15' title="bbox 307 1986 1830 2078; baseline 0.005 -25"><span class='ocrx_word' id='word_1_99' title='bbox 307 1986 507 2055; x_wconf 73' lang='lat' dir='ltr'><strong>fruitio</strong></span> <span class='ocrx_word' id='word_1_100' title='bbox 534 1989 671 2074; x_wconf 89' lang='lat' dir='ltr'><strong>ipsa</strong></span> <span class='ocrx_word' id='word_1_101' title='bbox 696 1992 880 2076; x_wconf 87' lang='lat' dir='ltr'><strong>ponit</strong></span> <span class='ocrx_word' id='word_1_102' title='bbox 912 1993 1193 2077; x_wconf 80' lang='lat' dir='ltr'><strong>aliquem</strong></span> <span class='ocrx_word' id='word_1_103' title='bbox 1224 1998 1438 2061; x_wconf 89' lang='lat' dir='ltr'><strong>actum</strong></span> <span class='ocrx_word' id='word_1_104' title='bbox 1459 2042 1479 2072; x_wconf 89' lang='lat'><strong>,</strong></span> <span class='ocrx_word' id='word_1_105' title='bbox 1520 1995 1635 2078; x_wconf 90' lang='lat' dir='ltr'><strong>qui</strong></span> <span class='ocrx_word' id='word_1_106' title='bbox 1668 1996 1740 2060; x_wconf 89' lang='lat' dir='ltr'><strong>sst</strong></span> <span class='ocrx_word' id='word_1_107' title='bbox 1762 1994 1830 2060; x_wconf 92' lang='lat' dir='ltr'><strong>in</strong></span> 
     </span>
     <span class='ocr_line' id='line_1_16' title="bbox 309 2094 1833 2184; baseline 0.007 -26"><span class='ocrx_word' id='word_1_108' title='bbox 309 2094 526 2176; x_wconf 85' lang='lat' dir='ltr'><strong>anima,</strong></span> <span class='ocrx_word' id='word_1_109' title='bbox 555 2103 849 2182; x_wconf 83' lang='lat' dir='ltr'><strong>respectu</strong></span> <span class='ocrx_word' id='word_1_110' title='bbox 875 2102 1063 2184; x_wconf 85' lang='lat' dir='ltr'><strong>eujus</strong></span> <span class='ocrx_word' id='word_1_111' title='bbox 1090 2102 1302 2183; x_wconf 81' lang='lat' dir='ltr'><strong>gratia</strong></span> <span class='ocrx_word' id='word_1_112' title='bbox 1329 2102 1539 2168; x_wconf 78' lang='lat' dir='ltr'><strong>infusa</strong></span> <span class='ocrx_word' id='word_1_113' title='bbox 1564 2104 1662 2168; x_wconf 86' lang='lat' dir='ltr'><strong>est</strong></span> <span class='ocrx_word' id='word_1_114' title='bbox 1683 2120 1833 2168; x_wconf 89' lang='lat' dir='ltr'><strong>cau·</strong></span> 
     </span>
     <span class='ocr_line' id='line_1_17' title="bbox 306 2205 1834 2293; baseline 0.007 -26"><span class='ocrx_word' id='word_1_115' title='bbox 306 2221 397 2282; x_wconf 85' lang='lat' dir='ltr'><strong>sa,</strong></span> <span class='ocrx_word' id='word_1_116' title='bbox 423 2209 485 2269; x_wconf 87' lang='lat' dir='ltr'><strong>et</strong></span> <span class='ocrx_word' id='word_1_117' title='bbox 514 2205 593 2271; x_wconf 89' lang='lat' dir='ltr'><strong>ad</strong></span> <span class='ocrx_word' id='word_1_118' title='bbox 627 2226 822 2293; x_wconf 92' lang='lat' dir='ltr'><strong>quem</strong></span> <span class='ocrx_word' id='word_1_119' title='bbox 868 2208 1236 2276; x_wconf 86' lang='lat' dir='ltr'><strong>habilitatur</strong></span> <span class='ocrx_word' id='word_1_120' title='bbox 1263 2211 1482 2278; x_wconf 89' lang='lat' dir='ltr'><strong>anima</strong></span> <span class='ocrx_word' id='word_1_121' title='bbox 1516 2211 1834 2277; x_wconf 85' lang='lat' dir='ltr'><strong>mediante</strong></span> 
     </span>
     <span class='ocr_line' id='line_1_18' title="bbox 304 2310 1832 2399; baseline 0.007 -25"><span class='ocrx_word' id='word_1_122' title='bbox 304 2310 524 2390; x_wconf 79' lang='lat' dir='ltr'><strong>gratia,</strong></span> <span class='ocrx_word' id='word_1_123' title='bbox 548 2314 705 2378; x_wconf 89' lang='lat' dir='ltr'><strong>etin</strong></span> <span class='ocrx_word' id='word_1_124' title='bbox 729 2332 926 2398; x_wconf 91' lang='lat' dir='ltr'><strong>quem</strong></span> <span class='ocrx_word' id='word_1_125' title='bbox 954 2316 1087 2381; x_wconf 85' lang='lat' dir='ltr'><strong>exit</strong></span> <span class='ocrx_word' id='word_1_126' title='bbox 1113 2334 1264 2382; x_wconf 87' lang='lat' dir='ltr'><strong>cum</strong></span> <span class='ocrx_word' id='word_1_127' title='bbox 1289 2335 1333 2383; x_wconf 90' lang='lat' dir='ltr'><strong>a</strong></span> <span class='ocrx_word' id='word_1_128' title='bbox 1355 2318 1570 2399; x_wconf 80' lang='lat' dir='ltr'><strong>gratia</strong></span> <span class='ocrx_word' id='word_1_129' title='bbox 1594 2322 1687 2383; x_wconf 82' lang='lat' dir='ltr'><strong>est</strong></span> <span class='ocrx_word' id='word_1_130' title='bbox 1714 2317 1832 2384; x_wconf 88' lang='lat' dir='ltr'><strong>ad-</strong></span> 
     </span>
     <span class='ocr_line' id='line_1_19' title="bbox 296 2419 1830 2504; baseline 0.007 -22"><span class='ocrx_word' id='word_1_131' title='bbox 296 2419 427 2499; x_wconf 78' lang='lat' dir='ltr'><strong>J&#39;uta</strong></span> <span class='ocrx_word' id='word_1_132' title='bbox 451 2426 514 2485; x_wconf 88' lang='lat' dir='ltr'><strong>et</strong></span> <span class='ocrx_word' id='word_1_133' title='bbox 538 2423 872 2504; x_wconf 81' lang='lat' dir='ltr'><strong>regulata:</strong></span> <span class='ocrx_word' id='word_1_134' title='bbox 898 2443 1035 2491; x_wconf 91' lang='lat' dir='ltr'><strong>non</strong></span> <span class='ocrx_word' id='word_1_135' title='bbox 1058 2425 1150 2491; x_wconf 82' lang='lat' dir='ltr'><strong>sic</strong></span> <span class='ocrx_word' id='word_1_136' title='bbox 1169 2429 1387 2492; x_wconf 89' lang='lat' dir='ltr'><strong>autem</strong></span> <span class='ocrx_word' id='word_1_137' title='bbox 1413 2431 1509 2492; x_wconf 80' lang='lat' dir='ltr'><strong>est</strong></span> <span class='ocrx_word' id='word_1_138' title='bbox 1533 2426 1612 2492; x_wconf 92' lang='lat' dir='ltr'><strong>de</strong></span> <span class='ocrx_word' id='word_1_139' title='bbox 1633 2427 1830 2493; x_wconf 86' lang='lat' dir='ltr'><strong>unio-</strong></span> 
     </span>
     <span class='ocr_line' id='line_1_20' title="bbox 302 2530 1829 2612; baseline 0.008 -22"><span class='ocrx_word' id='word_1_140' title='bbox 302 2544 403 2605; x_wconf 88' lang='lat' dir='ltr'><strong>ne,</strong></span> <span class='ocrx_word' id='word_1_141' title='bbox 428 2530 733 2612; x_wconf 87' lang='lat' dir='ltr'><strong>quoniam</strong></span> <span class='ocrx_word' id='word_1_142' title='bbox 757 2535 992 2598; x_wconf 86' lang='lat' dir='ltr'><strong>natura</strong></span> <span class='ocrx_word' id='word_1_143' title='bbox 1025 2533 1314 2599; x_wconf 89' lang='lat' dir='ltr'><strong>humana</strong></span> <span class='ocrx_word' id='word_1_144' title='bbox 1337 2535 1566 2600; x_wconf 87' lang='lat' dir='ltr'><strong>unitur</strong></span> <span class='ocrx_word' id='word_1_145' title='bbox 1591 2533 1829 2602; x_wconf 82' lang='lat' dir='ltr'><strong>divinae</strong></span> 
     </span>
     <span class='ocr_line' id='line_1_21' title="bbox 302 2634 1831 2727; baseline 0.004 -25"><span class='ocrx_word' id='word_1_146' title='bbox 302 2634 519 2719; x_wconf 79' lang='lat' dir='ltr'><strong>absque</strong></span> <span class='ocrx_word' id='word_1_147' title='bbox 542 2641 694 2704; x_wconf 87' lang='lat' dir='ltr'><strong>actu</strong></span> <span class='ocrx_word' id='word_1_148' title='bbox 719 2658 875 2722; x_wconf 83' lang='lat' dir='ltr'><strong>suo,</strong></span> <span class='ocrx_word' id='word_1_149' title='bbox 906 2644 973 2706; x_wconf 90' lang='lat' dir='ltr'><strong>et</strong></span> <span class='ocrx_word' id='word_1_150' title='bbox 1007 2642 1221 2708; x_wconf 80' lang='lat' dir='ltr'><strong>solum</strong></span> <span class='ocrx_word' id='word_1_151' title='bbox 1252 2660 1324 2709; x_wconf 79' lang='lat' dir='ltr'><strong>ae</strong></span> <span class='ocrx_word' id='word_1_152' title='bbox 1358 2643 1549 2709; x_wconf 85' lang='lat' dir='ltr'><strong>habet</strong></span> <span class='ocrx_word' id='word_1_153' title='bbox 1583 2643 1673 2708; x_wconf 89' lang='lat' dir='ltr'><strong>ibi</strong></span> <span class='ocrx_word' id='word_1_154' title='bbox 1715 2660 1831 2727; x_wconf 89' lang='lat' dir='ltr'><strong>per</strong></span> 
     </span>
     <span class='ocr_line' id='line_1_22' title="bbox 303 2747 1826 2831; baseline 0.004 -20"><span class='ocrx_word' id='word_1_155' title='bbox 303 2747 546 2812; x_wconf 91' lang='lat' dir='ltr'><strong>modum</strong></span> <span class='ocrx_word' id='word_1_156' title='bbox 582 2748 842 2831; x_wconf 83' lang='lat' dir='ltr'><strong>passivi,</strong></span> <span class='ocrx_word' id='word_1_157' title='bbox 880 2753 948 2817; x_wconf 88' lang='lat' dir='ltr'><strong>et</strong></span> <span class='ocrx_word' id='word_1_158' title='bbox 981 2767 1116 2815; x_wconf 90' lang='lat' dir='ltr'><strong>non</strong></span> <span class='ocrx_word' id='word_1_159' title='bbox 1146 2749 1340 2817; x_wconf 85' lang='lat' dir='ltr'><strong>activi</strong></span> <span class='ocrx_word' id='word_1_160' title='bbox 1369 2772 1385 2816; x_wconf 80' lang='lat' dir='ltr'><strong>t</strong></span> <span class='ocrx_word' id='word_1_161' title='bbox 1425 2752 1490 2816; x_wconf 88' lang='lat' dir='ltr'><strong>et</strong></span> <span class='ocrx_word' id='word_1_162' title='bbox 1528 2750 1670 2817; x_wconf 86' lang='lat' dir='ltr'><strong>ideo</strong></span> <span class='ocrx_word' id='word_1_163' title='bbox 1697 2768 1826 2817; x_wconf 90' lang='lat' dir='ltr'><strong>non</strong></span> 
     </span>
     <span class='ocr_line' id='line_1_23' title="bbox 303 2856 1825 2945; baseline 0.005 -27"><span class='ocrx_word' id='word_1_164' title='bbox 303 2856 382 2919; x_wconf 78' lang='lat' dir='ltr'><strong>sic</strong></span> <span class='ocrx_word' id='word_1_165' title='bbox 410 2856 652 2939; x_wconf 77' lang='lat' dir='ltr'><strong>indiget</strong></span> <span class='ocrx_word' id='word_1_166' title='bbox 690 2876 808 2941; x_wconf 85' lang='lat' dir='ltr'><strong>per</strong></span> <span class='ocrx_word' id='word_1_167' title='bbox 844 2857 1143 2924; x_wconf 88' lang='lat' dir='ltr'><strong>habitum</strong></span> <span class='ocrx_word' id='word_1_168' title='bbox 1179 2858 1595 2945; x_wconf 81' lang='lat' dir='ltr'><strong>adjuvantem</strong></span> <span class='ocrx_word' id='word_1_169' title='bbox 1629 2863 1694 2925; x_wconf 91' lang='lat' dir='ltr'><strong>et</strong></span> <span class='ocrx_word' id='word_1_170' title='bbox 1719 2877 1825 2926; x_wconf 90' lang='lat' dir='ltr'><strong>re-</strong></span> 
     </span>
     <span class='ocr_line' id='line_1_24' title="bbox 304 2961 1829 3049; baseline 0.002 -22"><span class='ocrx_word' id='word_1_171' title='bbox 304 2961 612 3041; x_wconf 82' lang='lat' dir='ltr'><strong>gulautem</strong></span> <span class='ocrx_word' id='word_1_172' title='bbox 633 2963 1065 3049; x_wconf 78' lang='lat' dir='ltr'><strong>dispositione,</strong></span> <span class='ocrx_word' id='word_1_173' title='bbox 1093 2982 1244 3049; x_wconf 80' lang='lat' dir='ltr'><strong>quae</strong></span> <span class='ocrx_word' id='word_1_174' title='bbox 1270 2965 1531 3049; x_wconf 90' lang='lat' dir='ltr'><strong>quidem</strong></span> <span class='ocrx_word' id='word_1_175' title='bbox 1549 2965 1630 3031; x_wconf 82' lang='lat' dir='ltr'><strong>sit</strong></span> <span class='ocrx_word' id='word_1_176' title='bbox 1655 2965 1829 3049; x_wconf 88' lang='lat' dir='ltr'><strong>prin·</strong></span> 
     </span>
     <span class='ocr_line' id='line_1_25' title="bbox 302 3066 1025 3151; baseline 0.011 -21"><span class='ocrx_word' id='word_1_177' title='bbox 302 3066 518 3151; x_wconf 88' lang='lat' dir='ltr'><strong>cipium</strong></span> <span class='ocrx_word' id='word_1_178' title='bbox 540 3069 717 3135; x_wconf 84' lang='lat' dir='ltr'><strong>illius</strong></span> <span class='ocrx_word' id='word_1_179' title='bbox 739 3072 1025 3138; x_wconf 69' lang='lat' dir='ltr'><strong>unionis».</strong></span> 
     </span>
    </p>

    <p class='ocr_par' dir='ltr' id='par_1_6' title="bbox 298 3179 1827 5206">
     <span class='ocr_line' id='line_1_26' title="bbox 374 3179 1826 3266; baseline 0.001 -23"><span class='ocrx_word' id='word_1_180' title='bbox 374 3182 429 3243; x_wconf 82' lang='lat'><strong>5.</strong></span> <span class='ocrx_word' id='word_1_181' title='bbox 454 3180 547 3245; x_wconf 82' lang='lat' dir='ltr'><strong>Ad</strong></span> <span class='ocrx_word' id='word_1_182' title='bbox 576 3180 733 3247; x_wconf 88' lang='lat' dir='ltr'><strong>illud</strong></span> <span class='ocrx_word' id='word_1_183' title='bbox 769 3181 947 3266; x_wconf 88' lang='lat' dir='ltr'><strong>quod</strong></span> <span class='ocrx_word' id='word_1_184' title='bbox 988 3182 1356 3266; x_wconf 85' lang='lat' dir='ltr'><strong>opponitur,</strong></span> <span class='ocrx_word' id='word_1_185' title='bbox 1396 3179 1572 3265; x_wconf 90' lang='lat' dir='ltr'><strong>quod</strong></span> <span class='ocrx_word' id='word_1_186' title='bbox 1604 3180 1826 3246; x_wconf 86' lang='lat' dir='ltr'><strong>relatio</strong></span> 
     </span>
     <span class='ocr_line' id='line_1_27' title="bbox 298 3282 1827 3369; baseline 0.002 -23"><span class='ocrx_word' id='word_1_187' title='bbox 298 3298 417 3346; x_wconf 90' lang='lat' dir='ltr'><strong>non</strong></span> <span class='ocrx_word' id='word_1_188' title='bbox 435 3282 861 3351; x_wconf 81' lang='lat' dir='ltr'><strong>introducitur</strong></span> <span class='ocrx_word' id='word_1_189' title='bbox 894 3284 1020 3351; x_wconf 76' lang='lat' dir='ltr'><strong>nisi</strong></span> <span class='ocrx_word' id='word_1_190' title='bbox 1055 3304 1171 3369; x_wconf 87' lang='lat' dir='ltr'><strong>per</strong></span> <span class='ocrx_word' id='word_1_191' title='bbox 1203 3284 1488 3369; x_wconf 88' lang='lat' dir='ltr'><strong>aliquam</strong></span> <span class='ocrx_word' id='word_1_192' title='bbox 1519 3283 1827 3351; x_wconf 89' lang='lat' dir='ltr'><strong>mutatio-</strong></span> 
     </span>
     <span class='ocr_line' id='line_1_28' title="bbox 300 3390 1825 3476; baseline 0.002 -21"><span class='ocrx_word' id='word_1_193' title='bbox 300 3407 436 3466; x_wconf 79' lang='lat' dir='ltr'><strong>nem</strong></span> <span class='ocrx_word' id='word_1_194' title='bbox 472 3393 699 3456; x_wconf 75' lang='lat' dir='ltr'><strong>tactam</strong></span> <span class='ocrx_word' id='word_1_195' title='bbox 742 3391 817 3455; x_wconf 87' lang='lat' dir='ltr'><strong>in</strong></span> <span class='ocrx_word' id='word_1_196' title='bbox 851 3390 1069 3476; x_wconf 83' lang='lat' dir='ltr'><strong>aliquo</strong></span> <span class='ocrx_word' id='word_1_197' title='bbox 1111 3391 1403 3458; x_wconf 79' lang='lat' dir='ltr'><strong>absoluto</strong></span> <span class='ocrx_word' id='word_1_198' title='bbox 1420 3438 1441 3470; x_wconf 84' lang='lat'>‚</span> <span class='ocrx_word' id='word_1_199' title='bbox 1483 3390 1825 3458; x_wconf 75' lang='lat' dir='ltr'><strong>dicendum</strong></span> 
     </span>
     <span class='ocr_line' id='line_1_29' title="bbox 300 3499 1823 3586; baseline 0 -20"><span class='ocrx_word' id='word_1_200' title='bbox 300 3501 456 3583; x_wconf 88' lang='lat' dir='ltr'><strong>quod</strong></span> <span class='ocrx_word' id='word_1_201' title='bbox 486 3520 718 3567; x_wconf 83' lang='lat' dir='ltr'><strong>verum</strong></span> <span class='ocrx_word' id='word_1_202' title='bbox 754 3504 894 3568; x_wconf 81' lang='lat' dir='ltr'><strong>est:</strong></span> <span class='ocrx_word' id='word_1_203' title='bbox 941 3502 1053 3568; x_wconf 83' lang='lat' dir='ltr'><strong>sed</strong></span> <span class='ocrx_word' id='word_1_204' title='bbox 1099 3499 1642 3586; x_wconf 78' lang='lat' dir='ltr'><strong>quemadmodum</strong></span> <span class='ocrx_word' id='word_1_205' title='bbox 1675 3499 1823 3567; x_wconf 80' lang='lat' dir='ltr'><strong>duae</strong></span> 
     </span>
     <span class='ocr_line' id='line_1_30' title="bbox 304 3607 1827 3694; baseline -0.001 -20"><span class='ocrx_word' id='word_1_206' title='bbox 304 3607 470 3675; x_wconf 82' lang='lat' dir='ltr'><strong>lincae</strong></span> <span class='ocrx_word' id='word_1_207' title='bbox 510 3614 777 3694; x_wconf 69' lang='lat' dir='ltr'><strong>possunt</strong></span> <span class='ocrx_word' id='word_1_208' title='bbox 813 3609 1089 3693; x_wconf 78' lang='lat' dir='ltr'><strong>intelligi</strong></span> <span class='ocrx_word' id='word_1_209' title='bbox 1125 3609 1302 3676; x_wconf 88' lang='lat' dir='ltr'><strong>uniri</strong></span> <span class='ocrx_word' id='word_1_210' title='bbox 1336 3609 1408 3673; x_wconf 88' lang='lat' dir='ltr'><strong>in</strong></span> <span class='ocrx_word' id='word_1_211' title='bbox 1448 3611 1719 3693; x_wconf 78' lang='lat' dir='ltr'><strong>puncto,</strong></span> <span class='ocrx_word' id='word_1_212' title='bbox 1762 3611 1827 3674; x_wconf 89' lang='lat' dir='ltr'><strong>et</strong></span> 
     </span>
     <span class='ocr_line' id='line_1_31' title="bbox 306 3714 1825 3801; baseline -0.001 -20"><span class='ocrx_word' id='word_1_213' title='bbox 306 3717 641 3783; x_wconf 70' lang='lat' dir='ltr'><strong>continuari</strong></span> <span class='ocrx_word' id='word_1_214' title='bbox 658 3766 681 3797; x_wconf 89' lang='lat'>‚</span> <span class='ocrx_word' id='word_1_215' title='bbox 715 3717 806 3783; x_wconf 90' lang='lat' dir='ltr'><strong>ita</strong></span> <span class='ocrx_word' id='word_1_216' title='bbox 831 3720 1049 3783; x_wconf 88' lang='lat' dir='ltr'><strong>tamen</strong></span> <span class='ocrx_word' id='word_1_217' title='bbox 1073 3716 1247 3801; x_wconf 90' lang='lat' dir='ltr'><strong>quod</strong></span> <span class='ocrx_word' id='word_1_218' title='bbox 1280 3734 1413 3782; x_wconf 91' lang='lat' dir='ltr'><strong>non</strong></span> <span class='ocrx_word' id='word_1_219' title='bbox 1446 3715 1531 3782; x_wconf 82' lang='lat' dir='ltr'><strong>ait</strong></span> <span class='ocrx_word' id='word_1_220' title='bbox 1553 3714 1825 3781; x_wconf 89' lang='lat' dir='ltr'><strong>mutatio</strong></span> 
     </span>
     <span class='ocr_line' id='line_1_32' title="bbox 307 3821 1822 3907; baseline 0.001 -20"><span class='ocrx_word' id='word_1_221' title='bbox 307 3823 367 3888; x_wconf 83' lang='lat' dir='ltr'><strong>in</strong></span> <span class='ocrx_word' id='word_1_222' title='bbox 380 3824 563 3893; x_wconf 84' lang='lat' dir='ltr'><strong>altera</strong></span> <span class='ocrx_word' id='word_1_223' title='bbox 576 3826 918 3906; x_wconf 87' lang='lat' dir='ltr'><strong>linearum,</strong></span> <span class='ocrx_word' id='word_1_224' title='bbox 937 3824 1064 3890; x_wconf 75' lang='lat' dir='ltr'><strong>nisi</strong></span> <span class='ocrx_word' id='word_1_225' title='bbox 1086 3842 1202 3907; x_wconf 87' lang='lat' dir='ltr'><strong>per</strong></span> <span class='ocrx_word' id='word_1_226' title='bbox 1225 3823 1372 3902; x_wconf 85' lang='lat' dir='ltr'><strong>hoo,</strong></span> <span class='ocrx_word' id='word_1_227' title='bbox 1396 3823 1571 3907; x_wconf 90' lang='lat' dir='ltr'><strong>quod</strong></span> <span class='ocrx_word' id='word_1_228' title='bbox 1586 3821 1822 3888; x_wconf 86' lang='lat' dir='ltr'><strong>amittit</strong></span> 
     </span>
     <span class='ocr_line' id='line_1_33' title="bbox 309 3926 1820 4009; baseline -0.004 -13"><span class='ocrx_word' id='word_1_229' title='bbox 309 3930 727 3999; x_wconf 81' lang='lat' dir='ltr'><strong>discretionem</strong></span> <span class='ocrx_word' id='word_1_230' title='bbox 747 3930 1040 4000; x_wconf 79' lang='lat' dir='ltr'><strong>unitatis:</strong></span> <span class='ocrx_word' id='word_1_231' title='bbox 1068 3928 1162 3994; x_wconf 84' lang='lat' dir='ltr'><strong>sic</strong></span> <span class='ocrx_word' id='word_1_232' title='bbox 1186 3926 1677 4009; x_wconf 81' lang='lat' dir='ltr'><strong>intelligendum</strong></span> <span class='ocrx_word' id='word_1_233' title='bbox 1701 3930 1820 4007; x_wconf 77' lang='lat' dir='ltr'><strong>est,</strong></span> 
     </span>
     <span class='ocr_line' id='line_1_34' title="bbox 309 4033 1823 4122; baseline -0.005 -16"><span class='ocrx_word' id='word_1_234' title='bbox 309 4040 459 4122; x_wconf 82' lang='lat' dir='ltr'><strong>quod</strong></span> <span class='ocrx_word' id='word_1_235' title='bbox 479 4041 533 4106; x_wconf 84' lang='lat' dir='ltr'><strong>si</strong></span> <span class='ocrx_word' id='word_1_236' title='bbox 554 4041 726 4107; x_wconf 82' lang='lat' dir='ltr'><strong>Deus</strong></span> <span class='ocrx_word' id='word_1_237' title='bbox 748 4041 1100 4105; x_wconf 76' lang='lat' dir='ltr'><strong>assumeret</strong></span> <span class='ocrx_word' id='word_1_238' title='bbox 1120 4034 1378 4119; x_wconf 83' lang='lat' dir='ltr'><strong>aliquod</strong></span> <span class='ocrx_word' id='word_1_239' title='bbox 1415 4033 1823 4100; x_wconf 89' lang='lat' dir='ltr'><strong>individuum</strong></span> 
     </span>
     <span class='ocr_line' id='line_1_35' title="bbox 310 4143 1823 4227; baseline -0.005 -12"><span class='ocrx_word' id='word_1_240' title='bbox 310 4146 561 4215; x_wconf 77' lang='lat' dir='ltr'><strong>hominia</strong></span> <span class='ocrx_word' id='word_1_241' title='bbox 580 4149 653 4215; x_wconf 89' lang='lat' dir='ltr'><strong>in</strong></span> <span class='ocrx_word' id='word_1_242' title='bbox 679 4166 818 4215; x_wconf 74' lang='lat' dir='ltr'><strong>ense</strong></span> <span class='ocrx_word' id='word_1_243' title='bbox 837 4146 1275 4224; x_wconf 76' lang='lat' dir='ltr'><strong>constitutum,</strong></span> <span class='ocrx_word' id='word_1_244' title='bbox 1303 4147 1368 4211; x_wconf 89' lang='lat' dir='ltr'><strong>et</strong></span> <span class='ocrx_word' id='word_1_245' title='bbox 1391 4143 1602 4227; x_wconf 77' lang='lat' dir='ltr'><strong>gratia</strong></span> <span class='ocrx_word' id='word_1_246' title='bbox 1628 4143 1823 4209; x_wconf 68' lang='lat' dir='ltr'><strong>inton-</strong></span> 
     </span>
     <span class='ocr_line' id='line_1_36' title="bbox 312 4251 1821 4341; baseline -0.004 -17"><span class='ocrx_word' id='word_1_247' title='bbox 312 4264 561 4341; x_wconf 82' lang='lat' dir='ltr'><strong>matum‚</strong></span> <span class='ocrx_word' id='word_1_248' title='bbox 588 4261 801 4328; x_wconf 78' lang='lat' dir='ltr'><strong>solum</strong></span> <span class='ocrx_word' id='word_1_249' title='bbox 822 4258 1142 4326; x_wconf 88' lang='lat' dir='ltr'><strong>amitteret</strong></span> <span class='ocrx_word' id='word_1_250' title='bbox 1164 4251 1560 4339; x_wconf 83' lang='lat' dir='ltr'><strong>personalem</strong></span> <span class='ocrx_word' id='word_1_251' title='bbox 1586 4251 1821 4318; x_wconf 80' lang='lat' dir='ltr'><strong>discre-</strong></span> 
     </span>
     <span class='ocr_line' id='line_1_37' title="bbox 310 4358 1818 4452; baseline -0.005 -21"><span class='ocrx_word' id='word_1_252' title='bbox 310 4364 518 4433; x_wconf 82' lang='lat' dir='ltr'><strong>tionem</strong></span> <span class='ocrx_word' id='word_1_253' title='bbox 536 4387 653 4452; x_wconf 84' lang='lat' dir='ltr'><strong>per</strong></span> <span class='ocrx_word' id='word_1_254' title='bbox 676 4368 988 4434; x_wconf 88' lang='lat' dir='ltr'><strong>unionem</strong></span> <span class='ocrx_word' id='word_1_255' title='bbox 1013 4382 1164 4431; x_wconf 88' lang='lat' dir='ltr'><strong>cum</strong></span> <span class='ocrx_word' id='word_1_256' title='bbox 1186 4363 1324 4446; x_wconf 81' lang='lat' dir='ltr'><strong>ipso</strong></span> <span class='ocrx_word' id='word_1_257' title='bbox 1347 4358 1557 4428; x_wconf 86' lang='lat' dir='ltr'><strong>Verbo</strong></span> <span class='ocrx_word' id='word_1_258' title='bbox 1581 4360 1652 4425; x_wconf 90' lang='lat' dir='ltr'><strong>in</strong></span> <span class='ocrx_word' id='word_1_259' title='bbox 1672 4360 1818 4425; x_wconf 90' lang='lat' dir='ltr'><strong>uni-</strong></span> 
     </span>
     <span class='ocr_line' id='line_1_38' title="bbox 308 4467 1822 4560; baseline -0.006 -19"><span class='ocrx_word' id='word_1_260' title='bbox 308 4476 476 4540; x_wconf 77' lang='lat' dir='ltr'><strong>tatem</strong></span> <span class='ocrx_word' id='word_1_261' title='bbox 501 4493 814 4560; x_wconf 66' lang='lat' dir='ltr'><strong>persone.</strong></span> <span class='ocrx_word' id='word_1_262' title='bbox 839 4474 916 4540; x_wconf 90' lang='lat' dir='ltr'><strong>In</strong></span> <span class='ocrx_word' id='word_1_263' title='bbox 939 4470 1374 4555; x_wconf 77' lang='lat' dir='ltr'><strong>assumptione</strong></span> <span class='ocrx_word' id='word_1_264' title='bbox 1394 4471 1613 4538; x_wconf 81' lang='lat' dir='ltr'><strong>autem</strong></span> <span class='ocrx_word' id='word_1_265' title='bbox 1638 4467 1822 4533; x_wconf 78' lang='lat' dir='ltr'><strong>istius</strong></span> 
     </span>
     <span class='ocr_line' id='line_1_39' title="bbox 308 4574 1818 4668; baseline -0.004 -22"><span class='ocrx_word' id='word_1_266' title='bbox 308 4586 560 4664; x_wconf 70' lang='lat' dir='ltr'><strong>natum,</strong></span> <span class='ocrx_word' id='word_1_267' title='bbox 602 4601 800 4668; x_wconf 85' lang='lat' dir='ltr'><strong>quam</strong></span> <span class='ocrx_word' id='word_1_268' title='bbox 842 4580 1043 4648; x_wconf 82' lang='lat' dir='ltr'><strong>Filius</strong></span> <span class='ocrx_word' id='word_1_269' title='bbox 1067 4578 1179 4645; x_wconf 87' lang='lat' dir='ltr'><strong>Dei</strong></span> <span class='ocrx_word' id='word_1_270' title='bbox 1204 4575 1549 4660; x_wconf 73' lang='lat' dir='ltr'><strong>assumpsit</strong></span> <span class='ocrx_word' id='word_1_271' title='bbox 1572 4575 1650 4642; x_wconf 90' lang='lat' dir='ltr'><strong>de</strong></span> <span class='ocrx_word' id='word_1_272' title='bbox 1675 4574 1818 4641; x_wconf 91' lang='lat' dir='ltr'><strong>Vir·</strong></span> 
     </span>
     <span class='ocr_line' id='line_1_40' title="bbox 308 4683 1819 4772; baseline -0.004 -16"><span class='ocrx_word' id='word_1_273' title='bbox 308 4687 469 4772; x_wconf 75' lang='lat' dir='ltr'><strong>gine,</strong></span> <span class='ocrx_word' id='word_1_274' title='bbox 504 4692 694 4757; x_wconf 84' lang='lat' dir='ltr'><strong>simul</strong></span> <span class='ocrx_word' id='word_1_275' title='bbox 737 4690 863 4756; x_wconf 79' lang='lat' dir='ltr'><strong>fuit</strong></span> <span class='ocrx_word' id='word_1_276' title='bbox 894 4686 1191 4755; x_wconf 79' lang='lat' dir='ltr'><strong>formatio</strong></span> <span class='ocrx_word' id='word_1_277' title='bbox 1225 4689 1291 4753; x_wconf 84' lang='lat' dir='ltr'><strong>et</strong></span> <span class='ocrx_word' id='word_1_278' title='bbox 1327 4686 1524 4752; x_wconf 88' lang='lat' dir='ltr'><strong>unio:</strong></span> <span class='ocrx_word' id='word_1_279' title='bbox 1567 4688 1634 4753; x_wconf 85' lang='lat' dir='ltr'><strong>et</strong></span> <span class='ocrx_word' id='word_1_280' title='bbox 1672 4683 1819 4750; x_wconf 89' lang='lat' dir='ltr'><strong>ideo</strong></span> 
     </span>
     <span class='ocr_line' id='line_1_41' title="bbox 309 4791 1816 4882; baseline -0.002 -21"><span class='ocrx_word' id='word_1_281' title='bbox 309 4813 611 4882; x_wconf 80' lang='lat' dir='ltr'><strong>nunquam</strong></span> <span class='ocrx_word' id='word_1_282' title='bbox 656 4799 782 4865; x_wconf 82' lang='lat' dir='ltr'><strong>fuit</strong></span> <span class='ocrx_word' id='word_1_283' title='bbox 821 4797 893 4863; x_wconf 90' lang='lat' dir='ltr'><strong>in</strong></span> <span class='ocrx_word' id='word_1_284' title='bbox 923 4795 1032 4862; x_wconf 91' lang='lat' dir='ltr'><strong>illo</strong></span> <span class='ocrx_word' id='word_1_285' title='bbox 1069 4795 1337 4876; x_wconf 79' lang='lat' dir='ltr'><strong>homine</strong></span> <span class='ocrx_word' id='word_1_286' title='bbox 1373 4797 1693 4877; x_wconf 90' lang='lat' dir='ltr'><strong>quantum</strong></span> <span class='ocrx_word' id='word_1_287' title='bbox 1734 4791 1816 4858; x_wconf 87' lang='lat' dir='ltr'><strong>ad</strong></span> 
     </span>
     <span class='ocr_line' id='line_1_42' title="bbox 308 4899 1817 4988; baseline -0.002 -19"><span class='ocrx_word' id='word_1_288' title='bbox 308 4900 631 4972; x_wconf 80' lang='lat' dir='ltr'><strong>humanam</strong></span> <span class='ocrx_word' id='word_1_289' title='bbox 646 4910 953 4972; x_wconf 67' lang='lat' dir='ltr'><strong>mutam</strong></span> <span class='ocrx_word' id='word_1_290' title='bbox 971 4901 1317 4988; x_wconf 79' lang='lat' dir='ltr'><strong>personalis</strong></span> <span class='ocrx_word' id='word_1_291' title='bbox 1337 4900 1670 4968; x_wconf 77' lang='lat' dir='ltr'><strong>discretio:</strong></span> <span class='ocrx_word' id='word_1_292' title='bbox 1691 4899 1817 4966; x_wconf 84' lang='lat' dir='ltr'><strong>hoc</strong></span> 
     </span>
     <span class='ocr_line' id='line_1_43' title="bbox 311 5005 1818 5095; baseline 0 -22"><span class='ocrx_word' id='word_1_293' title='bbox 311 5013 455 5078; x_wconf 76' lang='lat' dir='ltr'><strong>enim</strong></span> <span class='ocrx_word' id='word_1_294' title='bbox 493 5014 755 5081; x_wconf 61' lang='lat' dir='ltr'><strong>uniebat</strong></span> <span class='ocrx_word' id='word_1_295' title='bbox 794 5012 963 5080; x_wconf 87' lang='lat' dir='ltr'><strong>unio</strong></span> <span class='ocrx_word' id='word_1_296' title='bbox 1014 5011 1217 5095; x_wconf 80' lang='lat' dir='ltr'><strong>ipsius</strong></span> <span class='ocrx_word' id='word_1_297' title='bbox 1258 5027 1413 5077; x_wconf 83' lang='lat' dir='ltr'><strong>eum</strong></span> <span class='ocrx_word' id='word_1_298' title='bbox 1458 5005 1690 5076; x_wconf 78' lang='lat' dir='ltr'><strong>Verbo·</strong></span> <span class='ocrx_word' id='word_1_299' title='bbox 1734 5006 1818 5074; x_wconf 85' lang='lat' dir='ltr'><strong>Et</strong></span> 
     </span>
     <span class='ocr_line' id='line_1_44' title="bbox 312 5115 1814 5206; baseline -0.006 -15"><span class='ocrx_word' id='word_1_300' title='bbox 312 5126 604 5205; x_wconf 72' lang='lat' dir='ltr'><strong>Propterea</strong></span> <span class='ocrx_word' id='word_1_301' title='bbox 642 5142 775 5193; x_wconf 87' lang='lat' dir='ltr'><strong>non</strong></span> <span class='ocrx_word' id='word_1_302' title='bbox 812 5120 1111 5206; x_wconf 73' lang='lat' dir='ltr'><strong>nequitur</strong></span> <span class='ocrx_word' id='word_1_303' title='bbox 1144 5137 1231 5187; x_wconf 79' lang='lat' dir='ltr'><strong>ex</strong></span> <span class='ocrx_word' id='word_1_304' title='bbox 1252 5118 1409 5200; x_wconf 78' lang='lat' dir='ltr'><strong>hoo,</strong></span> <span class='ocrx_word' id='word_1_305' title='bbox 1444 5116 1618 5202; x_wconf 74' lang='lat' dir='ltr'><strong>quod</strong></span> <span class='ocrx_word' id='word_1_306' title='bbox 1652 5115 1814 5184; x_wconf 89' lang='lat' dir='ltr'><strong>unio</strong></span> 
     </span>
    </p>
   </div>
   <div class='ocr_carea' id='block_1_5' title="bbox 322 5310 1808 5457">
    <p class='ocr_par' dir='ltr' id='par_1_7' title="bbox 322 5310 1808 5457">
     <span class='ocr_line' id='line_1_45' title="bbox 336 5310 1808 5400; baseline -0.01 -26"><span class='ocrx_word' id='word_1_307' title='bbox 336 5371 341 5374; x_wconf 18' lang='grc' dir='ltr'><strong>Α</strong></span> <span class='ocrx_word' id='word_1_308' title='bbox 372 5314 467 5378; x_wconf 74' lang='lat' dir='ltr'><strong>&#39;Cs-</strong></span> <span class='ocrx_word' id='word_1_309' title='bbox 492 5319 627 5394; x_wconf 28' lang='lat' dir='ltr'><strong>Ala-x‘¹</strong></span> <span class='ocrx_word' id='word_1_310' title='bbox 645 5322 846 5396; x_wconf 64' lang='lat' dir='ltr'><strong>Almp„</strong></span> <span class='ocrx_word' id='word_1_311' title='bbox 866 5332 923 5400; x_wconf 64' lang='lat' dir='ltr'><strong>p,</strong></span> <span class='ocrx_word' id='word_1_312' title='bbox 945 5315 1035 5400; x_wconf 65' lang='lat' dir='ltr'><strong>lli,</strong></span> <span class='ocrx_word' id='word_1_313' title='bbox 1055 5329 1104 5396; x_wconf 70' lang='lat' dir='ltr'><strong>q.</strong></span> <span class='ocrx_word' id='word_1_314' title='bbox 1129 5325 1211 5378; x_wconf 79' lang='grc' dir='ltr'><strong>ιιι,</strong></span> <span class='ocrx_word' id='word_1_315' title='bbox 1242 5311 1432 5364; x_wconf 86' lang='lat' dir='ltr'><strong>memb.</strong></span> <span class='ocrx_word' id='word_1_316' title='bbox 1454 5313 1510 5375; x_wconf 70' lang='grc' dir='ltr'><strong>ὃς</strong></span> <span class='ocrx_word' id='word_1_317' title='bbox 1529 5313 1583 5363; x_wconf 91' lang='lat' dir='ltr'><strong>S.</strong></span> <span class='ocrx_word' id='word_1_318' title='bbox 1605 5310 1808 5392; x_wconf 67' lang='lat' dir='ltr'><strong>Tbom„</strong></span> 
     </span>
     <span class='ocr_line' id='line_1_46' title="bbox 322 5371 1808 5457; baseline -0.01 -11"><span class='ocrx_word' id='word_1_319' title='bbox 322 5396 361 5446; x_wconf 75' lang='lat'><strong>1&gt;-</strong></span> <span class='ocrx_word' id='word_1_320' title='bbox 395 5388 467 5452; x_wconf 75' lang='grc' dir='ltr'><strong>ιιι,</strong></span> <span class='ocrx_word' id='word_1_321' title='bbox 492 5406 534 5457; x_wconf 85' lang='lat' dir='ltr'><strong>q.</strong></span> <span class='ocrx_word' id='word_1_322' title='bbox 564 5406 636 5457; x_wconf 73' lang='grc' dir='ltr'><strong>η,</strong></span> <span class='ocrx_word' id='word_1_323' title='bbox 670 5400 764 5447; x_wconf 78' lang='lat' dir='ltr'><strong>art.</strong></span> <span class='ocrx_word' id='word_1_324' title='bbox 789 5397 858 5455; x_wconf 82' lang='lat'><strong>2;</strong></span> <span class='ocrx_word' id='word_1_325' title='bbox 893 5381 1065 5453; x_wconf 72' lang='lat' dir='ltr'><strong>AEgm.</strong></span> <span class='ocrx_word' id='word_1_326' title='bbox 1099 5389 1269 5448; x_wconf 70' lang='lat' dir='ltr'><strong>nom„</strong></span> <span class='ocrx_word' id='word_1_327' title='bbox 1306 5371 1378 5433; x_wconf 74' lang='grc' dir='ltr'><strong>ιιι·</strong></span> <span class='ocrx_word' id='word_1_328' title='bbox 1413 5383 1573 5447; x_wconf 69' lang='lat' dir='ltr'><strong>Sene„</strong></span> <span class='ocrx_word' id='word_1_329' title='bbox 1604 5383 1719 5433; x_wconf 60' lang='lat' dir='ltr'><strong>dist.</strong></span> <span class='ocrx_word' id='word_1_330' title='bbox 1751 5393 1808 5443; x_wconf 84' lang='grc' dir='ltr'><strong>ιι,</strong></span> 
     </span>
    </p>
   </div>
   <div class='ocr_carea' id='block_1_6' title="bbox 321 5458 1807 5529">
    <p class='ocr_par' dir='ltr' id='par_1_8' title="bbox 321 5458 1807 5529">
     <span class='ocr_line' id='line_1_47' title="bbox 321 5458 1807 5529; baseline -0.007 -13"><span class='ocrx_word' id='word_1_331' title='bbox 321 5465 873 5529; x_wconf 28' lang='lat' dir='ltr'><strong>Rusti-RQ*</strong></span> <span class='ocrx_word' id='word_1_332' title='bbox 899 5461 970 5510; x_wconf 81' lang='grc' dir='ltr'><strong>ιιι</strong></span> <span class='ocrx_word' id='word_1_333' title='bbox 1006 5459 1165 5520; x_wconf 63' lang='lat' dir='ltr'><strong>Sat„</strong></span> <span class='ocrx_word' id='word_1_334' title='bbox 1205 5458 1322 5509; x_wconf 71' lang='lat' dir='ltr'><strong>dist.</strong></span> <span class='ocrx_word' id='word_1_335' title='bbox 1350 5458 1533 5518; x_wconf 63' lang='lat' dir='ltr'><strong>matt..</strong></span> <span class='ocrx_word' id='word_1_336' title='bbox 1563 5467 1621 5519; x_wconf 80' lang='lat' dir='ltr'><strong>u,</strong></span> <span class='ocrx_word' id='word_1_337' title='bbox 1649 5468 1699 5519; x_wconf 79' lang='lat' dir='ltr'><strong>q.</strong></span> <span class='ocrx_word' id='word_1_338' title='bbox 1732 5466 1807 5518; x_wconf 68' lang='grc' dir='ltr'><strong>ης</strong></span> 
     </span>
    </p>
   </div>
   <div class='ocr_carea' id='block_1_7' title="bbox 1947 581 3494 1096">
    <p class='ocr_par' dir='ltr' id='par_1_9' title="bbox 1947 581 3494 988">
     <span class='ocr_line' id='line_1_48' title="bbox 1948 581 3492 669; baseline 0.001 -21"><span class='ocrx_word' id='word_1_339' title='bbox 1948 585 2020 648; x_wconf 91' lang='lat' dir='ltr'><strong>in</strong></span> <span class='ocrx_word' id='word_1_340' title='bbox 2051 584 2363 651; x_wconf 84' lang='lat' dir='ltr'><strong>unitatem</strong></span> <span class='ocrx_word' id='word_1_341' title='bbox 2392 599 2682 669; x_wconf 79' lang='lat' dir='ltr'><strong>personae</strong></span> <span class='ocrx_word' id='word_1_342' title='bbox 2722 582 2863 648; x_wconf 82' lang='lat' dir='ltr'><strong>fleri</strong></span> <span class='ocrx_word' id='word_1_343' title='bbox 2906 581 3137 649; x_wconf 86' lang='lat' dir='ltr'><strong>habeat</strong></span> <span class='ocrx_word' id='word_1_344' title='bbox 3175 583 3492 651; x_wconf 85' lang='lat' dir='ltr'><strong>mediante</strong></span> 
     </span>
     <span class='ocr_line' id='line_1_49' title="bbox 1948 688 3493 775; baseline 0.001 -20"><span class='ocrx_word' id='word_1_345' title='bbox 1948 691 2168 775; x_wconf 89' lang='lat' dir='ltr'><strong>aliquo</strong></span> <span class='ocrx_word' id='word_1_346' title='bbox 2194 690 2418 756; x_wconf 87' lang='lat' dir='ltr'><strong>habitu</strong></span> <span class='ocrx_word' id='word_1_347' title='bbox 2435 690 2738 772; x_wconf 79' lang='lat' dir='ltr'><strong>gratuito.</strong></span> <span class='ocrx_word' id='word_1_348' title='bbox 2758 688 3127 773; x_wconf 82' lang='lat' dir='ltr'><strong>Assumptio</strong></span> <span class='ocrx_word' id='word_1_349' title='bbox 3151 690 3323 756; x_wconf 88' lang='lat' dir='ltr'><strong>enim</strong></span> <span class='ocrx_word' id='word_1_350' title='bbox 3350 707 3493 775; x_wconf 85' lang='lat' dir='ltr'><strong>pro-</strong></span> 
     </span>
     <span class='ocr_line' id='line_1_50' title="bbox 1948 795 3494 881; baseline 0.001 -19"><span class='ocrx_word' id='word_1_351' title='bbox 1948 799 2086 881; x_wconf 88' lang='lat' dir='ltr'><strong>prie</strong></span> <span class='ocrx_word' id='word_1_352' title='bbox 2113 797 2368 881; x_wconf 78' lang='lat' dir='ltr'><strong>respicit</strong></span> <span class='ocrx_word' id='word_1_353' title='bbox 2393 795 2597 881; x_wconf 83' lang='lat' dir='ltr'><strong>ipsam</strong></span> <span class='ocrx_word' id='word_1_354' title='bbox 2634 800 2969 875; x_wconf 87' lang='lat' dir='ltr'><strong>naturam,</strong></span> <span class='ocrx_word' id='word_1_355' title='bbox 3012 795 3315 880; x_wconf 78' lang='lat' dir='ltr'><strong>quamvis</strong></span> <span class='ocrx_word' id='word_1_356' title='bbox 3338 815 3494 864; x_wconf 87' lang='lat' dir='ltr'><strong>oon·</strong></span> 
     </span>
     <span class='ocr_line' id='line_1_51' title="bbox 1947 903 3213 988; baseline -0.001 -19"><span class='ocrx_word' id='word_1_357' title='bbox 1947 925 2114 988; x_wconf 81' lang='lat' dir='ltr'><strong>grue</strong></span> <span class='ocrx_word' id='word_1_358' title='bbox 2136 923 2267 970; x_wconf 90' lang='lat' dir='ltr'><strong>non</strong></span> <span class='ocrx_word' id='word_1_359' title='bbox 2296 904 2527 970; x_wconf 87' lang='lat' dir='ltr'><strong>habeat</strong></span> <span class='ocrx_word' id='word_1_360' title='bbox 2550 905 2689 969; x_wconf 85' lang='lat' dir='ltr'><strong>fleri</strong></span> <span class='ocrx_word' id='word_1_361' title='bbox 2715 903 2955 987; x_wconf 82' lang='lat' dir='ltr'><strong>absque</strong></span> <span class='ocrx_word' id='word_1_362' title='bbox 2980 903 3213 986; x_wconf 80' lang='lat' dir='ltr'><strong>gratia.</strong></span> 
     </span>
    </p>

    <p class='ocr_par' dir='ltr' id='par_1_10' title="bbox 2026 1010 3493 1096">
     <span class='ocr_line' id='line_1_52' title="bbox 2026 1010 3493 1096; baseline 0.001 -19"><span class='ocrx_word' id='word_1_363' title='bbox 2026 1016 2089 1077; x_wconf 84' lang='lat'><strong>6.</strong></span> <span class='ocrx_word' id='word_1_364' title='bbox 2127 1012 2225 1076; x_wconf 82' lang='lat' dir='ltr'><strong>Ad</strong></span> <span class='ocrx_word' id='word_1_365' title='bbox 2267 1011 2422 1076; x_wconf 90' lang='lat' dir='ltr'><strong>illud</strong></span> <span class='ocrx_word' id='word_1_366' title='bbox 2450 1012 2624 1095; x_wconf 87' lang='lat' dir='ltr'><strong>quod</strong></span> <span class='ocrx_word' id='word_1_367' title='bbox 2656 1010 2888 1076; x_wconf 85' lang='lat' dir='ltr'><strong>ultimo</strong></span> <span class='ocrx_word' id='word_1_368' title='bbox 2918 1010 3284 1094; x_wconf 86' lang='lat' dir='ltr'><strong>opponitur,</strong></span> <span class='ocrx_word' id='word_1_369' title='bbox 3317 1013 3493 1096; x_wconf 91' lang='lat' dir='ltr'><strong>quod</strong></span> 
     </span>
    </p>
   </div>
   <div class='ocr_carea' id='block_1_8' title="bbox 1946 1116 3626 1203">
    <p class='ocr_par' dir='ltr' id='par_1_11' title="bbox 1946 1116 3626 1203">
     <span class='ocr_line' id='line_1_53' title="bbox 1946 1116 3626 1203; baseline -0.001 -18"><span class='ocrx_word' id='word_1_370' title='bbox 1946 1120 2124 1185; x_wconf 87' lang='lat' dir='ltr'><strong>uniri</strong></span> <span class='ocrx_word' id='word_1_371' title='bbox 2168 1119 2405 1185; x_wconf 85' lang='lat' dir='ltr'><strong>divinae</strong></span> <span class='ocrx_word' id='word_1_372' title='bbox 2442 1122 2696 1184; x_wconf 79' lang='lat' dir='ltr'><strong>naturae</strong></span> <span class='ocrx_word' id='word_1_373' title='bbox 2724 1116 3167 1202; x_wconf 81' lang='lat' dir='ltr'><strong>superexcellit</strong></span> <span class='ocrx_word' id='word_1_374' title='bbox 3213 1117 3493 1199; x_wconf 80' lang='lat' dir='ltr'><strong>gradum</strong></span> <span class='ocrx_word' id='word_1_375' title='bbox 3613 1186 3626 1203; x_wconf 57' lang='grc'><strong>,</strong></span> 
     </span>
    </p>
   </div>
   <div class='ocr_carea' id='block_1_9' title="bbox 1934 1225 3496 3354">
    <p class='ocr_par' dir='ltr' id='par_1_12' title="bbox 1934 1225 3496 3354">
     <span class='ocr_line' id='line_1_54' title="bbox 1946 1225 3494 1310; baseline 0.001 -18"><span class='ocrx_word' id='word_1_376' title='bbox 1946 1230 2280 1306; x_wconf 79' lang='lat' dir='ltr'><strong>creaturae,</strong></span> <span class='ocrx_word' id='word_1_377' title='bbox 2300 1227 2640 1293; x_wconf 89' lang='lat' dir='ltr'><strong>dicendum</strong></span> <span class='ocrx_word' id='word_1_378' title='bbox 2661 1226 2833 1310; x_wconf 90' lang='lat' dir='ltr'><strong>quod</strong></span> <span class='ocrx_word' id='word_1_379' title='bbox 2856 1242 3089 1292; x_wconf 78' lang='lat' dir='ltr'><strong>verum</strong></span> <span class='ocrx_word' id='word_1_380' title='bbox 3110 1227 3236 1305; x_wconf 66' lang='lat' dir='ltr'><strong>oet3</strong></span> <span class='ocrx_word' id='word_1_381' title='bbox 3263 1227 3328 1291; x_wconf 88' lang='lat' dir='ltr'><strong>et</strong></span> <span class='ocrx_word' id='word_1_382' title='bbox 3350 1225 3494 1293; x_wconf 87' lang='lat' dir='ltr'><strong>ideo</strong></span> 
     </span>
     <span class='ocr_line' id='line_1_55' title="bbox 1945 1331 3496 1419; baseline -0.001 -19"><span class='ocrx_word' id='word_1_383' title='bbox 1945 1335 2422 1400; x_wconf 85' lang='lat' dir='ltr'><strong>concedendum</strong></span> <span class='ocrx_word' id='word_1_384' title='bbox 2448 1339 2564 1417; x_wconf 81' lang='lat' dir='ltr'><strong>est,</strong></span> <span class='ocrx_word' id='word_1_385' title='bbox 2596 1333 2771 1419; x_wconf 90' lang='lat' dir='ltr'><strong>quod</strong></span> <span class='ocrx_word' id='word_1_386' title='bbox 2807 1332 2950 1398; x_wconf 82' lang='lat' dir='ltr'><strong>talis</strong></span> <span class='ocrx_word' id='word_1_387' title='bbox 2986 1331 3143 1398; x_wconf 86' lang='lat' dir='ltr'><strong>uuio</strong></span> <span class='ocrx_word' id='word_1_388' title='bbox 3173 1350 3257 1399; x_wconf 84' lang='lat' dir='ltr'><strong>ex</strong></span> <span class='ocrx_word' id='word_1_389' title='bbox 3280 1332 3496 1415; x_wconf 78' lang='lat' dir='ltr'><strong>gratia</strong></span> 
     </span>
     <span class='ocr_line' id='line_1_56' title="bbox 1945 1437 3492 1529; baseline -0.001 -23"><span class='ocrx_word' id='word_1_390' title='bbox 1945 1442 2055 1521; x_wconf 81' lang='lat' dir='ltr'><strong>ait3</strong></span> <span class='ocrx_word' id='word_1_391' title='bbox 2102 1442 2214 1507; x_wconf 69' lang='lat' dir='ltr'><strong>sed</strong></span> <span class='ocrx_word' id='word_1_392' title='bbox 2252 1445 2469 1506; x_wconf 89' lang='lat' dir='ltr'><strong>tamen</strong></span> <span class='ocrx_word' id='word_1_393' title='bbox 2507 1459 2638 1506; x_wconf 91' lang='lat' dir='ltr'><strong>non</strong></span> <span class='ocrx_word' id='word_1_394' title='bbox 2663 1439 2958 1524; x_wconf 79' lang='lat' dir='ltr'><strong>sequitur</strong></span> <span class='ocrx_word' id='word_1_395' title='bbox 2994 1457 3079 1504; x_wconf 81' lang='lat' dir='ltr'><strong>ex</strong></span> <span class='ocrx_word' id='word_1_396' title='bbox 3120 1437 3274 1519; x_wconf 83' lang='lat' dir='ltr'><strong>hoc,</strong></span> <span class='ocrx_word' id='word_1_397' title='bbox 3317 1439 3492 1529; x_wconf 89' lang='lat' dir='ltr'><strong>quod</strong></span> 
     </span>
     <span class='ocr_line' id='line_1_57' title="bbox 1944 1546 3492 1634; baseline -0.002 -19"><span class='ocrx_word' id='word_1_398' title='bbox 1944 1550 2056 1615; x_wconf 85' lang='lat' dir='ltr'><strong>ssat</strong></span> <span class='ocrx_word' id='word_1_399' title='bbox 2097 1567 2213 1634; x_wconf 88' lang='lat' dir='ltr'><strong>per</strong></span> <span class='ocrx_word' id='word_1_400' title='bbox 2243 1548 2488 1615; x_wconf 90' lang='lat' dir='ltr'><strong>donum</strong></span> <span class='ocrx_word' id='word_1_401' title='bbox 2529 1546 2755 1631; x_wconf 78' lang='lat' dir='ltr'><strong>gratiae</strong></span> <span class='ocrx_word' id='word_1_402' title='bbox 2803 1548 3053 1626; x_wconf 83' lang='lat' dir='ltr'><strong>creatae,</strong></span> <span class='ocrx_word' id='word_1_403' title='bbox 3104 1546 3260 1629; x_wconf 86' lang='lat' dir='ltr'><strong>quia</strong></span> <span class='ocrx_word' id='word_1_404' title='bbox 3300 1563 3492 1613; x_wconf 91' lang='lat' dir='ltr'><strong>omne</strong></span> 
     </span>
     <span class='ocr_line' id='line_1_58' title="bbox 1943 1651 3490 1723; baseline -0.004 0"><span class='ocrx_word' id='word_1_405' title='bbox 1943 1656 2190 1723; x_wconf 89' lang='lat' dir='ltr'><strong>donum</strong></span> <span class='ocrx_word' id='word_1_406' title='bbox 2206 1660 2492 1721; x_wconf 89' lang='lat' dir='ltr'><strong>creatum</strong></span> <span class='ocrx_word' id='word_1_407' title='bbox 2509 1659 2604 1720; x_wconf 88' lang='lat' dir='ltr'><strong>est</strong></span> <span class='ocrx_word' id='word_1_408' title='bbox 2617 1655 2735 1719; x_wconf 84' lang='lat' dir='ltr'><strong>hac</strong></span> <span class='ocrx_word' id='word_1_409' title='bbox 2749 1653 2991 1719; x_wconf 90' lang='lat' dir='ltr'><strong>unione</strong></span> <span class='ocrx_word' id='word_1_410' title='bbox 3007 1652 3295 1718; x_wconf 78' lang='lat' dir='ltr'><strong>interius.</strong></span> <span class='ocrx_word' id='word_1_411' title='bbox 3310 1651 3490 1719; x_wconf 88' lang='lat' dir='ltr'><strong>Unde</strong></span> 
     </span>
     <span class='ocr_line' id='line_1_59' title="bbox 1943 1761 3489 1847; baseline 0 -20"><span class='ocrx_word' id='word_1_412' title='bbox 1943 1763 1997 1827; x_wconf 79' lang='lat' dir='ltr'><strong>ai</strong></span> <span class='ocrx_word' id='word_1_413' title='bbox 2013 1766 2345 1847; x_wconf 81' lang='lat' dir='ltr'><strong>quaeratur</strong></span> <span class='ocrx_word' id='word_1_414' title='bbox 2368 1767 2591 1829; x_wconf 88' lang='lat' dir='ltr'><strong>utrum</strong></span> <span class='ocrx_word' id='word_1_415' title='bbox 2617 1762 2831 1846; x_wconf 81' lang='lat' dir='ltr'><strong>gratia</strong></span> <span class='ocrx_word' id='word_1_416' title='bbox 2854 1761 3112 1828; x_wconf 84' lang='lat' dir='ltr'><strong>unionis</strong></span> <span class='ocrx_word' id='word_1_417' title='bbox 3140 1761 3308 1827; x_wconf 86' lang='lat' dir='ltr'><strong>dicat</strong></span> <span class='ocrx_word' id='word_1_418' title='bbox 3329 1761 3489 1844; x_wconf 90' lang='lat' dir='ltr'><strong>quid</strong></span> 
     </span>
     <span class='ocr_line' id='line_1_60' title="bbox 1944 1871 3492 1956; baseline 0 -19"><span class='ocrx_word' id='word_1_419' title='bbox 1944 1877 2226 1939; x_wconf 88' lang='lat' dir='ltr'><strong>creatum</strong></span> <span class='ocrx_word' id='word_1_420' title='bbox 2243 1923 2261 1956; x_wconf 89' lang='lat'>‚</span> <span class='ocrx_word' id='word_1_421' title='bbox 2317 1878 2435 1940; x_wconf 91' lang='lat' dir='ltr'><strong>aut</strong></span> <span class='ocrx_word' id='word_1_422' title='bbox 2488 1874 2876 1953; x_wconf 86' lang='lat' dir='ltr'><strong>increatum,</strong></span> <span class='ocrx_word' id='word_1_423' title='bbox 2926 1871 3265 1937; x_wconf 85' lang='lat' dir='ltr'><strong>dicendum</strong></span> <span class='ocrx_word' id='word_1_424' title='bbox 3320 1871 3492 1956; x_wconf 92' lang='lat' dir='ltr'><strong>quod</strong></span> 
     </span>
     <span class='ocr_line' id='line_1_61' title="bbox 1945 1977 3493 2065; baseline -0.001 -20"><span class='ocrx_word' id='word_1_425' title='bbox 1945 1982 2156 2063; x_wconf 82' lang='lat' dir='ltr'><strong>gratia</strong></span> <span class='ocrx_word' id='word_1_426' title='bbox 2181 1983 2438 2047; x_wconf 84' lang='lat' dir='ltr'><strong>unionis</strong></span> <span class='ocrx_word' id='word_1_427' title='bbox 2465 1982 2792 2065; x_wconf 85' lang='lat' dir='ltr'><strong>tripliciter</strong></span> <span class='ocrx_word' id='word_1_428' title='bbox 2813 1983 3016 2065; x_wconf 81' lang='lat' dir='ltr'><strong>potest</strong></span> <span class='ocrx_word' id='word_1_429' title='bbox 3036 1978 3256 2063; x_wconf 81' lang='lat' dir='ltr'><strong>accipi.</strong></span> <span class='ocrx_word' id='word_1_430' title='bbox 3282 1977 3493 2044; x_wconf 77' lang='lat' dir='ltr'><strong>Potest</strong></span> 
     </span>
     <span class='ocr_line' id='line_1_62' title="bbox 1942 2086 3490 2171; baseline 0.001 -20"><span class='ocrx_word' id='word_1_431' title='bbox 1942 2088 2118 2152; x_wconf 85' lang='lat' dir='ltr'><strong>enim</strong></span> <span class='ocrx_word' id='word_1_432' title='bbox 2145 2089 2354 2171; x_wconf 77' lang='lat' dir='ltr'><strong>gratio</strong></span> <span class='ocrx_word' id='word_1_433' title='bbox 2380 2088 2636 2155; x_wconf 82' lang='lat' dir='ltr'><strong>unionis</strong></span> <span class='ocrx_word' id='word_1_434' title='bbox 2678 2087 2804 2153; x_wconf 90' lang='lat' dir='ltr'><strong>dici</strong></span> <span class='ocrx_word' id='word_1_435' title='bbox 2830 2086 2989 2153; x_wconf 85' lang='lat' dir='ltr'><strong>illud</strong></span> <span class='ocrx_word' id='word_1_436' title='bbox 3015 2104 3129 2170; x_wconf 89' lang='lat' dir='ltr'><strong>per</strong></span> <span class='ocrx_word' id='word_1_437' title='bbox 3152 2086 3327 2170; x_wconf 91' lang='lat' dir='ltr'><strong>quod</strong></span> <span class='ocrx_word' id='word_1_438' title='bbox 3349 2086 3490 2152; x_wconf 77' lang='lat' dir='ltr'><strong>etfl-</strong></span> 
     </span>
     <span class='ocr_line' id='line_1_63' title="bbox 1942 2194 3493 2279; baseline 0.001 -21"><span class='ocrx_word' id='word_1_439' title='bbox 1942 2196 2110 2260; x_wconf 86' lang='lat' dir='ltr'><strong>citur</strong></span> <span class='ocrx_word' id='word_1_440' title='bbox 2133 2197 2351 2262; x_wconf 89' lang='lat' dir='ltr'><strong>anima</strong></span> <span class='ocrx_word' id='word_1_441' title='bbox 2380 2196 2581 2279; x_wconf 79' lang='lat' dir='ltr'><strong>gratis</strong></span> <span class='ocrx_word' id='word_1_442' title='bbox 2619 2213 2909 2278; x_wconf 82' lang='lat' dir='ltr'><strong>congrua</strong></span> <span class='ocrx_word' id='word_1_443' title='bbox 2945 2195 3027 2260; x_wconf 93' lang='lat' dir='ltr'><strong>ad</strong></span> <span class='ocrx_word' id='word_1_444' title='bbox 3055 2194 3398 2273; x_wconf 78' lang='lat' dir='ltr'><strong>unionem,</strong></span> <span class='ocrx_word' id='word_1_445' title='bbox 3427 2197 3493 2260; x_wconf 89' lang='lat' dir='ltr'><strong>et</strong></span> 
     </span>
     <span class='ocr_line' id='line_1_64' title="bbox 1940 2302 3492 2387; baseline 0 -20"><span class='ocrx_word' id='word_1_446' title='bbox 1940 2303 2034 2367; x_wconf 85' lang='lat' dir='ltr'><strong>sic</strong></span> <span class='ocrx_word' id='word_1_447' title='bbox 2054 2303 2207 2368; x_wconf 86' lang='lat' dir='ltr'><strong>dicit</strong></span> <span class='ocrx_word' id='word_1_448' title='bbox 2226 2305 2468 2369; x_wconf 90' lang='lat' dir='ltr'><strong>donum</strong></span> <span class='ocrx_word' id='word_1_449' title='bbox 2492 2302 2720 2387; x_wconf 66' lang='lat' dir='ltr'><strong>gratia!</strong></span> <span class='ocrx_word' id='word_1_450' title='bbox 2748 2306 2977 2368; x_wconf 79' lang='lat' dir='ltr'><strong>creatae</strong></span> <span class='ocrx_word' id='word_1_451' title='bbox 3006 2319 3123 2386; x_wconf 87' lang='lat' dir='ltr'><strong>per</strong></span> <span class='ocrx_word' id='word_1_452' title='bbox 3150 2302 3321 2385; x_wconf 93' lang='lat' dir='ltr'><strong>quod</strong></span> <span class='ocrx_word' id='word_1_453' title='bbox 3348 2302 3492 2367; x_wconf 88' lang='lat' dir='ltr'><strong>ani·</strong></span> 
     </span>
     <span class='ocr_line' id='line_1_65' title="bbox 1940 2408 3492 2477; baseline -0.001 -1"><span class='ocrx_word' id='word_1_454' title='bbox 1940 2428 2049 2476; x_wconf 86' lang='lat' dir='ltr'><strong>ma</strong></span> <span class='ocrx_word' id='word_1_455' title='bbox 2102 2412 2330 2476; x_wconf 85' lang='lat' dir='ltr'><strong>habuit</strong></span> <span class='ocrx_word' id='word_1_456' title='bbox 2363 2411 2741 2477; x_wconf 79' lang='lat' dir='ltr'><strong>excellenter</strong></span> <span class='ocrx_word' id='word_1_457' title='bbox 2788 2409 3302 2476; x_wconf 76' lang='lat' dir='ltr'><strong>deiformitatem.</strong></span> <span class='ocrx_word' id='word_1_458' title='bbox 3347 2408 3492 2475; x_wconf 83' lang='lat' dir='ltr'><strong>Alio</strong></span> 
     </span>
     <span class='ocr_line' id='line_1_66' title="bbox 1941 2516 3487 2603; baseline -0.001 -20"><span class='ocrx_word' id='word_1_459' title='bbox 1941 2518 2132 2584; x_wconf 94' lang='lat' dir='ltr'><strong>modo</strong></span> <span class='ocrx_word' id='word_1_460' title='bbox 2158 2519 2391 2584; x_wconf 86' lang='lat' dir='ltr'><strong>dieitur</strong></span> <span class='ocrx_word' id='word_1_461' title='bbox 2416 2519 2627 2603; x_wconf 80' lang='lat' dir='ltr'><strong>gratia</strong></span> <span class='ocrx_word' id='word_1_462' title='bbox 2652 2516 2935 2598; x_wconf 73' lang='lat' dir='ltr'><strong>unioni5‚</strong></span> <span class='ocrx_word' id='word_1_463' title='bbox 2956 2516 3167 2599; x_wconf 78' lang='lat' dir='ltr'><strong>gratia</strong></span> <span class='ocrx_word' id='word_1_464' title='bbox 3191 2516 3487 2582; x_wconf 79' lang='lat' dir='ltr'><strong>effectiva</strong></span> 
     </span>
     <span class='ocr_line' id='line_1_67' title="bbox 1940 2623 3486 2708; baseline -0.001 -17"><span class='ocrx_word' id='word_1_465' title='bbox 1940 2625 2228 2705; x_wconf 84' lang='lat' dir='ltr'><strong>unionis;</strong></span> <span class='ocrx_word' id='word_1_466' title='bbox 2259 2630 2323 2690; x_wconf 89' lang='lat' dir='ltr'><strong>et</strong></span> <span class='ocrx_word' id='word_1_467' title='bbox 2348 2627 2439 2690; x_wconf 83' lang='lat' dir='ltr'><strong>sic</strong></span> <span class='ocrx_word' id='word_1_468' title='bbox 2458 2625 2605 2690; x_wconf 88' lang='lat' dir='ltr'><strong>dicit</strong></span> <span class='ocrx_word' id='word_1_469' title='bbox 2631 2626 2876 2691; x_wconf 89' lang='lat' dir='ltr'><strong>donum</strong></span> <span class='ocrx_word' id='word_1_470' title='bbox 2899 2624 3133 2708; x_wconf 82' lang='lat' dir='ltr'><strong>gratiae</strong></span> <span class='ocrx_word' id='word_1_471' title='bbox 3158 2623 3486 2690; x_wconf 79' lang='lat' dir='ltr'><strong>increatae.</strong></span> 
     </span>
     <span class='ocr_line' id='line_1_68' title="bbox 1939 2730 3492 2818; baseline -0.001 -21"><span class='ocrx_word' id='word_1_472' title='bbox 1939 2731 2148 2798; x_wconf 88' lang='lat' dir='ltr'><strong>Tertio</strong></span> <span class='ocrx_word' id='word_1_473' title='bbox 2183 2736 2374 2800; x_wconf 91' lang='lat' dir='ltr'><strong>modo</strong></span> <span class='ocrx_word' id='word_1_474' title='bbox 2411 2738 2619 2818; x_wconf 81' lang='lat' dir='ltr'><strong>potest</strong></span> <span class='ocrx_word' id='word_1_475' title='bbox 2663 2733 2786 2799; x_wconf 88' lang='lat' dir='ltr'><strong>dici</strong></span> <span class='ocrx_word' id='word_1_476' title='bbox 2813 2732 3028 2817; x_wconf 82' lang='lat' dir='ltr'><strong>gratia</strong></span> <span class='ocrx_word' id='word_1_477' title='bbox 3055 2731 3318 2797; x_wconf 85' lang='lat' dir='ltr'><strong>unionis</strong></span> <span class='ocrx_word' id='word_1_478' title='bbox 3351 2730 3492 2815; x_wconf 83' lang='lat' dir='ltr'><strong>ipsa</strong></span> 
     </span>
     <span class='ocr_line' id='line_1_69' title="bbox 1939 2839 3490 2925; baseline -0.001 -18"><span class='ocrx_word' id='word_1_479' title='bbox 1939 2840 2098 2907; x_wconf 91' lang='lat' dir='ltr'><strong>unio</strong></span> <span class='ocrx_word' id='word_1_480' title='bbox 2138 2842 2455 2925; x_wconf 80' lang='lat' dir='ltr'><strong>gratuita,</strong></span> <span class='ocrx_word' id='word_1_481' title='bbox 2495 2844 2633 2907; x_wconf 81' lang='lat' dir='ltr'><strong>aive</strong></span> <span class='ocrx_word' id='word_1_482' title='bbox 2672 2843 2874 2925; x_wconf 79' lang='lat' dir='ltr'><strong>gratis</strong></span> <span class='ocrx_word' id='word_1_483' title='bbox 2929 2841 3133 2906; x_wconf 76' lang='lat' dir='ltr'><strong>facta:</strong></span> <span class='ocrx_word' id='word_1_484' title='bbox 3183 2841 3248 2905; x_wconf 84' lang='lat' dir='ltr'><strong>et</strong></span> <span class='ocrx_word' id='word_1_485' title='bbox 3279 2839 3372 2904; x_wconf 84' lang='lat' dir='ltr'><strong>sic</strong></span> <span class='ocrx_word' id='word_1_486' title='bbox 3406 2857 3490 2905; x_wconf 85' lang='lat' dir='ltr'><strong>ex</strong></span> 
     </span>
     <span class='ocr_line' id='line_1_70' title="bbox 1938 2946 3484 3041; baseline 0.001 -29"><span class='ocrx_word' id='word_1_487' title='bbox 1938 2952 2118 3032; x_wconf 87' lang='lat' dir='ltr'><strong>parte</strong></span> <span class='ocrx_word' id='word_1_488' title='bbox 2153 2948 2391 3015; x_wconf 79' lang='lat' dir='ltr'><strong>divinae</strong></span> <span class='ocrx_word' id='word_1_489' title='bbox 2434 2954 2685 3015; x_wconf 81' lang='lat' dir='ltr'><strong>naturae</strong></span> <span class='ocrx_word' id='word_1_490' title='bbox 2721 2949 2874 3015; x_wconf 87' lang='lat' dir='ltr'><strong>dicit</strong></span> <span class='ocrx_word' id='word_1_491' title='bbox 2901 2947 3060 3035; x_wconf 88' lang='lat' dir='ltr'><strong>quid</strong></span> <span class='ocrx_word' id='word_1_492' title='bbox 3088 2946 3484 3041; x_wconf 80' lang='lat' dir='ltr'><strong>increatum3</strong></span> 
     </span>
     <span class='ocr_line' id='line_1_71' title="bbox 1935 3053 3485 3140; baseline -0.002 -19"><span class='ocrx_word' id='word_1_493' title='bbox 1935 3074 2018 3121; x_wconf 86' lang='lat' dir='ltr'><strong>ex</strong></span> <span class='ocrx_word' id='word_1_494' title='bbox 2037 3059 2216 3139; x_wconf 88' lang='lat' dir='ltr'><strong>parte</strong></span> <span class='ocrx_word' id='word_1_495' title='bbox 2231 3056 2536 3122; x_wconf 81' lang='lat' dir='ltr'><strong>humauae</strong></span> <span class='ocrx_word' id='word_1_496' title='bbox 2554 3059 2803 3123; x_wconf 81' lang='lat' dir='ltr'><strong>naturae</strong></span> <span class='ocrx_word' id='word_1_497' title='bbox 2822 3056 2973 3122; x_wconf 82' lang='lat' dir='ltr'><strong>dicit</strong></span> <span class='ocrx_word' id='word_1_498' title='bbox 2993 3053 3151 3140; x_wconf 90' lang='lat' dir='ltr'><strong>quid</strong></span> <span class='ocrx_word' id='word_1_499' title='bbox 3174 3057 3485 3135; x_wconf 84' lang='lat' dir='ltr'><strong>creatum,</strong></span> 
     </span>
     <span class='ocr_line' id='line_1_72' title="bbox 1936 3164 3489 3246; baseline -0.001 -16"><span class='ocrx_word' id='word_1_500' title='bbox 1936 3184 2067 3230; x_wconf 92' lang='lat' dir='ltr'><strong>non</strong></span> <span class='ocrx_word' id='word_1_501' title='bbox 2107 3164 2476 3232; x_wconf 89' lang='lat' dir='ltr'><strong>absolutum</strong></span> <span class='ocrx_word' id='word_1_502' title='bbox 2494 3213 2512 3246; x_wconf 84' lang='lat'>‚</span> <span class='ocrx_word' id='word_1_503' title='bbox 2552 3165 2664 3232; x_wconf 80' lang='lat' dir='ltr'><strong>aed</strong></span> <span class='ocrx_word' id='word_1_504' title='bbox 2707 3164 2981 3233; x_wconf 86' lang='lat' dir='ltr'><strong>relatum</strong></span> <span class='ocrx_word' id='word_1_505' title='bbox 3010 3185 3028 3232; x_wconf 70' lang='grc' dir='ltr'><strong><em>ε</em></strong></span> <span class='ocrx_word' id='word_1_506' title='bbox 3073 3168 3138 3234; x_wconf 89' lang='lat' dir='ltr'><strong>et</strong></span> <span class='ocrx_word' id='word_1_507' title='bbox 3180 3164 3273 3229; x_wconf 77' lang='lat' dir='ltr'><strong>sic</strong></span> <span class='ocrx_word' id='word_1_508' title='bbox 3317 3165 3489 3246; x_wconf 89' lang='lat' dir='ltr'><strong>patet</strong></span> 
     </span>
     <span class='ocr_line' id='line_1_73' title="bbox 1934 3277 2317 3354; baseline 0.003 -15"><span class='ocrx_word' id='word_1_509' title='bbox 1934 3277 2168 3354; x_wconf 91' lang='lat' dir='ltr'><strong>totum,</strong></span> <span class='ocrx_word' id='word_1_510' title='bbox 2198 3279 2317 3340; x_wconf 87' lang='lat' dir='ltr'><strong>etc.</strong></span> 
     </span>
    </p>
   </div>
   <div class='ocr_carea' id='block_1_10' title="bbox 2454 3515 2971 3595">
    <p class='ocr_par' dir='ltr' id='par_1_13' title="bbox 2454 3515 2971 3595">
     <span class='ocr_line' id='line_1_74' title="bbox 2454 3515 2971 3595; baseline -0.002 -13"><span class='ocrx_word' id='word_1_511' title='bbox 2454 3515 2814 3595; x_wconf 78' lang='lat' dir='ltr'>QUAESTIO</span> <span class='ocrx_word' id='word_1_512' title='bbox 2863 3515 2971 3582; x_wconf 89' lang='lat'><strong>111.</strong></span> 
     </span>
    </p>
   </div>
   <div class='ocr_carea' id='block_1_11' title="bbox 1934 3641 3481 3840">
    <p class='ocr_par' dir='ltr' id='par_1_14' title="bbox 1934 3641 3481 3840">
     <span class='ocr_line' id='line_1_75' title="bbox 1934 3641 3481 3732; baseline -0.002 0"><span class='ocrx_word' id='word_1_513' title='bbox 1934 3681 2027 3732; x_wconf 81' lang='lat' dir='ltr'><strong>An</strong></span> <span class='ocrx_word' id='word_1_514' title='bbox 2055 3673 2290 3732; x_wconf 73' lang='lat' dir='ltr'><strong>Verbum</strong></span> <span class='ocrx_word' id='word_1_515' title='bbox 2322 3641 2533 3730; x_wconf 60' lang='lat' dir='ltr'><strong>umtton</strong></span> <span class='ocrx_word' id='word_1_516' title='bbox 2568 3676 2644 3728; x_wconf 76' lang='lat' dir='ltr'><strong>sit</strong></span> <span class='ocrx_word' id='word_1_517' title='bbox 2668 3672 2914 3728; x_wconf 67' lang='lat' dir='ltr'><strong>humanm</strong></span> <span class='ocrx_word' id='word_1_518' title='bbox 2955 3674 3169 3728; x_wconf 72' lang='lat' dir='ltr'><strong>natum</strong></span> <span class='ocrx_word' id='word_1_519' title='bbox 3211 3669 3481 3730; x_wconf 75' lang='lat' dir='ltr'><strong>mediante</strong></span> 
     </span>
     <span class='ocr_line' id='line_1_76' title="bbox 2463 3758 3014 3840; baseline -0.005 -21"><span class='ocrx_word' id='word_1_520' title='bbox 2463 3762 2682 3835; x_wconf 74' lang='lat' dir='ltr'><strong>spiritu</strong></span> <span class='ocrx_word' id='word_1_521' title='bbox 2706 3763 2889 3820; x_wconf 74' lang='lat' dir='ltr'><strong>sancto</strong></span> <span class='ocrx_word' id='word_1_522' title='bbox 2919 3758 2957 3816; x_wconf 89' lang='lat'><strong>¹.</strong></span> <span class='ocrx_word' id='word_1_523' title='bbox 3011 3837 3014 3840; x_wconf 21' lang='grc' dir='ltr'>Ι</span> 
     </span>
    </p>
   </div>
   <div class='ocr_carea' id='block_1_12' title="bbox 2014 3921 3715 4024">
    <p class='ocr_par' dir='ltr' id='par_1_15' title="bbox 2014 3921 3715 4024">
     <span class='ocr_line' id='line_1_77' title="bbox 2014 3921 3715 4024; baseline 0.001 -30"><span class='ocrx_word' id='word_1_524' title='bbox 2014 3926 2243 4008; x_wconf 83' lang='lat' dir='ltr'><strong>Utrum</strong></span> <span class='ocrx_word' id='word_1_525' title='bbox 2282 3924 2567 3993; x_wconf 78' lang='lat' dir='ltr'><strong>Verbum</strong></span> <span class='ocrx_word' id='word_1_526' title='bbox 2607 3924 2693 3988; x_wconf 82' lang='lat' dir='ltr'><strong>ait</strong></span> <span class='ocrx_word' id='word_1_527' title='bbox 2728 3921 2990 3990; x_wconf 87' lang='lat' dir='ltr'><strong>unitum</strong></span> <span class='ocrx_word' id='word_1_528' title='bbox 3026 3923 3334 3992; x_wconf 72' lang='lat' dir='ltr'><strong>humanm</strong></span> <span class='ocrx_word' id='word_1_529' title='bbox 3358 3943 3476 3993; x_wconf 90' lang='lat' dir='ltr'><strong>na-</strong></span> <span class='ocrx_word' id='word_1_530' title='bbox 3508 3966 3578 4011; x_wconf 57' lang='lat' dir='ltr'><strong>Ad</strong></span> <span class='ocrx_word' id='word_1_531' title='bbox 3608 3977 3715 4024; x_wconf 74' lang='lat' dir='ltr'><strong>om»-</strong></span> 
     </span>
    </p>
   </div>
   <div class='ocr_carea' id='block_1_13' title="bbox 1922 4030 3479 5195">
    <p class='ocr_par' dir='ltr' id='par_1_16' title="bbox 1926 4030 3479 4872">
     <span class='ocr_line' id='line_1_78' title="bbox 1932 4030 3479 4119; baseline -0.002 -20"><span class='ocrx_word' id='word_1_532' title='bbox 1932 4039 2100 4101; x_wconf 82' lang='lat' dir='ltr'><strong>turae</strong></span> <span class='ocrx_word' id='word_1_533' title='bbox 2144 4032 2461 4099; x_wconf 89' lang='lat' dir='ltr'><strong>mediante</strong></span> <span class='ocrx_word' id='word_1_534' title='bbox 2504 4030 2750 4119; x_wconf 88' lang='lat' dir='ltr'><strong>Spiritu</strong></span> <span class='ocrx_word' id='word_1_535' title='bbox 2784 4034 3037 4111; x_wconf 79' lang='lat' dir='ltr'><strong>sanct03</strong></span> <span class='ocrx_word' id='word_1_536' title='bbox 3081 4037 3147 4096; x_wconf 92' lang='lat' dir='ltr'><strong>et</strong></span> <span class='ocrx_word' id='word_1_537' title='bbox 3173 4031 3347 4116; x_wconf 90' lang='lat' dir='ltr'><strong>quod</strong></span> <span class='ocrx_word' id='word_1_538' title='bbox 3386 4033 3479 4098; x_wconf 82' lang='lat' dir='ltr'><strong>sic</strong></span> 
     </span>
     <span class='ocr_line' id='line_1_79' title="bbox 1932 4137 3476 4226; baseline -0.004 -16"><span class='ocrx_word' id='word_1_539' title='bbox 1932 4143 2212 4223; x_wconf 77' lang='lat' dir='ltr'><strong>videtur,</strong></span> <span class='ocrx_word' id='word_1_540' title='bbox 2241 4141 2394 4226; x_wconf 86' lang='lat' dir='ltr'><strong>quia</strong></span> <span class='ocrx_word' id='word_1_541' title='bbox 2423 4139 2586 4205; x_wconf 84' lang='lat' dir='ltr'><strong>unio</strong></span> <span class='ocrx_word' id='word_1_542' title='bbox 2605 4137 2794 4206; x_wconf 82' lang='lat' dir='ltr'><strong>Verbi</strong></span> <span class='ocrx_word' id='word_1_543' title='bbox 2819 4138 3085 4204; x_wconf 85' lang='lat' dir='ltr'><strong>increati</strong></span> <span class='ocrx_word' id='word_1_544' title='bbox 3111 4139 3194 4203; x_wconf 92' lang='lat' dir='ltr'><strong>ad</strong></span> <span class='ocrx_word' id='word_1_545' title='bbox 3217 4156 3476 4206; x_wconf 87' lang='lat' dir='ltr'><strong>carnem</strong></span> 
     </span>
     <span class='ocr_line' id='line_1_80' title="bbox 1932 4244 3478 4326; baseline -0.003 -8"><span class='ocrx_word' id='word_1_546' title='bbox 1932 4256 2028 4318; x_wconf 77' lang='lat' dir='ltr'><strong>eat</strong></span> <span class='ocrx_word' id='word_1_547' title='bbox 2046 4249 2272 4326; x_wconf 77' lang='lat' dir='ltr'><strong>similis</strong></span> <span class='ocrx_word' id='word_1_548' title='bbox 2298 4248 2489 4315; x_wconf 92' lang='lat' dir='ltr'><strong>modo</strong></span> <span class='ocrx_word' id='word_1_549' title='bbox 2522 4245 2781 4318; x_wconf 81' lang='lat' dir='ltr'><strong>unionis</strong></span> <span class='ocrx_word' id='word_1_550' title='bbox 2822 4245 3004 4312; x_wconf 82' lang='lat' dir='ltr'><strong>verbi</strong></span> <span class='ocrx_word' id='word_1_551' title='bbox 3038 4244 3478 4313; x_wconf 87' lang='lat' dir='ltr'><strong>intellectualis</strong></span> 
     </span>
     <span class='ocr_line' id='line_1_81' title="bbox 1930 4355 3475 4430; baseline -0.004 0"><span class='ocrx_word' id='word_1_552' title='bbox 1930 4362 2010 4430; x_wconf 91' lang='lat' dir='ltr'><strong>ad</strong></span> <span class='ocrx_word' id='word_1_553' title='bbox 2060 4377 2334 4429; x_wconf 82' lang='lat' dir='ltr'><strong>vocem:</strong></span> <span class='ocrx_word' id='word_1_554' title='bbox 2390 4358 2501 4426; x_wconf 82' lang='lat' dir='ltr'><strong>sed</strong></span> <span class='ocrx_word' id='word_1_555' title='bbox 2551 4357 2829 4424; x_wconf 84' lang='lat' dir='ltr'><strong>verbum</strong></span> <span class='ocrx_word' id='word_1_556' title='bbox 2871 4355 3295 4422; x_wconf 86' lang='lat' dir='ltr'><strong>intellectuale</strong></span> <span class='ocrx_word' id='word_1_557' title='bbox 3342 4375 3475 4424; x_wconf 90' lang='lat' dir='ltr'><strong>non</strong></span> 
     </span>
     <span class='ocr_line' id='line_1_82' title="bbox 1930 4462 3474 4547; baseline -0.003 -11"><span class='ocrx_word' id='word_1_558' title='bbox 1930 4469 2158 4542; x_wconf 83' lang='lat' dir='ltr'><strong>unitur</strong></span> <span class='ocrx_word' id='word_1_559' title='bbox 2185 4466 2336 4544; x_wconf 68' lang='lat' dir='ltr'><strong>voci⁸</strong></span> <span class='ocrx_word' id='word_1_560' title='bbox 2363 4465 2489 4532; x_wconf 80' lang='lat' dir='ltr'><strong>nisi</strong></span> <span class='ocrx_word' id='word_1_561' title='bbox 2527 4463 2845 4544; x_wconf 83' lang='lat' dir='ltr'><strong>mediante</strong></span> <span class='ocrx_word' id='word_1_562' title='bbox 2885 4462 3146 4547; x_wconf 78' lang='lat' dir='ltr'><strong>spiritu,</strong></span> <span class='ocrx_word' id='word_1_563' title='bbox 3179 4464 3286 4529; x_wconf 77' lang='lat' dir='ltr'><strong>vel</strong></span> <span class='ocrx_word' id='word_1_564' title='bbox 3315 4464 3474 4534; x_wconf 84' lang='lat' dir='ltr'><strong>flatu</strong></span> 
     </span>
     <span class='ocr_line' id='line_1_83' title="bbox 1927 4568 3476 4660; baseline -0.003 -18"><span class='ocrx_word' id='word_1_565' title='bbox 1927 4574 2197 4660; x_wconf 70' lang='lat' dir='ltr'><strong>spirate,</strong></span> <span class='ocrx_word' id='word_1_566' title='bbox 2226 4572 2341 4658; x_wconf 93' lang='lat' dir='ltr'><strong>qui</strong></span> <span class='ocrx_word' id='word_1_567' title='bbox 2366 4576 2464 4639; x_wconf 66' lang='lat' dir='ltr'><strong>oet</strong></span> <span class='ocrx_word' id='word_1_568' title='bbox 2485 4569 2859 4648; x_wconf 84' lang='lat' dir='ltr'><strong>vehiculum</strong></span> <span class='ocrx_word' id='word_1_569' title='bbox 2883 4568 3102 4648; x_wconf 83' lang='lat' dir='ltr'><strong>verbi,</strong></span> <span class='ocrx_word' id='word_1_570' title='bbox 3129 4569 3297 4637; x_wconf 84' lang='lat' dir='ltr'><strong>sicut</strong></span> <span class='ocrx_word' id='word_1_571' title='bbox 3322 4571 3476 4637; x_wconf 89' lang='lat' dir='ltr'><strong>dicit</strong></span> 
     </span>
     <span class='ocr_line' id='line_1_84' title="bbox 1926 4677 3472 4765; baseline -0.003 -14"><span class='ocrx_word' id='word_1_572' title='bbox 1926 4684 2352 4760; x_wconf 56' lang='lat' dir='ltr'><strong>Damaficenus</strong></span> <span class='ocrx_word' id='word_1_573' title='bbox 2365 4689 2428 4748; x_wconf 71' lang='grc' dir='ltr'><strong><em>ἐ</em></strong></span> <span class='ocrx_word' id='word_1_574' title='bbox 2454 4697 2613 4765; x_wconf 73' lang='lat' dir='ltr'><strong>ergo</strong></span> <span class='ocrx_word' id='word_1_575' title='bbox 2636 4696 2758 4746; x_wconf 87' lang='lat' dir='ltr'><strong>nec</strong></span> <span class='ocrx_word' id='word_1_576' title='bbox 2781 4677 3068 4745; x_wconf 79' lang='lat' dir='ltr'><strong>Verbum</strong></span> <span class='ocrx_word' id='word_1_577' title='bbox 3088 4678 3313 4746; x_wconf 88' lang='lat' dir='ltr'><strong>unitur</strong></span> <span class='ocrx_word' id='word_1_578' title='bbox 3337 4698 3472 4750; x_wconf 86' lang='lat' dir='ltr'><strong>car-</strong></span> 
     </span>
     <span class='ocr_line' id='line_1_85' title="bbox 1926 4784 3057 4872; baseline -0.005 -16"><span class='ocrx_word' id='word_1_579' title='bbox 1926 4791 2021 4872; x_wconf 88' lang='lat' dir='ltr'><strong>ni,</strong></span> <span class='ocrx_word' id='word_1_580' title='bbox 2046 4790 2175 4856; x_wconf 81' lang='lat' dir='ltr'><strong>nisi</strong></span> <span class='ocrx_word' id='word_1_581' title='bbox 2197 4787 2520 4868; x_wconf 84' lang='lat' dir='ltr'><strong>mediante</strong></span> <span class='ocrx_word' id='word_1_582' title='bbox 2547 4784 2790 4871; x_wconf 89' lang='lat' dir='ltr'><strong>Spiritu</strong></span> <span class='ocrx_word' id='word_1_583' title='bbox 2815 4789 3057 4852; x_wconf 82' lang='lat' dir='ltr'><strong>sancto.</strong></span> 
     </span>
    </p>

    <p class='ocr_par' dir='ltr' id='par_1_17' title="bbox 1922 4892 3467 5195">
     <span class='ocr_line' id='line_1_86' title="bbox 2004 4892 3467 4980; baseline -0.005 -14"><span class='ocrx_word' id='word_1_584' title='bbox 2004 4905 2068 4966; x_wconf 67' lang='grc' dir='ltr'><strong>Ξ.</strong></span> <span class='ocrx_word' id='word_1_585' title='bbox 2115 4898 2277 4965; x_wconf 89' lang='lat' dir='ltr'><strong>Item</strong></span> <span class='ocrx_word' id='word_1_586' title='bbox 2321 4896 2531 4961; x_wconf 84' lang='lat' dir='ltr'><strong>omnis</strong></span> <span class='ocrx_word' id='word_1_587' title='bbox 2573 4893 2732 4960; x_wconf 90' lang='lat' dir='ltr'><strong>unio</strong></span> <span class='ocrx_word' id='word_1_588' title='bbox 2781 4892 3148 4960; x_wconf 83' lang='lat' dir='ltr'><strong>voluntaria</strong></span> <span class='ocrx_word' id='word_1_589' title='bbox 3185 4898 3279 4960; x_wconf 85' lang='lat' dir='ltr'><strong>est</strong></span> <span class='ocrx_word' id='word_1_590' title='bbox 3323 4914 3467 4980; x_wconf 73' lang='lat' dir='ltr'><strong>me-</strong></span> 
     </span>
     <span class='ocr_line' id='line_1_87' title="bbox 1923 4999 3467 5088; baseline -0.006 -12"><span class='ocrx_word' id='word_1_591' title='bbox 1923 5009 2138 5078; x_wconf 81' lang='lat' dir='ltr'><strong>diante</strong></span> <span class='ocrx_word' id='word_1_592' title='bbox 2179 5023 2427 5086; x_wconf 85' lang='lat' dir='ltr'><strong>amore,</strong></span> <span class='ocrx_word' id='word_1_593' title='bbox 2473 4999 2641 5082; x_wconf 82' lang='lat' dir='ltr'><strong>sicut</strong></span> <span class='ocrx_word' id='word_1_594' title='bbox 2680 5000 2832 5068; x_wconf 87' lang='lat' dir='ltr'><strong>dicit</strong></span> <span class='ocrx_word' id='word_1_595' title='bbox 2862 4999 3200 5085; x_wconf 81' lang='lat' dir='ltr'><strong>Dionysius</strong></span> <span class='ocrx_word' id='word_1_596' title='bbox 3217 5000 3261 5086; x_wconf 84' lang='lat'><strong>⁸,</strong></span> <span class='ocrx_word' id='word_1_597' title='bbox 3307 5004 3467 5088; x_wconf 79' lang='lat' dir='ltr'><strong>quia</strong></span> 
     </span>
     <span class='ocr_line' id='line_1_88' title="bbox 1922 5108 3465 5195; baseline -0.003 -11"><span class='ocrx_word' id='word_1_598' title='bbox 1922 5133 2106 5184; x_wconf 89' lang='lat' dir='ltr'><strong>amor</strong></span> <span class='ocrx_word' id='word_1_599' title='bbox 2134 5114 2293 5184; x_wconf 83' lang='lat' dir='ltr'><strong>nihil</strong></span> <span class='ocrx_word' id='word_1_600' title='bbox 2322 5112 2500 5188; x_wconf 83' lang='lat' dir='ltr'><strong>allud</strong></span> <span class='ocrx_word' id='word_1_601' title='bbox 2524 5115 2620 5179; x_wconf 80' lang='lat' dir='ltr'><strong>est</strong></span> <span class='ocrx_word' id='word_1_602' title='bbox 2652 5108 2985 5195; x_wconf 79' lang='lat' dir='ltr'><strong>quamvis</strong></span> <span class='ocrx_word' id='word_1_603' title='bbox 3010 5108 3306 5178; x_wconf 81' lang='lat' dir='ltr'><strong>unitiva:</strong></span> <span class='ocrx_word' id='word_1_604' title='bbox 3352 5113 3465 5179; x_wconf 87' lang='lat' dir='ltr'><strong>sed</strong></span> 
     </span>
    </p>
   </div>
   <div class='ocr_carea' id='block_1_14' title="bbox 1920 5309 3460 5447">
    <p class='ocr_par' dir='ltr' id='par_1_18' title="bbox 1920 5309 3460 5447">
     <span class='ocr_line' id='line_1_89' title="bbox 1922 5309 3457 5382; baseline 0.002 -22"><span class='ocrx_word' id='word_1_605' title='bbox 1922 5315 2098 5380; x_wconf 69' lang='lat' dir='ltr'><strong>steph.</strong></span> <span class='ocrx_word' id='word_1_606' title='bbox 2136 5312 2348 5382; x_wconf 64' lang='lat' dir='ltr'><strong>Brulef„</strong></span> <span class='ocrx_word' id='word_1_607' title='bbox 2370 5313 2434 5362; x_wconf 84' lang='grc' dir='ltr'><strong>ΙΙΙ</strong></span> <span class='ocrx_word' id='word_1_608' title='bbox 2464 5312 2621 5374; x_wconf 66' lang='lat' dir='ltr'><strong>Seni„</strong></span> <span class='ocrx_word' id='word_1_609' title='bbox 2649 5309 2765 5359; x_wconf 76' lang='lat' dir='ltr'><strong>dist.</strong></span> <span class='ocrx_word' id='word_1_610' title='bbox 2791 5321 2853 5373; x_wconf 82' lang='lat'><strong>1¹,</strong></span> <span class='ocrx_word' id='word_1_611' title='bbox 2886 5321 2940 5373; x_wconf 84' lang='lat' dir='ltr'><strong>q.</strong></span> <span class='ocrx_word' id='word_1_612' title='bbox 2967 5315 3042 5360; x_wconf 82' lang='lat'><strong>11.</strong></span> <span class='ocrx_word' id='word_1_613' title='bbox 3069 5309 3168 5346; x_wconf 69' lang='lat'><strong>—2</strong></span> <span class='ocrx_word' id='word_1_614' title='bbox 3191 5310 3457 5376; x_wconf 69' lang='lat' dir='ltr'><strong>Damaso„</strong></span> 
     </span>
     <span class='ocr_line' id='line_1_90' title="bbox 1920 5382 3460 5447; baseline -0.005 -4"><span class='ocrx_word' id='word_1_615' title='bbox 1920 5393 1981 5444; x_wconf 80' lang='lat' dir='ltr'><strong>de</strong></span> <span class='ocrx_word' id='word_1_616' title='bbox 2005 5388 2132 5440; x_wconf 81' lang='lat' dir='ltr'><strong>Fide</strong></span> <span class='ocrx_word' id='word_1_617' title='bbox 2173 5383 2328 5446; x_wconf 65' lang='lat' dir='ltr'><strong>orth„</strong></span> <span class='ocrx_word' id='word_1_618' title='bbox 2361 5384 2454 5434; x_wconf 82' lang='lat' dir='ltr'><strong>lib.</strong></span> <span class='ocrx_word' id='word_1_619' title='bbox 2495 5385 2543 5445; x_wconf 88' lang='lat' dir='ltr'><strong>l,</strong></span> <span class='ocrx_word' id='word_1_620' title='bbox 2573 5395 2683 5447; x_wconf 86' lang='lat' dir='ltr'><strong>cap.</strong></span> <span class='ocrx_word' id='word_1_621' title='bbox 2713 5392 2808 5432; x_wconf 84' lang='lat' dir='ltr'><strong>vn.</strong></span> <span class='ocrx_word' id='word_1_622' title='bbox 2837 5383 2942 5421; x_wconf 62' lang='grc' dir='ltr'><strong>-ἱ</strong></span> <span class='ocrx_word' id='word_1_623' title='bbox 2961 5382 3113 5433; x_wconf 85' lang='lat' dir='ltr'><strong>Dion.</strong></span> <span class='ocrx_word' id='word_1_624' title='bbox 3151 5382 3360 5445; x_wconf 70' lang='lat' dir='ltr'><strong>Areop„</strong></span> <span class='ocrx_word' id='word_1_625' title='bbox 3394 5383 3460 5436; x_wconf 78' lang='lat' dir='ltr'><strong>de</strong></span> 
     </span>
    </p>
   </div>
   <div class='ocr_carea' id='block_1_15' title="bbox 1921 5459 2626 5534">
    <p class='ocr_par' dir='ltr' id='par_1_19' title="bbox 1921 5459 2626 5534">
     <span class='ocr_line' id='line_1_91' title="bbox 1921 5459 2626 5534; baseline -0.013 -18"><span class='ocrx_word' id='word_1_626' title='bbox 1921 5465 2034 5516; x_wconf 77' lang='lat' dir='ltr'><strong>Dio.</strong></span> <span class='ocrx_word' id='word_1_627' title='bbox 2057 5462 2225 5534; x_wconf 65' lang='lat' dir='ltr'><strong>Nm,</strong></span> <span class='ocrx_word' id='word_1_628' title='bbox 2254 5469 2366 5520; x_wconf 71' lang='lat'><strong>0⁸9.-</strong></span> <span class='ocrx_word' id='word_1_629' title='bbox 2398 5466 2468 5519; x_wconf 78' lang='lat' dir='ltr'><strong>xv,</strong></span> <span class='ocrx_word' id='word_1_630' title='bbox 2495 5470 2547 5519; x_wconf 88' lang='lat' dir='ltr'><strong>p.</strong></span> <span class='ocrx_word' id='word_1_631' title='bbox 2579 5459 2626 5507; x_wconf 81' lang='lat'><strong>2.</strong></span> 
     </span>
    </p>
   </div>
  </div>
 </body>
</html>
