4185 6288
1061 465 1441 535 DlSTINCT.
1482 462 1696 532 XXVI.
1739 461 1920 528 ΛΒΤ.
1968 462 2049 528 11.
2095 460 2391 541 QUAEST.
2431 462 2504 528 V.

3312 466 3422 531 591

195 635 202 644 ·
230 605 416 671 tentia
440 603 737 671 irascibili
771 608 880 670 :et
901 604 1044 670 baec
1087 607 1186 670 est
1226 603 1521 669 affectiva
1550 623 1564 665 ε
1603 617 1761 681 ergo
1874 598 2008 662 sius
2035 598 2359 681 potentiae,
2388 601 2579 681 cujus
2602 604 2698 663 est
2734 600 3030 665 habitum
3057 599 3425 676 defendere3

227 730 364 795 spes
380 715 474 776 est
496 712 566 776 in
591 713 871 795 potentia
897 712 1210 779 affectiva.

759 944 1211 1037 coNcnuslo.

226 1110 351 1184 Spes
367 1112 443 1166 est
460 1110 521 1165 in
538 1111 789 1181 potentia
806 1111 1004 1166 avtimoe
1022 1108 1298 1180 affectiva,
1322 1123 1438 1164 cum
1458 1109 1535 1163 sit
1561 1109 1622 1163 in
1652 1108 1773 1179 ipsa

256 1204 263 1210 ’
840 1198 1136 1256 irascibili.

304 1357 489 1441 Resp.
521 1359 601 1424 ad
628 1376 771 1440 arg.
800 1358 1149 1422 Dicendum
1175 1358 1350 1440 quod
1383 1358 1623 1439 absque
1651 1357 1775 1422 du—

225 1465 331 1529 bio
357 1484 501 1549 spes
526 1467 715 1530 estin
745 1466 1025 1549 potentia
1064 1464 1360 1529 affectiva
1399 1485 1421 1526 .·
1466 1468 1561 1528 est
1597 1465 1773 1528 enim

227 1571 294 1633 in
319 1570 458 1653 ipsa
482 1572 781 1636 irascibili
801 1617 823 1650 ,
853 1588 1001 1654 quae
1048 1576 1146 1635 est
1168 1589 1315 1654 pars
1342 1571 1646 1653 potentiae
1673 1571 1775 1633 af-

225 1677 497 1744 fectivae.
534 1678 842 1744 Potentiae
879 1679 1056 1744 enim
1097 1678 1426 1743 irascibilis
1465 1696 1596 1741 non
1642 1683 1779 1741 tan-

226 1790 366 1850 tum
393 1791 489 1850 est
512 1785 805 1851 detestari
832 1786 1002 1851 mala
1013 1786 1242 1870 culpae,
1259 1796 1322 1850 et
1346 1786 1587 1869 perpeti
1608 1785 1778 1849 mala

225 1911 458 1975 poenae,
493 1894 601 1959 sed
628 1896 821 1958 etiam
852 1894 1123 1976 aggredi
1151 1893 1454 1958 terribilia
1473 1942 1490 1970 ,
1521 1898 1585 1957 et
1611 1893 1777 1974 erigi

224 2000 305 2065 ad
330 2019 574 2082 magna
599 2007 663 2067 et
687 2002 912 2066 ardua.
958 2000 1036 2065 Et
1080 2006 1412 2083 propterea
1455 2020 1588 2066 non
1632 2006 1774 2064 tan-

222 2111 359 2172 tum
387 2109 694 2191 ponimus
725 2110 796 2173 in
818 2110 954 2191 ipsa
979 2107 1143 2172 iram
1176 2112 1240 2171 et
1257 2107 1649 2190 patientiam,
1667 2108 1777 2172 sed

219 2215 415 2280 etiam
448 2216 882 2282 fortitudinem
923 2219 987 2294 et
1026 2234 1207 2299 spem
1240 2234 1257 2278 ε
1301 2215 1739 2279 fortitudinem
1756 2264 1774 2294 ,

219 2317 516 2402 inquam,
530 2319 597 2382 in
619 2325 937 2402 quantum
957 2318 1326 2400 negotiatur
1342 2318 1509 2382 circa
1537 2336 1615 2382 ea
1629 2335 1779 2400 quae

220 2431 372 2491 sunt
430 2426 513 2491 ad
564 2428 793 2504 finem3
845 2444 1024 2509 spem
1048 2474 1066 2504 ‚
1112 2429 1327 2490 autem
1347 2474 1365 2504 ,
1422 2426 1779 2489 secundum

223 2533 400 2616 quod
439 2552 510 2598 se
549 2534 740 2615 erigit
773 2534 854 2597 ad
889 2532 1326 2598 excellentiam
1371 2532 1574 2615 ipsius
1606 2533 1777 2598 fluis.

224 2639 358 2705 Hoc
379 2648 601 2706 antem
621 2641 774 2706 satis
802 2645 1006 2724 potest
1030 2645 1250 2724 aperte
1271 2639 1510 2721 colligi,
1530 2645 1671 2704 tum
1699 2658 1783 2704 ex

224 2753 403 2830 parte
457 2748 809 2813 affectionis
851 2749 1190 2814 substratae
1209 2796 1227 2827 ,
1279 2752 1420 2813 tum
1477 2768 1561 2812 ex
1603 2751 1782 2831 parte

225 2856 608 2920 conditionis
652 2856 1009 2937 adjunctae,
1054 2860 1196 2920 tum
1250 2873 1335 2920 ex
1389 2859 1566 2938 parte
1618 2856 1781 2920 dotis

224 2964 687 3028 subsecuturae.
711 2963 807 3027 Ex
832 2967 1012 3046 parte
1036 2963 1390 3027 affectionis
1416 2964 1776 3044 substratae,

226 3071 380 3153 quia
407 3088 563 3134 cum
585 3075 866 3151 quatuor
890 3071 1019 3134 sint
1057 3069 1424 3136 affectiones
1445 3119 1462 3150 ,
1494 3070 1785 3136 videlicet

225 3180 552 3261 gaudium
580 3182 644 3243 et
667 3178 846 3244 dolor
864 3228 881 3259 ,
911 3198 1053 3262 spes
1092 3184 1158 3243 et
1182 3178 1404 3255 timor,
1431 3179 1596 3243 sicut
1616 3197 1785 3260 gau-

225 3286 411 3353 dium
438 3291 508 3353 et
531 3287 711 3351 dolor
736 3289 886 3349 sunt
912 3285 1080 3349 circa
1105 3286 1394 3349 eamdem
1409 3286 1781 3368 potentiam,

225 3395 314 3460 ita
339 3396 541 3460 etiam
564 3411 710 3476 spes
749 3399 813 3457 et
852 3393 1087 3457 timor:
1125 3410 1276 3458 cum
1316 3410 1478 3474 ergo
1518 3393 1785 3475 planum

224 3503 312 3567 sit
335 3504 642 3568 timorem
665 3519 801 3573 esse
838 3501 1036 3583 ipsius
1081 3501 1376 3583 potentias
1417 3501 1748 3566 irascibilis
1763 3552 1783 3583 ‚

226 3633 361 3679 non
384 3618 484 3680 est
514 3612 785 3678 dubium
813 3612 974 3694 quin
1006 3612 1255 3676 affectio
1292 3611 1427 3694 spei
1453 3612 1533 3676 ad
1565 3615 1788 3695 poten-

224 3722 387 3786 tiam
414 3719 802 3785 irascibilem
824 3717 1169 3801 pertineat,
1199 3737 1271 3783 ac
1302 3737 1415 3801 per
1451 3719 1575 3783 hoc
1598 3718 1787 3782 babi-

225 3833 333 3893 tus
365 3822 629 3894 virtutis
653 3826 787 3909 spei
836 3824 1120 3907 dirigens
1159 3825 1558 3890 allectionem
1576 3826 1785 3891 tillam.

226 3934 327 4000 Ex
357 3938 544 4018 parte
573 3932 864 3998 similiter
890 3933 1289 4013 conditionis,
1311 3937 1372 3998 et
1392 3935 1792 4017 proprietatis

228 4060 539 4121 annexae,
567 4041 690 4106 boc
733 4040 948 4123 ipsum
980 4044 1183 4123 potest
1232 4042 1383 4105 satis
1429 4047 1645 4125 aperte
1686 4043 1790 4107 vi-

104 4208 113 4221 .
227 4150 369 4215 deri
414 4172 432 4214 t
490 4149 625 4232 spei
673 4148 849 4212 enim
894 4151 989 4212 est
1027 4147 1336 4228 stabilire,
1388 4153 1452 4212 et
1509 4149 1788 4232 quodam

229 4258 429 4322 modo
459 4274 827 4321 assecurare
846 4256 924 4320 de
942 4256 1335 4338 assequenda
1357 4257 1574 4321 futura
1600 4257 1794 4321 beati-

226 4366 462 4430 tudine
495 4385 511 4428 :
543 4363 841 4428 stabilitio
863 4368 1079 4428 autem
1109 4367 1173 4427 et
1211 4365 1610 4428 confirmatio
1640 4382 1791 4446 per·-

227 4471 395 4536 tinet
443 4470 528 4535 ad
573 4471 924 4553 potentiam
967 4470 1377 4536 irascibilem.
1413 4469 1593 4536 Sicut
1616 4470 1791 4535 enim

228 4577 572 4643 rationalis
595 4596 662 4641 se
687 4578 878 4642 habet
903 4576 984 4641 ad
1010 4578 1384 4642 charitatem
1406 4627 1424 4658 ,
1455 4581 1520 4643 et
1563 4596 1796 4643 concu-

228 4684 550 4768 piscibilis
574 4684 654 4749 ad
669 4685 1085 4767 voluptatem,
1100 4685 1164 4749 id
1179 4690 1274 4750 est
1290 4685 1791 4765 delectationem,

230 4796 582 4859 honestam
621 4798 870 4871 tamen3
901 4793 991 4856 sic
1012 4793 1206 4858 etiam
1230 4794 1562 4858 irascibilis
1588 4793 1667 4857 ad
1695 4811 1794 4856 se-

231 4902 606 4966 curitatem.
637 4898 799 4976 Quia
822 4918 982 4981 ergo
1007 4901 1389 4965 assecuratio
1417 4904 1513 4965 est
1523 4899 1796 4965 conditio

232 5009 681 5075 concomitans
706 5010 911 5092 ipsam
945 5028 1120 5093 spem
1166 5010 1630 5089 indubitanter,
1678 5026 1799 5073 ve-

231 5137 396 5183 rum
424 5121 523 5181 oet
552 5117 860 5181 virtutem
886 5117 1016 5200 spei
1059 5117 1137 5181 ad
1181 5117 1562 5182 irascibilem
1601 5116 1800 5200 perti·-

232 5236 421 5288 nere.
458 5218 559 5286 Ex
582 5227 758 5305 parte
780 5220 942 5286 dotis
966 5223 1203 5287 futurae
1222 5223 1345 5287 hoc
1360 5224 1573 5307 ipsum
1597 5226 1802 5307 potest

1878 706 2046 769 hanc
2070 707 2287 769 autem
2332 722 2464 769 non
2490 709 2586 768 est
2611 705 2881 772 dubium
2922 725 3057 771 esse
3083 707 3431 789 potentiam

1882 812 2263 876 irascibilem
2296 816 2402 876 :et
2418 812 2562 877 ideo
2589 813 3066 879 concedendum
3114 818 3207 878 est
3244 814 3427 879 babi-
3518 862 3527 870 .

1881 921 2022 982 tum
2063 918 2198 1000 spei
2225 937 2360 983 esse
2400 918 2468 982 in
2511 919 2806 983 irascibili
2849 922 3161 1004 potentia,
3214 941 3288 985 ac
3318 940 3435 1004 per

1884 1025 2092 1090 hocin
2114 1027 2348 1091 virtute
2378 1026 2577 1091 animi
2605 1027 2902 1093 affectiva
2918 1075 2940 1107 ‚
2969 1028 3135 1093 sicut
3158 1027 3435 1092 rationes

1883 1133 2299 1212 concludunt,
2330 1152 2476 1216 quae
2503 1137 2658 1198 sunt
2684 1135 2763 1199 ad
2790 1140 3034 1217 partem
3061 1136 3269 1200 istam.

1966 1245 2024 1304 l.
2067 1240 2168 1304 Ad
2213 1240 2371 1305 illud
2416 1260 2570 1306 vero
2613 1243 2787 1323 quod
2848 1243 3056 1326 primo
3112 1243 3429 1325 objicitur,

1885 1346 2057 1429 quod
2114 1365 2257 1429 spes
2321 1348 2554 1413 dicitur
2617 1350 2999 1414 conscientia
3025 1399 3043 1430 ,
3097 1351 3436 1415 dicendum

1885 1454 2055 1536 quod
2097 1454 2166 1517 in
2208 1473 2507 1536 processu
2542 1456 2650 1521 illo
2695 1463 2790 1523 est
2833 1464 3159 1541 peccatum
3213 1477 3435 1524 secun-

1886 1560 2045 1623 dum
2131 1562 2731 1642 aequivocationem;
2820 1565 2975 1646 quia
3054 1566 3436 1630 conscientia

1885 1672 2091 1750 potest
2126 1670 2460 1734 nominare
2501 1671 2703 1752 ipsam
2743 1690 2922 1753 spem
2945 1720 2963 1752 ,
2995 1677 3059 1737 et
3085 1678 3290 1754 potest
3315 1692 3437 1738 no-

1888 1776 2137 1840 minare
2187 1778 2409 1841 lumen
2457 1777 2840 1842 directivum
2888 1779 2970 1842 ad
3021 1780 3185 1845 bene
3229 1798 3435 1861 agen-

1886 1882 2042 1945 dum
2074 1906 2089 1947 :
2125 1886 2190 1947 et
2214 1885 2338 1948 hoc
2364 1884 2592 1949 ultimo
2623 1886 2813 1949 modo
2840 1890 3077 1968 spectat
3102 1887 3178 1952 ad
3209 1891 3438 1969 poten-

1886 1989 2042 2054 tiam
2082 1992 2479 2072 cognitivam
2504 2040 2521 2068 ‚
2556 1994 2679 2057 alio
2707 1995 2898 2058 modo
2926 2013 3061 2059 non
3092 2017 3107 2059 ε
3141 1995 3281 2060 ideo
3306 2014 3439 2061 non

1885 2097 2219 2178 sequitur,
2249 2099 2423 2181 quod
2467 2096 2680 2165 virtus
2726 2103 2860 2185 spei
2899 2103 2981 2166 sit
3034 2103 3106 2167 in
3159 2105 3440 2186 potentia

1887 2204 2122 2269 animae
2171 2206 2520 2287 cognitiva.
2576 2207 2895 2272 Praeterea
2953 2209 3116 2273 alius
3160 2210 3439 2274 defectus

1888 2316 1984 2376 est
2024 2312 2114 2374 ibi
2141 2331 2158 2375 ε
2189 2312 2344 2396 quia
2387 2314 2651 2378 nomine
2679 2316 3085 2380 conscientiae
3119 2316 3431 2397 intelligi-

1888 2423 1996 2483 tur
2037 2437 2181 2501 spes
2228 2438 2360 2484 non
2387 2421 2544 2502 quia
2579 2439 2722 2504 spes
2755 2422 2837 2486 sit
2882 2423 3263 2487 conscientia
3280 2472 3298 2502 ‚
3329 2424 3439 2489 sed

1888 2527 2042 2610 quia
2091 2547 2234 2610 spes
2285 2533 2382 2593 est
2420 2534 2592 2594 certa
2646 2532 2999 2614 expectatio
3044 2551 3440 2615 consurgens

1888 2655 1972 2700 ex
2028 2638 2239 2718 gratia
2295 2642 2359 2702 et
2415 2638 2656 2703 meritis
2701 2662 2716 2703 ε
2768 2641 2995 2706 merita
3038 2647 3254 2707 autem
3303 2663 3438 2709 esse

1890 2762 2022 2808 non
2062 2750 2349 2827 possunt,
2382 2746 2504 2810 nisi
2543 2747 2656 2811 ubi
2700 2752 2795 2811 est
2839 2750 3220 2815 conscientia
3249 2752 3438 2816 bona.

1968 2856 2028 2914 2.
2061 2850 2161 2917 Ad
2191 2852 2347 2917 illud
2373 2854 2545 2936 quod
2573 2854 2905 2937 objicitur,
2938 2856 3110 2938 quod
3146 2857 3313 2922 Deus
3337 2859 3445 2922 fu-

1890 2961 2077 3023 turus
2114 2962 2210 3023 est
2252 2960 2581 3024 memoriae
2614 2962 3006 3027 continuatio
3045 2966 3437 3042 aeternitatis,

1890 3065 2232 3130 dicendum
2274 3067 2448 3150 quod
2489 3067 2645 3132 illud
2680 3070 2954 3134 verbum
2990 3069 3298 3137 Bernardi
3336 3072 3441 3136 in—

1888 3172 2202 3255 telligitur
2232 3175 2539 3255 mediate,
2569 3181 2632 3241 et
2655 3195 2790 3241 non
2828 3179 3064 3261 primo.
3098 3178 3257 3245 Nam
3286 3199 3443 3246 con-

1877 3280 2164 3345 tinuatio
2203 3283 2578 3347 &eternitatis
2614 3284 2867 3367 respicit
2907 3286 3082 3351 illam
3109 3288 3442 3366 virtutem,

1894 3392 1994 3472 cui
2003 3409 2079 3454 us
2104 3396 2201 3455 est
2228 3396 2538 3474 perpetuo
2565 3395 2783 3456 tenere
2813 3411 2830 3455 ε
2859 3398 2923 3457 et
2949 3392 3073 3458 hoc
3100 3398 3196 3459 est
3226 3401 3448 3478 poten-

1895 3497 1999 3561 tiae
2028 3497 2387 3603 irascibilis,
2417 3501 2604 3581 quus
2638 3504 2737 3564 est
2774 3500 2844 3564 in
2886 3503 3185 3584 praesenti
3217 3521 3448 3587 expec-

1895 3607 2032 3668 tare
2062 3625 2079 3669 :
2111 3609 2176 3668 et
2200 3605 2342 3670 ideo
2366 3625 2449 3670 ex
2473 3606 2598 3671 hoc
2632 3625 2766 3672 non
2794 3609 3082 3692 sequitur
3105 3613 3275 3693 quod
3303 3631 3446 3696 spes

1896 3712 1979 3776 sit
2004 3712 2215 3795 primo
2240 3712 2313 3776 in
2344 3716 2628 3796 potentia
2656 3716 3098 3798 memorativa,
3128 3719 3239 3782 sed
3270 3721 3444 3801 quod

1896 3818 2116 3902 aliquo
2139 3820 2332 3884 modo
2355 3820 2564 3922 ipsam
2592 3824 2915 3907 respiciat,
2948 3826 3051 3890 vel
3080 3827 3449 3912 principali-

1896 3931 2014 4006 ter,
2045 3927 2258 3992 velex
2290 3932 2726 4013 consequenti.

1979 4040 2040 4099 3.
2073 4035 2170 4099 Ad
2195 4036 2359 4099 illud
2389 4037 2572 4118 *quod
2591 4038 2931 4120 objicitur,
2976 4041 3152 4128 qued
3190 4061 3444 4126 sperare
3525 4094 3632 4150 sp„

1897 4161 2029 4207 non
2072 4147 2167 4206 est
2193 4143 2366 4207 aliud
2395 4191 2412 4222 ‚
2444 4162 2640 4227 quam
2667 4145 2937 4210 firmiter
2949 4148 3201 4215 credere
3231 4170 3298 4215 se
3324 4152 3439 4216 ha·
3468 4159 3690 4261 33:⁰2².ss

1897 4250 2187 4315 biturum
2227 4250 2468 4333 aliquid
2491 4299 2509 4330 ,
2546 4251 2885 4317 dicendum
2913 4255 3084 4336 quod
3108 4274 3252 4339 spes
3289 4259 3442 4324 dici·
3467 4281 3552 4322 tur.

1897 4361 2008 4420 tur
2045 4362 2109 4421 et
2150 4357 2354 4439 large,
2395 4361 2459 4422 et
2501 4360 2781 4442 proprie.
2828 4359 3039 4442 Large
3080 4364 3443 4447 accipiendo

1900 4481 2112 4545 spem,
2143 4464 2233 4528 sic
2268 4464 2421 4529 dicit
2448 4466 2886 4533 credulitatem
2931 4472 3210 4553 quodam
3256 4475 3446 4540 modo

1901 4572 2221 4635 firmatam
2249 4578 2539 4654 respectu
2575 4574 2848 4659 alicujus
2885 4577 3038 4641 boni
3076 4581 3449 4663 assequendi

1902 4678 2037 4742 sive
2062 4697 2104 4742 a
2128 4696 2218 4758 se,
2249 4679 2384 4744 sive
2411 4681 2494 4744 ab
2520 4681 2648 4746 alio
2681 4702 2698 4746 ε
2729 4686 3273 4766 quemadmodum
3295 4708 3450 4754 cum

1903 4785 2049 4867 quis
2094 4785 2273 4851 videt
2306 4787 2506 4850 alium
2549 4788 2736 4853 bonae
2781 4790 3036 4871 indolis,
3085 4795 3235 4859 dicit
3276 4795 3453 4878 quod

1905 4896 2115 4974 sperat
2158 4893 2371 4976 ipsum
2421 4911 2555 4958 esse
2597 4895 2896 4962 futurum
2952 4901 3197 4966 bonum
3246 4901 3455 4969 homi-

1905 5016 2054 5062 nem
2084 5018 2104 5062 t
2127 4999 2217 5063 ibi
2245 5017 2499 5082 sperare
2525 5001 2698 5068 idem
2726 5008 3019 5088 estquod
3045 5010 3456 5091 probabiliter

1908 5106 2162 5170 credere
2193 5128 2208 5170 ε
2238 5110 2304 5172 et
2330 5108 2420 5172 sic
2445 5110 2724 5174 sumitur
2750 5112 2932 5195 large
2956 5119 3021 5179 et
3048 5116 3397 5202 improprie
3431 5142 3448 5185 ε

1908 5220 1972 5280 et
1994 5215 2160 5278 bene
2180 5219 2385 5298 potest
2409 5218 2726 5301 pertinere
2750 5222 2832 5286 ad
2858 5222 3163 5289 virtutem
3191 5228 3456 5309 cogniti-

232 5328 478 5394 haberi
519 5349 534 5390 :
579 5328 742 5392 sicut
787 5327 959 5391 enim
1013 5329 1095 5393 ad
1155 5329 1350 5393 fldem
1389 5331 1804 5414 subsequitur
1909 5341 2085 5390 vam.
2117 5323 2256 5388 Alio
2282 5325 2473 5390 modo
2500 5345 2753 5411 sperare
2781 5332 3137 5397 secundum
3164 5336 3336 5418 quod
3363 5335 3456 5399 di-

236 5435 538 5520 perfecta
561 5434 754 5499 tentio
772 5456 790 5512 ;
817 5435 1088 5499 firmiter
1108 5442 1322 5500 autem
1340 5442 1555 5501 tenere
1579 5443 1676 5501 est
1701 5437 1799 5519 ip-

1912 5432 2077 5496 citur
2102 5432 2378 5513 proprie,
2401 5432 2574 5499 idem
2603 5439 2696 5499 est
2723 5438 2895 5519 quod
2923 5440 3260 5519 confidere,
3282 5447 3456 5507 etex
