4185 6288
1224 465 1599 534 msTch.
1644 471 1752 539 vl.
1797 474 1979 540 Aur.
2024 477 2073 542 1.
2119 475 2420 554 QUAEST.
2467 474 2544 538 n.

288 605 662 689 practicatur
683 603 773 669 de
794 602 1015 686 aliquo
1041 606 1499 683 exn-emotum,
1523 605 1689 671 sicut
1712 624 1826 691 pa-

288 716 389 793 tet,
417 713 567 796 quia
592 711 801 777 homo
825 728 946 774 nec
970 714 1066 774 est
1089 710 1334 790 anima,
1366 728 1487 775 nec
1510 717 1606 776 est
1626 731 1775 778 caro
1805 736 1823 779 ε

287 839 439 903 ergo
465 820 523 884 si
551 838 832 903 persona
856 817 1086 883 Christi
1115 819 1464 901 composita
1488 825 1584 883 est
1619 838 1702 886 ex
1727 822 1826 885 di-

291 928 543 995 vinitate
589 931 655 994 et
688 925 1092 992 humanitate
1109 973 1130 1004 ‚
1176 942 1338 1005 ergo
1384 925 1672 991 Christus
1712 945 1829 992 nec

291 1040 378 1100 est
400 1034 594 1112 Deus,
624 1051 744 1098 nec
770 1032 1002 1108 homo,
1039 1049 1158 1095 nec
1184 1018 1441 1095 Creator
1457 1079 1476 1111 ,
1506 1050 1623 1097 nec
1648 1051 1826 1098 crea·

287 1147 446 1208 tura.
501 1140 685 1218 Quod
729 1140 785 1203 si
825 1139 950 1203 hoc
988 1143 1085 1202 esd
1126 1137 1393 1218 falsum,
1424 1144 1619 1204 restat
1659 1141 1830 1223 quod

292 1267 547 1332 persona
571 1246 806 1313 Christi
830 1262 961 1311 non
988 1250 1081 1309 est
1105 1246 1472 1328 composita.

366 1356 521 1421 Item
556 1356 673 1422 uhi
706 1360 803 1420 est
828 1354 1231 1436 compositio,
1264 1371 1476 1418 unum
1502 1358 1831 1419 extremo·

290 1481 428 1528 rum
468 1481 602 1528 non
642 1462 1027 1546 praedicatur
1066 1461 1145 1524 de
1180 1462 1379 1525 altero
1418 1479 1437 1524 ε
1468 1462 1641 1526 unde
1678 1479 1831 1526 cum

290 1571 475 1644 homo
515 1575 942 1654 componatur
975 1588 1057 1634 ex
1101 1570 1319 1633 anima
1358 1573 1423 1632 ct
1460 1586 1651 1633 carne
1665 1617 1682 1649 ‚
1714 1586 1833 1633 nec

293 1680 496 1744 anima
532 1683 631 1744 est
674 1697 855 1757 caro,
900 1697 1021 1743 nec
1060 1696 1099 1743 e
1145 1695 1453 1742 converso
1486 1696 1503 1741 ε
1532 1695 1730 1759 ergo,
1774 1676 1833 1740 si

296 1804 552 1868 persona
595 1786 827 1851 Christi
871 1790 1034 1850 oeset
1070 1786 1443 1868 composita,
1473 1802 1593 1849 nec
1633 1784 1832 1848 homo

298 1898 447 1959 esset
472 1893 661 1975 Deus,
690 1913 811 1960 nec
836 1894 1003 1960 Deus
1033 1894 1228 1959 homo
1257 1915 1275 1958 t
1307 1894 1475 1978 quod
1512 1894 1568 1957 si
1593 1893 1716 1958 hoc
1739 1897 1836 1956 est

300 1999 537 2079 laisum,
564 2006 782 2081 restat,
808 2007 933 2067 etc.

849 2249 1153 2319 CONCLU
1162 2249 1312 2318 Sto.

306 2430 366 2485 ln
421 2443 641 2501 persona
700 2426 907 2485 Christi
951 2442 1063 2482 nou
1120 2429 1199 2482 ost
1256 2428 1568 2499 compositio
1613 2430 1839 2499 proprie

371 2517 537 2584 dicta,
566 2521 702 2590 quia
726 2518 903 2574 multa
929 2516 1055 2573 inde
1080 2521 1420 2588 sequeremin-
1444 2517 1827 2573 inconvenien-

374 2609 475 2672 tia,
515 2608 639 2664 licet
658 2622 893 2680 persona
926 2607 1034 2662 illa
1074 2606 1272 2664 habeat
1308 2621 1427 2662 cum
1456 2606 1570 2661 alio
1596 2607 1828 2679 positio-

375 2712 501 2755 nan.

386 2852 555 2938 Resp,
581 2855 662 2920 ad
698 2872 845 2936 arg.
890 2854 1234 2919 Dicendum
1272 2854 1445 2937 quod
1471 2853 1838 2936 compositio

322 2961 619 3047 dupliciter
644 2967 851 3048 potest
875 2962 1003 3028 dici
1033 2986 1049 3027 ι
1083 2981 1215 3029 uno
1242 2963 1433 3028 modo
1466 2964 1721 3047 proprie
1747 2962 1839 3027 di-

325 3073 464 3138 citur
501 3073 877 3158 compositio
924 3073 1082 3137 unio
1141 3073 1505 3157 aliquorum
1560 3073 1839 3137 duorum

325 3179 664 3248 habentium
700 3187 1001 3247 mutuam
1038 3182 1517 3248 inclinationem
1562 3183 1642 3246 ad
1684 3199 1837 3245 con·

326 3289 684 3356 stitutionem
711 3291 880 3356 tertii
912 3312 928 3356 :
960 3296 1024 3355 et
1047 3291 1173 3356 hoc
1194 3291 1417 3368 modo,
1447 3290 1614 3355 sicut
1645 3289 1840 3352 ratio·

327 3410 423 3458 ncs
454 3399 789 3462 ostendunt
802 3445 823 3477 ‚
865 3415 1139 3479 persona
1181 3396 1409 3463 Christi
1458 3414 1592 3461 non
1638 3397 1842 3478 potest

329 3498 431 3564 dici
456 3505 830 3587 composita3
862 3504 1065 3569 multa
1091 3504 1267 3569 enim
1293 3507 1711 3587 sequerentur
1738 3502 1839 3566 in-

330 3610 738 3675 convenientia
754 3659 774 3691 ,
833 3611 1128 3677 videlicet
1182 3610 1355 3693 quod
1415 3627 1686 3693 persona
1736 3610 1841 3675 illa

332 3721 472 3782 esset
508 3723 787 3799 mutata,
822 3724 887 3784 et
932 3720 1106 3802 qnod
1145 3723 1308 3785 esset
1345 3719 1748 3800 imperfecta,
1778 3723 1844 3784 et

328 3825 471 3904 quod
494 3833 651 3892 esset
683 3828 1117 3910 temporaliter
1151 3829 1221 3892 in
1247 3846 1382 3892 eoee
1408 3828 1714 3910 producta
1730 3874 1750 3906 ,
1777 3831 1841 3892 et

328 3932 468 4010 quod
492 3933 684 3998 etiam
706 3952 838 3998 non
856 3936 1486 4002 communicarentur
1508 3934 1836 3998 idiomata.

326 4033 390 4100 Et
423 4038 554 4104 ideo
594 4040 716 4104 hoc
756 4041 955 4105 modo·
984 4041 1196 4107 dicere
1240 4059 1582 4126 personam
1615 4040 1842 4107 Christi

326 4158 440 4208 esse
463 4148 901 4230 compositam,
928 4165 1062 4213 non
1101 4151 1352 4214 tantum
1379 4151 1540 4215 esset
1570 4147 1801 4213 salsum
1819 4196 1836 4227 ,

327 4265 523 4316 verum
556 4254 751 4319 etiam
796 4260 958 4320 esset
992 4256 1368 4321 haereticum
1390 4262 1434 4320 ¹.
1465 4255 1610 4319 Alio
1650 4243 1842 4321 modo

327 4355 524 4426 dicitur
552 4363 923 4445 compositio
946 4362 1131 4445 large
1158 4362 1353 4429 simul
1380 4382 1531 4428 cum
1572 4363 1696 4429 alio
1724 4381 1842 4447 po-

326 4465 445 4531 sitio
474 4490 489 4533 :
518 4471 690 4535 etsie
718 4470 1069 4553 personalis
1097 4471 1252 4536 unio
1279 4474 1486 4554 potest
1509 4470 1632 4538 dici
1659 4490 1842 4536 com-

321 4576 544 4654 positio.
570 4577 648 4642 Et
670 4594 788 4661 per
808 4576 985 4642 hunc
1005 4579 1271 4644 modum
1292 4579 1540 4645 dicebat
1564 4580 1842 4645 secunda

323 4682 514 4763 opinio
550 4701 889 4767 personam
934 4684 1163 4750 Christi
1202 4703 1340 4750 esse
1371 4687 1786 4770 compositam
1818 4709 1834 4752 ε

322 4802 437 4853 non
458 4791 624 4874 quod
658 4791 799 4874 ipsa
834 4793 917 4855 sit
943 4809 1026 4856 ex
1067 4792 1359 4874 pluribus
1398 4794 1648 4860 naturis
1686 4812 1841 4860 con-

323 4894 539 4977 stituta,
567 4899 677 4963 sed
708 4897 888 4981 quod
923 4915 1193 4981 persona
1224 4899 1333 4965 illa
1360 4904 1509 4966 ante
1548 4901 1841 4967 incarna-

326 4999 537 5067 tionem
561 5004 965 5089 suppositum
989 5010 1126 5070 erat
1151 5006 1221 5069 in
1254 5025 1386 5071 una
1417 5012 1649 5074 natura
1677 5009 1842 5074 sim-

330 5105 454 5186 plici
475 5131 494 5188 ;
515 5116 652 5194 post
676 5112 1182 5177 incarnationem
1210 5131 1365 5178 vero
1389 5131 1661 5197 persona
1686 5133 1842 5199 sup-

390 5307 655 5375 ¹Synodus
693 5312 1089 5377 constantinop.
1132 5313 1349 5379 qidnta,
1396 5329 1442 5365 c.
1475 5328 1546 5381 iv,
1599 5317 1673 5366 sic
1703 5315 1774 5366 ait
1824 5331 1838 5366 ε

336 5390 362 5423 ε
382 5379 467 5458 Qui
493 5395 591 5435 non
618 5386 893 5437 confltetur
921 5385 1165 5437 unitatem
1195 5386 1291 5438 Dei
1331 5387 1488 5438 Verbi
1533 5388 1599 5438 ad
1633 5401 1842 5439 carnem

339 5456 580 5505 animatam
617 5456 792 5507 anima
830 5453 1066 5506 rationali
1111 5462 1163 5506 et
1190 5456 1521 5510 intellectuali
1558 5458 1841 5532 secundum

3359 467 3474 532 181

1940 612 2220 695 positum
2245 611 2369 676 fuit
2390 609 2630 675 divina!
2655 612 2930 683 naturas,
2951 611 3025 671 et
3051 607 3356 671 humanm
3383 611 3489 670 :et

1939 718 2061 784 hoc
2091 719 2329 801 absque
2353 716 2489 782 ulla
2516 713 2872 779 mutatione
2895 713 3060 778 tacta
3084 713 3155 777 in
3177 711 3340 796 ipsa,
3375 712 3486 778 sed

1938 825 2147 890 solum
2175 844 2256 890 ex
2275 829 2452 908 parte
2475 822 2782 886 humanae
2808 825 3083 897 naturas,
3104 820 3271 886 sicut
3283 823 3489 885 osten·

1936 951 2086 997 sum
2116 934 2236 997 suit
2261 933 2332 996 in
2366 931 2578 1014 prima
2621 927 3060 994 distinctione¹
3084 928 3287 1009 huius
3311 927 3483 992 libri.

1940 1039 2019 1106 Et
2045 1040 2188 1104 ideo
2230 1038 2445 1122 opinio
2480 1038 2638 1112 ista,
2681 1054 2833 1118 quae
2869 1035 3114 1101 dicebat
3149 1050 3487 1117 personam

1941 1146 2172 1212 Christi
2214 1146 2410 1210 fuisse
2440 1145 2892 1227 compositam,
2925 1161 3081 1207 vera
3103 1141 3263 1222 tuit,
3296 1146 3361 1207 et
3388 1161 3490 1206 sa-

1941 1272 2102 1319 num
2148 1253 2374 1318 habuit
2417 1251 2832 1316 intellectum.
2874 1249 3040 1327 Quia
3084 1252 3299 1314 tamen
3340 1268 3489 1313 ver·-

1942 1361 2102 1425 bum
2130 1358 2581 1424 calumniabile
2607 1362 2734 1436 est,
2772 1375 2889 1440 pro
2916 1375 2994 1421 eo
3018 1356 3193 1439 quod
3225 1374 3490 1439 compo·-

1942 1467 2197 1532 sitionis
2231 1465 2622 1530 vocabulum
2667 1464 2998 1529 consuevit
3039 1463 3240 1546 accipi
3277 1463 3489 1546 primo

1944 1574 2134 1639 modo
2162 1594 2181 1651 ;
2237 1572 2380 1637 ideo
2446 1571 2732 1634 doctores
2798 1571 3124 1652 praesentis
3185 1570 3492 1653 temporis

1942 1699 2205 1746 sensum
2233 1681 2433 1761 hujus
2466 1677 2784 1760 opinionis
2819 1677 3128 1758 retinent,
3163 1677 3486 1744 declinan-

1941 1792 2039 1852 tes
2099 1785 2570 1869 compositionis
2619 1784 3029 1850 vocabulum.
3095 1784 3169 1849 In
3222 1802 3493 1867 persona

1942 1895 2119 1961 enim
2173 1893 2402 1959 Christi
2463 1910 2595 1957 non
2647 1896 2744 1956 est
2807 1891 3175 1975 compositio
3237 1892 3492 1975 proprie

1943 2005 2136 2068 dicta.
2171 2000 2347 2067 Unde
2389 1999 2807 2065 concedendae
2832 2004 2985 2064 sunt
3023 1999 3300 2065 rationes
3342 2018 3492 2083 quae

1944 2110 2222 2175 inductae
2247 2111 2399 2173 sunt
2427 2107 2507 2171 ad
2534 2107 2725 2170 istam
2754 2109 3022 2188 partem.

2027 2223 2088 2281 1.
2123 2216 2219 2281 Ad
2247 2215 2403 2279 illud
2431 2233 2585 2279 vero
2625 2214 2796 2295 quod
2824 2213 3123 2296 objicitur
3150 2214 3221 2279 in
3244 2219 3493 2280 contra-

1946 2327 2120 2391 rium
2135 2324 2215 2389 de
2236 2324 2610 2388 auctoritate
2628 2321 2937 2404 Symboli,
2958 2320 3300 2387 dicendum
3316 2322 3493 2404 quod

1946 2449 2079 2498 non
2105 2436 2202 2496 est
2226 2429 2601 2495 omnimoda
2624 2429 2979 2494 similitudo
2995 2429 3162 2493 inter
3182 2429 3488 2508 animam,

1946 2548 2013 2608 et
2040 2560 2324 2623 carnem,
2355 2546 2420 2605 et
2443 2540 2870 2619 divinitatem,
2909 2544 2974 2604 et
2997 2539 3487 2614 humanitatem.

1948 2648 2091 2716 Non
2116 2648 2296 2715 enim
2322 2652 2417 2712 est
2442 2647 2794 2712 similitudo
2819 2651 3135 2729 quantum
3157 2646 3240 2713 ad
3280 2651 3491 2713 extre-

1950 2775 2210 2823 morum
2233 2755 2781 2838 compositionem,
2797 2754 2905 2818 sed
2923 2757 3239 2837 quantum
3266 2753 3348 2819 ad
3369 2754 3492 2819 hoc

1947 2864 2122 2948 quod
2148 2863 2365 2928 anima
2390 2867 2455 2928 et
2481 2879 2628 2928 caro
2656 2865 3047 2927 concurrunt
3073 2861 3155 2926 ad
3178 2861 3491 2926 unitatem

1949 2990 2240 3056 personae
2274 2993 2289 3037 ε
2319 2972 2408 3036 sic
2448 2971 2642 3037 etiam
2684 2969 2986 3036 divinitas
3028 2973 3095 3033 et
3125 2967 3494 3034 humanitas

1948 3082 2018 3147 in
2046 3079 2291 3144 Christo
2318 3082 2711 3144 concurrunt
2738 3078 2809 3142 in
2835 3077 3149 3142 unitatem
3174 3095 3487 3160 personae,

1947 3188 2249 3270 quamvis
2277 3187 2399 3251 hoc
2425 3188 2535 3250 flat
2555 3186 2683 3250 alio
2711 3185 2923 3250 etalio
2945 3185 3160 3251 modo·

2029 3299 2090 3358 2.
2122 3295 2219 3359 Ad
2251 3294 2409 3359 illud
2437 3294 2607 3376 quod
2646 3291 2990 3376 opponitur
3015 3292 3095 3357 de
3123 3291 3492 3358 auctoritate

1949 3402 2320 3468 Damasceni
2342 3449 2360 3481 ,
2415 3402 2758 3467 dicendum
2827 3400 3001 3484 quod
3065 3398 3492 3465 Damascenus

1949 3527 2082 3573 non
2123 3509 2350 3591 accipit
2384 3509 2473 3572 ibi
2514 3507 2771 3592 proprie
2805 3506 3350 3589 compositionem,
3380 3506 3490 3571 sed

1948 3614 2153 3697 large.
2183 3612 2361 3679 Unde
2389 3617 2452 3677 et
2482 3613 2753 3678 verbum
2782 3629 2975 3676 suum
3013 3615 3261 3694 oportet
3288 3629 3488 3695 expo-

1950 3740 2126 3801 nere,
2154 3721 2307 3804 quia
2334 3720 2493 3784 forte
2517 3737 2649 3784 non
2688 3719 2777 3784 ita
2819 3717 3166 3802 improprie
3208 3723 3391 3783 sonat
3419 3718 3491 3783 in

1948 3828 2178 3910 lingua
2204 3845 2439 3909 graeca,
2477 3827 2640 3890 sicut
2682 3827 2752 3890 in
2786 3824 3005 3890 latina.
3036 3822 3215 3890 Unde
3258 3825 3492 3891 dicitur

1949 3934 2312 4018 hypostasis
2359 3934 2707 4017 composita
2768 3950 2850 3996 ex
2911 3932 3158 3997 duabus
3218 3933 3485 4012 naturis,

1949 4061 2079 4106 non
2109 4043 2280 4125 quod
2305 4060 2387 4106 ex
2415 4041 2538 4104 illis
2564 4041 2814 4104 duabus
2844 4040 2924 4103 sit
2963 4040 3334 4117 constituta,
3376 4038 3486 4104 sed

1949 4150 2124 4233 quod
2148 4150 2217 4214 in
2246 4152 2641 4215 sacramento
2664 4147 3114 4213 incarnationis
3138 4148 3376 4212 factum
3395 4152 3492 4213 est

1948 4262 2023 4323 ut
2047 4257 2426 4341 hypostasis,
2458 4274 2606 4338 quae
2629 4260 2765 4321 erat
2792 4257 2912 4319 sub
2937 4272 3070 4319 una
3092 4258 3343 4319 tantum
3370 4272 3486 4319 na-

1948 4369 2116 4445 tura,
2144 4367 2214 4431 in
2241 4366 2491 4430 duabus
2519 4369 2703 4444 esset,
2727 4367 2792 4430 et
2812 4363 2932 4428 sub
2958 4363 3206 4426 duabus
3244 4361 3427 4427 fleret
3468 4383 3484 4426 :

1948 4474 2122 4539 unde
2148 4472 2358 4555 magis
2392 4472 2646 4556 proprie
2685 4470 2914 4535 dicitur
2952 4468 3310 4552 hypostasis
3354 4486 3490 4534 esse

1952 4581 2023 4646 in
2048 4582 2300 4646 duabus
2319 4580 2590 4655 naturis,
2617 4596 2813 4661 quam
2832 4595 2913 4642 ex
2942 4576 3195 4640 duabus
3214 4576 3486 4640 naturis.

2031 4693 2091 4753 3.
2114 4689 2213 4753 Ad
2237 4687 2394 4752 illud
2420 4686 2591 4770 quod
2619 4685 2940 4769 objicitur,
2984 4682 3157 4765 quod
3203 4681 3489 4747 intellec-

1948 4798 2054 4860 tus
2094 4811 2381 4878 personae
2427 4792 2866 4876 praesupponit
2914 4788 3310 4853 intellectum
3371 4807 3493 4855 na-

1948 4905 2136 4982 turae,
2167 4900 2507 4966 dicendum
2530 4898 2704 4982 quod
2737 4914 2968 4962 verum
2995 4899 3090 4959 est
3129 4895 3207 4960 de
3235 4899 3489 4974 natura,

1948 5028 2097 5094 quae
2128 5010 2234 5075 dat
2280 5007 2568 5091 primum
2619 5023 2753 5069 esse
2798 5021 3110 5088 personae,
3140 5007 3206 5068 et
3230 5003 3374 5068 talis
3399 5011 3496 5069 est

1949 5118 2171 5184 divina
2204 5120 2437 5181 natura
2479 5116 2769 5195 respectu
2804 5126 3094 5192 personae
3126 5109 3353 5175 Christi
3384 5132 3400 5175 ι
3431 5115 3494 5175 et

1951 5313 2385 5380 compositionem
2402 5347 2418 5373 ,
2447 5310 2500 5361 id
2524 5312 2629 5369 est,
2656 5307 2939 5359 secundum
2969 5308 3352 5360 subsistentiam
3384 5309 3490 5359 tac-

1951 5391 2076 5450 tam,
2102 5391 2155 5437 et
2181 5388 2455 5450 propterea
2476 5396 2632 5433 unam
2662 5380 2772 5445 ejus
2793 5379 3194 5445 subsistentiam,
3221 5380 3493 5433 anathema

1952 5459 2033 5509 sit.
2064 5476 2092 5508 s
2125 5487 2172 5494 --
2210 5461 2227 5491 2
2251 5456 2373 5510 Uist.
2405 5467 2448 5516 1,
2473 5469 2526 5521 p.
2554 5468 2589 5515 i,
2613 5468 2665 5518 q.
2692 5467 2730 5516 ι,
2761 5452 2813 5502 in
2833 5453 2986 5515 Resp.
3015 5452 3080 5502 ad
3108 5466 3217 5516 arg.
