4185 6288
1197 480 1577 552 ms‘rmcr.
1620 479 1806 549 xxv,
1851 482 2035 552 aar.
2079 484 2132 550 1.
2178 467 2453 567 Quasi·
2491 488 2541 553 1.

773 753 1294 822 CONCLUSIO.

266 927 333 983 In
373 924 624 996 symbolo
650 925 964 999 Apostolico
989 928 1322 997 sufficienter
1347 928 1532 985 omnia
1574 941 1657 995 ea,
1696 941 1814 999 quoe

336 1019 698 1088 opportunum
741 1020 818 1072 est
853 1016 1077 1083 credere,
1136 1019 1511 1084 continentur,
1540 1016 1720 1087 quoad
1748 1031 1812 1074 ea

336 1121 456 1177 quoe
473 1108 869 1179 principaliter
896 1106 1156 1163 credenda
1181 1110 1329 1163 sunt.

346 1266 531 1350 Resp.
562 1266 645 1332 ad
670 1284 811 1348 arg.
843 1266 943 1332 Ad
971 1266 1421 1351 praedictorum
1450 1266 1650 1330 intelli
1657 1282 1815 1347 gen-

263 1377 422 1442 tiam
447 1377 542 1439 est
564 1374 942 1452 notandum,
969 1373 1144 1456 quod
1166 1373 1454 1439 doctrina
1471 1372 1620 1438 fldei
1641 1391 1814 1457 quae-

265 1482 414 1548 dam
465 1483 657 1548 hahet
703 1481 1136 1546 antecedentia
1153 1530 1171 1561 ,
1232 1480 1532 1563 quaedam
1585 1498 1811 1545 conse-

264 1590 527 1673 quentia
544 1639 564 1671 ,
624 1589 922 1673 quaedam
969 1587 1284 1671 principia
1335 1587 1471 1653 sive
1523 1586 1769 1669 objecta
1790 1636 1809 1668 ‚

263 1697 427 1763 sicut
453 1698 521 1761 in
552 1697 692 1761 aliis
716 1696 992 1761 scientiis
1018 1694 1317 1762 videmus
1344 1712 1482 1760 esse
1512 1695 1811 1776 q'uaedam

263 1805 575 1889 principia
600 1804 990 1880 communia,
1029 1821 1176 1887 quae
1205 1805 1692 1886 supponuntur,
1723 1803 1809 1866 si-

263 1916 371 1976 cut
397 1911 741 1995 dignitates
766 1931 783 1990 ;
813 1910 1109 1993 quaedam
1138 1928 1293 1978 vero
1330 1909 1644 1993 principia
1666 1926 1810 1993 pro-

262 2019 401 2103 pria
427 2018 686 2083 illarum
712 2019 1123 2083 scientiarum
1142 2066 1161 2098 ‚
1190 2021 1265 2083 ut
1287 2021 1443 2082 sunt
1469 2016 1811 2081 intrinseca

260 2126 575 2210 principia
618 2125 1277 2205 demonstrationum
1317 2124 1617 2208 quaedam
1653 2141 1809 2189 vero

260 2239 412 2299 sunt
437 2237 602 2300 sicut
629 2234 1106 2317 consequentia,
1153 2234 1318 2299 sicut
1357 2237 1511 2297 sunt
1549 2233 1811 2297 conclu-

261 2343 468 2406 siones
493 2341 862 2407 corollariae.
884 2340 1003 2406 Per
1030 2339 1204 2406 hunc
1228 2339 1422 2405 etiam
1451 2339 1716 2405 modum
1739 2338 1808 2402 in

259 2449 546 2516 doctrina
590 2450 741 2514 fidei
785 2449 1218 2514 antecedentia
1266 2451 1419 2512 sunt
1469 2446 1579 2511 illa
1595 2495 1613 2525 ‚
1658 2464 1807 2529 quae

259 2561 412 2623 sunt
437 2556 516 2622 de
543 2555 882 2621 dictamine
913 2555 1082 2638 juris
1106 2554 1458 2636 naturalis3
1494 2553 1809 2638 principia

257 2683 414 2730 vero
447 2667 597 2728 sunt
622 2662 730 2729 illa
745 2711 764 2743 ,
803 2661 885 2727 ad
925 2679 1075 2744 quae
1116 2661 1267 2727 fidei
1296 2661 1680 2727 illuminatio
1707 2660 1803 2726 di-

176 2829 179 2832 .
257 2775 424 2835 recte
450 2771 674 2852 dirigit
715 2791 730 2834 ε
764 2773 825 2834 et
853 2769 975 2833 ista
1001 2768 1303 2834 dicuntur
1339 2768 1610 2833 articuli.
1643 2767 1807 2833 Con-

257 2878 586 2961 sequentia
632 2878 785 2942 sunt
830 2875 941 2940 illa
962 2924 981 2956 ,
1031 2895 1180 2959 quae
1222 2894 1305 2940 ex
1347 2876 1473 2940 illis
1521 2875 1808 2941 articulis

257 2988 525 3068 possunt
549 2983 688 3048 elici
702 3032 720 3063 ,
751 2986 814 3048 et
839 2982 920 3047 ad
946 2982 1087 3047 illos
1112 2983 1411 3047 articulos
1441 2982 1679 3048 habent
1705 3001 1804 3047 sea-

256 3092 390 3177 qui.
422 3091 582 3159 Cum
624 3108 784 3173 ergo
823 3090 1140 3174 quaeritur
1167 3093 1389 3155 utrum
1416 3090 1805 3156 sufficienter

255 3202 541 3267 doctrina
565 3200 716 3265 fidei
744 3200 1146 3265 contineatur
1172 3199 1242 3264 in
1272 3197 1580 3282 Symbolo
1599 3199 1804 3283 Apos-

256 3309 466 3389 tolico‚
503 3307 846 3375 dicendum
891 3311 986 3371 est
1023 3305 1197 3388 quod
1240 3306 1294 3369 si
1338 3305 1684 3389 loquamur
1725 3306 1805 3371 de

255 3416 543 3481 doctrina
568 3414 717 3481 fidei
742 3418 1058 3498 quantum
1074 3413 1156 3478 ad
1181 3431 1257 3477 ea
1283 3430 1431 3496 quae
1459 3413 1701 3478 suntin
1729 3430 1806 3477 ea

256 3523 569 3607 principia
605 3526 668 3588 et
704 3522 994 3606 propria,
1026 3521 1189 3586 sicut
1214 3525 1366 3586 sunt
1391 3520 1486 3584 illi
1510 3520 1799 3601 articuli,

253 3632 645 3698 sufficienter
681 3631 753 3695 in
779 3630 892 3696 illo
918 3631 1209 3714 symbolo
1245 3630 1631 3695 continetur.
1677 3627 1800 3694 Po-

250 3743 378 3805 test
402 3744 621 3806 autem
638 3737 838 3822 ipsius
864 3738 1243 3805 sufficientia
1260 3758 1344 3805 ex
1369 3738 1608 3823 duplici
1622 3742 1802 3823 parte

251 3846 632 3924 monstrari,
676 3845 969 3912 videlicet
992 3864 1076 3911 ex
1104 3850 1283 3929 parte
1318 3846 1608 3929 ipsorum
1650 3864 1803 3911 auc-

248 3957 470 4019 torum
511 3953 1031 4037 componentium
1045 4001 1064 4033 ‚
1094 3957 1269 4018 etex
1298 3958 1475 4036 parte
1501 3952 1802 4020 articulo-

247 4080 400 4127 rum
415 4061 1068 4128 constituentium.Ex
1082 4066 1261 4145 parte
1279 4065 1618 4128 auctorum
1630 4079 1799 4126 com-

145 4248 153 4257 ·
247 4169 626 4254 ponentium
641 4218 663 4249 ,
712 4169 866 4254 quia
907 4169 1291 4235 universitas
1344 4170 1434 4234 ibi
1479 4170 1798 4252 apostolo·

22 4557 172 4603 Sum-

246 4294 403 4347 rum
421 4276 737 4356 convenit,
767 4294 965 4359 quam
994 4293 1127 4371 non
1150 4280 1247 4341 est
1265 4275 1532 4342 dubium
1559 4276 1800 4359 aliquid

247 4402 385 4449 non
410 4385 689 4468 potuisse
713 4384 909 4450 latere
936 4385 1015 4451 de
1044 4385 1170 4466 his,
1199 4402 1346 4468 quae
1374 4383 1693 4467 pertinent
1718 4384 1797 4450 ad

249 4491 401 4557 fidei
428 4492 989 4576 complementum.
1038 4492 1119 4556 Et
1147 4495 1223 4557 ut
1249 4493 1563 4574 majorem
1597 4491 1802 4557 habe-

13 4622 187 4665 tenu„
246 4602 397 4664 rent
419 4600 787 4664 firmitatem
803 4648 822 4679 ,
851 4598 1093 4681 singuli
1134 4602 1490 4683 posuerunt
1524 4598 1613 4661 ihi
1648 4616 1799 4664 suas

13 4690 53 4730 in
61 4687 176 4760 plen

95 4763 140 4793 ⁸,
247 4711 488 4792 partes,
518 4710 584 4773 et
608 4725 830 4772 omnes
857 4706 1122 4771 insimul
1157 4708 1444 4788 singulas
1485 4707 1795 4790 approba.

243 4819 491 4882 verunt
518 4836 535 4880 t
566 4818 642 4879 ut
663 4832 795 4878 una
819 4813 1116 4894 Ecclesia,
1148 4831 1294 4897 quae
1325 4831 1521 4898 super
1545 4818 1797 4898 aposto-

236 4921 343 4986 los
389 4920 650 4988 fundari
690 4921 955 4986 debehat
969 4968 988 4998 ‚
1026 4938 1227 4985 unam
1269 4919 1420 4985 fidei
1457 4919 1798 4986 credulita·

236 5032 377 5093 tem
412 5031 479 5094 et
524 5028 986 5095 confessionem
1021 5027 1306 5106 haberet,
1345 5044 1491 5111 quae
1534 5026 1793 5110 quidem

232 5133 562 5201 diceretur
586 5135 746 5201 fides
771 5133 1111 5211 catholica,
1152 5134 1276 5199 hoc
1310 5139 1406 5199 est
1442 5133 1600 5199 fides
1635 5135 1793 5199 uni-

303 5265 320 5297 ¹
338 5262 553 5313 Articuli
579 5261 696 5313 fidei
710 5262 893 5314 eodem
910 5261 1090 5313 ordine
1112 5259 1265 5324 positi
1295 5260 1347 5310 in
1372 5261 1610 5324 Hexoem„
1632 5275 1787 5312 serm.

230 5345 362 5400 „115
400 5335 527 5386 item
566 5334 623 5383 iu
673 5334 943 5401 Centiloq„
986 5335 1113 5383 sect.
1158 5334 1240 5395 38,
1280 5336 1333 5382 et
1363 5332 1418 5382 in
1455 5333 1625 5383 Dioeta
1667 5334 1788 5396 sal„

226 5407 312 5459 tit.
343 5408 406 5470 V,
436 5420 483 5456 c.
508 5417 591 5457 ιιι.
611 5431 672 5443 -
694 5407 716 5443 ⁸
741 5408 1001 5458 Numerus
1026 5403 1368 5455 duodenarius
1393 5404 1578 5454 dicitur
1602 5420 1785 5468 super-

224 5479 522 5542 abundum,
561 5476 643 5527 vel
688 5491 968 5530 excrescens
986 5510 1003 5537 ‚
1053 5475 1172 5540 quia
1212 5475 1322 5539 ejus
1361 5481 1532 5539 parte·
1575 5477 1751 5530 divisae
1766 5517 1786 5544 ,

580 5583 729 5632 ΤΟΙ.
769 5586 866 5635 lv.

3343 505 3462 568 545

1922 621 2207 686 versalis.
2239 620 2652 704 Universalis‚
2683 622 2949 707 inquam
2968 673 2986 703 ‚
3017 629 3171 709 quia
3195 632 3469 701 univer—

1921 728 2010 793 sis
2038 728 2207 809 data,
2237 733 2301 794 et
2324 728 2407 793 ab
2433 728 2755 796 universis
2781 733 3112 815 apostolis,
3150 737 3263 821 qui
3288 745 3469 806 erant

1920 835 2413 902 fundamentum
2475 836 2853 904 universalis
2895 839 3189 911 Ecclesiae
3234 849 3469 914 consti-

1920 942 2066 1007 tuti.
2808 995 2811 1000 ·

2004 1049 2183 1116 Unde
2229 1058 2248 1093 ¹
2296 1051 2521 1118 Petrus
2569 1054 2776 1137 primo
2825 1058 3038 1139 posuit
3088 1061 3468 1142 particulam

1922 1176 2131 1238 suam,
2156 1158 2413 1225 dicens:
2450 1162 2644 1228 Credo
2671 1165 2747 1230 in
2774 1164 2960 1231 Deum
2983 1167 3236 1236 Patrem
3259 1175 3470 1239 omni-

1916 1272 2231 1350 potentem
2247 1275 2590 1339 creatorem
2608 1274 2752 1341 coeli
2773 1279 2832 1341 et
2861 1279 3063 1344 terroe.

2004 1373 2295 1441 Secundo
2321 1377 2606 1444 Andreas
2630 1380 2919 1462 audienS,
2968 1385 3305 1468 subjunxit
3335 1410 3350 1453 :
3383 1390 3467 1457 Et

1918 1487 2001 1550 in
2026 1486 2247 1549 Jesum
2272 1486 2603 1555 Christum
2627 1488 2842 1569 filium
2874 1491 3016 1573 ejus
3038 1496 3305 1563 unicum
3330 1498 3462 1566 Do-

1921 1586 2173 1652 minum
2196 1593 2504 1656 nostrum.

1998 1691 2212 1759 Tertio
2231 1694 2260 1760 J
2268 1714 2507 1762 oannes
2536 1698 2775 1766 addidit
2804 1722 2820 1764 ε
2859 1701 2984 1776 Qui
3008 1711 3345 1788 conceptus
3368 1715 3463 1776 est

1920 1798 2001 1866 de
2028 1799 2282 1883 Spiritu
2305 1812 2552 1885 sancto,
2583 1813 2778 1874 natus
2801 1825 2886 1876 ex
2912 1812 3124 1878 Maria
3170 1811 3459 1895 Vimine.

1964 1905 1969 1912 ’
2001 1907 2238 1985 Quarto
2263 1912 2479 1977 intulit
2502 1912 2779 1980 Jocobus
2806 1918 3011 1999 major
3041 1941 3056 1984 ε
3091 1920 3330 1988 Passus
3346 1921 3464 1990 sub

1922 2017 2147 2085 Pontio
2195 2019 2432 2101 Pilato,
2484 2022 2870 2105 crucifixus,
2913 2031 3202 2095 mortuus
3255 2035 3321 2096 et
3370 2046 3459 2095 se-

1912 2123 2156 2204 pultus.

1998 2230 2231 2308 Quinto
2267 2235 2603 2318 subjunxit
2643 2236 2922 2304 Thomas
2955 2262 2970 2306 z
3002 2239 3343 2309 Descendit
3367 2243 3459 2310 ad

1916 2339 2207 2421 interna,
2236 2344 2428 2408 tertia
2453 2342 2558 2410 die
2573 2347 2930 2413 resurrexit
2948 2363 2990 2412 a
3015 2350 3306 2415 mortuis.

1996 2446 2189 2513 Sexto
2240 2449 2481 2515 addidit
2522 2450 2555 2515 J
2558 2453 2793 2518 acobus
2832 2453 3047 2519 minor
3094 2473 3112 2518 ε
3152 2456 3462 2525 Ascendit

1915 2553 2005 2620 ad
2032 2555 2234 2635 coetos,
2259 2555 2428 2625 sedet
2456 2559 2548 2626 ad
2573 2558 2906 2628 dexteram
2933 2561 3053 2628 Dei
3074 2562 3294 2632 Patris
3320 2580 3460 2631 om-

1912 2663 2279 2745 nipotentis.

1994 2769 2279 2854 Septimo
2303 2773 2533 2856 adjecit
2557 2775 2889 2860 Philippus
2913 2801 2929 2844 ε
2960 2778 3121 2847 Inde
3149 2787 3458 2850 venturus

1915 2885 2011 2946 est
2023 2877 2329 2959 judicare
2354 2882 2538 2949 vivos
2554 2888 2614 2951 et
2641 2889 2942 2953 mortuos.

1994 2986 2229 3053 Octavo
2268 2988 2484 3054 intulit
2530 2987 3036 3060 Bartholomaeus
3070 3017 3087 3061 ι
3126 2996 3327 3066 Credo
3379 3000 3456 3065 in

1915 3092 2237 3178 Spiritum
2261 3100 2578 3164 sanetum.

1991 3200 2047 3267 N
2049 3218 2176 3267 ono
2211 3205 2551 3287 subjunxit
2583 3204 2966 3276 Matthaeus:
3009 3210 3311 3280 Sanctam
3343 3213 3460 3281 Eo-

1910 3308 2172 3377 clesiam
2192 3312 2601 3380 catholicam.

1990 3414 2245 3483 Decimo
2267 3418 2508 3485 addidit
2537 3419 2762 3486 Simon
2788 3422 3186 3490 Chananaeus
3213 3442 3233 3489 ι
3259 3426 3457 3492 Sanc-

1912 3528 2126 3591 torum
2175 3528 2683 3595 communionem
2705 3549 2730 3591 .-
2768 3531 2923 3613 quia
2969 3531 3039 3595 in
3093 3536 3460 3599 sanctorum

1910 3632 2368 3699 communione
2403 3639 2498 3701 est
2523 3638 2930 3718 peccatorum
2957 3637 3272 3704 remissio.

1960 3737 2338 3835 'Undecimo
2383 3742 2817 3825 superaddidit
2849 3743 3013 3810 Juda
3045 3743 3404 3811 Thaddaeus
3435 3766 3453 3812 ε

1918 3845 2152 3913 Carnis
2176 3849 2713 3917 resurrectionem.
2745 3849 2824 3916 Et
2863 3854 2958 3916 est
3006 3869 3254 3935 sensus,
3285 3854 3456 3937 quod

1910 3952 2078 4018 Deus
2103 3954 2504 4022 resuscitabit
2527 3956 2734 4039 ipsam
2754 3975 3039 4025 carnem.

1987 4059 2373 4128 Duodecimo
2421 4062 2717 4129 Matthias
2766 4065 3284 4133 consummavit:
3336 4065 3452 4133 ‘Vi-

1911 4175 2045 4236 tam
2079 4176 2411 4237 oetmam.
2448 4170 2677 4236 Amen.

1986 4276 2067 4342 Et
2091 4278 2182 4342 sic
2212 4276 2480 4361 apostoli
2506 4278 2579 4342 in
2604 4295 2878 4344 numero
2902 4278 3296 4346 duodenario
3319 4279 3455 4362 ple-

1908 4401 1994 4449 no
2044 4388 2110 4450 et
2159 4385 2414 4468 integro
2467 4391 2965 4469 composuerunt
3003 4385 3164 4453 illud
3191 4388 3454 4471 symbo-

1906 4489 2046 4558 lum
2059 4539 2082 4571 ,
2115 4492 2375 4575 quando
2421 4496 2602 4559 erant
2640 4492 2905 4558 insimul
2932 4494 3311 4577 congregati
3341 4512 3359 4560 ε
3387 4495 3457 4560 in

1910 4616 2044 4680 quo
2090 4599 2353 4682 quidem
2378 4617 2652 4666 numero
2693 4600 3100 4684 significatur
3140 4602 3457 4686 superab-

1910 4704 2161 4770 undans
2197 4712 2220 4746 ²
2255 4707 2578 4792 perfectio.
2615 4706 2695 4774 Et
2751 4708 2910 4773 illud
2959 4709 3455 4792 praefiguratum

1904 4812 2067 4878 bfuit
2086 4814 2159 4878 in
2178 4814 2213 4880 J
2215 4832 2391 4895 osue,
2411 4834 2502 4894 ιν,
2523 4815 2892 4882 ubidicitur
2915 4816 3090 4900 quod
3116 4815 3452 4883 duodecim

1903 4922 2029 4987 viri
2056 4922 2345 4989 tulerunt
2373 4923 2452 4991 de
2476 4924 2692 4991 medio
2719 4924 3014 4992 Jordanis
3056 4923 3242 4993 alveo
3284 4923 3453 4990 duo·

1902 5029 2112 5095 decim
2133 5030 2396 5115 lapides,
2425 5035 2488 5097 et
2529 5036 2885 5116 posuerunt
2910 5032 2981 5097 in
3006 5031 3168 5114 loco,
3217 5031 3290 5097 in
3318 5050 3451 5116 quo

1901 5141 2106 5204 castra
2140 5139 2361 5203 metati
2405 5142 2585 5203 sunt.
2617 5137 2739 5203 Per
2781 5138 3117 5206 duodecim
3165 5155 3450 5221 namque

1902 5271 1958 5317 ut
1979 5268 2028 5331 6,
2054 5270 2103 5330 4,
2134 5268 2181 5331 3,
2202 5268 2248 5323 2,
2270 5270 2320 5325 1,
2339 5265 2526 5316 deinde
2552 5268 2872 5330 aggregans,
2903 5278 3160 5317 summam
3180 5263 3338 5316 totius
3364 5278 3452 5314 ex-

1902 5338 2119 5402 cedunt,
2147 5341 2201 5389 et
2222 5351 2494 5388 numerum
2526 5339 2584 5387 16
2612 5337 2942 5390 constituunt.
2972 5339 3048 5390 De
3071 5337 3173 5390 hoc
3196 5350 3449 5402 numero,

1896 5422 2103 5461 necnon
2147 5410 2211 5460 de
2251 5410 2478 5473 perfecto
2523 5414 2577 5459 et
2604 5408 2890 5473 diminuto,
2919 5409 3039 5462 vide
3085 5422 3243 5461 serm.
3278 5420 3350 5470 iv,
3393 5410 3450 5461 in

1898 5482 2118 5534 Heaeoem.

3213 5574 3291 5637 35
