4185 6288
824 463 944 525 114
1925 454 2550 522 SENTENTIARUM
2591 453 2741 520 LIB.
2787 454 2896 520 ΙΙΙ.

822 590 1035 661 Filius
1060 591 1300 677 Patris,
1324 591 1568 684 quia...
1600 591 1811 661 forma
1845 590 1966 659 Dei
2018 591 2264 683 accepit
2305 589 2587 660 formam
2637 591 2834 659 servi.
2867 615 2903 657 n
2957 588 3033 659 Si
3070 595 3296 659 autem
3340 589 3554 659 forma
3579 585 3693 656 Dei
3717 588 3977 659 formam

822 707 994 777 servi
1022 706 1290 799 accepit,
1317 706 1677 776 sinedubio
1695 714 1934 776 natura
1945 714 2254 776 naturam
2282 706 2567 797 accepit:
2598 705 2827 775 formae
2846 705 3024 774 enim
3040 706 3308 775 nomine
3319 702 3974 793 naturasignificatur‚

821 832 899 892 ut
920 821 1365 912 Augustinus¹
1389 822 1723 893 evidenter
1753 823 1940 892 docet
1963 822 2034 891 in
2067 822 2239 892 libro
2266 820 2348 891 de
2398 819 2563 890 Fide
2589 820 2684 890 ad
2705 822 2974 892 Petrum
3009 846 3025 890 ε
3071 848 3107 888 α
3139 822 3307 891 Cum
3317 873 3335 907 ,
3366 820 3610 913 inquit,
3640 818 3717 887 de
3740 819 3977 889 Christo

821 939 1035 1023 audis,
1065 939 1226 1030 quia
1252 946 1323 1007 in
1349 938 1563 1007 forma
1589 940 1708 1009 Dei
1756 948 1918 1025 erat,
1970 945 2226 1031 oportet
2279 960 2654 1027 agnoscere,
2708 937 3214 1030 firmissimeque
3255 944 3475 1006 tenere
3511 935 3580 1004 in
3629 935 3742 1003 illo
3767 935 3975 1004 formae

819 1054 1087 1124 nomine
1115 1054 1486 1125 naturalem
1512 1054 1991 1147 plenitudinem
2019 1055 2255 1124 debere
2282 1054 2590 1143 intelligi.
2622 1054 2700 1122 In
2725 1053 2941 1124 forma
2969 1053 3087 1124 Dei
3115 1077 3273 1144 ergo
3300 1062 3464 1140 erat,
3496 1052 3653 1144 quia
3677 1052 3744 1118 in
3762 1058 3977 1119 natura

817 1170 939 1240 Dei
963 1170 1179 1239 Patris
1204 1192 1459 1262 semper
1485 1178 1647 1257 erat,
1676 1170 1757 1241 de
1785 1194 1918 1264 qua
1953 1178 2149 1240 natus
2190 1177 2352 1240 erat.
2376 1195 2411 1236 u
2472 1170 2768 1240 Hilarius
2819 1192 3111 1263 quoque,
3156 1171 3229 1239 in
3266 1170 3439 1239 libro
3484 1167 3859 1237 duodecimo
3906 1165 3977 1234 de

827 1286 1155 1355 Trinitate
1179 1287 1272 1355 ita
1296 1286 1388 1356 ait
1415 1300 1438 1334 ²
1472 1310 1488 1354 z
1525 1312 1562 1353 «
1586 1287 1742 1358 Esse
1770 1287 1842 1356 in
1869 1286 2083 1357 forma
2109 1286 2227 1356 Dei
2280 1308 2416 1355 non
2454 1285 2588 1353 alia
2639 1283 3076 1374 intelligentia
3100 1294 3220 1371 est,
3268 1308 3471 1377 quam
3496 1284 3568 1352 in
3595 1281 3710 1350 Dei
3738 1301 3976 1350 manera

819 1411 1135 1472 natura.»
1172 1401 1465 1470 Didicisti
1492 1402 1760 1471 nomine
1786 1403 2014 1472 formae
2040 1402 2549 1492 intelligentiam
2578 1400 2727 1470 fieri
2753 1407 3045 1483 naturae3
3079 1407 3147 1469 at
3174 1400 3417 1469 audisti
3442 1400 3621 1493 quod
3649 1398 3851 1467 forma
3873 1394 3978 1464 Dei

819 1520 1101 1591 formam
1119 1519 1292 1589 servi
1320 1519 1601 1611 suscepit
1630 1544 1646 1586 :
1699 1518 1877 1588 unde
1927 1540 2332 1612 consequens
2374 1525 2494 1604 est,
2548 1517 2727 1610 quod
2767 1525 3007 1586 natura
3044 1517 3274 1587 divina
3308 1525 3617 1587 naturam
3645 1516 3978 1585 humanam

818 1636 1123 1729 suscepit.
1154 1634 1347 1717 Quod
1377 1635 1574 1704 etiam
1601 1635 2048 1726 Hieronymus
2073 1635 2147 1704 in
2172 1634 2675 1726 Explanatione
2694 1631 2861 1724 fidei
2886 1632 3223 1702 evidenter
3246 1633 3568 1719 insinuat,
3602 1632 3894 1726 inquiens
3913 1624 3933 1660 ³
3961 1652 3975 1695 2

829 1753 1115 1821 «Passus
1144 1761 1241 1820 est
1255 1750 1467 1820 Filius
1490 1751 1636 1838 Dei,
1668 1775 1804 1821 non
1841 1751 2160 1843 putative,
2200 1752 2313 1820 sed
2346 1774 2536 1837 vere,
2583 1749 2948 1819 secundum
2978 1749 3147 1819 illud
3182 1775 3198 1817 ε
3229 1750 3469 1819 Passus
3521 1758 3621 1820 est
3660 1752 3832 1843 quod
3863 1754 3981 1844 pati

820 1875 1098 1960 poterat,
1128 1867 1195 1935 id
1223 1875 1342 1956 est,
1374 1890 1510 1936 non
1536 1868 1900 1937 secundum
1945 1866 2130 1935 illam
2171 1867 2607 1936 substantiam
2651 1888 2806 1959 quae
2845 1866 3220 1957 assumpsit,
3248 1866 3362 1935 sed
3393 1866 3754 1935 secundum
3786 1866 3975 1954 illam,

820 2007 971 2076 quae
991 1988 1324 2075 assumpta
1350 1992 1468 2052 est.
1501 2008 1536 2049 »
1579 1984 1679 2052 Ex
1723 2006 1857 2076 quo
1902 1993 2173 2075 apparet
2212 1982 2511 2053 divinam
2563 1982 2998 2052 substantiam
3030 1983 3455 2075 assumpsisse
3490 1982 3866 2052 humanam.
3897 1982 3983 2051 Ex

820 2101 1039 2170 verbis
1064 2109 1285 2171 autem
1313 2100 1672 2189 Augustini
1708 2099 2013 2192 superius
2041 2099 2292 2192 positiS,
2338 2099 2634 2169 adhibita
2671 2099 3048 2189 diligentia,
3090 2099 3286 2168 innui
3312 2098 3580 2168 videtur
3605 2099 3813 2168 solum
3837 2098 3985 2170 Ver-

819 2218 980 2288 bum
1027 2240 1288 2287 carnem
1335 2218 1618 2303 factum,
1666 2225 1732 2287 et
1770 2224 2078 2286 naturam
2125 2217 2344 2285 solum
2393 2216 2752 2308 suscepisse
2802 2215 3202 2301 humanam,
3254 2223 3320 2283 et
3360 2215 3658 2284 divinam
3703 2225 3982 2285 naturam

819 2334 1114 2404 eamdem
1160 2334 1517 2425 accepisse3
1557 2332 1650 2402 ait
1690 2333 1870 2401 enim
1906 2331 1929 2366 ⁴
1960 2358 1976 2400 z
2029 2357 2064 2397 α
2101 2332 2390 2401 Trinitas
2424 2355 2545 2401 nos
2581 2332 2709 2400 sibi
2747 2331 3195 2401 reconciliavit
3233 2354 3351 2422 per
3390 2331 3516 2401 hoc
3566 2332 3741 2425 quod
3783 2332 3979 2400 solum

818 2427 1117 2519 Verbum
1145 2472 1409 2520 carnem
1436 2449 1578 2542 ipsa
1602 2449 1891 2518 Trinitas
1939 2448 2116 2517 fecit.
2165 2449 2245 2516 In
2300 2471 2435 2540 quo
2490 2448 2583 2517 sic
2635 2447 2877 2516 veritas
2931 2446 3491 2515 incommutabilis
3523 2455 3739 2516 manet
3762 2446 3983 2515 divinae

817 2565 1257 2659 humanaeque
1284 2573 1566 2650 naturae,
1599 2573 1675 2633 ut
1701 2565 1870 2634 sicut
1914 2586 2072 2633 vera
2103 2586 2361 2655 semper
2405 2573 2501 2633 est
2541 2563 2686 2655 ejus
2724 2562 3060 2649 divinitas,
3108 2586 3311 2655 quam
3336 2562 3418 2631 de
3445 2564 3642 2633 Patre
3669 2563 3875 2649 habet,
3903 2562 3985 2630 ita

816 2705 974 2752 vera
1001 2704 1257 2774 semper
1279 2689 1342 2750 et
1367 2679 1927 2749 incommutabilis
1966 2679 2111 2772 ejus
2145 2681 2230 2747 sit
2265 2680 2670 2766 humanitas,
2700 2701 2902 2772 quam
2931 2679 3058 2748 sibi
3093 2679 3351 2748 unitam
3396 2702 3661 2749 summa
3697 2678 3985 2748 divinitas

817 2798 1009 2886 gerit.
1029 2824 1064 2863 »
1087 2798 1275 2884 Ecce,
1303 2804 1369 2865 et
1393 2796 1612 2867 solum
1637 2795 1937 2865 Verbum
1964 2795 2126 2864 dixit
2152 2818 2417 2865 carnem
2444 2795 2721 2882 factum,
2749 2802 2815 2864 et
2840 2795 3325 2864 humanitatem
3363 2795 3696 2866 divinitati
3725 2795 3980 2863 unitam.

815 2913 996 2983 Idem
1007 2936 1274 3006 quoque
1292 2913 1593 3005 superius
1619 2916 1640 2950 ⁸
1668 2912 1836 2980 dixit
1868 2912 2174 2981 servilem
2193 2913 2472 2981 formam
2499 2935 2540 2980 a
2566 2912 2706 2982 solo
2732 2911 2903 2980 Filio
2919 2919 3309 3003 susceptam,
3341 2934 3547 3004 quam
3576 2920 3709 2983 tota
3725 2909 3986 2980 Trinitas

819 3029 993 3098 fecit.
1025 3028 1174 3099 Jam
1199 3029 1388 3098 facile
1415 3036 1510 3097 est
1551 3050 1925 3118 agnoscere,
1972 3051 2178 3120 quam
2214 3028 2473 3097 diversa
2511 3036 2577 3096 et
2623 3026 3018 3120 multiplicia
3058 3049 3257 3118 super
3292 3029 3658 3120 quaestione
3685 3024 3985 3120 proposita

821 3154 1116 3215 auctores
1144 3146 1576 3214 tradiderunt.
1606 3144 1892 3238 Ideoque
1935 3144 2323 3237 posteriores
2363 3169 2443 3214 ea
2482 3144 2796 3235 legentes,
2834 3143 3052 3214 varias
3091 3153 3292 3236 atque
3316 3147 3701 3232 contrarias,
3730 3167 3809 3214 ex
3836 3161 3985 3235 prae-

821 3262 1012 3331 dictis
1037 3263 1437 3333 occasionem
1466 3271 1833 3349 sumentes,
1863 3271 2180 3355 promunt
2206 3263 2585 3332 sententias.

912 3378 1049 3448 Nos
1074 3387 1300 3448 autem
1326 3378 1541 3449 omnis
1570 3378 1890 3447 mendacii
1919 3389 1983 3447 et
2001 3378 2532 3447 contradictionis
2554 3387 2780 3449 notam
2809 3401 2848 3446 a
2872 3376 3071 3447 sacris
3096 3375 3355 3468 paginis
3380 3377 3716 3448 secludere
3739 3373 3985 3466 cupien-

831 3503 949 3581 tes,
981 3494 1361 3566 orthodoxis
1387 3494 1681 3586 patribus
1708 3501 1904 3585 atque
1925 3493 2259 3563 catholicis
2284 3493 2661 3563 doctoribus
2686 3494 2877 3563 nulla
2902 3515 3125 3584 pravae
3150 3493 3608 3583 intelligentiae
3646 3491 3983 3583 suspicione

828 3613 1066 3682 notatis
1106 3613 1574 3698 consentimuS‚
1630 3612 1916 3681 dicentes
1960 3620 2024 3681 et
2075 3633 2424 3704 personam
2473 3609 2630 3679 Filii
2684 3609 3108 3701 assumpsisse
3161 3616 3469 3680 naturam
3529 3612 3902 3693 humanam,
3930 3613 3984 3672 et

701 3772 756 3816 -ο,
774 3731 796 3743 “
825 3736 1129 3797 naturam
1158 3729 1453 3798 divinam
1482 3728 1791 3798 humanas
1814 3728 1888 3796 in
1915 3727 2087 3798 Filio
2138 3727 2421 3813 unitam,
2464 3748 2743 3817 eamque
2780 3725 2907 3794 sihi
2945 3724 3167 3793 unisse
3193 3724 3298 3794 vel
3327 3727 3752 3820 assumpsisse
3784 3749 3799 3791 :
3827 3720 3985 3792 unde

822 3851 888 3912 et
912 3866 1064 3913 vere
1091 3845 1430 3914 incarnata
1454 3843 1716 3912 dicitur.
1764 3842 1953 3925 Quod
2003 3864 2161 3913 vero
2215 3842 2456 3912 dicitur
2498 3842 2678 3914 solus
2728 3839 2942 3911 Filius
2984 3840 3266 3910 formam
3312 3841 3490 3911 servi
3517 3841 3848 3933 accepisse,
3881 3855 3983 3928 per

821 3960 945 4028 hoc
972 3983 1106 4030 non
1132 3960 1507 4030 excluditur
1532 3960 1761 4029 divina
1787 3967 2027 4028 natura
2051 3959 2136 4028 ab
2159 3957 2530 4050 acceptione
2569 3955 2826 4028 servilis
2873 3955 3128 4042 formae,
3166 3955 3282 4025 sed
3316 3955 3465 4027 aliae
3491 3957 3641 4028 duae
3668 3974 3941 4048 personae
3958 4000 3976 4035 ,

819 4075 1016 4145 Pater
1042 4076 1285 4156 scilicet
1310 4085 1373 4143 et
1400 4074 1687 4167 Spiritus
1738 4082 2027 4144 sanctus.
2079 4074 2248 4143 Item
2302 4082 2368 4142 et
2419 4073 2592 4143 illud
2645 4071 2853 4159 aliud,
2908 4071 3153 4144 scilicet
3189 4096 3208 4139 ε
3259 4072 3507 4155 «Quod
3532 4083 3630 4143 est
3664 4069 3979 4166 proprium

818 4191 1000 4279 Filii,
1028 4214 1160 4261 non
1191 4190 1370 4283 quod
1396 4213 1747 4261 commune
1773 4199 1869 4260 est
1908 4190 2243 4276 Trinitafi,
2281 4189 2619 4259 hominem
2672 4188 2943 4281 accepit,
2977 4213 3012 4256 »
3061 4188 3157 4258 sic
3182 4197 3441 4282 oportet
3470 4190 3779 4279 intelligi,
3808 4184 3872 4254 id
3896 4189 3979 4251 est

817 4307 1080 4402 proprie
1107 4308 1178 4376 in
1207 4307 1541 4399 hypostasi
1564 4306 1745 4393 Filii,
1776 4328 1912 4376 non
1933 4304 2008 4375 in
2051 4305 2263 4375 tribus
2302 4304 2744 4375 communiter
2777 4303 3099 4395 personis,
3127 4304 3357 4376 divina
3382 4314 3625 4376 natura
3644 4306 3977 4374 humanam

816 4436 1125 4494 naturam
1152 4423 1279 4493 sibi
1306 4423 1545 4493 univit.
1577 4423 1701 4506 Qui
1730 4445 1960 4491 sensus
2004 4445 2088 4491 ex
2130 4421 2347 4491 verbis
2381 4421 2655 4494 Joannis
2698 4419 3082 4489 Damasceni
3122 4419 3584 4510 confirmatur,
3608 4421 3729 4514 qui
3752 4423 3775 4459 ⁸
3796 4425 3978 4487 totam

815 4540 1110 4610 divinam
1137 4547 1442 4609 naturam
1471 4540 1544 4607 in
1571 4561 1773 4608 unam
1821 4538 2225 4631 hypostasim
2260 4539 2669 4608 incarnatam
2713 4559 2850 4608 esse
2884 4537 3223 4608 evidenter
3256 4538 3511 4627 asserit,
3554 4538 3773 4609 dicens
3804 4560 3821 4602 ε
3854 4558 3887 4599 ιι
3908 4531 3978 4598 In

813 4655 1285 4726 humanatione
1335 4654 1454 4722 Dei
1480 4654 1686 4724 Verbi
1721 4654 1937 4724 aimus
1989 4677 2254 4725 omnem
2292 4662 2357 4723 et
2391 4655 2741 4746 perfectam
2783 4661 3092 4722 naturam
3134 4653 3392 4724 deitatis
3434 4656 3509 4725 in
3547 4676 3753 4724 unam
3798 4651 3979 4741 hypo-

814 4782 1070 4842 staseon
1117 4773 1523 4841 incarnatam
1563 4792 1724 4856 esse,
1764 4769 1834 4839 id
1879 4780 1998 4857 est,
2036 4770 2297 4840 unitam
2334 4770 2642 4842 humanae
2686 4779 2970 4856 naturae,
3013 4777 3079 4838 et
3108 4791 3243 4839 non
3286 4778 3541 4861 partem
3567 4771 3737 4863 parti
3768 4793 3784 4837 ε
3814 4762 3975 4836 omni

814 4889 991 4958 enim
1013 4890 1322 4959 humanae
1342 4896 1592 4958 naturae
1639 4887 1855 4955 aimus
1894 4909 2031 4956 esse
2070 4887 2326 4956 unitam
2373 4909 2638 4958 omnem
2679 4885 2939 4956 deitatis
2976 4893 3286 4958 naturam
3322 4886 3431 4956 vel
3478 4885 3972 4956 substantiam.»

810 5004 1020 5075 Item:
1062 5032 1099 5073 a
1124 5005 1372 5076 Eadem
1425 5011 1521 5073 est
1572 5010 1812 5071 natura
1865 5003 1938 5070 in
1990 5003 2257 5093 singula
2309 5003 2769 5096 hypostaseon,
2828 5002 2898 5072 id
2954 5010 3076 5089 est,
3131 5023 3565 5093 personarum
3597 5027 3613 5071 z
3645 5010 3712 5073 et
3733 4995 3974 5095 quando

809 5120 1088 5190 dicimus
1110 5128 1415 5189 naturam
1443 5117 1648 5187 Verbi
1672 5119 2079 5188 incarnatam
2108 5119 2647 5208 esse,secundum
2662 5121 2908 5207 beatos,
2923 5119 3165 5187 scilicet
3178 5116 3967 5189 secundumAthanasium

876 5266 895 5301 ¹
927 5265 1037 5315 Imo
1061 5263 1228 5328 Fulg„
1250 5261 1311 5312 de
1335 5260 1462 5312 Fide
1488 5259 1557 5310 ad
1579 5260 1738 5326 Pelva,
1766 5276 1814 5312 c.
1844 5273 1906 5325 11,
1937 5275 1993 5312 n.
2019 5265 2095 5315 19.
2116 5290 2169 5301 -
2198 5263 2221 5298 ²
2249 5262 2433 5324 Hilar.‚
2459 5261 2520 5312 de
2544 5261 2857 5327 Trinit.,1ib.
2888 5261 2998 5327 ΧΠ,
3023 5275 3132 5313 non
3156 5259 3313 5327 longe
3338 5276 3371 5313 a
3396 5262 3643 5328 princ.—
3660 5261 3685 5298 ⁸
3701 5261 3897 5314 Hieron.
3917 5254 3975 5308 ad

812 5339 1040 5400 Damas.,
1069 5336 1132 5384 de
1159 5334 1378 5398 Expleta.
1410 5331 1546 5395 Fid„
1571 5331 1691 5383 dict.
1720 5344 1759 5383 1.
1776 5359 1837 5370 —
1858 5332 1879 5367 Β
1899 5334 2009 5383 lmo
2025 5334 2193 5399 Fulg„
2222 5336 2282 5383 de
2307 5334 2433 5386 Fido
2460 5333 2530 5383 ad
2541 5334 2697 5395 Μὴ,
2719 5348 2767 5385 c.
2796 5345 2858 5395 11,
2879 5347 2935 5384 n.
2958 5337 3038 5384 23.
3055 5358 3117 5374 --
3134 5333 3156 5368 ⁸
3173 5335 3328 5400 Aug„
3355 5335 3417 5387 de
3439 5335 3647 5396 Trinit„
3667 5334 3754 5390 lib.
3777 5334 3875 5394 l,c.
3893 5338 3972 5387 vn»

807 5423 862 5459 n.
889 5410 947 5460 ¹4
964 5445 980 5470 ‚
1007 5412 1060 5458 et
1078 5405 1389 5459 enucleatius
1415 5404 1575 5457 Conc.
1604 5403 1767 5456 Tolet.
1794 5404 1962 5455 v1.—
1981 5405 2003 5442 ⁸
2030 5407 2289 5469 Damaso„
2315 5404 2376 5456 de
2395 5403 2602 5456 orthod.
2630 5404 2790 5469 Fide,
2817 5405 2909 5456 lib.
2935 5406 3026 5470 111,
3054 5418 3103 5455 c.
3131 5415 3203 5456 vt.
