4185 6288
818 503 899 564 34
1873 482 2501 554 SENTENTIARUM
2543 484 2693 549 LlB.
2741 485 2850 551 ΙΙΙ.

772 656 907 701 non
943 638 1061 715 est,
1094 652 1230 700 non
1268 636 1474 717 potest
1508 628 1787 695 assumi:
1825 624 1933 690 sed
1979 639 2128 687 caro
2169 636 2317 719 qua:

773 745 1061 810 nondum
1109 748 1410 826 concepta
1450 745 1567 820 est,
1609 737 1900 803 nondum
1939 738 2035 797 est
2081 750 2099 795 :
2159 747 2317 811 ergo

775 870 908 916 non
937 857 1032 916 est
1057 848 1540 933 assumptibilis:
1572 864 1731 927 ergo
1752 859 2002 907 necesse
2025 842 2120 903 est
2145 836 2317 920 quod

776 977 924 1023 caro
974 959 1152 1041 prius
1197 956 1625 1040 concipiatur,
1677 969 1874 1034 qnam
1927 949 2313 1013 assumatur.

778 1064 937 1128 ltem
984 1083 1113 1128 non
1142 1069 1237 1128 est
1263 1061 1611 1144 assumptio
1649 1059 1772 1123 nisi
1799 1056 2005 1121 carnis
2038 1055 2179 1136 jam
2206 1070 2315 1115 or-

775 1173 1127 1253 ganizatae:
1174 1170 1282 1235 sed
1324 1173 1474 1233 ante
1500 1163 2042 1248 organizationem
2078 1177 2319 1243 praece-

775 1281 867 1345 dit
893 1281 1187 1345 formatio
1202 1328 1221 1359 ,
1254 1277 1700 1344 formationem
1726 1270 2027 1356 praecedit
2049 1265 2321 1332 consoli-

772 1390 966 1469 datio,
1013 1387 1574 1453 consolidationem
1619 1380 1985 1464 conceptio:
2036 1394 2196 1457 ergo
2215 1422 2232 1450 ,
2282 1393 2322 1438 a

773 1489 982 1572 primo
1017 1489 1097 1553 ad
1133 1487 1438 1551 ultimum
1493 1484 1601 1567 (α),
1632 1485 1779 1546 ante
1818 1476 2321 1559 assumptionem

772 1600 868 1660 est
893 1596 1240 1679 conceptio·

857 1713 1041 1798 Resp.
1065 1712 1412 1778 Dicendum
1435 1709 1608 1794 quod
1635 1712 1726 1772 est
1744 1704 1923 1788 loqui
1947 1703 2025 1767 de
2057 1718 2322 1783 concep·

774 1822 946 1887 tione
1003 1824 1318 1903 qnantum
1376 1819 1458 1882 ad
1514 1816 1808 1880 ordinem
1862 1809 2166 1892 temporis
2186 1857 2202 1884 ,
2262 1815 2325 1871 et

776 1933 1091 2012 quantum
1118 1928 1198 1991 ad
1238 1926 1528 1992 ordinem
1556 1926 1828 1987 naturas.
1872 1919 1942 1983 Si
1978 1919 2323 2000 loquamur

766 2036 1090 2115 quantum
1120 2030 1200 2095 ad
1241 2029 1530 2094 ordinem
1566 2029 1840 2101 naturae,
1877 2022 1969 2084 sic
2011 2020 2187 2103 prior
2227 2022 2323 2082 est

775 2134 1123 2218 conceptio,
1155 2149 1351 2215 quam
1380 2128 1753 2210 assumptio,
1783 2126 1951 2190 sicut
1974 2124 2101 2188 inae
2129 2124 2321 2187 ratio-

776 2256 890 2302 nes
915 2236 1282 2301 ostendunt.
1322 2233 1390 2298 Si
1426 2237 1642 2296 autem
1672 2231 1990 2311 quantum
2025 2227 2105 2291 ad
2147 2226 2318 2290 ordi-

775 2362 926 2408 nem
970 2342 1305 2426 temporis,
1362 2340 1454 2404 sic
1497 2357 1631 2402 non
1683 2338 1862 2403 decet
1909 2354 2029 2399 nec
2077 2340 2325 2417 oportet

777 2452 980 2535 ipsam
1051 2470 1185 2515 esse
1251 2453 1599 2531 antequam
1669 2449 2032 2510 assumatur
2069 2465 2084 2506 ε
2171 2441 2324 2523 quia

775 2563 1125 2641 utrumque
1152 2558 1274 2621 fnit
1306 2574 1420 2639 per
1455 2555 1760 2620 virtutem
1785 2551 2143 2629 infinitam,
2175 2566 2322 2632 quae

776 2668 986 2732 subito
1023 2667 1231 2750 potuit
1271 2665 1474 2729 facere
1511 2667 1584 2727 ut
1622 2661 1864 2740 decuit,
1901 2659 2056 2742 quia
2081 2657 2324 2736 {mulier

776 2792 910 2838 non
944 2774 1157 2839 carnis
1193 2774 1500 2849 frustum,
1542 2770 1652 2834 sed
1679 2769 1895 2833 virum
1934 2765 2158 2830 debuit
2193 2765 2321 2828 cir-

778 2881 1083 2945 cumdare
1135 2881 1204 2943 in
1266 2879 1558 2961 angelica
1606 2874 2112 2941 annuntiatione.
2159 2871 2322 2936 lund

700 2999 707 3005 '
777 2992 995 3054 autem
1034 2988 1262 3052 melius
1296 2986 1536 3070 patebit
1569 2984 1861 3067 sequenti
1889 2981 2319 3055 distinctione,

778 3096 893 3162 ubi
915 3095 1216 3178 Magister
1241 3094 1509 3178 inquirit
1530 3093 1719 3157 istam
1741 3089 2190 3175 quaestionem.

1411 3329 1550 3374 DUB.
1587 3327 1679 3373 IV.

1193 3478 1388 3544 Angelo
1412 3477 1743 3529 annuntiante
1759 3513 1777 3540 ‚
1808 3479 1905 3526 etc.

864 3631 1133 3699 Contra:
1178 3631 1532 3696 lncarnatio
1570 3627 1981 3695 excellentius
2009 3644 2173 3708 opus
2198 3629 2322 3702 est,

782 3759 980 3824 quam
999 3740 1228 3821 gratiae
1251 3740 1515 3803 infusio:
1546 3737 1654 3801 sed
1680 3736 1910 3819 gratia:
1936 3734 2171 3798 infusio
2195 3751 2329 3797 non

784 3848 856 3910 fit
877 3864 992 3930 per
1013 3847 1370 3928 angelicam
1398 3843 1953 3909 annuntiationem
1977 3863 1991 3905 :
2023 3859 2184 3922 ergo
2210 3859 2327 3904 nec

783 3953 1155 4018 incarnatio.
1205 3951 1364 4017 Item
1411 3951 1580 4016 Deus
1629 3950 1900 4014 vicinior
1945 3952 2081 4013 erat
2127 3948 2327 4012 beatae

786 4060 1072 4143 Virginis
1096 4061 1269 4125 cordi
1296 4059 1649 4124 secundum
1665 4057 1966 4140 gratiam,
1998 4075 2196 4138 quam
2215 4074 2326 4120 an-

784 4169 1008 4252 gelicae
1035 4169 1269 4247 menti;
1290 4167 1464 4232 unde
1493 4165 1915 4232 Bernardus²:
1935 4162 2179 4246 «Virgo
2199 4182 2330 4228 cre-

787 4276 962 4341 ditur
993 4278 1269 4341 exaltata
1303 4293 1496 4357 super
1528 4291 1752 4339 omnes
1783 4271 2036 4337 ordines
2061 4272 2329 4354 angelo—

784 4401 978 4447 rum:
1019 4407 1050 4443 »
1083 4402 1240 4465 ergo
1278 4383 1490 4465 potius
1520 4380 1743 4445 debuit
1782 4379 2048 4442 transire
2089 4378 2328 4443 illumi-

784 4494 959 4555 natio
1004 4509 1120 4574 per
1174 4490 1424 4554 beatam
1473 4486 1804 4567 Virginem
1851 4485 1931 4549 ad
1973 4487 2327 4567 Angelum,

785 4617 981 4681 quam
1018 4616 1056 4662 e
1087 4612 1415 4661 conversa
1463 4593 1571 4659 Est
1595 4611 1752 4674 ergo
1791 4593 2058 4674 quaestio
2072 4641 2089 4672 ,
2129 4611 2330 4676 quare

785 4704 1263 4787 conceptionem
1311 4701 1453 4766 Filii
1502 4699 1611 4763 Dei
1672 4699 1993 4782 praecessit
2039 4700 2331 4782 angelica

785 4811 1209 4897 annuntiatio.
1253 4808 1576 4886 Quaeritur
1606 4806 1796 4871 etiam
1835 4806 1912 4871 de
1942 4824 2073 4888 quo
2109 4807 2329 4873 ordine

785 4920 1056 5002 angelus
1082 4918 1188 4982 ille
1222 4916 1436 4982 fuerit.
1476 4912 1621 4979 Non
1648 4914 1821 4978 enim
1847 4914 2101 4980 videtur
2134 4915 2328 4980 fuisse

784 5025 864 5092 de
881 5024 1320 5108 superioribus
1344 5022 1619 5105 angeliS,
1645 5021 1799 5105 quia
1816 5021 1970 5085 dicit
1986 5021 2329 5104 Dionysius

784 5131 957 5215 quod
982 5131 1095 5212 qui
1125 5130 1566 5214 praeeminent,
1596 5146 1791 5193 usum
1820 5128 2152 5193 exterioris
2177 5130 2326 5193 offl-

785 5238 866 5302 cii
884 5255 1017 5302 non
1036 5237 1297 5302 habent.
1324 5235 1377 5301 N
1381 5255 1453 5302 ec
1470 5237 1548 5301 de
1565 5235 1994 5315 inferioribuS,
2019 5236 2324 5318 qnoniam

849 5397 915 5461 (α)
932 5396 1056 5447 Coet.
1075 5392 1159 5445 ed.
1177 5407 1273 5442 non
1287 5391 1465 5442 habent
1481 5392 1544 5442 ad
1559 5391 1856 5442 ultimum—
1869 5390 1935 5456 (b)
1947 5392 2072 5442 Coet.
2083 5392 2165 5442 ed.
2181 5393 2325 5457 igno·

780 5471 911 5518 rant.
923 5494 974 5503 -
987 5468 1042 5528 (c)
1055 5466 1093 5515 Α
1105 5464 1143 5514 l.
1157 5463 1290 5514 deest
1300 5476 1611 5515 consensum
1620 5462 1849 5526 ad.—(d)
1865 5463 1993 5513 Goee.
2004 5461 2086 5511 ed.
2102 5465 2321 5514 erudire.

2425 620 2518 682 illi
2556 620 2938 703 mysterium
2968 620 3427 685 incarnationis
3451 623 3835 704 ignorabant
3865 626 3969 707 (b),

2427 735 2489 794 et
2539 750 2653 814 per
2695 730 3036 796 Ecclesiam
3081 732 3461 797 didicerunt.
3511 733 3690 798 Unde
3745 735 3976 818 quaerit

2435 836 2709 902 Isaias¹:
2751 841 2909 917 Quis
2950 846 3045 907 est
3084 842 3244 917 iste,
3271 843 3390 923 qui
3420 843 3597 907 venit
3624 840 3702 907 de
3727 841 3974 908 Edem?

2426 945 2590 1009 sicut
2613 947 2878 1029 exponit
2905 945 3276 1030 Gregorius.

2508 1051 2694 1136 Resp.
2734 1054 3084 1119 Dicendum
3126 1055 3297 1137 quod
3329 1055 3832 1120 incarnationem
3863 1058 3970 1122 de-

2427 1159 2567 1223 buit
2597 1161 2954 1243 praecedere
3001 1161 3294 1243 angelica
3333 1162 3770 1243 annuntiatio,
3810 1164 3972 1228 sicut

2427 1266 2710 1330 hominis
2750 1268 3347 1351 praevaricationem
3391 1269 3712 1351 praecessit
3754 1270 3976 1335 diabo-

2428 1372 2549 1437 lica
2577 1374 2862 1454 tentatio,
2886 1380 2959 1439 ut
2984 1375 3077 1438 sic
3105 1375 3261 1440 ordo
3288 1376 3714 1457 reparationis
3741 1396 3977 1443 corros

2429 1482 2703 1565 pondeat
2729 1482 2936 1546 ordini
2982 1482 3546 1566 praevaricationis.
3595 1483 3772 1550 Unde
3815 1486 3980 1550 sicut

2432 1588 2720 1652 diabolus
2745 1588 3018 1652 tentavit
3054 1587 3425 1668 mulierem,
3457 1595 3531 1653 ut
3561 1608 3705 1654 eam
3734 1598 3978 1673 pertra—

2430 1697 2615 1760 heret
2637 1696 2719 1760 ad
2755 1697 3258 1776 dubitationem,
3292 1702 3353 1761 et
3372 1716 3487 1780 per
3517 1698 3978 1764 dubitationem

2431 1804 2825 1887 pertraheret
2852 1805 2932 1868 ad
2952 1824 3359 1884 consensum,
3378 1808 3444 1868 et
3469 1823 3582 1887 per
3600 1824 3978 1872 consensum

2432 1911 2512 1974 ad
2532 1913 2605 1992 (c)
2628 1911 2884 1993 lapsum
2905 1931 2922 1992 ;
2943 1912 3034 1975 sic
3051 1911 3341 1992 Angelus
3367 1912 3691 1976 nuntiavit
3701 1912 3976 1996 Virgini,

2432 2023 2507 2083 ut
2531 2020 2893 2084 nuntiando
2909 2020 3213 2084 excitaret
3232 2019 3310 2083 ad
3340 2018 3556 2097 fidem,
3574 2024 3639 2084 et
3657 2039 3774 2103 per
3792 2022 3980 2085 fidem

2431 2128 2512 2193 ad
2542 2147 2925 2193 consensum
2945 2176 2961 2202 ,
2991 2134 3056 2193 et
3080 2146 3195 2211 per
3217 2145 3599 2191 consensum
3642 2129 3718 2191 ad
3763 2129 3980 2192 conci-

2432 2234 2742 2317 piendum
2774 2234 2880 2299 Dei
2912 2232 3148 2299 Filium
3178 2252 3291 2316 per
3319 2234 3632 2315 spirltum
3659 2239 3976 2299 sanctum.

2432 2340 2576 2404 Alia
2610 2342 2804 2405 etiam
2838 2341 3001 2405 ratio
3029 2340 3270 2405 ordinis
3299 2340 3424 2403 fuit
3454 2340 3580 2418 ibi,
3619 2341 3776 2422 quia
3800 2341 3982 2407 beata

2430 2446 2629 2529 Virgo
2655 2453 2790 2513 erat
2819 2450 2886 2512 in
2921 2453 3090 2512 statu
3118 2448 3429 2523 viatricis;
3457 2448 3564 2511 sed
3585 2448 3879 2530 Angelus
3917 2451 3979 2514 in

2430 2560 2599 2620 statu
2613 2555 3160 2639 comprehensoris
3179 2573 3194 2616 :
3211 2559 3275 2618 et
3293 2554 3435 2619 ideo
3444 2556 3849 2621 voluntatem
3864 2556 3978 2621 Do-

2431 2663 2595 2726 mini
2627 2663 2861 2727 clarius
2886 2681 3003 2744 pro
3041 2661 3147 2725 illo
3176 2666 3460 2744 tempore
3483 2665 3892 2745 agnoscebat,
3921 2670 3980 2730 et

2432 2769 2634 2834 Deum
2657 2770 2913 2835 videbat
2931 2770 3219 2851 Angelus
3238 2769 3393 2833 facie
3418 2770 3491 2834 ad
3521 2771 3748 2835 faciem
3759 2790 3781 2851 3
3804 2773 3980 2837 beata

2431 2874 2656 2956 Virgo,
2675 2895 2789 2958 per
2812 2877 3144 2958 speculum
3172 2881 3235 2940 et
3256 2876 3559 2957 aenigma.
3589 2875 3838 2942 Rursus
3855 2877 3981 2941 An-

2430 2982 2618 3063 gelus
2644 2987 2779 3046 erat
2815 2982 2925 3048 Dei
2970 3001 3197 3048 servus
3238 2987 3301 3046 et
3336 2983 3665 3048 minister:
3701 2990 3767 3049 et
3804 2985 3981 3049 beata

2432 3087 2632 3172 Virgo
2663 3090 2859 3155 electa
2886 3095 2949 3155 et
2973 3090 3306 3174 praeelecta
3332 3091 3561 3171 fuerat,
3582 3096 3657 3156 ut
3682 3097 3849 3158 esset
3873 3092 3978 3157 Dei

2433 3201 2672 3262 mater:
2703 3198 2857 3279 quia
2888 3216 3049 3280 ergo
3075 3216 3445 3280 congruum
3467 3205 3565 3264 est
3593 3201 3977 3265 nescientem

2433 3304 2672 3369 erudiri
2695 3323 2811 3387 per
2829 3305 3135 3369 nuntium
3150 3305 3614 3388 intelligentem
3630 3310 3697 3371 et
3713 3325 3979 3389 cognos-

2433 3417 2679 3476 centem
2701 3411 3098 3478 voluntatem
3118 3412 3249 3490 Dei,
3268 3430 3635 3496 congruum
3664 3420 3762 3480 est
3784 3415 3970 3479 etiam

2434 3520 2804 3584 ministrum
2841 3520 3140 3585 famulari
3164 3521 3442 3586 dominae
3469 3540 3640 3601 suae;
3673 3523 3828 3587 hinc
3852 3525 3974 3597 est,

2434 3630 2606 3711 quod
2628 3630 2854 3693 decens
2876 3634 2939 3693 et
2972 3648 3291 3713 congrum
3319 3630 3440 3695 fuit
3465 3632 3847 3714 mysterium
3879 3632 3977 3694 in-

2435 3735 2819 3800 carnationis
2857 3754 2973 3819 per
3010 3737 3336 3818 Angelum
3372 3736 3628 3820 Virgini
3674 3737 3972 3803 nuntiari.

2434 3840 2643 3909 Tertia
2660 3843 2852 3907 etiam
2878 3843 3045 3908 ratio
3071 3845 3511 3924 congruentia:
3539 3849 3747 3928 potest
3772 3846 3974 3926 assig-

2435 3951 2599 4029 nari,
2625 3952 2779 4034 quia
2811 3949 3161 4015 incarnatio
3197 3955 3259 4013 et
3284 3950 3558 4015 humani
3585 3953 3844 4034 generis
3872 3970 3974 4016 re-

2435 4060 2716 4143 demptio
2726 4076 2858 4123 non
2871 4061 3123 4123 tantum
3145 4058 3411 4124 faciebat
3422 4059 3500 4123 ad
3513 4060 3975 4142 reparationem

2436 4168 2652 4251 lapsus
2688 4166 2956 4231 humani
2974 4214 2994 4245 ,
3020 4183 3254 4230 verum
3294 4166 3486 4231 etiam
3526 4167 3607 4231 ad
3634 4168 3975 4250 reparatio-

2437 4294 2588 4340 nem
2605 4275 2812 4339 ruinae
2832 4273 3140 4354 angelicae
3158 4295 3172 4336 :
3192 4277 3255 4337 et
3271 4273 3413 4338 ideo
3431 4274 3644 4356 angeli
3655 4275 3826 4340 beati
3850 4293 3974 4339 non

2437 4382 2800 4447 debuerunt
2826 4381 3100 4446 excludi.
3137 4379 3315 4444 Unde
3340 4380 3506 4444 sicut
3531 4399 3725 4447 sexus
3754 4382 3974 4448 mulie·-

2436 4489 2572 4553 bris
2615 4508 2752 4554 non
2797 4488 3163 4554 excluditur
3192 4506 3230 4550 a
3281 4487 3647 4569 cognitione
3697 4489 3974 4572 mysterii

2437 4595 2922 4674 incarnationis,
2980 4600 3044 4660 et
3096 4594 3287 4659 etiam
3327 4597 3842 4675 resurrectionis;
3890 4596 3975 4660 sic

2436 4703 2629 4767 etiam
2673 4721 2792 4766 nec
2830 4701 3159 4784 angelicus
3200 4702 3508 4766 nuntius:
3557 4702 3723 4782 imo,
3758 4707 3832 4768 ut
3866 4721 3971 4785 pa-

2437 4812 2546 4886 tet,
2597 4809 2763 4873 Deus
2805 4808 3037 4891 angelo
3075 4808 3391 4873 mediante
3432 4811 3686 4878 nuntiat
3727 4808 3973 4874 mulieri

2434 4912 2958 4987 incarnationem,
2989 4912 3223 4976 scilicet
3247 4911 3451 4976 beatae
3474 4910 3752 4995 Virgini,
3782 4917 3846 4977 et
3868 4929 3970 4975 re-

2435 5019 2892 5084 surrectionem
2914 5018 3340 5100 Magdalenae:
3373 5023 3437 5082 et
3467 5019 3556 5083 sic
3583 5022 3779 5102 patet,
3807 5017 3970 5102 quod

2434 5125 2663 5190 decens
2700 5126 2823 5191 fuit
2864 5130 3011 5189 ante
3063 5125 3569 5190 incarnationem
3619 5125 3969 5209 praecedere

2434 5232 2796 5314 angelicam
2843 5232 3392 5297 annuntiationem
3451 5237 3710 5316 propter
3768 5230 3966 5314 tripli-

2433 5358 2573 5405 ecm
2604 5339 2923 5420 ordinem,
2951 5339 3245 5405 videlicet
3269 5341 3687 5423 reparationis
3720 5337 3968 5422 generis

2523 5469 2538 5500 ¹
2554 5466 2733 5520 Rern..
2758 5464 2825 5516 de
2852 5466 3055 5516 dmm.
3086 5465 3148 5517 Β.
3167 5464 3369 5516 Maria.
3389 5466 3616 5529 —2110„
3640 5476 3769 5529 1111,
3795 5469 3841 5516 1.
