4185 6288
1528 503 1902 573 DISTlNC'l'.
1946 505 2159 572 XXIV.

253 646 480 712 delicet
504 663 620 729 per
660 645 1121 725 inventionem,
1148 649 1216 711 et
1258 663 1374 729 per
1415 642 1789 709 doctrinam.

252 752 333 818 Et
356 772 583 819 sensus
618 753 798 820 visus
842 752 1124 819 maxime
1160 740 1439 818 deservit
1479 749 1573 814 illi
1603 748 1792 813 modo

251 860 513 942 sciendi,
579 861 695 944 qui
738 865 833 926 est
878 879 995 945 per
1045 859 1483 925 inventionem
1506 877 1524 935 ;
1571 872 1794 920 sensus

250 986 412 1033 vero
457 968 716 1033 auditus
740 968 832 1032 illi
870 969 1082 1048 modo,
1132 967 1246 1051 qui
1284 970 1396 1031 est·
1421 984 1536 1049 per
1571 962 1797 1029 doctri·

251 1094 431 1140 nam.
461 1075 776 1154 Quoniam
803 1094 961 1159 ergo
989 1094 1093 1155 ea,
1140 1092 1289 1158 quae
1317 1074 1442 1139 fide
1467 1072 1789 1148 novimus,

251 1199 387 1246 non
410 1182 856 1263 cognoscimus
882 1200 997 1266 per
1024 1182 1484 1259 inventionem,
1528 1178 1638 1243 sed
1666 1195 1797 1243 ma·

252 1289 361 1371 gis
382 1308 495 1372 per
516 1289 904 1367 doctrinam;
938 1308 1053 1372 per
1078 1289 1461 1369 doctrinamf,
1502 1286 1793 1368 inquam,

256 1415 388 1463 non
404 1397 616 1463 solum
636 1397 1066 1482 praedicatoris
1089 1397 1406 1480 loquentis
1434 1412 1548 1477 per
1572 1410 1798 1458 aurem

256 1505 562 1588 corporis,
591 1505 701 1570 sed
726 1506 919 1569 etiam
963 1502 1238 1587 Spiritus
1262 1503 1460 1568 sancti
1486 1500 1802 1584 loquentis

255 1629 375 1694 per
397 1617 613 1677 autem
641 1613 891 1694 cordis;
940 1612 1095 1678 hinc
1133 1617 1228 1678 est
1266 1611 1442 1695 quod
1479 1612 1550 1674 in
1591 1610 1802 1675 littera

256 1717 511 1799 dicitur,
541 1720 713 1803 quod
739 1720 898 1785 fides
923 1738 1055 1785 non
1078 1723 1333 1784 tantum
1368 1724 1562 1784 estex
1578 1716 1802 1782 auditu

213 1879 218 1883 .
258 1827 562 1891 exteriori
584 1876 603 1908 ,
640 1827 749 1892 sed
792 1828 986 1892 etiam
1030 1827 1341 1892 interiori.
1374 1826 1453 1892 Et
1505 1817 1802 1909 quamvis

257 1933 543 2018 Apostoli
570 1935 774 2000 multa
798 1934 1128 1999 didicerint
1154 1933 1426 2000 videndo
1455 1933 1796 2010 Christum,

258 2042 470 2106 multo
505 2045 722 2106 tamen
766 2042 953 2125 plura
975 2041 1329 2107 didicerunt
1356 2041 1670 2106 audiendo
1698 2040 1800 2122 ip-

260 2167 434 2229 sum,
463 2150 577 2233 qui
597 2150 968 2233 loqueretur
1007 2150 1312 2229 exterius,
1345 2151 1409 2214 et
1432 2150 1549 2232 qui
1575 2149 1803 2232 loque-

263 2260 444 2321 retur
464 2257 556 2321 eis
583 2256 854 2322 interius
889 2275 1003 2340 per
1030 2256 1342 2340 Spiritum
1368 2259 1660 2320 sanctum
1695 2276 1712 2319 ι
1744 2258 1807 2318 et

263 2380 380 2446 per
405 2362 528 2428 hoc
554 2364 1061 2448 patetresponsio
1074 2364 1156 2428 ad
1180 2363 1465 2447 primum
1490 2366 1556 2427 et
1577 2379 1806 2426 secun-

265 2470 426 2536 dum
451 2472 793 2553 objectum.
812 2471 910 2536 Ad
923 2469 1083 2536 illud
1108 2489 1262 2537 vero
1289 2471 1461 2553 quod
1485 2469 1802 2552 objicitur,

269 2580 445 2663 quod
471 2580 628 2644 fides
656 2584 750 2644 est
775 2598 888 2663 per
910 2579 1322 2656 infusionem,
1338 2582 1402 2643 et
1418 2596 1549 2643 non
1562 2595 1676 2661 per
1688 2596 1810 2641 au·

266 2687 502 2764 ditum,
548 2687 889 2753 dicendum
936 2687 1107 2769 quod
1139 2687 1330 2766 fides,
1374 2689 1688 2769 quantum
1730 2684 1810 2748 ad

269 2813 466 2859 suum
492 2795 777 2876 formale,
807 2814 921 2879 per
959 2794 1349 2859 infusionem
1374 2799 1510 2872 est,
1541 2811 1673 2857 non
1700 2809 1814 2876 per

269 2902 602 2983 auditum}
632 2905 743 2969 sed
768 2909 1093 2988 ⁸quantum
1142 2903 1223 2968 ad
1250 2902 1599 2982 materiale,
1626 2901 1812 2966 vide-

269 3008 417 3074 licet
434 3008 645 3092 quoad
668 3011 963 3075 notitiam
1006 3010 1181 3074 illam
1196 3056 1218 3089 ‚
1250 3028 1380 3092 qua
1411 3007 1815 3089 cognoscitur

273 3117 431 3202 quid
453 3122 548 3184 est
573 3119 744 3202 quod
784 3137 899 3203 per
925 3136 1162 3186 nomen
1189 3118 1439 3198 dicitur,
1462 3120 1556 3181 est
1581 3132 1692 3199 per
1707 3132 1819 3180 au·

273 3224 503 3303 ditum,
525 3225 615 3290 ita
638 3224 812 3309 quod
858 3245 1067 3291 unum
1094 3230 1190 3291 est
1216 3243 1330 3310 per
1356 3224 1647 3289 auditum
1675 3240 1814 3287 cor-

275 3331 394 3410 dis,
423 3337 487 3397 et
509 3331 687 3398 allud
712 3351 828 3417 per
852 3334 1153 3399 auditum
1181 3334 1459 3418 corporis
1491 3332 1674 3398 :ideo
1698 3349 1814 3413 ge·

275 3439 576 3504 neraliter
625 3440 778 3506 dicit
819 3440 1165 3525 Apostolus
1216 3441 1406 3507 fidem
1465 3459 1548 3505 ex
1594 3440 1822 3504 auditu

279 3564 437 3624 esse,
460 3548 671 3630 magis
696 3548 1127 3632 principaliter
1147 3552 1393 3615 ratione
1437 3548 1691 3615 auditus
1716 3548 1817 3612 in-

277 3654 553 3733 terioris,
573 3674 770 3738 quam
793 3656 1153 3723 exterioris.
1186 3658 1265 3723 Et
1291 3659 1382 3722 sic
1406 3657 1555 3722 dicit
1584 3655 1820 3737 Grego-

279 3761 441 3843 rius»,
468 3763 642 3846 quod
659 3764 727 3828 in
749 3781 999 3829 vanum
1020 3764 1267 3831 laborat
1292 3782 1502 3831 sermo
1527 3763 1826 3847 praedica-

281 3872 459 3952 toris,
488 3873 615 3938 nisi
636 3873 800 3940 adsit
816 3874 1156 3941 illustratio
1174 3875 1454 3942 Doctoris
1479 3872 1821 3940 interioris.

921 4084 1062 4133 DUB.
1091 4084 1186 4131 111.

364 4211 478 4263 Alia
516 4213 638 4262 sunt
648 4244 668 4275 ‚
699 4209 888 4275 inquit,
925 4224 1042 4275 quae
1077 4210 1178 4261 nisi
1218 4208 1558 4276 intelligamus
1577 4240 1596 4272 ,
1639 4221 1747 4261 non

852 4283 1109 4336 credimus
1126 4320 1147 4348 ‚
1172 4286 1269 4336 etc.

372 4413 593 4479 Primo
613 4413 876 4482 videtur
896 4414 1072 4498 quod
1099 4414 1220 4480 ista
1254 4411 1484 4479 divisio
1509 4412 1594 4478 sit
1619 4411 1828 4477 insuf-

288 4523 511 4588 ficiens
541 4545 559 4589 z
589 4524 900 4607 quoniam
943 4523 1081 4607 ipse
1121 4523 1524 4605 Augustinus
1549 4523 1568 4559 ¹
1595 4521 1667 4587 in
1697 4522 1828 4586 ori-

291 4629 497 4712 ginali
541 4630 715 4696 addit
761 4631 1025 4697 tertium
1079 4630 1446 4697 membrum
1469 4678 1492 4710 ‚
1539 4628 1834 4696 videlicet

290 4737 468 4822 quod
499 4738 796 4822 quaedam
825 4742 980 4803 sunt
1015 4755 1165 4823 quae
1198 4737 1549 4806 creduntur
1572 4739 1636 4801 et
1659 4754 1835 4802 nun-

291 4863 494 4932 quam
518 4845 968 4928 intelliguntur
1000 4867 1016 4909 :
1056 4863 1217 4928 ergo
1241 4845 1498 4913 videtur
1533 4842 1835 4926 Magister

291 4952 752 5019 insufficienter
811 4969 1049 5035 ponere
1109 4952 1484 5019 divisionem
1553 4950 1837 5017 credibi-

291 5062 480 5127 lium.
512 5060 670 5126 ltem
708 5058 964 5127 videtur
1000 5059 1329 5144 implicare
1363 5060 1597 5125 falsum
1619 5108 1638 5141 ,
1667 5076 1833 5144 quo·

294 5169 480 5236 niam
517 5169 817 5254 quaedam
856 5169 1011 5233 sunt
1048 5184 1200 5252 quae
1238 5168 1423 5253 prius
1458 5166 1833 5245 creduntur,

300 5296 500 5364 quam
523 5276 991 5360 intelligantur.
1021 5274 1094 5341 Si
1128 5275 1303 5342 enim
1329 5275 1585 5341 credere
1609 5278 1705 5340 est
1728 5291 1837 5338 co·

365 5447 540 5510 ung„
558 5443 737 5494 dediv.
759 5442 938 5505 Quoestz
954 5439 1221 5502 LXXXIII,
1236 5456 1289 5507 q.
1310 5452 1560 5494 xnv111.—
1572 5441 1597 5477 ¹
1612 5441 1731 5502 Im„
1744 5449 1838 5505 vn,

300 5521 351 5571 9.
373 5544 430 5556 -
452 5517 475 5551 ⁸
500 5519 653 5580 Aug„
675 5513 739 5564 de
757 5512 926 5564 veuit.
951 5511 1197 5575 credendi,
1223 5526 1272 5563 c.
1300 5523 1374 5577 ιι,
1401 5526 1455 5562 n.
1485 5514 1579 5575 253
1604 5512 1839 5575 fleto-act„

3323 508 3442 569 515

1903 643 2111 724 gitare
2150 660 2301 708 cum
2339 642 2730 719 assensione,
2772 644 2837 707 et
2874 640 3159 722 cogitare
3206 642 3304 706 est
3343 639 3441 705 in-

1901 750 2210 831 telligere,
2239 748 2497 816 videtur
2512 748 2685 833 quod
2710 766 2903 815 omne
2927 746 3176 815 credere
3202 751 3439 830 praece-
3506 781 3512 788 ·

1902 856 2010 920 dat
2036 856 2509 943 wellias-asi
2535 861 2612 923 tu
2647 857 2819 922 dicas
2840 856 3013 939 quod
3036 855 3441 938 Augustinus

1904 962 2202 1046 intefligit
2228 965 2309 1030 de
2343 964 2664 1031 intellectu
2705 962 2821 1046 qui
2844 961 3140 1027 innititur
3164 961 3397 1025 rationi
3419 1009 3438 1038 ,

1904 1076 2060 1138 tunc
2086 1074 2341 1141 videtur
2378 1074 2549 1158 quod
2572 1074 2805 1138 falsum
2831 1073 3031 1152 dicat,
3064 1071 3239 1155 quod
3266 1088 3444 1154 quae-

1904 1180 2056 1245 dam
2099 1186 2287 1263 sunt,
2330 1200 2479 1265 quae
2506 1182 2686 1266 prius
2714 1181 3161 1262 intelliguntur
3182 1226 3201 1258 ,
3243 1195 3444 1263 quam

1907 1289 2246 1357 credantur
2283 1312 2302 1370 ;
2358 1292 2514 1376 quia
2548 1290 2795 1357 dicitur
2844 1288 3199 1357 secundum
3251 1286 3446 1351 aliam

1905 1398 2382 1465 translationem
2408 1402 2471 1464 ἰ
2504 1398 2658 1466 Nisi
2695 1397 3140 1478 credideritis,
3171 1410 3303 1463 non
3334 1395 3440 1462 in·

1908 1505 2210 1589 telliqetis
2235 1526 2262 1569 .-
2290 1525 2446 1588 ergo
2472 1505 2633 1571 illud
2672 1505 3018 1588 intelligere
3061 1522 3313 1589 semper
3342 1521 3445 1568 se-

1907 1614 2132 1697 quitur
2158 1613 2370 1696 ipsum
2386 1612 2666 1681 credere.
2688 1613 2885 1681 Juxta
2910 1612 3031 1677 hoc
3055 1611 3248 1676 etiam
3276 1628 3449 1695 quae-

1909 1720 2077 1785 ritur
2099 1768 2117 1800 ,
2167 1738 2316 1804 quae
2362 1724 2517 1786 sunt
2560 1720 2669 1785 illa
2706 1719 3067 1800 credibilia,
3095 1718 3175 1784 de
3212 1718 3449 1802 quibus

1908 1826 2061 1892 dicit
2105 1826 2518 1910 Augustinus
2565 1826 2737 1910 quod
2785 1826 3131 1891 creduntur
3176 1829 3240 1891 et
3288 1845 3453 1891 nun·

1911 1954 2110 2018 quam
2152 1934 2610 2017 intelliguntur
2640 1981 2661 2011 ,
2707 1951 2857 2001 cum
2898 1933 3231 1999 videamus
3277 1933 3452 2017 quod

1912 2043 2126 2110 omnia
2150 2043 2475 2110 credibilia
2492 2061 2607 2127 per
2631 2042 2909 2108 rationes
2926 2042 3079 2107 satis
3095 2041 3453 2125 probabiles

1911 2151 2335 2217 affirmentur.

1995 2255 2181 2340 Resp.
2213 2256 2564 2324 Dicendum
2612 2258 2787 2340 quod
2831 2255 3183 2340 intelliqere
3220 2259 3457 2325 dicitur

1914 2364 2283 2448 dupliciter,
2314 2365 2664 2431 secundum
2701 2365 2875 2449 quod
2907 2364 3209 2448 Magister
3245 2366 3459 2433 innuit

1917 2471 1984 2535 in
2012 2471 2242 2539 littera.
2270 2472 2409 2537 Uno
2433 2473 2623 2538 modo
2650 2473 2996 2557 inteniqere
3022 2474 3255 2539 dicitur
3275 2473 3457 2556 large

1917 2596 2102 2645 nosse
2127 2579 2284 2663 quid
2313 2580 2607 2662 estquod
2647 2580 2878 2645 dicitur
2921 2598 3037 2663 per
3075 2599 3311 2648 nomen
3346 2603 3364 2646 ε
3397 2586 3461 2649 et

1917 2685 2076 2750 illud
2118 2686 2475 2768 intelligere
2512 2704 2765 2771 semper
2794 2688 3096 2770 praecedit
3132 2707 3460 2755 assensum

1919 2793 2067 2859 fidei
2101 2814 2118 2857 z
2149 2812 2269 2860 nec
2291 2794 2538 2877 aliquid
2563 2794 2843 2860 creditur
2864 2842 2887 2875 ‚
2918 2796 3080 2879 quin
3106 2796 3231 2862 isto
3270 2796 3460 2863 modo

1921 2900 2102 2984 prius
2149 2900 2565 2983 intelligatur.
2615 2901 2759 2967 Alio
2812 2902 3013 2969 modo
3068 2903 3419 2988 intempere
3441 2951 3459 2982 ,

1921 3008 2045 3074 hoc
2070 3011 2167 3074 est
2191 3008 2435 3073 ratione
2461 3009 2705 3091 praevia
2730 3009 3048 3091 cogitare,
3070 3013 3260 3093 juxta
3287 3012 3459 3096 quod

1923 3114 2078 3181 dicit
2130 3114 2542 3198 Augustinus
2569 3119 2592 3156 ⁸
2642 3136 2658 3181 :
2697 3138 2730 3179 α
2755 3115 2938 3195 Quod
2988 3118 3460 3202 intelligimus,

1925 3223 2233 3289 dehemus
2256 3224 2534 3290 rationi:
2581 3225 2757 3308 quod
2800 3227 3118 3293 credimus
3137 3277 3159 3309 ,
3185 3230 3466 3294 auctori·

1924 3331 2062 3397 tati.
2096 3352 2127 3392 a
2163 3330 2244 3396 Et
2264 3330 2343 3396 de
2366 3332 2488 3396 isto
2516 3333 2818 3416 intelligit
2845 3335 3282 3418 Augustinus,
3312 3354 3463 3402 cum

1928 3437 2078 3504 dicit
2102 3445 2147 3516 ⁶,
2197 3440 2370 3523 quod
2408 3439 2706 3522 quaedam
2751 3447 2904 3507 sunt
2949 3461 3098 3526 quae
3124 3444 3305 3526 prius
3340 3461 3472 3510 cre-’-

1929 3545 2215 3626 duntur,
2248 3551 2312 3612 et
2352 3550 2569 3630 postea
2608 3547 3063 3633 intelliguntur
3084 3598 3106 3630 ,
3133 3552 3296 3617 sicut
3320 3555 3471 3617 sunt

1930 3652 2183 3724 articuli
2235 3653 2386 3720 fidei
2419 3700 2441 3733 ,
2497 3655 2612 3738 qui
2667 3659 2820 3722 sunt
2868 3675 3065 3740 supra
3112 3658 3465 3738 rationem;

1932 3761 2232 3845 quaedam
2275 3765 2426 3827 sunt
2474 3780 2622 3846 quae
2670 3780 2803 3829 non
2851 3765 3031 3846 prius
3081 3766 3429 3831 creduntur
3445 3815 3469 3848 ,

1931 3887 2131 3952 quam
2157 3867 2623 3952 intelligantur,
2652 3870 2820 3935 sicut
2858 3874 3010 3937 sunt
3047 3873 3477 3940 antecedentia

1932 3976 2016 4044 ad
2039 3977 2234 4044 fldem
2248 4022 2267 4058 ,
2296 3978 2361 4041 et
2384 3996 2461 4043 ea
2484 3995 2633 4060 quae
2661 3981 2815 4045 sunt
2839 3979 2918 4046 de
2942 3978 3286 4046 dictamine
3303 3981 3475 4064 juris

1934 4086 2276 4164 naturalis,
2306 4086 2473 4152 sicut
2498 4086 2704 4152 Deum
2745 4105 2882 4153 esse
2896 4136 2919 4168 ‚
2950 4087 3153 4155 Deum
3197 4106 3330 4155 esse
3366 4090 3477 4155 bo-

1937 4212 2122 4272 num;
2149 4195 2450 4278 quaedam
2488 4197 2639 4261 sunt
2654 4213 2802 4278 quae
2829 4194 3198 4276 creduntur,
3225 4201 3289 4262 et
3310 4215 3478 4263 nun·

1937 4321 2140 4386 quam
2177 4302 2664 4386 intelliguntur,
2691 4304 2848 4389 quia
2890 4323 3023 4371 non
3063 4312 3330 4390 possunt
3369 4326 3475 4374 ra-

1938 4408 2114 4474 tione
2160 4410 2417 4492 probari
2451 4458 2474 4492 ‚
2521 4411 2687 4477 sicut
2736 4416 2833 4479 est
2880 4412 3146 4480 historia
3191 4415 3480 4483 humana

1943 4520 2126 4600 gesta
2168 4537 2548 4601 percurrens
2586 4543 2604 4586 ε
2633 4539 2826 4587 nemo
2867 4523 3042 4587 enim
3081 4526 3289 4607 potest
3323 4545 3476 4610 pro-

1940 4627 2095 4693 bare
2122 4646 2236 4710 per
2276 4628 2591 4694 rationem
2608 4677 2629 4707 ,
2668 4629 2840 4714 quod
2877 4628 3206 4696 Abraham
3252 4634 3481 4715 genuit

1942 4735 2116 4801 Isaac
2137 4785 2159 4816 ‚
2197 4736 2310 4802 sed
2348 4736 2559 4802 solum
2602 4755 2719 4822 per
2766 4738 3210 4804 auctoritatem
3238 4757 3259 4805 z
3287 4743 3354 4806 et
3390 4741 3480 4806 sic

1941 4846 2116 4928 patet
2159 4842 2333 4927 quod
2372 4844 2734 4927 intelligere
2785 4845 3129 4929 aliquando
3176 4848 3479 4932 praecedit
3518 4927 3521 4930 ¹

1942 4952 2136 5017 fidem
2151 4999 2174 5033 ‚
2202 4951 2544 5035 aliquando
2571 4951 2861 5037 sequitur
2888 4955 3243 5020 secundum
3280 4955 3481 5023 istum

1944 5059 2215 5124 modum
2239 5058 2622 5143 accipiendi,
2649 5059 2949 5143 quamvis
2972 5062 3328 5130 secundum
3352 5065 3485 5149 pri·

1945 5184 2130 5232 mum
2173 5184 2425 5251 semper
2467 5168 2803 5251 praecedat.
2855 5167 2935 5234 Et
2982 5188 3096 5252 per
3142 5170 3268 5237 hoc
3309 5175 3482 5256 patet

1943 5275 2270 5358 responsio
2295 5275 2379 5341 ad
2403 5276 2623 5341 omnia
2639 5275 2931 5360 quaesita.
2958 5274 3124 5344 Nam
3154 5278 3329 5362 quod
3353 5281 3475 5363 pri-

1947 5437 2036 5489 lib.
2070 5439 2122 5502 1,
2148 5452 2194 5488 c.
2218 5448 2327 5498 xw,
2353 5450 2406 5486 n.
2438 5439 2487 5489 3.
2516 5464 2580 5476 -
2603 5439 2627 5475 δ
2650 5438 2751 5502 ld„
2776 5438 2837 5489 de
2862 5438 2964 5490 div.
2990 5441 3177 5502 Quoest.
3204 5440 3484 5510 Lxmn,

1950 5524 2006 5575 q.
2033 5520 2228 5572 xnvm5
2258 5510 2512 5573 Damaso„
2538 5509 2599 5560 de
2625 5509 2750 5560 Fide
2773 5510 2991 5575 orthod„
3014 5510 3102 5563 lib.
3135 5513 3174 5577 1,
3209 5528 3257 5563 c.
3287 5525 3327 5565 1.
