4185 6288
546 474 667 534 240
1643 459 2091 527 SENTENTIA
2102 460 2269 527 RUM
2307 462 2457 529 LIB.
2509 463 2617 528 111.

544 603 885 673 mandaret
908 597 1346 687 Evangelium
1372 596 1710 688 praedicari
1741 624 1758 682 ;
1796 607 1862 665 et
1897 598 2228 689 subjectus
2271 607 2436 667 esset
2484 598 2785 684 vanitati,
2830 600 2990 691 quia
3031 608 3308 670 testante
3337 602 3651 693 Apostolo
3700 613 3750 688 ¹,

552 720 787 790 Omnis
816 729 1120 787 creatura
1148 714 1442 782 vanitati
1468 714 1764 803 subjecta
1792 727 1910 782 est.
1944 714 2094 781 Non
2140 738 2296 803 ergo
2342 713 2650 784 Christus
2686 725 2988 785 creatura
3014 724 3134 802 est,
3157 718 3269 786 sed
3302 718 3595 807 Creator,
3622 721 3751 812 qui

546 836 854 906 docenda}
878 841 1192 901 creaturae
1221 830 1558 921 discipulis
1586 830 1855 899 mandat
1893 830 2214 899 officium.
2238 859 2271 897 »

316 953 511 1061 ⁰233?
636 953 816 1022 Arrii
846 951 984 1019 haec
1022 949 1222 1018 fuisse
1264 947 1542 1039 pertidia
1569 947 1837 1036 legitur,
1869 956 1944 1015 ut
1976 947 2314 1016 Christum
2342 956 2709 1016 creaturam
2737 948 3000 1016 faceret.
3045 974 3079 1013 «
3108 949 3261 1018 Ideo
3289 951 3312 985 ¹
3341 951 3547 1020 effusa
3584 963 3750 1022 sunt

347 1099 468 1158 rogan
550 1070 729 1139 Arrii
755 1069 1029 1150 viscera,
1053 1077 1248 1157 atque
1277 1063 1531 1153 crepuit
1557 1063 1840 1149 medius,
1866 1072 2229 1153 prostratus
2248 1065 2590 1151 infaciem,
2619 1088 2694 1132 ea
2722 1064 2969 1156 quibus
2994 1064 3331 1135 Christum
3357 1078 3743 1157 negaverat,

549 1187 725 1256 foeda
764 1208 881 1254 ora
926 1182 1241 1274 pollutus.
1286 1180 1463 1247 »His
1503 1179 1780 1271 aliisque
1825 1180 2134 1270 pluribus
2181 1180 2571 1248 testimoniis
2617 1180 3039 1267 instruimur,
3088 1204 3224 1250 non
3272 1182 3508 1253 debere
3549 1186 3746 1254 fateri

546 1301 929 1394 simpliciter
952 1299 1285 1368 Christum
1316 1319 1452 1364 esse
1483 1296 1751 1381 factum,
1796 1297 1902 1364 vel
1946 1305 2312 1365 creaturam
2348 1324 2365 1383 3
2415 1297 2527 1364 sed
2571 1297 2794 1365 addita
2837 1297 3383 1368 determinatione
3412 1308 3582 1369 recte
3608 1300 3746 1370 dici

543 1426 777 1510 potest,
809 1425 882 1485 ut
909 1415 965 1483 si
988 1415 1245 1482 dicatur
1270 1415 1480 1482 factus
1507 1411 1871 1481 secundum
1898 1435 2166 1481 carnem
2194 1413 2302 1480 vel
2332 1413 2695 1481 secundum
2726 1413 3063 1482 hominem
3084 1466 3102 1502 ,
3133 1422 3198 1482 et
3223 1414 3477 1484 factura
3504 1416 3747 1486 huma-

542 1534 757 1621 nitati,
791 1555 925 1601 non
953 1532 1088 1599 Deo
1123 1529 1546 1598 attribuatur.
1598 1529 1688 1597 Ut
1726 1528 1906 1596 enim
1953 1530 2046 1597 ait
2088 1529 2480 1599 Ambrosius
2525 1530 2599 1597 in
2639 1530 2811 1599 libro
2850 1531 3066 1622 primo
3095 1535 3117 1570 ³
3142 1530 3224 1599 de
3266 1531 3432 1601 Fide
3468 1558 3486 1600 ε
3523 1561 3558 1600 α
3586 1535 3742 1603 Non

542 1652 718 1719 Deus
743 1650 951 1718 factus
977 1655 1098 1735 est,
1127 1646 1238 1715 sed
1277 1645 1454 1713 Deus
1495 1645 1613 1713 Dei
1660 1643 1872 1713 Filius
1917 1653 2115 1713 natus
2161 1653 2302 1713 est:
2357 1653 2579 1737 postea
2622 1669 2781 1715 vero
2828 1647 3192 1717 secundum
3235 1671 3499 1718 carnem
3537 1650 3742 1719 homo

543 1767 753 1836 factus
778 1789 860 1834 ex
884 1764 1094 1833 Maria
1119 1772 1236 1830 est.
1269 1762 1454 1831 Misit
1483 1762 1660 1829 enim
1681 1767 1701 1801 ⁴
1732 1764 1905 1829 Deus
1929 1761 2155 1851 filium
2183 1784 2377 1829 suum
2394 1765 2663 1852 factum
2692 1787 2773 1831 ea:
2798 1764 3094 1846 muliere,
3120 1766 3388 1855 factum
3413 1766 3530 1834 sub
3556 1767 3736 1858 leqe:

539 1884 789 1975 filium,
837 1882 1081 1973 inquit,
1129 1902 1346 1961 suum,
1404 1877 1648 1945 scilicet
1705 1900 1840 1946 non
1891 1901 2102 1945 unum
2156 1876 2237 1945 de
2282 1879 2536 1946 multia.
2594 1879 2761 1947 Cum
2815 1879 2974 1947 dicit
3035 1903 3255 1966 suum,
3298 1882 3746 1971 generationis

544 2009 803 2068 aetemae
857 1996 1319 2090 proprietatem
1373 1994 1681 2083 signavit.
1733 1995 1966 2062 Postea
2001 1996 2270 2083 factum
2334 2016 2414 2061 eoe
2468 1995 2743 2063 muliere
2804 1996 3102 2081 asseruit,
3171 2004 3248 2064 ut
3290 1998 3544 2066 factura
3600 2021 3741 2067 non

543 2114 899 2201 divinitati,
928 2113 1039 2181 sed
1069 2111 1500 2201 assumptioni
1518 2111 1809 2201 corporis
1833 2110 2289 2178 ascriberetur.
2346 2114 2629 2179 Factum
2672 2134 2828 2200 ergo
2854 2133 2933 2181 ex
2960 2114 3236 2181 muliere
3260 2114 3441 2199 dicit,
3474 2123 3747 2207 propter

541 2232 757 2300 carnis
783 2229 1258 2321 susceptionem
1293 2254 1310 2313 ;
1342 2228 1459 2295 sub
1486 2227 1650 2318 leqe,
1683 2235 1947 2318 propter
1985 2228 2470 2296 observantiam
2516 2229 2703 2317 legiS.
2735 2240 2757 2273 ⁸
2790 2227 3139 2297 Generatio
3164 2230 3570 2317 generationi
3598 2253 3744 2299 non

542 2348 951 2439 praejudicat,
983 2369 1102 2413 nec
1128 2368 1278 2413 caro
1307 2343 1665 2411 divinitati.
1700 2342 1876 2410 Deus
1903 2344 2084 2410 enim
2114 2351 2399 2413 aeternus
2427 2344 2894 2413 incarnationis
2920 2352 3402 2414 sacramentum
3429 2346 3741 2438 suscepit,

543 2488 678 2533 non
706 2464 1022 2532 dividuus
1061 2463 1183 2553 (a),
1214 2461 1323 2528 sed
1356 2483 1556 2544 unuS,
1591 2466 1656 2527 et
1682 2459 1753 2526 in
1783 2468 2066 2550 utroque
2097 2483 2300 2545 unuS,
2330 2462 2574 2529 seilicet
2600 2462 2945 2530 divinitate
2972 2470 3036 2531 et
3062 2484 3353 2553 corpore.
3387 2461 3533 2530 Non
3559 2463 3742 2530 enim

544 2582 709 2650 alter
747 2605 829 2649 ex
856 2581 1075 2665 Patre,
1107 2579 1273 2647 alter
1299 2602 1381 2645 ex
1404 2577 1687 2665 Virgine
1725 2602 1741 2662 3
1776 2576 1885 2643 sed
1916 2577 2091 2644 idem
2122 2578 2314 2645 aliter
2342 2602 2423 2645 ex
2449 2579 2670 2664 Patre,
2701 2579 2894 2648 aliter
2921 2604 3002 2647 ex
3027 2579 3304 2669 Virgine
3338 2604 3354 2646 ε
3383 2580 3500 2671 qui
3527 2580 3744 2648 factus

549 2707 644 2768 est
669 2697 1031 2767 secundum
1059 2703 1299 2764 nostrae
1339 2694 1814 2783 susceptionem
1865 2701 2145 2781 naturae,
2193 2718 2329 2762 non
2376 2696 2738 2763 secundum
2780 2704 3036 2764 aeternae
3073 2696 3506 2764 substantiam
3532 2697 3688 2764 vitae
3727 2721 3743 2764 :

546 2839 745 2908 quem
776 2825 799 2860 ⁸
835 2843 869 2880 α
897 2815 1179 2904 legimus
1197 2812 1749 2905 primoqenitum.
1780 2811 2337 2900 Primogenitum,
2389 2813 2548 2904 quia
2571 2835 2765 2880 nemo
2792 2821 2945 2879 ante
2970 2812 3190 2903 ipsum
3227 2837 3242 2877 ε
3275 2811 3744 2900 Unigenitum,

546 2934 707 3023 quia
731 2953 926 2999 nemo
958 2938 1100 3022 post
1125 2930 1366 3020 ipsum.
1400 2928 1542 2995 »Ex
1572 2927 2020 2996 hisevidenter
2033 2927 2339 3012 traditur,
2365 2927 2949 3019 quaintelligentia
2966 2928 3419 3019 accipiendum
3444 2927 3553 3015 sit,
3581 2949 3742 2996 cum

546 3049 788 3117 dicitur
804 3047 1101 3116 Christus
1103 3048 1332 3135 factus
1346 3045 1452 3113 vel
1471 3043 1877 3135 simpliciter,
1899 3043 2002 3113 vel
2018 3067 2171 3112 cum
2188 3044 2659 3113 additamento:
2681 3046 3038 3134 utfactura
3053 3044 3298 3112 seilicet
3308 3045 3414 3113 vel
3433 3057 3750 3113 creatura

547 3189 683 3234 non
703 3167 785 3234 ad
805 3171 1242 3233 assumentem
1273 3163 1509 3248 Deum,
1546 3162 1659 3229 sed
1685 3163 1767 3230 ad
1791 3168 2205 3252 assumptum
2249 3161 2585 3230 hominem
2603 3162 2949 3230 referatur.
2981 3162 3062 3229 In
3088 3162 3224 3230 Deo
3238 3162 3418 3230 enim
3442 3170 3753 3232 creatura

547 3304 684 3350 esse
713 3303 846 3349 non
873 3286 1107 3371 potest,
1146 3288 1222 3345 ut
1246 3278 1642 3347 Ambrosius
1667 3278 1760 3346 ait
1787 3277 1858 3345 in
1884 3277 2056 3345 libro
2084 3276 2167 3345 de
2194 3276 2388 3345 Fide⁷
2405 3304 2426 3343 .-
2448 3277 2840 3369 «Numquid
2856 3280 3029 3347 dicto
3046 3279 3258 3347 factus
3285 3286 3381 3347 est
3397 3278 3751 3347 Christus?

546 3396 890 3488 Numquid
931 3394 1240 3463 mandato
1284 3403 1540 3462 creatus
1575 3402 1672 3463 est
1703 3393 2043 3463 Christus?
2073 3393 2420 3474 Quomodo
2457 3403 2679 3462 autem
2722 3403 3022 3463 creatura
3066 3418 3205 3465 esse
3233 3395 3303 3463 in
3329 3395 3465 3463 Deo
3491 3401 3752 3487 potest?

547 3514 808 3583 Etenim
827 3512 1003 3582 Deus
1028 3519 1282 3580 naturae
1299 3510 1616 3601 simplicis
1641 3518 1761 3597 est,
1795 3532 1930 3579 non
1958 3511 2101 3601 conj
2114 3518 2323 3578 unctae
2349 3518 2549 3601 atque
2570 3510 2940 3600 compositae
2977 3536 2992 3577 z
3023 3512 3132 3579 cui
3158 3511 3330 3579 nihil
3351 3511 3594 3579 aecidat
3627 3512 3745 3603 (b),

546 3631 657 3699 sed
695 3631 913 3699 solum
950 3629 1129 3722 quod
1175 3629 1482 3698 divinum
1510 3635 1608 3696 est
1647 3627 1719 3695 in
1765 3634 2002 3695 natura
2029 3626 2269 3696 habeat
2296 3650 2439 3696 sua.
2479 3654 2514 3693 n
2550 3627 2688 3695 Etsi
2725 3650 2883 3716 ergo
2905 3627 3205 3697 Christus
3232 3628 3594 3697 secundum
3623 3627 3753 3697 ho-

550 3748 792 3816 minem
819 3746 1062 3816 dicitur
1075 3753 1398 3830 creatura,
1422 3766 1554 3813 non
1579 3751 1801 3812 tamen
1824 3743 2211 3835 simpliciter
2226 3744 2678 3834 praedicandus
2696 3752 2792 3811 est
2808 3751 3127 3813 creatura.
3160 3743 3329 3812 Nam
3359 3767 3439 3812 ex
3467 3766 3542 3812 eo
3564 3746 3751 3835 quod

549 3860 1566 3932 Christussecundumhominem
1594 3858 2324 3946 dicituressecreatura,
2348 3867 2557 3950 potest
2575 3860 3039 3951 quisprogredi
3070 3860 3160 3928 sic
3188 3858 3741 3949 argumentando:

549 3979 621 4048 Si
632 3979 994 4048 secuudum
1005 3977 1182 4069 quod
1211 3978 1408 4046 homo
1437 3976 1735 4045 Christus
1746 3984 1842 4045 est
1857 3984 2184 4063 creatura,
2197 3975 2304 4043 vel
2326 3975 2690 4061 rationalis,
2705 3975 2810 4044 vel
2825 3999 2992 4044 non:
3014 3977 3119 4046 vel
3135 3999 3282 4068 quae
3306 3984 3403 4045 est
3424 3976 3617 4058 Deus,
3633 3977 3749 4045 vel

548 4118 683 4166 non
725 4122 740 4163 :
771 4096 987 4163 nitens
1022 4117 1136 4186 per
1165 4093 1287 4162 hoc
1314 4093 1591 4184 probare
1616 4091 1952 4159 Christum
2009 4114 2147 4160 esse
2185 4091 2439 4183 aliquid
2490 4115 2625 4161 non
2669 4091 2974 4160 divinum
3009 4117 3025 4159 ε
3067 4092 3228 4184 quia
3261 4092 3441 4184 quod
3475 4092 3610 4184 ipse
3648 4102 3754 4161 est

549 4213 912 4282 secundum
967 4210 1303 4280 hominem
1321 4262 1339 4296 ,
1383 4211 1518 4303 ipse
1554 4216 1674 4278 est.
1715 4208 1799 4276 Et
1846 4207 1992 4276 ideo
2044 4208 2102 4276 si
2146 4208 2510 4277 seeundum
2567 4208 2901 4277 hominem
2959 4217 3055 4277 est
3105 4210 3334 4302 aliqua
3380 4210 3750 4280 substantia
3818 4288 3825 4293 ,

550 4352 686 4398 non
726 4329 989 4415 divina,
1020 4339 1114 4396 est
1169 4326 1398 4417 utique
1439 4324 1692 4416 aliquid
1723 4347 1858 4393 non
1895 4323 2227 4393 divinum.
2260 4324 2389 4392 Sed
2418 4347 2501 4393 ex
2528 4324 2792 4416 tropicis
2817 4325 3261 4394 locutionibus
3290 4348 3427 4395 non
3452 4335 3547 4395 est
3572 4334 3753 4395 recta

552 4444 1140 4536 argumentationis
1168 4441 1521 4534 processio:
1553 4440 1672 4509 illa
1696 4448 1918 4509 autem
1946 4439 2190 4510 locutio
2221 4440 2468 4532 tropica
2493 4448 2612 4529 est,
2655 4463 2790 4532 qua
2813 4440 3113 4510 Christus
3147 4441 3390 4511 dicitur
3416 4450 3748 4532 creatura,

553 4562 661 4633 vel
688 4562 1094 4654 simpliciter,
1123 4560 1229 4628 vel
1256 4582 1409 4627 cum
1436 4557 1881 4648 adjunctione.

355 4755 420 4794 Aa
445 4749 521 4791 ho·
644 4679 801 4747 Post
853 4677 1158 4770 praedicta
1207 4656 1540 4767 quaeritur'
1578 4682 1804 4742 utrum
1860 4673 2060 4743 homo
2117 4672 2232 4742 ille
2286 4674 2556 4764 coeperit
2607 4695 2744 4742 esse
2762 4725 2779 4760 ,
2841 4674 2947 4743 vel
2992 4697 3250 4767 semper
3296 4675 3523 4762 fuerit,
3578 4675 3758 4744 sicut

304 4825 374 4855 mo
414 4824 522 4853 sem·
560 4795 941 4886 simpliciter
982 4792 1414 4861 enunciamus
1448 4789 1782 4858 Christum
1836 4789 1942 4858 vel
1991 4789 2112 4857 Dei
2155 4789 2402 4857 Filium
2452 4811 2709 4881 semper
2748 4790 2973 4877 fuisse,
3012 4814 3133 4859 nec
3176 4792 3467 4883 coepisse.
3508 4791 3603 4860 De
3627 4791 3759 4861 hoc

324 4885 519 5007 amii-
560 4911 976 5001 Augustinus
1013 4911 1104 4978 ita
1129 4908 1350 5000 inquit
1374 4929 1567 4999 super
1591 4909 1919 4975 loannem
1948 4908 1971 4943 ⁸
2009 4932 2031 4972 .·
2071 4931 2108 4971 α
2132 4905 2384 4974 Habuit
2419 4905 2777 4997 aliquando
2812 4906 2932 4974 Dei
2971 4906 3208 4993 Filius,
3241 4908 3420 4999 quod
3448 4906 3756 4977 nondum

323 5002 505 5053 coepernt

325 5072 436 5105 me.
560 5027 792 5095 habuit
816 5027 991 5095 idem
1020 5025 1158 5116 ipse
1187 5024 1384 5093 homo
1412 5023 1531 5092 Dei
1570 5022 1805 5109 Filius,
1852 5023 2012 5114 quia
2050 5022 2352 5091 nondum
2394 5028 2534 5089 erat
2567 5021 2789 5091 homo,
2822 5049 2856 5088 »
2892 5022 3057 5091 Item
3094 5023 3270 5092 idem
3316 5024 3389 5091 in
3417 5022 3644 5093 eodem
3674 5032 3700 5066 ⁹
3736 5050 3754 5094 ε

620 5200 809 5262 ¹Rom‚‚
839 5208 952 5260 vm,
981 5198 1126 5247 26.—
1144 5197 1167 5231 ¹
1195 5196 1393 5259 Ambr„
1420 5195 1482 5244 de
1506 5193 1651 5257 Fide,
1679 5193 1768 5244 lib.
1801 5195 1839 5257 Ι,
1863 5208 1908 5244 c.
1942 5205 2052 5255 nx,
2082 5206 2138 5243 n.
2164 5194 2345 5245 ¹2t.-
2375 5192 2394 5223 ⁸
2426 5191 2577 5256 leid„
2593 5207 2640 5244 e.
2661 5205 2839 5255 xiima.
2860 5196 2947 5258 98,
2971 5194 3163 5245 94.—⁴
3196 5194 3336 5258 Gal„
3366 5206 3440 5259 IV,
3473 5197 3522 5244 4.
3546 5220 3602 5234 -
3624 5194 3648 5230 ⁸
3674 5195 3755 5247 ld.

553 5270 752 5331 Ambr„
770 5269 831 5319 de
858 5269 1050 5319 lucam.
1081 5267 1244 5331 Doni„
1264 5281 1311 5316 c.
1332 5281 1383 5328 V,
1402 5280 1457 5315 n.
1475 5266 1638 5329 36,35.
1656 5290 1719 5305 -
1733 5266 1756 5301 ⁸
1782 5265 1876 5329 id„
1893 5264 1954 5314 de
1972 5263 2111 5327 Fide,
2138 5263 2228 5314 lib.
2246 5265 2286 5327 Ι,
2310 5277 2358 5314 c.
2376 5274 2485 5326 XIV,
2502 5276 2557 5315 n.
2576 5265 2722 5315 89.—
2737 5265 2924 5330 Ubios„
2943 5280 2989 5318 c.
3015 5277 3122 5328 xvl,
3144 5279 3199 5318 n.
3225 5269 3340 5328 ¹05,
3361 5269 3535 5341 ¹⁰⁶⁶?
3554 5264 3578 5300 ⁸
3592 5267 3757 5333 Aug„

553 5345 607 5392 in
625 5343 769 5393 loon.
796 5341 1015 5403 many„
1045 5340 1198 5388 tract.
1221 5349 1324 5403 cvi,
1351 5351 1408 5391 n.
1431 5339 1480 5388 5.
1497 5362 1560 5423 3-
1583 5337 1606 5373 ⁹
1637 5335 1789 5401 leid„
1821 5339 1968 5389 tract.
2000 5345 2084 5399 CV,
2112 5349 2165 5387 n.
2198 5336 2247 5387 7.

612 5457 681 5523 (a)
698 5457 783 5508 Αι.
812 5455 1025 5508 divisast.
1049 5479 1113 5494 -
1132 5454 1206 5520 (ὁ)
1233 5454 1321 5507 At.
1350 5454 1579 5508 accedat.
