4185 6288
801 464 921 527 534

798 597 1248 663 convenienter
1305 595 1537 659 dicitur
1611 591 1917 657 articulus
1977 589 2213 654 veritas
2260 587 2340 651 de

795 708 944 769 1100.

871 815 933 874 4.
982 809 1140 874 110111
1187 807 1715 874 resurrectionem
1764 822 1897 870 esse
1921 805 2207 869 futuram
2244 806 2339 866 est

791 916 1095 981 articulus
1126 933 1145 978 ε
1174 920 1238 980 01
1259 917 1381 980 1100
1410 933 1540 980 11011
1567 919 1661 980 051
1683 931 1915 979 verum
1940 912 2020 976 de
2044 911 2171 976 Deo
2187 958 2208 990 ,
2225 910 2334 976 sed

788 1029 885 1091 est
908 1042 1139 1089 verum
1166 1024 1245 1088 de
1267 1040 1457 1088 carne
1490 1045 1506 1087 z
1538 1039 1697 1104 ergo
1724 1019 2032 1086 articulus
2073 1035 2203 1082 non
2240 1021 2336 1081 est

788 1130 1169 1213 generaliter
1193 1129 1594 1195 indivisibilis
1611 1127 1847 1193 veritas
1872 1127 1951 1191 de
1972 1125 2097 1190 Deo
2122 1148 2137 1189 ε
2174 1142 2331 1206 ergo

786 1253 919 1302 non
949 1236 1206 1301 videtur
1230 1236 1403 1319 quod
1430 1236 1713 1318 primum
1763 1234 2130 1298 membrum
2157 1249 2329 1315 prae-

785 1342 969 1408 dictae
1026 1342 1419 1408 diffinitionis
1488 1341 1825 1408 conveniat
1888 1340 2009 1423 ipsi
2062 1339 2329 1404 articulo

788 1451 1192 1532 generaliter,
1226 1469 1345 1514 nec
1373 1468 1544 1515 vere.

864 1556 1093 1621 Contra
1139 1557 1481 1650 secundam
1534 1559 1778 1640 partem
1839 1553 2283 1620 notificationis
2301 1601 2322 1633 ,

783 1682 912 1746 qua
924 1665 1154 1728 dicitur
1174 1670 1430 1731 arctans
1452 1680 1569 1730 nos
1589 1663 1680 1731 ad
1695 1663 2100 1742 credendum,
2126 1680 2324 1745 oppo-

783 1771 958 1835 nitur
983 1771 1072 1834 sic
1102 1791 1119 1834 1
1152 1776 1211 1836 5.
1244 1770 1412 1836 Nihil
1437 1771 1608 1854 quod
1636 1774 1733 1835 est
1763 1789 1958 1853 supra
1983 1771 2319 1848 rationem,

778 1886 841 1947 et
865 1882 1186 1947 occultum
1216 1883 1483 1962 rationi,
1515 1886 1712 1946 arctat
1750 1899 1893 1946 eam
1932 1880 2011 1946 ad
2056 1880 2321 1945 creden-

776 1989 931 2053 dum
963 2008 981 2052 :
1012 1989 1120 2054 sed
1141 1987 1446 2053 articulus
1470 1988 1619 2052 latet
1638 1988 2052 2065 rationem,et
2077 1992 2175 2052 est
2206 2007 2316 2052 su-

773 2114 888 2177 pra
912 2096 1261 2160 rationem:
1291 2113 1448 2178 ergo
1475 2114 1606 2160 non
1630 2095 1881 2160 videtur
1907 2096 2079 2178 quod
2125 2099 2320 2159 arctet

770 2219 938 2268 eam.

851 2314 912 2374 6.
946 2309 1104 2375 Item
1131 2312 1210 2376 ad
1240 2310 1435 2390 nihil,
1465 2312 1543 2375 ad
1573 2310 1745 2393 quod
1772 2329 1949 2376 mera
1989 2311 2316 2378 voluntate
2355 2383 2362 2388 ,

767 2418 1152 2483 inclinamur
1170 2467 1188 2499 ,
1233 2437 1347 2502 per
1387 2418 1629 2501 aliquid
1669 2422 1992 2483 arctamur
2023 2438 2039 2480 :
2096 2418 2204 2483 sed
2232 2419 2312 2483 ad

766 2526 1150 2591 credendum
1170 2545 1347 2591 mera
1364 2527 1690 2591 voluntate
1704 2526 2087 2591 inclinamur
2111 2549 2125 2590 :
2148 2545 2305 2608 ergo

764 2649 879 2714 per
904 2631 1065 2695 nibil
1089 2637 1412 2697 arctamur
1437 2633 1518 2698 ad
1544 2633 1927 2697 credendum
1957 2651 1975 2695 2
2015 2651 2173 2714 ergo
2199 2652 2305 2696 ar-

764 2737 997 2803 ticulus
1021 2757 1152 2804 non
1174 2744 1372 2804 arctat
1399 2757 1534 2804 nos.

845 2852 903 2910 7.
930 2847 1104 2927 Item,
1138 2848 1300 2912 sicut
1346 2866 1413 2911 se
1452 2835 1643 2912 1101101
1692 2848 2010 2930 objectum
2040 2847 2190 2912 fidei
2227 2848 2307 2912 ad

762 2957 978 3018 actum
1001 2955 1318 3031 credendi,
1344 2941 1436 3019 sic
1458 2974 1532 3018 se
1576 2956 1766 3021 habet
1790 2955 2112 3038 objectum
2155 2956 2305 3020 cha-

760 3060 963 3125 ritatis
989 3062 1068 3124 ad
1096 3065 1309 3126 actum
1338 3063 1595 3127 amandi
1629 3082 1645 3126 :
1678 3063 1785 3128 sed
1814 3064 2134 3146 objectum
2162 3063 2306 3126 cha-

759 3168 1119 3233 ritatis.non
1136 3174 1334 3235 arctat
1358 3190 1477 3235 nos
1502 3172 1581 3236 ad
1594 3172 1978 3237 amandum:
2007 3191 2165 3254 ergo
2187 3191 2304 3237 nec

758 3276 1081 3359 objectum
1110 3279 1257 3343 fidei
1285 3279 1366 3343 ad
1392 3280 1797 3344 credendum.

839 3386 900 3446 8.
929 3366 1110 3461 Item,
1139 3385 1301 3449 sicut
1314 3386 1564 3449 articuli
1586 3387 1963 3452 ordinantur
1978 3388 2059 3452 ad
2082 3392 2299 3454 actum

754 3489 1071 3570 credendi,
1102 3491 1191 3555 ita
1216 3497 1532 3577 praecepta
1561 3494 1934 3559 ordinantur
1960 3496 2041 3560 ad
2082 3501 2298 3560 actum

753 3596 1113 3677 obediendi3
1141 3605 1204 3664 et
1256 3601 1420 3664 sicut
1447 3606 1770 3666 arctamur
1802 3603 1882 3667 ad
1910 3603 2297 3670 credendum

751 3703 1095 3786 credibilia,
1124 3708 1213 3770 ita
1229 3710 1634 3773 arctamurad
1652 3712 2100 3793 exequendum
2121 3732 2299 3777 man·

750 3811 938 3876 data:
979 3832 1138 3896 ergo
1163 3816 1327 3880 sicut
1354 3817 1651 3882 credibile
1676 3818 1905 3882 dicitur
1943 3820 2250 3885 articulus
2270 3868 2291 3899 ,

749 3917 838 3982 ita
863 3926 1254 4004 praeceptum
1282 3923 1468 3987 debet
1499 3923 1620 3987 dici
1652 3924 1956 3990 articulus
1985 3944 2000 3987 :
2041 3927 2095 3989 si
2135 3945 2293 4008 ergo

749 4031 1141 4108 praeceptum
1169 4046 1299 4092 non
1325 4030 1586 4094 sortitur
1615 4049 1856 4095 nomen
1881 4033 2156 4122 articuli,
2185 4034 2290 4097 vi-

748 4129 933 4195 detur
970 4132 1261 4197 similiter
1295 4135 1467 4217 quod
1492 4154 1609 4200 nec
1642 4137 1852 4219 ipsum
1881 4140 2202 4221 objectum
2219 4142 2291 4204 fi-

747 4230 847 4296 dei
873 4233 1097 4300 debeat
1118 4236 1241 4301 dici
1269 4237 1594 4302 articulus.

1260 4468 1778 4537 CONCLUSIO.

741 4621 989 4679 Articuli
1012 4624 1271 4694 diffinitio
1306 4643 1343 4683 11
1369 4628 1634 4684 Richardo
1668 4632 1949 4701 assiquata
1976 4636 2287 4692 conveniens

811 4716 918 4778 est,
956 4715 1089 4783 quia
1119 4715 1350 4772 ostendit
1404 4720 1581 4789 ipsum
1610 4734 1713 4775 esse
1744 4722 2033 4778 tenninum
2076 4725 2281 4780 recola·-

816 4803 1008 4866 tionis,
1040 4807 1092 4859 et
1125 4808 1464 4880 principium
1490 4808 1825 4869 discretionis
1862 4816 1915 4869 et
1945 4813 2279 4873 directionis.

817 4959 1004 5042 Resp.
1036 4962 1117 5027 ad
1142 4981 1283 5046 arg.
1316 4966 1414 5032 Ad
1432 4968 1881 5050 praedictorum
1909 4974 2280 5059 intelligen-

736 5065 892 5130 tiam
916 5072 1013 5132 est
1036 5073 1406 5154 notandum,
1422 5077 1593 5157 quod
1612 5080 1940 5164 articulus,
1961 5089 2278 5167 quantum

734 5177 829 5236 est
854 5172 934 5237 de
960 5177 1205 5244 ratione
1237 5182 1340 5246 sui
1380 5184 1685 5266 nominiS,
1716 5188 1947 5254 dicitur
1995 5195 2076 5258 ab
2126 5212 2276 5262 arc-

731 5326 740 5349 ·.
796 5311 817 5345 ¹
842 5311 953 5360 Hoc
980 5325 1085 5361 non
1112 5317 1265 5367 sentit
1305 5321 1359 5369 S.
1388 5320 1640 5386 Thomas,
1671 5327 1807 5387 11·11‚
1837 5342 1887 5392 q.
1914 5342 1953 5393 1,
1982 5335 2078 5382 art.
2108 5337 2156 5397 6,
2185 5336 2274 5385 ubi

794 5401 860 5463 (a)
888 5402 1014 5453 Coet.
1041 5404 1160 5456 edit.
1190 5412 1241 5458 et
1264 5409 1378 5476 illa,
1401 5427 1516 5477 quse
1544 5421 1687 5481 sunt,
1711 5421 2075 5486 principaliter.

1960 449 2582 519 SENTENTIARUM
2622 451 2772 517 LIB.
2810 453 2920 519 111.

2456 586 2686 655 tandm
2705 609 2720 650 ε
2742 588 2864 654 1100
2890 594 3107 656 01110111
3120 592 3453 675 dupliciter
3474 593 3670 658 habet
3694 593 3967 682 intelligi,

2446 695 2653 760 active
2678 696 2990 777 videlicet,
3030 703 3094 763 et
3121 700 3389 782 passive.
3420 699 3662 765 Dicitur
3687 701 3861 765 0111111
3889 720 3970 766 01·

2445 799 2699 879 ticulus,
2729 804 2882 885 quia
2907 809 3002 869 est
3031 806 3190 888 quid
3214 806 3282 870 in
3309 825 3376 871 se
3404 809 3761 886 arctatum3
3798 814 3860 872 et
3901 809 3972 873 di-

2443 908 2609 973 citur
2634 911 2964 989 articulus,
2994 913 3148 995 quia
3174 913 3332 979 alios
3359 918 3582 979 arctat.
3614 914 3819 980 Prout
3839 932 3970 999 pas-

2440 1015 2580 1081 sive
2616 1018 2846 1082 dicitur
2883 1019 3186 1084 articulus
3202 1069 3221 1100 ,
3249 1021 3418 1104 quod
3459 1021 3529 1084 in
3575 1040 3644 1087 se
3670 1026 3970 1098 arctatur,

2440 1127 2534 1186 est
2544 1125 2859 1191 terminus
2873 1127 3297 1193 resolutionis.
3327 1128 3525 1194 Prout
3543 1134 3763 1193 autem
3782 1130 3970 1194 active

2437 1231 2668 1295 dicitur
2688 1281 2707 1312 ,
2738 1238 2832 1298 est
2859 1235 3245 1317 principium
3298 1237 3720 1306 distinctionis
3762 1242 3826 1302 et
3863 1239 3971 1303 dis-

2436 1340 2752 1404 cretionis.
2784 1340 2862 1404 Et
2901 1342 3109 1424 primo
3155 1343 3415 1424 quidem
3445 1345 3637 1409 modo
3676 1346 3970 1429 accipitur

2433 1444 2504 1508 in
2530 1446 2793 1512 scientia
2816 1449 3117 1526 naturali,
3148 1449 3217 1513 in
3242 1468 3370 1533 qua
3397 1451 3701 1517 dicuntur
3714 1455 3970 1520 articuli

2434 1556 2724 1618 membra
2745 1604 2765 1634 ,
2797 1557 2931 1623 sive
2971 1562 3180 1640 partes
3208 1577 3355 1642 quae
3391 1578 3524 1624 non
3565 1560 3966 1625 resolvuntur

2429 1659 2497 1724 in
2519 1660 2694 1738 alias,
2725 1663 2833 1728 sed
2860 1664 2929 1726 in
2954 1664 3043 1727 eis
3066 1668 3189 1728 stat
3215 1665 3536 1745 resoluti0,
3557 1667 3725 1730 sicut
3750 1667 3965 1733 dicun-

2430 1771 2537 1831 tur
2559 1770 2808 1834 articuli
2839 1771 3214 1853 digitorum.
3241 1771 3316 1836 111
3340 1780 3656 1856 quantum
3685 1793 3842 1839 vero
3869 1794 3963 1840 ar-

2428 1873 2661 1939 ticulus
2686 1877 2920 1942 dicitur
2944 1878 3330 1961 principium
3356 1880 3798 1960 distinctionis,
3829 1902 3963 1947 con·

2425 1983 2637 2046 suevit
2663 1984 2859 2066 accipi
2887 1985 2957 2048 in
3002 1987 3260 2051 scientia
3285 1987 3688 2053 sermocinali
3721 2038 3739 2067 ,
3793 1993 3867 2053 ut
3903 1991 3961 2053 iu

2423 2092 2844 2170 grammatica
2869 2097 2933 2156 01
2960 2093 3293 2157 rhetorica.
3336 2094 3670 2160 Articulus
3696 2096 3874 2161 enim
3899 2097 3958 2160 111

2423 2198 2844 2278 grammatica
2875 2203 2970 2263 051
2995 2200 3234 2282 aliquid
3266 2201 3639 2266 distinctum
3661 2252 3681 2282 ,
3741 2205 3962 2270 faciens

2422 2302 2890 2368 distinctionem
2919 2311 3234 2388 quantum
3263 2307 3342 2373 ad
3373 2326 3635 2389 genera,
3670 2315 3735 2373 et
3760 2330 3956 2393 quan·

2418 2412 2559 2472 tum
2583 2410 2664 2474 ad
2690 2429 2907 2492 casus,
2942 2418 3005 2478 et
3050 2423 3364 2496 quantum
3391 2417 3471 2481 ad
3498 2417 3851 2500 supposita.
3896 2419 3960 2482 Et

2417 2515 2486 2579 in
2526 2517 2842 2583 rhetorica
2885 2520 3238 2603 appellatur
3281 2522 3596 2589 articulus
3651 2525 3960 2589 distinctio

2419 2640 2570 2703 quae
2594 2625 2666 2688 fit
2689 2624 2756 2688 in
2782 2625 3042 2691 scientia
3069 2627 3223 2692 etin
3250 2627 3622 2710 prolatione.
3647 2630 3956 2706 Quoniam

2414 2746 2572 2810 ergo
2595 2729 2738 2794 alise
2764 2732 3044 2796 scientiae
3069 2733 3439 2798 deserviunt
3461 2735 3832 2819 theologiae,
3862 2758 3956 2802 511·

2417 2836 2532 2900 11111
2560 2841 2624 2902 01
2648 2838 2784 2921 ipsa
2809 2841 3259 2923 proprietatem
3306 2861 3571 2907 suorum
3616 2847 3951 2911 vocabulo-

2411 2964 2563 3011 rum
2584 2950 2778 3030 juxta
2800 2950 2983 3029 illud,
3021 2953 3189 3035 quod
3217 2953 3464 3019 invenit
3491 2955 3558 3018 in
3587 2955 3727 3022 aliis
3752 2959 3954 3023 scien·

2411 3055 2514 3118 tiis
2540 3061 2706 3121 10010
2731 3057 2993 3122 dictum.
3027 3058 3339 3136 Quoniam
3368 3080 3528 3144 ergo
3556 3064 3718 3130 fides
3743 3073 3950 3132 nostra

2410 3163 2560 3227 dicit
2597 3164 2884 3246 plurium
2931 3169 3359 3250 cognitionem
3379 3220 3399 3250 ,
3439 3177 3504 3237 et
3546 3174 3657 3239 illa
3695 3179 3949 3259 quidem

2409 3272 2689 3352 cognitio
2715 3274 3054 3339 terminata
3089 3281 3184 3340 est
3224 3283 3286 3342 et
3331 3279 3620 3346 distincta
3642 3331 3660 3358 ,
3704 3303 3951 3351 necesse

2407 3381 2503 3441 est
2530 3379 2698 3442 circa
2724 3381 3045 3463 objectum
3074 3384 3221 3451 fidei
3264 3387 3434 3469 quod
3461 3393 3554 3452 est
3597 3391 3908 3457 creditum
3929 3442 3946 3471 ,

2406 3487 2669 3567 reperiri
2697 3488 2912 3571 aliqua
2932 3538 2952 3567 ,
2983 3491 3062 3555 ad
3105 3510 3252 3573 quae
3299 3495 3687 3561 reducantur
3738 3501 3949 3564 omnia

2405 3592 2736 3673 credenda,
2763 3600 3072 3679 tanquam
3096 3598 3175 3663 ad
3221 3600 3329 3664 illa
3357 3601 3426 3665 in
3448 3602 3686 3685 quibus
3712 3611 3837 3671 stet
3859 3625 3950 3670 10·

2404 3701 2632 3765 50111110
2663 3704 2957 3768 omnium
2995 3706 3487 3787 credendorum,
3517 3715 3581 3774 et
3624 3715 3950 3795 tamquam

2403 3809 2483 3873 ad
2513 3809 2621 3872 illa
2648 3828 2794 3893 quae
2820 3816 2970 3875 sunt
3000 3814 3310 3898 principia
3350 3816 3658 3881 directiva
3702 3819 3773 3882 in
3813 3839 3950 3884 om·

2403 3915 2595 3979 nibus
2607 3934 2756 3998 quae
2777 3919 3147 4000 creduntur,
3170 3926 3233 3985 et
3249 3941 3395 4005 quae
3416 3924 3850 4009 principaliter
3871 3930 3943 4009 (a)

2402 4023 2558 4087 fides
2585 4026 2812 4105 credit,
2844 4032 2908 4091 et
2937 4046 3085 4110 quae
3130 4032 3385 4113 proprie
3426 4038 3581 4097 sunt
3626 4036 3944 4115 objectum

2399 4130 2566 4194 fidei.
2613 4132 2691 4195 Et
2734 4152 2850 4215 pro
2894 4135 3015 4199 ista
3073 4136 3313 4220 duplici
3355 4140 3601 4205 ratione
3651 4143 3948 4208 dicuntur

2397 4239 2638 4303 censeri
2665 4242 2923 4306 nomine
2949 4246 3239 4325 articuli,
3273 4245 3565 4312 videlicet
3599 4251 3760 4332 quia
3802 4253 3945 4315 sunt

2399 4345 2656 4410 termini
2678 4348 3101 4427 resolutionis,
3134 4353 3375 4434 etquia
3400 4354 3792 4439 principium
3818 4360 3942 4423 dis-

2396 4452 2740 4519 tinctionis.
2770 4454 2850 4519 Et
2877 4462 3210 4540 propterea
3236 4460 3590 4526 Richardus
3608 4465 3826 4547 ipsum
3838 4485 3940 4530 01-

2396 4559 2664 4625 ticulum
2712 4562 3030 4655 disflniens
3051 4612 3068 4643 ,
3098 4565 3204 4629 vel
3231 4566 3629 4649 describens,
3661 4574 3941 4638 notificat

2394 4667 2475 4731 ab
2501 4666 2622 4733 hac
2650 4668 2887 4753 duplici
2915 4673 3315 4755 proprietate.
3349 4675 3510 4740 Nam
3528 4679 3597 4741 in
3616 4678 3740 4744 hoc
3767 4682 3941 4764 quod

2392 4774 2541 4840 dicit
2562 4777 2806 4859 primo:
2840 4778 3175 4846 Articvdus
3202 4787 3297 4848 est
3307 4784 3549 4849 veritas
3577 4791 3811 4854 mentis
3832 4793 3939 4855 in-

2389 4880 2746 4951 divisibilis
2771 4884 2850 4951 de
2877 4889 3023 4968 Deo,
3052 4887 3413 4954 insinuatur
3430 4892 3605 4973 quod
3631 4895 3938 4959 articulus

2388 4995 2484 5054 est
2535 4992 2850 5056 terminus
2901 4994 3300 5062 resolutionis
3338 5019 3353 5060 :
3412 4999 3720 5065 resolutio
3760 5003 3934 5066 enim

2387 5102 2508 5161 stat
2534 5099 2613 5162 ad
2658 5100 3061 5167 indivisibile.
3095 5102 3164 5167 ln
3205 5103 3328 5167 boc
3354 5120 3509 5169 vero
3557 5109 3731 5190 quod
3774 5111 3935 5173 sub-

2384 5207 2702 5288 iungitur,
2734 5213 2992 5277 arctans
3013 5228 3130 5278 nos
3168 5211 3258 5279 ad
3298 5213 3690 5284 credendum
3709 5266 3728 5296 ,
3774 5219 3934 5285 insi-

2383 5369 2479 5431 ait,
2507 5370 2772 5427 articulum
2797 5371 3018 5422 derivari
3033 5386 3066 5422 a
3091 5362 3249 5426 verbo
3268 5388 3455 5439 31800,
3471 5380 3616 5443 quod
3636 5387 3714 5432 est
3732 5385 3929 5453 ἄρθρον,

2386 5443 2437 5489 01
2456 5439 2610 5490 latine
2632 5441 2894 5505 articulus,
2924 5443 2975 5492 id
3003 5447 3080 5493 est
3100 5444 3318 5508 partium
3340 5451 3619 5513 coaptatio.
