4185 6288
1387 419 1583 486 msT.
1626 415 1844 484 xvln.
1889 412 2076 484 ART.
2118 415 2199 481 11.
2240 417 2540 497 QUAEST.
2581 419 2664 487 11.

963 673 1326 753 QUAESTIO
1368 675 1450 742 11.

494 841 590 896 An
631 839 876 900 Christus
900 848 1154 903 meruerit
1196 846 1305 903 sibi
1347 846 1584 920 eorporis
1623 845 1898 918 glorifica-

1054 937 1262 993 tionem
1286 940 1324 991 ¹.

181 1101 397 1147 randan-
505 1089 734 1155 Utrum
792 1090 1082 1158 Christus
1157 1094 1469 1160 meruerit
1531 1094 1636 1161 sui
1683 1094 1970 1177 corporis

200 4363 266 4409 Ad
295 4381 398 4429 opp.

425 1197 985 1279 glorificationem;
1019 1204 1085 1265 et
1109 1201 1282 1284 quod
1310 1202 1421 1282 sio,
1462 1200 1712 1267 videtur
1748 1206 1971 1266 aucto-

423 1304 609 1369 ritate
656 1304 940 1387 Magistri
971 1308 1037 1372 in
1073 1309 1330 1375 littera:
1370 1331 1403 1370 a
1429 1308 1654 1374 Merito
1698 1308 1965 1373 humili-

423 1411 568 1475 tatis
590 1415 654 1476 et
676 1413 892 1477 anima
917 1413 1322 1498 impassibilis
1358 1415 1523 1480 facta
1549 1419 1667 1493 est,
1711 1420 1776 1480 et
1819 1431 1967 1479 caro

422 1517 822 1585 immortalis.
850 1543 881 1580 a
916 1521 1090 1604 Ergo
1118 1522 1403 1588 Christus
1430 1524 1668 1588 meruit
1708 1524 1968 1587 immor·

421 1625 728 1692 talitatem
776 1628 1022 1694 carnis:
1051 1648 1210 1712 ergo
1255 1630 1780 1714 glorificationem
1823 1648 1966 1695 cor-

422 1733 618 1816 poris.

504 1839 663 1908 Item
686 1891 704 1922 ‚
755 1845 922 1911 sicut
967 1864 1082 1929 per
1123 1845 1556 1913 humilitatem
1592 1845 1967 1930 pervenitur

423 1948 502 2015 ad
538 1950 985 2018 exaltationem
1007 2001 1030 2034 ,
1072 1954 1166 2018 sic
1204 1954 1416 2038 passio
1455 1954 1564 2019 via
1609 1958 1717 2017 est·
1745 1970 1967 2040 perve-

424 2057 644 2122 niendi
697 2059 779 2124 ad
834 2061 1400 2145 impassibilitatem
1450 2084 1465 2126 z
1517 2060 1627 2126 sed
1680 2059 1965 2126 Christus

427 2159 547 2227 hoc
573 2164 763 2231 modo
791 2168 1084 2249 pervenit
1108 2169 1189 2233 ad
1214 2168 1784 2253 impassibilitatem
1824 2186 1965 2234 cor-

425 2269 600 2352 poris
630 2293 646 2334 :
672 2289 831 2354 ergo
855 2273 1030 2339 illam
1057 2275 1236 2359 prius
1263 2276 1634 2358 promeruit·

503 2376 683 2458 Item,
715 2379 1027 2444 efficacius
1074 2386 1357 2446 meretur
1400 2382 1544 2465 quis
1579 2382 1730 2462 sibi,
1766 2399 1963 2465 quam

422 2483 567 2562 alii3
620 2485 742 2549 hoc
784 2503 915 2550 non
948 2487 1140 2551 habet
1164 2487 1533 2552 instantiam
1561 2488 1638 2553 de
1663 2488 1786 2569 his,
1816 2507 1964 2572 quae

423 2594 575 2654 sunt
618 2596 768 2656 nata
811 2593 1033 2658 cadere
1076 2594 1199 2658 sub
1237 2595 1510 2659 merito:
1541 2594 1649 2660 sed
1679 2593 1965 2661 Christus

423 2697 658 2763 meruit
684 2698 823 2763 aliis
850 2702 1406 2783 resurrectionem,
1431 2707 1494 2767 et
1521 2703 1800 2786 corporis
1818 2703 1965 2785 glo-

422 2805 840 2871 rificationem
873 2826 892 2871 ε
922 2825 1082 2892 ergo
1113 2809 1317 2874 multo
1337 2809 1566 2876 fortius
1591 2810 1830 2877 meruit
1860 2810 1963 2876 sui

423 2915 704 2996 corporis
728 2915 1279 3000 glorificationem.

502 3022 684 3102 Item,
733 3024 895 3089 nihil
933 3024 1079 3108 plus
1120 3025 1474 3108 requiritur
1521 3023 1603 3091 ad
1650 3026 1963 3092 rationem

424 3131 657 3213 meriti,
687 3131 810 3196 nisi
838 3132 1128 3199 merendi
1161 3131 1550 3217 principium
1572 3181 1591 3215 ,
1637 3135 1701 3197 et
1736 3135 1960 3213 status,

422 3241 485 3303 et
507 3239 665 3304 ordo
692 3240 904 3304 meriti
929 3241 1007 3304 ad
1028 3241 1370 3323 praemium
1401 3260 1417 3302 ε
1447 3241 1556 3306 sed
1579 3240 1722 3305 haec
1745 3239 1965 3305 omnia

420 3346 829 3430 reperiuntur
844 3348 916 3412 in
935 3346 1182 3413 Christo
1224 3366 1309 3414 ex
1333 3352 1518 3431 parte
1542 3346 1960 3430 glorificatio-

422 3452 522 3516 nis
546 3455 859 3537 oorporis3
893 3454 1170 3520 habebat
1192 3455 1369 3521 enim
1383 3455 1783 3534 charitatem,
1816 3471 1964 3537 quae

423 3564 559 3624 erat
593 3561 980 3645 principium
1016 3563 1170 3628 boni
1204 3562 1441 3646 operis;
1474 3562 1748 3627 habebat
1772 3549 1965 3627 etiam

421 3669 659 3733 statum
692 3669 979 3734 merendi
1004 3688 1087 3735 ex
1115 3674 1294 3753 parte
1320 3668 1639 3749 inferiori;
1671 3672 1967 3752 expecta-

423 3772 532 3839 bat
578 3776 769 3840 etiam
818 3777 1351 3860 glorificationem
1408 3777 1509 3842 sui
1554 3777 1835 3860 eorporis
1887 3778 1965 3843 de

422 3884 663 3949 futuro.
719 3884 785 3950 Si
830 3904 990 3969 ergo
1037 3888 1257 3952 omnia
1294 3887 1405 3951 illa
1458 3891 1849 3954 concurrunt
1896 3887 1968 3953 in

422 3990 669 4058 Christo
689 4039 707 4070 ,
740 4012 888 4077 quae
917 3996 1339 4078 requiruntur
1379 3993 1460 4059 ad
1487 3995 1790 4059 meritum
1816 4042 1833 4075 ,
1862 3994 1968 4062 vi·

422 4098 610 4166 detur
631 4101 804 4184 quod
832 4102 1117 4169 Christus
1130 4103 1662 4188 glorificationem
1683 4102 1965 4187 corporis

424 4206 525 4273 sui
549 4209 939 4276 merebatur.

506 4317 628 4383 Sed
655 4320 875 4382 contra
915 4337 931 4381 ε
965 4321 1026 4382 1.
1055 4316 1407 4383 Praemium
1432 4322 1531 4384 est
1555 4318 1967 4386 excellentius

429 4425 658 4489 merito
679 4472 696 4503 ‚
727 4424 882 4509 quia
914 4423 1081 4490 Deus
1120 4429 1488 4492 remunerat
1523 4443 1721 4510 supra
1747 4426 1964 4492 condi-

427 4550 636 4613 gnum
667 4555 684 4598 ε
719 4534 830 4599 sed
856 4534 1131 4599 charitas
1168 4534 1398 4601 Christi
1431 4536 1967 4619 superexcedebat

424 4639 946 4722 glorificationem
968 4641 1288 4724 corporis:
1323 4659 1481 4725 ergo
1512 4660 1677 4725 opus
1700 4661 1783 4709 ex
1809 4642 1966 4709 cha-

424 4746 609 4812 ritate
650 4747 759 4811 illa
805 4747 1149 4831 procedens
1206 4748 1483 4831 dignum
1538 4753 1677 4814 erat
1733 4751 1860 4832 maj
1868 4750 1965 4815 ori

424 4855 937 4920 remuneratione
971 4876 987 4919 ε
1030 4872 1165 4920 non
1205 4872 1365 4938 ergo
1415 4855 1832 4923 ordinabatur
1881 4857 1963 4926 ad

425 4961 952 5043 glorificationem
1017 4963 1301 5047 corporis
1343 5011 1363 5042 ,
1416 4963 1586 5029 sicut
1643 4965 1724 5031 ad
1789 4983 1967 5049 prae-

426 5071 659 5144 mium.

504 5182 565 5243 2.
629 5178 826 5258 Item,
873 5176 1093 5242 anima
1148 5176 1378 5243 Christi
1438 5180 1792 5247 beatificata
1841 5183 1966 5250 fuit

427 5285 666 5371 absque
704 5287 952 5353 meritis
991 5294 1251 5397 propter
1289 5290 1598 5358 unionem
1639 5291 1844 5375 ipsius
1883 5296 1965 5361 ad
1999 5378 2005 5385 ι

496 5422 509 5451 ¹
540 5419 682 5469 Alex.
714 5418 926 5476 Mensis,
950 5432 1002 5481 p.
1030 5420 1113 5483 m,
1143 5437 1193 5485 q.
1226 5434 1351 5484 xvu,
1381 5422 1572 5473 memb⁴
1601 5424 1628 5470 1.
1645 5459 1660 5486 ,
1689 5438 1864 5488 parag.
1899 5430 1926 5476 2
1943 5441 1959 5488 3

3508 433 3627 499 397

2077 551 2379 619 deitatem
2408 574 2428 620 z
2459 573 2619 640 ergo
2666 558 2805 640 pari
2853 558 3099 627 ratione
3141 560 3423 645 videtur,
3452 566 3627 650 quod

2077 678 2308 745 corpus
2353 661 2582 729 Christi
2606 665 2847 749 absque
2873 666 3118 733 meritis
3143 668 3436 738 debuerit
3459 673 3626 738 efflei

2076 767 2457 849 gloriosum.

2159 882 2220 941 3.
2257 874 2438 956 Item,
2470 877 2757 945 Christus
2793 898 3125 965 nunquam
3176 882 3402 949 habuit
3448 884 3628 950 debi-

2076 986 2221 1048 tum
2262 986 2660 1052 mortalitatis
2707 1009 2723 1053 2
2772 1006 2932 1070 ergo
2976 989 3233 1056 videtur
3285 991 3457 1074 quod
3498 992 3624 1076 ipsi

2076 1091 2322 1175 corpori
2366 1093 2596 1158 Christi
2637 1094 2716 1159 de
2762 1113 2831 1160 se
2874 1095 3212 1163 deberetur
3256 1099 3465 1182 gloria
3490 1098 3624 1162 im-

2078 1199 2521 1265 mortalitatis:
2555 1219 2689 1265 non
2742 1219 2905 1283 ergo
2958 1203 3218 1271 videtur
3257 1205 3430 1289 quod
3476 1223 3620 1272 eam

2077 1324 2192 1389 per
2220 1307 2446 1371 merita
2473 1309 2861 1391 acquisierit.

2156 1417 2219 1478 4.
2266 1410 2423 1479 Item
2446 1464 2463 1495 ,
2495 1419 2609 1479 aut
2656 1415 2999 1498 gloriosius
3039 1420 3177 1482 erat
3214 1417 3457 1484 Christo
3494 1419 3621 1485 ha·-

2075 1521 2226 1587 bere
2268 1522 2543 1604 gloriam
2593 1522 2873 1605 corporis
2894 1523 3032 1588 sine
3060 1524 3335 1605 meritis,
3365 1528 3482 1590 aut
3507 1544 3622 1609 per

2075 1628 2305 1693 merita
2336 1630 2434 1693 :si
2469 1629 2608 1693 sine
2651 1629 2894 1694 meritis
2912 1679 2931 1710 ,
2963 1633 3028 1694 et
3061 1631 3232 1714 quod
3276 1632 3620 1714 gloriosius

2074 1739 2170 1801 est
2199 1736 2443 1801 Christo
2472 1734 2582 1801 ‘est
2606 1735 3109 1818 attribuendum,
3142 1756 3306 1822 ergo
3334 1737 3619 1805 Christus

2074 1840 2348 1924 gloriam
2391 1841 2568 1906 illam
2588 1841 2708 1906 sibi
2736 1860 2869 1906 non
2897 1842 3135 1907 meruit
3161 1862 3178 1923 ;
3210 1843 3265 1908 si
3293 1861 3409 1926 per
3432 1844 3622 1910 meri·

2074 1952 2163 2027 ta,
2194 1949 2333 2031 pari
2359 1950 2609 2015 ratione
2635 1949 2756 2015 erit
2789 1954 2854 2014 et
2893 1949 2971 2015 de
3012 1949 3221 2032 gloria
3248 1950 3527 2016 animae:
3566 1950 3621 2016 si

2072 2074 2232 2137 ergo
2249 2083 2261 2099 ι
2276 2056 2451 2122 illam
2491 2074 2624 2123 non
2676 2057 2946 2139 meruit,
2997 2057 3249 2123 videtur
3292 2057 3467 2142 quod
3500 2076 3622 2124 nec

2071 2163 2283 2230 istam.

2155 2274 2216 2335 ὅ.
2262 2270 2419 2336 Item
2439 2319 2455 2349 ,
2482 2274 2596 2337 aut
2637 2271 3066 2337 necessarium
3114 2277 3252 2338 erat
3293 2271 3615 2339 Christum

2072 2379 2307 2444 mereri
2353 2378 2628 2460 gloriam
2673 2378 2953 2461 corporis
2974 2427 2993 2460 ,
3039 2383 3151 2445 aut
3191 2398 3324 2446 non
3355 2380 3616 2446 :sinon

2072 2490 2210 2552 erat
2230 2486 2679 2565 necessarium,
2711 2504 2861 2552 cum
2889 2486 3174 2552 Christus
3193 2487 3373 2552 nulla
3399 2488 3615 2554 fecerit

2071 2599 2306 2678 praeter
2339 2594 2693 2659 necessaria
2714 2642 2732 2674 ,
2766 2611 2900 2659 non
2942 2593 3199 2658 videtur
3223 2595 3396 2677 quod
3423 2594 3613 2660 Chri-

2070 2707 2207 2768 stus
2250 2702 2527 2785 gloriam
2570 2701 2744 2766 illam
2788 2701 3161 2784 acquisierit
3197 2719 3312 2785 per
3336 2702 3607 2784 merita;

2070 2810 2128 2873 si
2182 2809 2609 2874 necessarium
2662 2811 2831 2888 erat,
2860 2825 3019 2889 ergo
3047 2807 3330 2873 Christus
3369 2809 3613 2874 meritis

2070 2915 2403 3000 indigebat
2418 2916 2498 2981 ad
2521 2915 2624 2981 sui
2638 2914 3186 2997 glorificationem.
3216 2915 3338 2981 Sed
3356 2920 3608 2983 eontra:

2070 3022 2239 3089 Deus
2279 3023 2583 3108 parvulos
2625 3022 2940 3107 glorificat
2966 3039 3083 3106 per
3107 3022 3308 3089 solam
3334 3023 3613 3106 gratiam

2069 3132 2311 3218 absque
2347 3132 2590 3199 meritis
2637 3132 2771 3197 suis
2800 3153 2817 3197 ε
2849 3150 3008 3214 ergo
3030 3180 3049 3211 ‚
3083 3132 3138 3197 si
3165 3133 3373 3200 multo
3405 3135 3616 3218 major

2071 3241 2283 3323 gratia
2322 3241 2532 3306 fuerat
2575 3240 2649 3305 in
2693 3239 2938 3306 Christo
2954 3288 2972 3320 ,
3002 3257 3134 3305 non
3157 3240 3415 3307 videtur
3439 3239 3614 3325 quod

2070 3347 2152 3413 ad
2178 3347 2283 3412 sui
2323 3347 2852 3431 glorificationem
2889 3347 3135 3413 meritis
3160 3347 3529 3431 indiguerit.

2151 3459 2214 3520 6.
2267 3455 2423 3520 Item
2443 3503 2461 3533 ‚
2491 3455 2546 3519 si
2574 3453 2858 3521 Christus
2896 3454 3131 3519 meruit
3173 3454 3299 3519 sibi
3337 3454 3615 3537 gloriam

2071 3563 2376 3646 corporis,
2404 3561 2540 3631 sive
2568 3562 2797 3628 stolam
2821 3562 3189 3640 secundam,
3219 3580 3382 3643 ergo
3407 3562 3616 3646 patie-

2071 3671 2262 3736 batur
2296 3671 2378 3735 ad
2417 3669 2758 3735 utilitatem
2784 3687 2971 3737 suam
3001 3691 3018 3734 ε
3050 3687 3187 3735 non
3221 3687 3380 3753 ergo
3405 3669 3616 3736 solum

2071 3779 2433 3863 patiebatur
2483 3781 2742 3861 propter
2791 3776 3215 3859 indigentiam
3275 3780 3611 3845 nostram=

2073 3887 2138 3949 et
2180 3884 2235 3948 si
2281 3884 2404 3950 hoc
2445 3902 2674 3950 verum
2713 3887 2842 3964 est,
2873 3887 3030 3949 tunc
3055 3902 3190 3950 non
3232 3885 3530 3950 tenemur
3553 3885 3617 3951 ei

2072 3991 2156 4057 ad
2180 3995 2391 4057 tantas
2418 3991 2658 4074 gratias
2684 3991 2966 4073 agendas
2979 4039 2998 4072 ,
3028 3989 3109 4056 ad
3135 3995 3409 4074 quantas
3434 3995 3616 4058 tene-

2071 4118 2299 4166 remur
2324 4100 2404 4181 ei,
2440 4100 2495 4165 si
2521 4098 2686 4164 nihil
2710 4098 2836 4163 sibi
2866 4097 3239 4180 meruisset,
3269 4099 3379 4166 sed
3407 4100 3618 4167 solum

2071 4225 2193 4293 pro
2214 4206 2398 4273 nobis
2424 4207 2773 4274 crucifixus
2796 4205 3041 4274 fuisset.

2617 4444 3074 4516 CONCLUSIO.

2074 4607 2315 4666 christia
2347 4605 2545 4661 meruit
2583 4604 3030 4675 qlodficationm
3063 4602 3152 4660 sui
3195 4602 3464 4674 corporis,
3501 4616 3610 4660 non

2228 4697 2402 4755 solum
2422 4697 2485 4752 in
2512 4690 2746 4766 aventin,
2771 4691 2867 4750 sed
2885 4693 3052 4749 etiam
3076 4693 3140 4748 in
3161 4689 3447 4764 patiendo.

2151 4858 2338 4940 Resp.
2368 4855 2449 4920 ad
2474 4870 2617 4935 arg.
2645 4850 2995 4919 Dicendum
3024 4850 3198 4936 quod
3218 4852 3458 4938 absque
3483 4854 3614 4921 du..

2068 4967 2176 5035 bio
2202 4963 2484 5032 Christus
2509 4960 2631 5025 sibi
2652 4958 2890 5025 meruit
2912 4958 3443 5041 glorificationem
3477 4981 3616 5030 cor-

2067 5075 2245 5163 poris
2270 5090 2402 5138 non
2424 5070 2637 5136 solum
2663 5067 2736 5132 in
2760 5066 3035 5149 agendo,
3063 5084 3295 5133 verum
3319 5069 3513 5135 etiam
3543 5070 3614 5138 in

2067 5182 2369 5270 patiendo
2391 5229 2411 5260 ,
2455 5180 2621 5244 sicut
2662 5176 2966 5261 Magister
3011 5194 3310 5262 expresse
3350 5178 3505 5246 dicit
3540 5180 3614 5250 in

2068 5349 2331 5413 mainard,
2359 5347 2424 5398 111
2444 5345 2601 5405 Seni„
2621 5340 2739 5394 dist.
2762 5351 2922 5406 xvm,
2943 5343 3040 5393 art.
3065 5344 3114 5405 2,
3143 5355 3194 5406 q.
3225 5353 3292 5406 115
3319 5342 3612 5407 Stephanus

2076 5422 2286 5481 Brulei„
2311 5422 2374 5471 lli
2401 5419 2558 5482 Seni„
2585 5416 2702 5468 dist.
2742 5426 2889 5477 xvm,
2920 5428 2971 5479 q.
3006 5425 3054 5464 v.
