4185 6288
1116 433 1493 501 DISTINCT.
1539 433 1644 500 lv.
1688 434 1871 501 ΛΒΤ.
1919 437 1966 501 1.
2011 434 2310 515 QUAEsT.
2355 439 2462 505 111.
2588 466 2591 471 ³
3332 452 3412 515 97

223 571 558 636 hominibus
621 569 892 635 concedi
944 570 1140 653 possit
1203 569 1378 653 quod
1439 570 1568 635 sint
1630 571 1750 636 fllii

228 679 459 762 Spiritus
498 679 706 743 sancti
746 682 1010 762 propter
1046 678 1354 760 gratiam,
1393 698 1592 763 quam
1630 679 1751 762 ipsi

230 792 550 873 suscipiunt
587 790 991 869 immediate,
1044 808 1177 872 qua
1213 790 1281 853 in
1320 789 1605 855 filiorum
1641 789 1752 855 Dei

230 898 596 980 adoptionem
628 902 1090 975 assumuntun
1117 902 1334 961 tamen
1353 896 1519 962 circa
1536 896 1753 961 Chris-

230 1014 343 1072 tum
393 1027 523 1073 non
575 1010 779 1074 habet
821 1009 1072 1087 locum,
1126 1011 1386 1091 propter
1441 1007 1753 1073 unionem

233 1134 351 1198 quae
386 1135 515 1181 non
553 1121 820 1181 tantum
856 1117 1006 1180 facit
1038 1115 1221 1179 illum
1256 1114 1586 1180 hominem
1617 1134 1756 1181 esse

234 1224 407 1287 fllium
434 1224 546 1288 Dei
589 1243 712 1307 per
737 1224 1051 1306 gratiam,
1091 1223 1203 1287 sed
1248 1222 1456 1287 filium
1496 1221 1605 1287 Dei
1643 1241 1757 1306 per

235 1338 522 1396 naturam.
556 1332 643 1397 Et
668 1331 810 1396 ideo
837 1350 970 1396 non
995 1332 1085 1395 sic
1101 1329 1468 1395 conceditur
1486 1329 1564 1393 de
1591 1328 1754 1412 ipso,

237 1438 381 1519 quod
403 1440 482 1502 sit
506 1438 793 1522 Spiritus
818 1438 1019 1502 sancti
1045 1437 1242 1515 fliius,
1270 1438 1437 1501 sicut
1470 1436 1761 1503 consedi·

238 1546 327 1607 tur
347 1544 418 1609 de
443 1545 587 1609 aliis
613 1545 1008 1611 hominibus.

733 1855 1092 1937 QUAESTIO
1134 1856 1240 1921 111.

334 2086 338 2090 ,
363 2039 450 2093 An
479 2038 724 2094 Christus
744 2040 919 2109 ponit
947 2035 1059 2092 dici
1082 2035 1232 2107 tilius
1259 2035 1558 2091 Trinitatis
1575 2038 1626 2085 ².

118 2224 216 2282 tow·
317 2200 524 2265 Utrum
551 2200 836 2264 Christus
851 2198 1049 2281 possit
1063 2196 1182 2260 dici
1209 2195 1381 2260 [llius
1403 2194 1728 2260 Trinitatis
1747 2215 1765 2273 3

250 2316 304 2373 et
322 2311 478 2393 quod
503 2310 616 2385 sic,
634 2307 893 2372 videtur
922 2323 1035 2391 ger
1065 2306 1187 2369 hoc
1215 2305 1387 2387 quod
1407 2304 1479 2368 in
1511 2302 1768 2368 Cantico

254 2416 454 2499 Moysis
503 2417 776 2500 hahetur
798 2464 816 2493 ‚
866 2413 978 2478 ubi
1042 2411 1278 2477 dicitur
1313 2412 1337 2446 ¹
1374 2432 1390 2475 z
1432 2408 1768 2493 Numquid

256 2540 363 2591 acm
397 2527 526 2605 ipse
561 2528 653 2590 est
682 2529 875 2605 pater
913 2527 1095 2599 tuus,
1131 2521 1245 2602 qm·
1279 2515 1565 2601 possedit
1592 2526 1675 2595 te,
1706 2524 1770 2582 et

264 2631 418 2711 fecit,
460 2632 619 2696 ete?
656 2628 780 2693 Sed
823 2627 949 2692 hoc
999 2631 1206 2691 totum
1255 2627 1457 2708 potest
1508 2624 1631 2689 dici
1690 2623 1769 2688 de

265 2736 497 2816 Christo,
539 2738 784 2801 ratione
826 2740 1080 2798 naturae
1123 2737 1510 2816 assumptae3
1564 2737 1628 2796 et
1662 2750 1768 2796 se-

266 2847 506 2911 cundum
548 2848 658 2911 illa
698 2847 824 2910 tria
880 2845 1114 2909 dicitur
1158 2861 1294 2907 esse
1355 2842 1528 2905 filius
1577 2841 1773 2905 totius

268 2950 546 3019 Trinitatis
559 3004 578 3034 ,
638 2956 829 3036 cujus
869 2956 968 3017 est
1017 2950 1341 3035 possidere
1359 2996 1377 3026 ,
1423 2949 1629 3013 facere
1646 2994 1664 3024 ‚
1708 2951 1772 3012 et

270 3078 445 3127 mre
472 3081 667 3146 :ergo
693 3062 953 3126 videtur
983 3060 1154 3143 quod
1184 3059 1311 3124 hoc
1350 3056 1597 3122 Christo
1619 3054 1774 3119 satis

271 3168 532 3235 catholice
555 3170 756 3253 possit
777 3167 1065 3233 attribui.

336 3278 390 3340 Ξ.
405 3275 548 3342 Item
565 3279 619 3343 ⁸:
648 3277 725 3343 Ut
739 3277 831 3343 sil
851 3277 992 3357 ipse
1013 3271 1486 3357 primoqmitus
1501 3271 1576 3335 in
1597 3266 1771 3333 mul-

273 3380 349 3444 tis
383 3383 672 3461 fratribus
684 3402 712 3465 ;
751 3382 969 3446 Glossa
1021 3403 1036 3444 ε
1098 3402 1128 3441 c
1178 3375 1552 3443 Secundum
1613 3373 1773 3438 illud

273 3489 412 3567 quod
441 3490 603 3557 Deus
639 3495 760 3568 est,
806 3506 943 3554 non
989 3487 1179 3551 habet
1234 3486 1497 3561 tratres3
1544 3499 1774 3546 secun-

275 3591 402 3659 dnm
435 3598 584 3664 illud
628 3597 804 3681 quod
854 3591 1329 3680 primogenitus
1368 3594 1500 3670 est,
1551 3588 1776 3653 fratres

276 3697 531 3782 dignatus
570 3710 671 3771 est
706 3722 937 3770 vocare
977 3720 1223 3768 omnes.
1264 3721 1297 3760 n
1341 3698 1409 3764 Si
1449 3714 1609 3779 ergo
1654 3696 1779 3758 fra-

278 3811 380 3872 tres
398 3816 533 3877 sunt
554 3814 845 3896 ejusdem
872 3811 1069 3896 patris
1082 3858 1100 3889 ‚
1141 3813 1208 3876 et
1245 3810 1397 3873 sunt
1437 3805 1557 3869 fflii
1582 3803 1777 3870 totius

281 3911 572 3998 Trinitatis,
599 3918 861 3984 videtur
885 3917 1059 4001 quod
1099 3920 1163 3981 et
1199 3915 1328 3980 hoc
1348 3912 1594 3979 Christo
1620 3929 1774 3976 con-

285 4025 560 4092 venienter
581 4027 780 4112 possit
805 4025 1090 4092 atuibui.

342 4135 390 4195 3.
413 4132 581 4213 Item,
608 4134 1146 4218 quandocumque
1185 4132 1401 4215 aliqua
1435 4149 1504 4196 se
1542 4127 1781 4193 habent

286 4253 371 4317 per
389 4240 865 4308 indifferentiam
892 4241 972 4306 ad
998 4240 1279 4323 aliquam
1311 4238 1777 4321 operationem,

286 4350 586 4415 secundum
610 4350 792 4414 illam
816 4347 1251 4433 operationem
1278 4361 1692 4411 communem
1718 4345 1783 4406 et

286 4455 620 4523 uniformem
655 4457 973 4541 recipiunt
1012 4454 1594 4522 denominationem
1624 4473 1641 4515 ε
1672 4449 1782 4514 sed

287 4561 391 4624 tota
416 4561 669 4630 Trinitas
692 4568 955 4648 operata
996 4568 1090 4628 est
1118 4561 1574 4628 incarnationis
1599 4575 1783 4641 mys-

286 4667 480 4734 terium
511 4689 708 4754 :ergo
742 4671 797 4735 si
821 4688 1093 4754 persona
1138 4667 1342 4734 Patris
1375 4667 1607 4732 dicitur
1648 4679 1786 4728 esse

286 4778 431 4852 pater
453 4777 668 4844 Christi
696 4796 830 4843 non
873 4778 1082 4842 solum
1114 4780 1432 4860 quantum
1477 4773 1560 4839 ad
1595 4771 1787 4837 deita-

286 4884 390 4946 tem
415 4887 507 4950 vel
542 4887 971 4962 divinitatem,
989 4885 1099 4950 sed
1126 4885 1322 4950 etiam
1349 4884 1666 4964 quantum
1707 4883 1788 4947 ad

344 5075 444 5139 ¹Cs.
471 5079 519 5131 S.
551 5080 803 5143 Thomas,
841 5083 970 5143 part.
1012 5078 1097 5138 ΙΙΙ,
1128 5091 1180 5142 q.
1211 5084 1420 5136 xx111,·
1437 5076 1533 5123 art.
1573 5073 1633 5134 43
1663 5075 1714 5121 et
1735 5085 1789 5136 q.

290 5152 432 5198 ¹¹¹¹¹1
450 5186 462 5209 ²
481 5156 570 5201 art.
595 5154 641 5214 4,
666 5152 811 5215 ad23
841 5156 895 5201 et
923 5150 985 5201 ΙΙΙ
1014 5151 1176 5210 Seni„
1199 5149 1316 5199 dist.
1343 5158 1415 5209 w,
1439 5159 1492 5210 q.
1523 5155 1586 5208 11,
1614 5145 1710 5193 art.
1733 5148 1788 5206 ¹3

295 5217 456 5284 Scottis,
484 5224 540 5272 ΙΙΙ
569 5225 724 5288 Sena,
745 5225 866 5274 dist.
898 5235 969 5286 tv,
987 5237 1039 5287 q.
1060 5235 1112 5283 1;
1137 5220 1309 5285 AEgid.
1339 5220 1512 5279 Rom„
1546 5216 1608 5265 lll
1631 5215 1789 5272 Seni„

295 5287 388 5339 diu·
416 5303 481 5354 lv‚
514 5308 564 5358 p·
586 5295 646 5359 ll,
684 5311 734 5361 q.
760 5308 805 5360 ις
833 5294 1136 5357 Richardus‚
1169 5294 1234 5342 ΙΙΙ
1266 5292 1429 5349 8εηί.,
1454 5288 1572 5336 dist.
1596 5297 1663 5339 iv,
1695 5290 1790 5336 art.

345 5375 397 5437 (α)
430 5377 555 5429 Edit.
590 5381 762 5434 Bened.
797 5382 975 5444 Neque
1011 5378 1151 5430 enim
1194 5377 1343 5426 Jesus
1379 5372 1531 5424 etiam
1573 5369 1793 5434 Spiritus

301 5448 429 5497 sancti
449 5449 590 5518 tilius,
611 5460 694 5505 aut
719 5455 877 5506 etiam
903 5468 1025 5504 suus
1044 5452 1180 5504 filius
1207 5448 1344 5500 credi
1373 5449 1462 5497 aut
1488 5442 1725 5506 intelligi.

606 5563 754 5611 Tou,
790 5561 885 5611 tv.

1863 572 2373 655 humanitatem;
2414 574 2669 642 videtur
2709 577 3001 646 similiter
3047 582 3220 666 quod
3280 588 3414 655 tota

1856 680 2130 747 Trinitas
2158 686 2353 767 possit
2383 685 2507 749 dici
2548 691 2747 769 pater.

1940 795 2000 853 4.
2032 790 2214 871 Item,
2246 793 2547 875 quamvis
2577 794 2645 858 in
2679 794 2984 862 Trinitate
3024 816 3198 863 unus
3238 800 3416 866 solus

1858 898 1942 962 sit
1987 896 2173 965 Pater
2220 906 2481 985 propter
2541 907 2847 969 aeternam
2895 908 3411 990 generationem,

1860 1009 2076 1071 tamen
2113 1025 2196 1072 ex
2237 1012 2526 1092 tempore
2569 1015 2827 1093 propter
2866 1011 3129 1079 effectus
3172 1018 3417 1100 tempo-

1859 1114 2025 1179 rales
2051 1118 2181 1180 tota
2201 1114 2482 1181 Trinitas
2506 1117 2741 1183 dicitur
2768 1138 2906 1184 esse
2932 1125 3131 1204 pater,
3171 1129 3235 1188 et
3262 1144 3418 1208 per-

1861 1240 2020 1286 sona
2062 1221 2271 1288 Patris
2313 1225 2546 1290 dicitur
2589 1244 2720 1290 non
2763 1227 2977 1293 solum
3018 1236 3196 1312 pater
3243 1230 3413 1314 Filii,

1863 1328 1974 1394 sed
2007 1329 2197 1394 etiam
2227 1331 2505 1396 aliarum
2532 1350 2775 1412 rerum,
2801 1336 2888 1398 ita
2914 1337 3087 1420 quod
3128 1337 3196 1401 in
3235 1339 3418 1405 nullo

1867 1437 2324 1519 praejudicatur
2368 1440 2736 1523 proprietati
2793 1442 2932 1507 Filii
2984 1462 3001 1507 ε
3063 1463 3221 1527 ergo
3266 1464 3416 1511 cum

1867 1541 2066 1607 Filius
2116 1562 2199 1608 ex
2246 1549 2534 1629 tempore
2569 1552 2871 1613 naturam
2910 1552 3326 1635 assumpserit
3356 1560 3423 1617 et

1867 1652 2184 1736 aequalem
2244 1658 2309 1718 et
2346 1654 2732 1719 uniformem
2756 1705 2774 1735 ,
2834 1657 3026 1723 habet
3087 1678 3417 1744 compara-

1869 1761 2110 1825 tionem
2140 1762 2222 1826 ad
2249 1766 2448 1826 totam
2477 1761 2853 1830 Trinitatem
2883 1787 2898 1830 :
2935 1767 3189 1832 videtur
3219 1768 3423 1851 igitur

1870 1868 2067 1952 quod,
2116 1869 2280 1934 sicut
2320 1875 2637 1953 quantum
2680 1872 2759 1937 ad
2802 1873 3090 1940 divinam
3121 1880 3422 1941 naturam

1872 1975 2108 2040 dicitur
2132 1995 2268 2041 esse
2296 1977 2470 2043 filius
2495 1977 2696 2043 Patris
2718 2028 2735 2057 ‚
2772 1980 2861 2045 ita
2904 1982 3260 2047 secundum
3285 1983 3425 2047 hu-

1873 2083 2250 2148 manitatem
2270 2085 2350 2148 sit
2376 2084 2549 2149 fllius
2581 2086 2774 2151 totius
2800 2085 3146 2154 Trinitatis.

1954 2193 2009 2253 5.
2049 2188 2207 2255 Item
2250 2193 2317 2256 in
2364 2190 2607 2258 Christo
2645 2194 2879 2276 triplex
2907 2200 3002 2260 est
3045 2197 3421 2277 substantia,

1873 2298 2110 2364 scilicet
2135 2319 2458 2383 suprema,
2481 2302 2692 2366 media
2710 2308 2774 2367 et
2795 2303 3019 2367 infima
3048 2322 3065 2368 :
3097 2322 3417 2387 suprema,

1874 2405 2111 2471 scilicet
2134 2407 2387 2488 divina3
2415 2409 2645 2488 media,
2676 2410 2915 2475 scilicet
2933 2412 3185 2490 anima3
3219 2417 3284 2477 et
3318 2416 3423 2477 in-

1875 2513 2052 2593 tima,
2068 2515 2307 2580 scilicet
2322 2533 2575 2599 corpus.
2600 2516 2722 2581 Sed
2746 2515 3036 2583 Christus
3053 2520 3298 2585 ratione
3317 2538 3426 2585 na-

1876 2626 2042 2686 turae
2070 2640 2391 2705 supremae
2414 2627 2510 2688 est
2527 2624 2699 2688 tilius
2722 2626 3019 2709 alicujus,
3044 2627 3278 2692 scilicet
3300 2625 3427 2692 Pa-

1877 2728 1991 2792 tris
2005 2727 2144 2808 Dei;
2168 2730 2414 2794 ratione
2430 2735 2677 2796 naturae
2698 2732 2939 2796 inssmae
2965 2732 3138 2797 fliius
3152 2733 3430 2816 alicujus

1877 2838 2003 2913 est,
2033 2835 2270 2901 scilicet
2296 2838 2548 2918 matris,
2596 2857 2678 2902 ex
2719 2858 2850 2922 qua
2888 2839 3087 2905 traxit
3114 2859 3374 2906 carnem
3408 2863 3424 2906 ε

1878 2961 2039 3025 ergo
2081 2947 2146 3007 et
2187 2944 2433 3009 ratione
2466 2944 2694 3011 mediae
2732 2946 2905 3011 sslius
2950 2946 3224 3031 alicujus
3250 2950 3372 3013 erit
3408 2969 3427 3014 ε

1878 3052 1988 3115 sed
2016 3051 2227 3116 media
2247 3101 2266 3130 ,
2298 3053 2532 3118 scilicet
2557 3055 2807 3133 anima,
2848 3061 2944 3121 est
2982 3075 3022 3121 a
3061 3060 3194 3121 tota
3221 3055 3433 3121 Trini-

1879 3163 2006 3224 tate
2033 3161 2364 3244 aequaliter
2397 3184 2413 3226 t
2443 3180 2602 3244 ergo
2635 3164 2889 3230 videtur
2922 3165 3093 3247 quod
3130 3165 3304 3230 fliius
3330 3169 3433 3231 to-

1880 3266 2010 3331 tius
2036 3265 2364 3332 Trinitatis
2385 3270 2510 3334 dici
2532 3271 2752 3354 possit.

1960 3378 2021 3438 6.
2055 3372 2213 3440 ltem
2237 3394 2366 3441 non
2390 3381 2485 3442 est
2505 3380 2716 3462 major
2735 3379 3024 3444 confusio
3056 3379 3124 3444 in
3154 3380 3433 3464 proprie·

1879 3482 2116 3547 tatibus
2142 3501 2225 3548 ex
2241 3486 2713 3568 comparatione
2731 3486 3008 3569 alicujus
3034 3487 3434 3571 proprietatis

1880 3588 1960 3654 ad
1989 3590 2206 3673 plura,
2244 3610 2445 3676 quam
2485 3592 2541 3656 si
2583 3592 2661 3658 de
2699 3593 2925 3658 eodem
2964 3594 3258 3661 dicantur
3299 3596 3430 3662 duo

1882 3697 2192 3779 opposita,
2226 3698 2358 3763 imo
2396 3699 2602 3765 multo
2641 3700 2855 3765 minor
2889 3701 3037 3766 :md
3070 3701 3150 3767 de
3185 3702 3431 3768 Christo

1882 3822 2035 3869 vere
2057 3809 2124 3869 et
2149 3805 2454 3871 catholice
2489 3806 2791 3872 dicuntur
2830 3807 2959 3874 duo
3002 3809 3291 3893 opposita
3333 3830 3433 3876 ra·

1883 3911 2056 3977 tione
2099 3912 2374 3996 duplicis
2418 3917 2697 3995 naturae‚
2733 3916 3018 3982 mortalis
3061 3922 3124 3983 et
3163 3917 3463 3985 immor·-

1883 4020 2026 4084 talis
2043 4067 2061 4099 ‚
2091 4021 2404 4103 passibilis
2429 4026 2494 4087 et
2526 4023 2934 4107 impassibilis
2965 4047 2981 4090 t
3030 4045 3190 4110 ergo
3228 4027 3435 4093 multo

1884 4127 2113 4192 fortius
2140 4129 2386 4194 ratione
2412 4135 2664 4197 naturae
2687 4134 3068 4199 assumentis
3088 4137 3293 4218 potest
3309 4135 3435 4200 dici

1885 4235 2060 4300 tilius
2106 4236 2341 4318 Patris,
2404 4243 2470 4304 et
2513 4240 2758 4306 ratione
2800 4246 3050 4306 naturae
3089 4247 3432 4328 assumptae

1887 4342 2059 4407 filius
2090 4345 2285 4409 totius
2310 4345 2659 4413 Trinitatis.

1969 4448 2091 4516 Sed
2121 4456 2342 4516 contra
2377 4474 2392 4517 ε
2423 4453 2851 4537 Augustinus,
2891 4455 2970 4523 de
3011 4456 3328 4523 Trinitate
3361 4456 3384 4491 ⁸
3415 4477 3431 4520 t
3464 4456 3675 4502 Fundu-

1896 4583 1927 4620 α
1953 4555 2136 4623 Jesus
2179 4578 2389 4643 neque
2427 4581 2619 4644 suus,
2664 4582 2874 4648 neque
2899 4563 3223 4630 Trinitatis
3267 4564 3437 4629 filius

1887 4665 2015 4730 dici
2045 4670 2134 4746 (α)
2162 4673 2386 4751 potest.
2417 4692 2450 4730 n
2490 4669 2662 4754 Ergo
2697 4691 2828 4737 non
2866 4676 3070 4755 potest
3097 4671 3217 4737 dici
3263 4672 3437 4739 filius

1892 4770 2235 4840 Trinitatis.
3450 4805 3477 4876 3

1975 4879 2132 4946 Item
2198 4883 2419 4950 filiatio
2483 4890 2579 4951 est
2638 4887 2989 4970 proprietas
3057 4887 3438 4970 personalis;

1898 4986 2066 5052 unde
2096 4990 2349 5073 respicit
2376 4991 2768 5075 hypostasim
2803 5017 2817 5059 z
2848 4993 3054 5058 sedin
3080 4994 3325 5060 Christo
3350 4999 3446 5060 est

1896 5153 1924 5199 2
1943 5182 1956 5207 ‚
1977 5161 2028 5211 q.
2052 5151 2399 5211 15Durandus‚
2436 5155 2503 5203 m
2525 5155 2685 5218 sent„
2706 5155 2823 5206 dist.
2847 5167 2919 5218 ιν,
2947 5170 3000 5218 q.
3023 5167 3059 5206 11
3074 5172 3090 5221 ς
3118 5158 3249 5208 Joan
3274 5160 3449 5221 Bane„

1900 5219 1941 5269 u
1966 5221 2127 5283 Sene„
2156 5223 2271 5273 dist.
2304 5235 2373 5281 tv.
2405 5239 2458 5288 q.
2489 5238 2535 5286 13
2556 5228 2736 5278 Thom.
2772 5232 2911 5291 Arg„
2946 5229 3005 5278 lll
3039 5230 3197 5289 Seni„
3228 5230 3342 5280 dist.
3375 5241 3449 5298 tv,

1899 5311 1932 5360 q
1973 5310 2010 5356 1,
2030 5298 2126 5345 art.
2142 5297 2200 5357 35
2223 5295 2421 5346 Gabriel
2438 5296 2580 5359 Biel.,
2606 5299 2669 5346 ΙΙΙ
2693 5301 2848 5348 Seni..
2864 5298 2979 5349 dist.
3003 5312 3054 5350 ιν
3065 5338 3082 5365 ,
3098 5315 3147 5366 q.
3171 5313 3206 5361 1,
3225 5306 3320 5351 art.
3340 5305 3454 5351 3.-

1900 5371 1923 5401 ²
1949 5369 2175 5429 Denter„
2203 5377 2370 5429 xxxu,
2390 5369 2437 5417 6.
2465 5394 2525 5403 -
2549 5368 2569 5399 ³
2603 5368 2762 5432 Rom„
2784 5381 2905 5432 vm,
2929 5373 3086 5421 29.-
3113 5373 3371 5436 ‘August,
3396 5370 3457 5420 de

1901 5439 2064 5498 Tria„
2095 5438 2179 5487 lib.
2219 5438 2278 5502 ll,
2302 5453 2346 5488 c.
2368 5450 2422 5494 x,
2450 5452 2504 5488 n.
2531 5441 2610 5492 ¹8.

3147 5535 3183 5557 η

3159 5557 3176 5596 l
