4185 6288
1283 739 1733 819 CONCLUSIO.

796 922 952 982 Fides
1001 934 1112 975 non
1166 916 1382 971 tantum
1427 911 1502 964 est
1554 905 1730 960 virtus
1780 895 2029 970 qratuita
2054 933 2072 956 ,
2125 886 2217 945 scd

912 1010 1280 1085 mauritarum
1304 1001 1574 1057 virtutum
1599 991 1790 1063 requla
1817 991 1868 1044 et
1894 984 2108 1053 αυτ-ἐρα.

817 1177 1002 1258 Roep.
1033 1171 1112 1237 ad
1141 1169 1301 1249 Arg.
1331 1159 1677 1227 Dicendum
1703 1149 1878 1235 quod
1894 1146 2139 1226 absque
2164 1139 2280 1204 du-

740 1286 850 1351 bio
877 1283 1014 1365 ipsa
1036 1277 1213 1353 fides,
1256 1291 1387 1356 qua
1438 1268 1505 1332 in
1536 1265 1738 1329 Deum
1765 1254 2105 1324 credimus,
2150 1263 2282 1310 non

743 1394 997 1458 tantum
1022 1388 1120 1451 aet
1143 1382 1375 1456 virtus,
1402 1391 1632 1443 verum
1649 1368 1844 1433 etiam
1867 1360 2102 1440 auriga
2150 1353 2282 1418 vir-

745 1503 983 1575 tutum,
1011 1493 1176 1557 sicut
1199 1488 1280 1553 de
1331 1479 1669 1569 prudentia
1718 1473 1870 1539 dicit
1923 1461 2286 1534 Bernardus

750 1606 840 1674 ad
872 1601 1235 1686 Euqmium
1257 1597 1316 1657 ¹:
1355 1615 1385 1652 α
1419 1589 1637 1655 Virtus
1673 1580 1933 1665 quidem
1976 1577 2091 1649 est,
2132 1586 2290 1653 quo·

750 1715 926 1779 niam
979 1712 1051 1776 in
1101 1726 1179 1772 ea
1218 1697 1500 1768 consistit
1533 1689 1847 1759 rectitudo
1880 1684 2034 1750 vitae
2068 1694 2291 1742 secun-

753 1823 909 1889 dum
926 1815 1218 1899 regulam
1232 1806 1519 1894 Justitiae.
1541 1824 1573 1862 n
1601 1800 1857 1866 Iustum
1881 1790 2058 1857 enim
2073 1790 2188 1862 est,
2222 1785 2295 1847 ut

754 1927 1109 1993 intellectus
1134 1922 1349 1985 noster
1365 1916 1454 1978 ita
1477 1908 1853 1993 captivetur,
1883 1902 1948 1964 et
1972 1896 2112 1977 subj
2121 1892 2297 1957 accat

757 2052 1033 2105 summae
1058 2026 1333 2105 veritati,
1362 2024 1524 2087 sicut
1571 2016 1835 2081 aflectus
1873 2008 2085 2072 noster
2115 2000 2299 2065 debet

758 2145 1086 2227 subjacere
1118 2151 1388 2203 summae
1414 2116 1682 2195 bonitati
1713 2144 1730 2186 τ
1760 2138 1879 2184 nec
1920 2115 2128 2198 potest
2165 2124 2299 2173 esse

760 2254 978 2319 anima
996 2251 1186 2322 recta,
1214 2242 1341 2308 nisi
1377 2236 1734 2303 intellectus
1750 2239 2026 2292 summae
2047 2213 2301 2283 veritati

762 2362 1021 2445 propter
1047 2374 1115 2420 se
1140 2357 1205 2417 et
1229 2364 1422 2431 super
1449 2343 1666 2410 omnia
1690 2334 2010 2409 assentiat,
2041 2332 2104 2393 et
2120 2326 2304 2390 affec-

765 2476 872 2534 tus
899 2480 1172 2531 summae
1198 2454 1465 2524 bonitati
1494 2449 1835 2516 adhaereat.
1867 2441 2048 2505 Hanc
2086 2437 2305 2499 autem

768 2573 1208 2641 rectitudinem
1232 2583 1367 2630 uon
1392 2562 1584 2627 habet
1609 2556 1753 2639 quis
1777 2550 2020 2623 nolens,
2048 2541 2159 2607 sed
2188 2557 2302 2605 vo-

768 2685 931 2749 lens.
963 2679 1163 2745 Nemo
1190 2675 1367 2740 enim
1386 2670 1531 2754 plus
1555 2663 1754 2730 credit
1775 2661 1924 2737 De0,
1942 2670 2141 2739 quam
2163 2648 2305 2726 sibi,

772 2790 893 2855 nisi
920 2805 1033 2872 per
1082 2785 1227 2860 hoc,
1283 2777 1454 2862 quod
1479 2773 1621 2839 vult
1672 2766 2065 2833 intellectum
2116 2773 2311 2822 suum

773 2897 1088 2979 captivare
1110 2892 1182 2954 in
1212 2884 1592 2967 obsequium
1611 2857 1860 2941 Christi.
1891 2871 1952 2934 Si
1979 2883 2138 2949 ergo
2165 2881 2315 2944 cap-

776 3003 997 3069 tivatio
1025 2998 1376 3065 intellectus
1400 2992 1472 3055 in
1502 2983 1880 3067 obsequium
1908 2990 2184 3043 summae
2207 2987 2317 3033 ve-

776 3110 981 3177 ritatis
1024 3106 1260 3191 spectat
1287 3101 1364 3167 ad
1415 3092 1860 3163 rectitudinem
1885 3084 2060 3162 vitae,
2088 3078 2319 3146 volun-

779 3226 899 3300 tas,
925 3235 1054 3302 qua
1075 3214 1221 3298 quis
1250 3210 1393 3276 vult
1412 3226 1481 3272 se
1518 3201 1860 3285 captivare,
1890 3197 1985 3260 est
2017 3188 2317 3254 voluntas

781 3334 952 3396 recta
980 3348 997 3391 t
1028 3328 1094 3390 et
1116 3320 1395 3395 habitus,
1417 3331 1548 3398 quo
1580 3308 1897 3374 mediante
1926 3300 2006 3365 ad
2039 3298 2167 3362 hoc
2201 3312 2322 3358 ex-

782 3438 1034 3523 peditur
1059 3433 1120 3499 et
1160 3429 1530 3511 adjuvatur,
1584 3419 1732 3484 facit
1773 3414 1854 3478 ad
1883 3406 2325 3476 rectitudinem

786 3541 1152 3613 voluntatis.
1195 3536 1401 3616 Ergo,
1457 3531 1511 3596 si
1545 3524 1792 3610 justitia
1824 3537 1954 3584 non
2012 3520 2107 3580 est
2151 3509 2326 3576 aliud
2435 3517 2450 3531 ·

789 3673 986 3740 quam
1012 3644 1356 3716 voluntatis
1406 3634 1718 3705 rectitudo
1738 3681 1756 3709 ,
1788 3633 1852 3694 et
1887 3626 2045 3690 fides
2073 3639 2205 3687 nou
2235 3620 2331 3683 est

792 3761 968 3828 aliud
982 3757 1107 3823 nisi
1129 3753 1404 3829 habitus,
1433 3763 1565 3830 quo
1591 3738 1945 3806 intellectus
1970 3733 2186 3795 noster
2212 3742 2330 3790 vo-

791 3868 1068 3936 luntarie
1111 3860 1471 3943 captivatur
1522 3852 1594 3916 in
1648 3844 2025 3927 obsequium
2075 3834 2329 3910 Christi,

794 3979 990 4044 restat
1014 3971 1187 4057 quod
1206 3965 1465 4032 habitus
1508 3957 1662 4026 fidei
1704 3956 1938 4038 spectet
1963 3948 2044 4012 ad
2071 3943 2335 4010 rectitu-

787 4088 1013 4158 dinem
1034 4082 1186 4146 vitae
1224 4070 1581 4143 secundum
1605 4061 1904 4146 regulam
1923 4053 2191 4141 justitiae
2220 4068 2238 4114 t
2273 4052 2337 4112 et

794 4197 938 4263 ideo
975 4191 1167 4258 habet
1207 4187 1275 4250 in
1314 4201 1382 4247 se
1418 4177 1732 4244 rationem
1767 4165 2025 4235 virtutis
2065 4177 2218 4226 vere
2276 4160 2338 4222 et

797 4300 1073 4390 proprie.
1097 4296 1227 4363 Nec
1252 4291 1461 4358 solum
1478 4284 1671 4349 habet
1697 4280 1768 4344 in
1786 4295 1852 4340 se
1874 4272 2190 4338 rationem
2214 4266 2341 4332 vir·-

796 4412 951 4478 tutis
987 4424 1160 4475 verae
1199 4403 1279 4484 (a)
1301 4450 1319 4478 ,
1357 4397 1466 4465 sed
1513 4391 1722 4472 magis
1747 4385 1996 4465 aurigae
2022 4380 2340 4445 virtutum

800 4514 1261 4605 quarumlibet;
1301 4513 1433 4573 tam
1464 4496 1971 4579 theologicarum
1999 4484 2293 4553 videlicet
2322 4528 2340 4561 ,

804 4646 1002 4713 quam
1037 4617 1479 4690 cardinalium.
1534 4609 1685 4674 Sine
1724 4602 1851 4667 fide
1892 4598 2068 4664 enim
2091 4611 2226 4658 non
2253 4593 2346 4655 est

807 4733 1089 4818 cognitio
1142 4724 1382 4794 summi
1430 4725 1494 4786 et
1531 4715 1672 4783 veri
1698 4710 1850 4777 boni
1881 4726 1899 4770 t
1948 4705 2082 4768 sine
2112 4698 2345 4780 ‚cogni-

807 4846 981 4910 tione
1010 4842 1230 4905 autem
1258 4828 1500 4897 summi
1518 4829 1604 4906 [et
1646 4820 1784 4887 veri
1807 4813 1965 4908 boni
1988 4829 2120 4875 non
2148 4806 2352 4891 potest

809 4972 945 5019 esse
972 4945 1209 5016 summi
1253 4947 1313 5007 et
1337 4937 1476 5004 veri
1498 4930 1673 5015 Qboni
1702 4919 2050 5008 expectatio
2071 4919 2138 4981 et
2164 4913 2351 4978 dilec-

810 5063 922 5127 tio.
954 5054 1244 5138 Cognitio
1276 5048 1452 5113 enim
1480 5035 1876 5126 praeambula
1918 5033 2014 5093 est
2045 5030 2110 5090 et
2134 5021 2354 5103 dirigit

814 5168 1114 5234 affectum
1154 5159 1235 5224 ad
1278 5148 1742 5238 expectandum
1770 5146 1836 5206 et
1871 5137 1952 5204 ad
1992 5132 2356 5199 desideran-

816 5276 974 5341 dum
1005 5293 1022 5336 ε
1056 5274 1121 5335 et
1142 5267 1285 5331 ideo
1338 5254 1692 5326 necessario
1720 5250 1878 5315 fides
1900 5261 2079 5328 spem
2106 5241 2171 5304 et
2197 5237 2356 5302 cha-

1861 474 2481 563 SENTEN'HARUM
2518 474 2667 545 Lm.
2711 474 2819 541 ΙΙΙ.

2376 617 2628 681 ritatem
2654 605 2978 696 praecedit,
3007 606 3312 684 tanquam
3330 593 3564 677 regula
3594 593 3660 656 et
3684 586 3906 668 auriga

2379 725 2685 808 ipsarum.
2742 717 3011 788 Rursus,
3061 707 3199 772 sine
3253 700 3622 784 cognitione
3674 692 3909 762 summi

2380 830 2532 898 boni
2548 844 2679 893 non
2704 824 3061 908 potestesse
3086 816 3256 878 recta
3274 807 3565 874 intentio.
3587 803 3723 867 Hoc
3742 800 3910 866 enim

2383 934 2591 999 solum
2615 931 2691 994 fit
2717 931 2886 991 recta
2905 918 3279 995 intentione,
3297 911 3469 996 quod
3492 910 3570 973 fit
3596 907 3676 971 ad
3711 905 3916 969 hono-

2384 1059 2523 1107 rem
2549 1040 2614 1103 et
2631 1033 2906 1118 gloriam
2937 1026 3042 1092 Dei
3074 1044 3090 1089 ε
3142 1023 3279 1087 sine
3308 1035 3464 1083 vero
3497 1018 3672 1080 recta
3708 1011 3919 1074 inten-

2386 1150 2558 1215 tione
2572 1145 2789 1211 nullus
2817 1142 2993 1205 actus
3020 1131 3276 1199 virtutis
3302 1130 3468 1191 recte
3494 1118 3921 1196 incedit.Quo-

2389 1256 2565 1321 niam
2619 1271 2778 1334 ergo
2812 1247 3072 1314 habitus
3111 1238 3257 1304 fidei
3303 1240 3420 1313 est,
3450 1249 3581 1315 quo
3609 1227 3922 1293 mediante

2392 1379 2725 1429 summum
2747 1360 2991 1423 bonum
3019 1370 3059 1414 a
3080 1345 3401 1412 mentibus
3416 1336 3650 1404 nostris
3688 1346 3925 1415 agnos-

2394 1472 2581 1546 citur,
2636 1467 2790 1532 hinc
2824 1466 2921 1527 est
2963 1455 3133 1541 quod
3177 1451 3333 1516 fides
3375 1443 3601 1526 dirigit
3651 1442 3928 1503 nostram
4046 1442 4059 1457 '

2395 1576 2834 1650 intentionem,
2894 1572 2957 1633 et
3005 1581 3119 1648 per
3167 1559 3291 1624 hoc
3342 1551 3570 1634 regula
3596 1550 3693 1612 est
3730 1542 3930 1610 omnis

2398 1682 2780 1769 operationis
2805 1680 3015 1750 bonae,
3041 1676 3105 1738 et
3131 1666 3339 1734 omnis
3375 1657 3631 1726 virtutis
3674 1651 3926 1717 merito·

2399 1795 2537 1858 riae.
2582 1791 2659 1856 Et
2702 1789 2845 1854 ideo
2889 1800 3023 1847 non
3063 1781 3316 1843 tantum
3367 1768 3551 1835 debet
3589 1761 3713 1827 dici
3738 1758 3933 1820 virtus

2402 1896 2705 1981 gratuita,
2742 1870 2867 1956 sed*
2899 1887 3091 1953 etiam
3144 1880 3459 1945 virtutum
3511 1864 3932 1951 gratuitarum

2403 2005 2633 2089 regula
2655 2007 2719 2068 et
2770 1998 3021 2079 auriga.
3052 1993 3132 2058 Et
3156 1979 3568 2054 concedendae
3604 1978 3762 2045 sunt
3786 1986 3934 2034 auc-

2405 2114 2687 2180 toritatae
2713 2110 2778 2173 et
2794 2105 3090 2179 rationeS,
3123 2111 3270 2180 quae
3298 2085 3558 2156 suntad
3573 2083 3768 2147 istam
3794 2088 3937 2162 par·

2408 2228 2561 2287 tem.

2492 2335 2551 2392 1.
2580 2325 2676 2389 Ad
2715 2320 2875 2386 iuud
2927 2333 3079 2383 vero
3105 2308 3279 2394 quod
3317 2303 3527 2388 primo
3556 2271 3855 2379 oineitu'r
3878 2289 3941 2351 in

2412 2433 2827 2508 contrarium,
2859 2424 3029 2510 quod
3082 2418 3239 2483 fides
3267 2416 3442 2479 tenet
3474 2404 3766 2472 medium
3793 2399 3947 2463 inter

2413 2543 2739 2612 scientiam
2766 2542 2830 2603 et
2847 2532 3237 2617 opinionem,
3279 2516 3618 2587 dicendum
3645 2514 3766 2588 est,
3791 2502 3945 2590 quod

2416 2650 2572 2719 fld‘es
2596 2647 2960 2729 assignatur
3002 2633 3187 2721 quasi
3229 2627 3515 2695 medium
3553 2622 3727 2684 inter
3755 2615 3945 2680 scien-

2417 2762 2572 2827 tiam
2618 2760 2680 2820 et
2728 2749 3098 2834 opinionem
3140 2742 3220 2804 ab
3260 2735 3560 2815 Hugone,
3606 2743 3742 2790 non
3801 2720 3941 2804 quia

2421 2866 2796 2934 conficiatur
2818 2859 2943 2923 illis
2968 2852 3241 2923 duobus,
3273 2844 3439 2909 sicut
3491 2836 3785 2901 medium
3809 2845 3943 2893 con·

2422 2976 2636 3041 ficitur
2660 2971 2741 3035 ab
2759 2961 3081 3039 extremis3
3111 2955 3219 3021 sed
3247 2951 3401 3034 quia
3425 2944 3718 3010 medium
3749 2939 3947 3003 locum

2423 3089 2597 3150 tenet
2619 3080 2932 3164 quantum
2973 3069 3053 3133 ad
3079 3062 3356 3148 gradum
3381 3048 3782 3120 certitudinis
3812 3068 3828 3108 ι
3872 3045 3953 3105 est

2398 3193 2601 3258 enim
2652 3184 2862 3265 magis
2911 3181 3081 3243 certa
3123 3187 3321 3255 quam
3357 3161 3593 3248 opinio,
3649 3160 3719 3221 et
3756 3153 3955 3218 minus

2428 3316 2625 3385 quam
2670 3289 2950 3364 scientia,
2990 3285 3155 3349 sicut
3197 3273 3519 3342 videbitur
3573 3265 3746 3330 int'ra
3771 3263 3794 3298 ¹
3842 3282 3858 3323 :
3888 3257 3956 3322 de

2430 3410 2555 3475 hoc
2578 3409 2794 3470 autem
2832 3394 3044 3462 medio
3087 3405 3221 3454 non
3256 3387 3351 3449 est
3393 3393 3649 3444 necesse
3692 3370 3863 3456 quod
3886 3366 3956 3429 sit

2439 3729 2791 3796 cessitatem
2812 3722 2881 3785 in
2904 3712 3210 3788 moribus,
3238 3722 3357 3790 pro
3381 3720 3460 3767 eo
3482 3696 3656 3782 quod
3689 3691 3958 3758 medium

2439 3835 2755 3920 reperitur
2780 3829 2851 3894 in
2873 3839 3108 3908 genere
3134 3813 3412 3891 virtutis,
3434 3813 3497 3873 et
3522 3808 3817 3870 extrema
3832 3794 3965 3860 sunt

2442 3949 2512 4011 in
2538 3957 2774 4026 genere
2799 3934 3130 4003 vitiorum.

2523 4058 2587 4119 Ξ.
2618 4050 2715 4114 Ad
2763 4043 2923 4110 illud
2948 4036 3122 4123 quod
3149 4030 3472 4114 objicitur,
3501 4017 3675 4104 quod
3722 4009 3963 4080 scientia

2446 4156 2864 4239 distinguitur
2888 4151 2957 4215 in
2977 4147 3102 4212 hoc
3131 4161 3171 4207 a
3205 4138 3439 4204 virtute
3454 4177 3473 4210 ,
3508 4125 3685 4212 quod
3724 4125 3862 4207 ipsa
3887 4118 3966 4181 est

2449 4274 2517 4337 in
2542 4284 2793 4341 verum,
2832 4264 2897 4325 et
2936 4256 3146 4322 virtus
3168 4249 3238 4312 in
3273 4246 3562 4315 bonum;
3609 4232 3741 4299 dici
3789 4227 3967 4315 potest

2451 4377 2623 4464 quod
2675 4364 3099 4448 Philosophus
3141 4352 3430 4439 loquitur
3483 4343 3575 4409 ibi
3618 4340 3698 4406 de
3756 4335 3968 4402 virtute

2453 4472 2977 4553 consuetudinali,
3004 4484 3156 4552 quae
3199 4454 3482 4536 consistit
3506 4451 3675 4516 circa
3717 4444 3968 4510 actiones

2455 4597 2519 4657 et
2532 4585 2852 4673 passiones
2882 4599 2898 4641 t
2931 4574 3009 4638 de
3034 4586 3162 4653 qua
3188 4562 3339 4630 dicit
3363 4556 3535 4641 quod
3560 4552 3771 4617 virtus
3809 4549 3894 4611 est
3912 4541 3969 4603 in

2457 4687 2858 4779 passionibus
2896 4683 2959 4744 et
3000 4663 3475 4756 operationibus
3519 4652 3971 4738 suppositorum

2459 4796 2785 4884 operativa
2828 4812 2844 4854 ι
2890 4789 2956 4851 et.
2988 4771 3366 4862 hujusmodi
3397 4766 3605 4832 virtus
3632 4758 3894 4826 ordinat·
3918 4749 3972 4812 in

2460 4908 2586 4985 his,
2615 4916 2763 4987 quae
2797 4896 2950 4960 sunt
2996 4888 3075 4954 ad
3109 4886 3333 4950 finem.
3363 4876 3453 4941 De
3498 4872 3742 4937 virtute
3783 4867 3972 4928 autem

2463 5003 2893 5081 intellectuali,
2942 4987 3309 5079 cujusmodi
3347 4986 3442 5049 est
3484 4975 3794 5062 sapientia
3819 4974 3878 5036 et
3899 4968 3973 5030 in-
