4185 6288
1385 434 1580 500 ms'r.
1626 433 1783 501 XIX.
1828 432 2012 500 ART.
2058 435 2109 499 1.
2154 432 2455 512 QUAEST.
2503 438 2610 502 111.

419 573 815 658 praeberetur
838 572 900 638 ei
924 571 1221 637 voluutas
1245 574 1310 636 et
1332 589 1676 636 consensus
1700 591 1718 651 ;
1750 576 1812 636 et
1838 570 1961 635 hoc

417 680 632 766 ipsum
680 683 885 765 potest
926 680 1118 745 modo
1147 699 1164 743 z
1194 680 1248 743 si
1274 698 1433 762 ergo
1460 680 1540 744 ab
1576 680 1761 744 initio
1798 678 1958 743 nihil

418 789 626 872 potuit
654 788 950 873 amplius,
981 787 1238 853 videtur
1257 786 1428 852 idem
1455 787 1629 871 quod
1656 787 1853 870 prius.

966 1051 1418 1121 CONGLUSlO.

418 1221 522 1277 Per
566 1222 870 1292 passionem
926 1221 1133 1277 Christi
1187 1236 1363 1279 omnes
1416 1235 1593 1277 suanus
1651 1220 1879 1275 liberati
1920 1234 1958 1275 a

484 1315 751 1383 potestate
766 1311 988 1367 ‘diaboli
1006 1312 1185 1382 quoad
1197 1313 1608 1383 sufficientiam,
1631 1311 1755 1366 licet
1778 1308 1958 1380 quoad

486 1403 786 1471 efficaciam
818 1401 923 1456 soli
952 1403 1030 1470 ii,
1063 1403 1161 1472 qui
1184 1405 1311 1458 sunt
1337 1400 1400 1457 de
1424 1414 1640 1473 comere
1667 1401 1811 1473 ejus,
1841 1400 1955 1454 sint

489 1491 732 1547 liberati.

493 1648 679 1733 Resp.
713 1650 792 1714 ad
818 1668 961 1731 arg.
992 1649 1338 1714 Dicendum
1363 1648 1568 1732 quod,
1606 1648 1771 1712 sicut
1804 1648 1957 1711 dicit

414 1755 716 1839 Magister
761 1758 831 1821 in
876 1759 1103 1835 littera,
1161 1776 1277 1839 per
1326 1756 1681 1839 passionem
1727 1756 1954 1821 Christi

412 1883 639 1928 sumus
674 1884 713 1928 a
756 1867 1061 1947 potestate
1106 1864 1337 1929 diaboli
1386 1863 1674 1941 liberati,
1728 1880 1953 1926 omnes

411 1971 671 2052 quidem
716 1976 1028 2054 quantum
1074 1973 1155 2036 ad
1201 1971 1674 2050 sufficientiam,
1706 1970 1813 2034 sed
1860 1970 1952 2032 illi

411 2077 526 2142 soli
554 2079 668 2161 qui
691 2083 843 2143 sunt
872 2080 950 2145 de
978 2083 1119 2162 ejus
1142 2098 1426 2163 corpore,
1457 2081 1580 2144 hoc
1605 2082 1701 2143 est
1730 2078 1947 2143 Eccle-

410 2185 524 2265 sia,
564 2191 878 2268 quantum
926 2188 1007 2251 ad
1057 2188 1421 2251 efficaciam.
1489 2186 1566 2250 Et
1612 2186 1733 2249 hoc
1778 2188 1951 2267 patet

409 2293 498 2357 sic
531 2314 547 2356 t
580 2292 876 2358 Diabolus
926 2294 1098 2358 enim
1146 2298 1291 2358 ante
1327 2293 1684 2376 passionem
1713 2292 1944 2356 Christi

410 2398 682 2466 habebat
729 2401 1045 2484 duplicem
1089 2421 1357 2465 manum
1377 2451 1394 2480 ,
1425 2401 1717 2465 videlicet
1752 2405 1945 2464 attra-

408 2506 665 2571 hentem
727 2511 793 2571 et
838 2507 1288 2591 impellentem.
1337 2506 1565 2571 Manus
1621 2507 1949 2571 attrahens

406 2620 542 2677 erat
596 2618 869 2697 potestas
930 2616 1221 2680 trahendi
1286 2614 1366 2679 ad
1414 2614 1688 2678 limbum
1752 2614 1944 2677 etiam

399 2720 605 2802 justos
635 2727 698 2785 et
724 2727 992 2787 sanctos,
1034 2722 1260 2786 Manus
1286 2720 1618 2803 impellens
1654 2726 1789 2785 erat
1828 2738 1945 2802 po-

407 2833 595 2893 testas
638 2830 1077 2913 praecipitandi
1103 2830 1172 2892 in
1199 2827 1441 2892 malum
1484 2826 1588 2892 vel
1614 2845 1728 2910 per
1762 2826 1944 2890 falla-

403 2936 591 3015 ciam,
622 2937 727 3001 vel
754 2956 866 3020 per
894 2937 1305 3015 violentiam3
1355 2936 1509 3019 quia
1547 2935 1830 2999 tentabat
1867 2939 1944 2999 ut

403 3044 625 3120 draco,
678 3045 957 3108 tentabat
994 3048 1070 3108 ut
1113 3044 1235 3108 leo.
1284 3043 1363 3107 Et
1406 3043 1614 3126 prima
1669 3060 1938 3122 manus,

401 3151 634 3215 scilicet
672 3152 1003 3217 attractiva
1030 3199 1047 3228 ,
1086 3155 1221 3236 erat
1273 3154 1466 3214 tantae
1515 3150 1837 3232 potentiae,
1864 3155 1943 3215 ut

399 3258 620 3323 nullus
670 3264 880 3342 posset
919 3259 978 3323 ei
1020 3260 1311 3323 resistere
1360 3281 1374 3318 :
1424 3261 1487 3322 et
1526 3258 1669 3322 haec
1712 3259 1832 3322 fuit
1879 3260 1938 3323 ei

398 3366 659 3429 omnino
688 3369 1013 3449 amputata
1040 3383 1153 3447 per
1180 3365 1571 3448 passionem;
1596 3367 1732 3448 jam
1762 3366 1938 3429 enim

397 3474 650 3537 nullum
675 3477 925 3556 justum
970 3477 1173 3557 potest
1208 3473 1289 3537 ad
1334 3472 1610 3537 limbum
1661 3472 1934 3555 trahere,

395 3581 549 3663 quia
574 3601 688 3664 per
711 3582 1073 3664 passionem
1114 3581 1342 3645 Christi
1370 3581 1652 3644 deletum
1681 3584 1777 3644 est
1806 3580 1951 3645 chi-⁷

393 3689 794 3771 rographum
845 3688 1085 3772 peccati
1151 3688 1330 3752 Adae.
1388 3687 1655 3752 Manum
1719 3692 1957 3757 autem.

392 3795 823 3879 impellentem
877 3796 1149 3861 habebat
1199 3796 1289 3860 ita
1339 3796 1565 3860 fortem
1588 3844 1605 3874 ,
1656 3798 1730 3860 ut
1786 3815 1934 3861 cum

395 3921 635 3985 magna
676 3904 1042 3969 difficultate
1076 3908 1283 3986 posset
1323 3902 1466 3985 quis
1506 3903 1568 3967 ei
1595 3903 1882 3969 resistere
1916 3922 1932 3967 ε

394 4017 458 4075 et
482 4011 625 4077 ideo
652 4011 719 4076 in
746 4011 967 4076 multis
994 4011 1328 4093 regnabat,
1360 4010 1490 4074 imo
1519 4011 1648 4075 fere
1682 4011 1752 4073 in
1787 4030 1935 4076 om-

395 4118 585 4183 nibus
616 4140 631 4182 ε
669 4117 902 4184 Omnes
928 4117 1103 4182 enim
1131 4117 1232 4181 vel
1263 4116 1601 4200 superabat
1624 4135 1739 4199 per
1762 4117 1937 4183 frau-

338 4306 343 4311 ι
394 4226 746 4292 dulantiam
767 4273 785 4305 ,
813 4226 921 4291 vel
965 4245 1078 4309 per
1104 4224 1522 4319 violentiam:
1554 4228 1617 4289 et
1652 4225 1792 4289 haec
1819 4244 1937 4308 po-

329 4312 338 4321 ’
395 4337 585 4398 testas
630 4333 955 4399 debilitata
1023 4338 1117 4397 est
1177 4351 1293 4415 per
1345 4332 1704 4415 passionem
1744 4380 1762 4412 ,
1819 4351 1935 4415 per

396 4457 592 4522 quam
617 4438 838 4503 lumen
864 4437 1148 4503 veritatis
1169 4437 1453 4520 aperitur
1480 4442 1699 4503 contra
1724 4438 1937 4503 diabo-

396 4548 584 4613 licam
611 4547 1105 4613 fraudulentiam
1127 4592 1143 4621 ‚
1175 4550 1238 4610 et
1264 4547 1658 4627 adJutorium
1680 4547 1936 4612 virtutis

396 4657 765 4723 attribuitur
826 4660 1046 4721 contra
1105 4654 1476 4718 diabolicam
1533 4653 1929 4720 violentiam.

393 4763 712 4847 Apparuit
732 4766 947 4827 autem
973 4762 1195 4826 lumen
1232 4760 1541 4839 veritatiS,
1571 4765 1637 4825 et
1661 4761 1934 4831 interius

393 4888 508 4955 per
547 4871 828 4936 divinam
870 4868 1349 4952 inspirationem
1372 4916 1390 4946 ,
1420 4871 1484 4933 et
1509 4868 1793 4933 exterius
1820 4887 1936 4951 per

392 4978 748 5045 humanam
809 4977 1314 5041 instructionem.
1376 4975 1518 5041 Jam
1577 4976 1759 5060 enim„
1802 4978 1933 5043 fere

393 5088 693 5153 omnibus
733 5090 827 5153 est
862 5087 1097 5153 veritas
1135 5084 1500 5169 propalata;
1535 5075 1615 5149 ⁴et
1652 5085 1793 5151 ideo
1839 5088 1934 5150 est

391 5195 707 5262 destructa
753 5194 1106 5259 idololatria
1130 5240 1147 5271 ,
1204 5202 1354 5275 quae
1390 5192 1567 5276 prius
1592 5193 1926 5275 regnabat.

391 5302 508 5385 Adj
515 5303 801 5368 utorium
867 5300 1060 5366 etiam
1124 5298 1376 5363 virtutis
1448 5299 1755 5365 tribuitur
1816 5318 1931 5383 per

454 5427 513 5478 ¹1
542 5427 682 5493 Cor„
705 5440 759 5492 1,
785 5427 860 5478 ⁴3.

3498 452 3616 516 4¹3

2074 573 2304 651 gratiae
2337 572 2722 640 infusionem
2743 623 2760 654 ,
2792 585 2943 659 quae
2986 579 3278 660 reprimit
3315 585 3617 669 concupi-

2071 677 2380 742 scentiam
2401 729 2421 759 ,
2452 684 2517 745 et
2558 701 2674 764 per
2721 683 3086 764 angelicam
3129 688 3612 768 protectionem,

2071 800 2218 865 quae
2267 788 2631 870 comprimit
2680 793 2746 854 et
2788 791 3077 873 reprimit
3121 797 3460 876 potestates
3502 797 3613 861 ad-

2069 907 2328 957 versas:
2360 899 2424 958 et
2461 894 2584 959 hoc
2630 897 2797 961 idem
2839 898 3078 964 virtute
3113 901 3447 982 passionis,
3477 922 3613 969 me-

2070 999 2193 1062 rito
2232 1004 2422 1083 cujus
2461 1005 2737 1070 mittitur
2778 1007 2965 1071 nobis
3006 1008 3283 1090 Spiritus
3328 1014 3611 1091 sanctus,

2068 1106 2412 1172 mittuntur
2439 1110 2631 1175 etiam
2659 1117 2723 1176 et
2755 1113 2874 1196 ipsi
2901 1115 3176 1195 angelici
3205 1117 3492 1206 spiritus,
3541 1123 3616 1184 ut

2068 1221 2406 1296 superetur
2433 1218 2861 1285 adversarius.
2893 1221 3071 1287 Unde
3099 1223 3392 1288 diabolus
3419 1237 3614 1307 super

2068 1323 2288 1387 omnia
2339 1325 2642 1391 abhorret
2710 1329 3090 1394 memoriam
3137 1331 3446 1412 passionis
3476 1381 3493 1410 ,
3550 1337 3614 1397 et

2066 1428 2349 1510 figuram
2370 1434 2597 1512 cruciS,
2628 1453 2742 1517 per
2765 1416 2965 1518 quam
2992 1455 3217 1500 sumus
3240 1456 3279 1501 a
3305 1442 3611 1520 potestate

2067 1538 2210 1617 ejus
2245 1538 2511 1603 liberati.
2552 1540 2847 1607 Rationes
2875 1562 3031 1624 ergo
3058 1544 3178 1608 hoc
3215 1546 3613 1611 ostendentes

2067 1646 2486 1712 concedendae
2520 1656 2693 1714 sunt.
3073 1714 3078 1720 .

2148 1757 2177 1814 1
2192 1801 2206 1815 .
2225 1754 2319 1817 Ad
2335 1754 2492 1820 illud
2511 1774 2668 1838 ergo
2682 1759 2850 1840 quod
2870 1760 3079 1841 primo
3094 1760 3413 1842 objicitur,
3437 1760 3611 1843 quod

2066 1859 2276 1923 adhuc
2300 1867 2495 1927 restat
2534 1865 2718 1928 nobis
2745 1866 3051 1930 adversus
3081 1867 3305 1931 mundi
3338 1872 3611 1931 rectores

2066 1966 2445 2050 colluctatio,
2491 1971 2831 2036 dicendum
2860 1974 3052 2056 quod,
3082 1974 3382 2056 quamvis
3426 1975 3611 2038 nobis

2063 2073 2394 2141 incumbat
2437 2097 2678 2161 pugna,
2729 2099 2860 2143 non
2903 2086 3118 2144 tamen
3157 2084 3541 2163 elongamur
3569 2100 3610 2145 a
3645 2091 3656 2108 ¹

2061 2181 2346 2263 victoria,
2383 2186 2508 2248 nisi
2544 2187 2929 2252 interveniat
2951 2193 3170 2253 nostra
3191 2190 3604 2272 negligentia,

2061 2290 2412 2354 secundum
2440 2294 2611 2375 quod
2638 2294 2870 2358 dicitur
2896 2297 2914 2331 ¹
2949 2316 2964 2359 :
2999 2295 3244 2362 Fidelis
3270 2297 3459 2374 DeuS,
3491 2299 3608 2378 qui

2059 2412 2190 2461 non
2237 2402 2526 2478 patietur
2577 2417 2687 2468 vos
2743 2404 3003 2480 tentari,
3057 2407 3202 2483 etc.,
3256 2403 3367 2468 sed
3416 2405 3610 2485 faciet

2057 2518 2203 2568 cum
2229 2509 2580 2573 tentatione
2603 2515 2985 2591 proventum
3027 2532 3054 2576 .·
3097 2514 3162 2573 et
3204 2510 3346 2574 ideo
3373 2529 3457 2575 ex
3499 2511 3606 2575 illa

2058 2612 2428 2677 auctoritate
2472 2633 2604 2678 non
2645 2620 2849 2697 potest
2887 2617 3140 2697 haberi,
3203 2617 3377 2700 quod
3424 2618 3607 2684 nobis

2056 2718 2397 2797 praesideat
2436 2725 2711 2804 potestas
2754 2723 3061 2788 diabolica
3080 2773 3100 2804 ,
3147 2725 3443 2807 quamvis
3486 2745 3606 2790 nos

2056 2842 2352 2890 exercere
2380 2846 2510 2891 non
2538 2830 2818 2894 desistat.

2135 2937 2196 2996 2.
2230 2934 2324 2997 Ad
2354 2934 2515 2999 illud
2545 2937 2713 3019 quod
2747 2937 3068 3019 objicitur,
3090 2938 3260 3020 quod
3288 2942 3364 3004 in
3390 2942 3603 3008 novis-

2053 3041 2243 3105 simis
2271 3039 2494 3107 diebus
2535 3043 2871 3110 instabunt
2907 3050 3192 3125 tempora
3224 3048 3598 3128 periculosa,

2054 3147 2395 3213 dicendum
2436 3152 2611 3232 quod
2650 3154 2946 3234 quamvis
2985 3172 3100 3236 per
3137 3156 3495 3236 passionem
3521 3157 3603 3220 sit

2052 3259 2328 3337 potestas
2365 3256 2680 3321 diabolica
2726 3263 3045 3341 superata,
3074 3264 3292 3325 tamen
3319 3262 3389 3326 in
3414 3263 3601 3328 nobis

2052 3367 2146 3426 est
2170 3363 2340 3427 vires
2371 3364 2522 3429 dare
2545 3366 2736 3443 hosti,
2778 3371 2841 3430 et
2867 3384 2985 3430 nos
3012 3367 3364 3449 subjugare
3391 3375 3600 3452 potes—

2053 3469 2166 3531 tati
2205 3468 2457 3533 diaboli.
2510 3470 2587 3534 Et
2640 3472 2793 3555 quia
2844 3472 2913 3535 in
2970 3474 3336 3538 novissimIs
3380 3475 3601 3553 diebus

2049 3575 2400 3639 abundabit
2434 3577 2789 3642 multorum
2838 3558 3218 3661 perversitas
3236 3629 3253 3660 ,
3304 3587 3367 3646 et
3409 3583 3597 3647 refri-

2049 3685 2266 3763 gescet
2287 3683 2582 3762 charitaS,
2612 3686 2783 3750 vires
2811 3692 3022 3751 sumet
3047 3687 3359 3752 diabolica
3386 3693 3599 3772 potes-

2046 3793 2168 3866 taS,
2201 3795 2266 3854 et
2286 3793 2461 3873 justo
2490 3790 2596 3856 Dei
2618 3794 2865 3874 judicio
2895 3795 3296 3876 permittetur
3322 3797 3597 3880 amplius

2047 3896 2130 3960 ad
2159 3899 2400 3962 malum
2426 3899 2771 3981 impellere,
2794 3919 2996 3983 quam
3014 3903 3365 3984 permissus
3390 3907 3596 3972 fuerat

2046 4002 2117 4065 in
2143 4006 2429 4087 tempore
2451 4006 2859 4088 praecedenti.

2128 4115 2188 4176 3.
2235 4112 2335 4176 Ad
2377 4113 2535 4177 illud
2581 4115 2754 4197 quod
2793 4116 3115 4199 objicitur,
3159 4119 3334 4201 quod
3385 4118 3594 4185 adhuc

2044 4224 2251 4302 potest
2274 4220 2344 4283 in
2366 4221 2774 4286 vexationem
2802 4242 3169 4307 corporum,
3212 4230 3277 4291 et
3314 4245 3592 4292 excaeca·

2045 4327 2287 4391 tionem
2328 4328 2684 4410 mentium,
2713 4331 3051 4397 dicendum
3094 4335 3265 4416 quod
3312 4335 3437 4399 hoc
3460 4354 3592 4401 non

2044 4437 2250 4517 potest
2276 4437 2490 4513 modo,
2520 4436 2644 4501 nisi
2663 4439 2807 4520 quis
2834 4440 2889 4503 ei
2918 4460 3001 4504 ex
3045 4442 3233 4525 culpa
3270 4461 3390 4508 sua
3422 4443 3593 4508 vires

2044 4543 2304 4623 tribuat,
2335 4544 2496 4608 sicut
2510 4549 2663 4610 sunt
2687 4545 2780 4610 illi
2805 4549 2918 4629 qui
2944 4553 3340 4614 sacramenta
3363 4550 3590 4615 Christi

2043 4652 2467 4714 contemnunt
2504 4671 2522 4715 :
2568 4653 2682 4735 qui
2716 4671 2871 4718 vero
2903 4655 3232 4720 humiliter
3260 4662 3324 4721 et
3365 4657 3590 4722 devote

2044 4758 2455 4822 sacramentis
2470 4761 2533 4822 et
2550 4761 3111 4825 sacramentalibus
3129 4782 3196 4827 se
3211 4763 3585 4846 subjiciunt,

2041 4886 2191 4950 quae
2219 4888 2256 4931 a
2278 4868 2569 4950 passione
2598 4871 2820 4936 Christi
2847 4872 3088 4937 habent
3108 4874 3438 4954 virtutem,
3457 4894 3586 4941 non

2040 4976 2386 5044 formidant
2424 4979 2797 5045 diabolicam
2834 4986 3227 5065 potestatem.
3257 4984 3458 5050 Tanta
3494 4991 3589 5051 est

2040 5086 2214 5150 enim
2274 5086 2481 5151 virtus
2532 5093 3076 5156 sacramentorum
3126 5092 3423 5157 Ecclesiae
3448 5141 3466 5169 ,
3511 5100 3590 5160 ut

2041 5194 2239 5260 etiam
2275 5194 2574 5261 extendat
2601 5216 2671 5262 se
2710 5217 2916 5282 usque
2956 5201 3037 5266 ad
3066 5202 3373 5267 infideles.
3411 5201 3589 5269 Unde
3663 5211 3667 5221 ’

2038 5319 2174 5366 non
2196 5303 2289 5366 tot
2314 5288 2504 5368 hodie
2530 5303 2820 5370 diabolus
2838 5306 3105 5387 obsidet,
3127 5312 3283 5391 quot
3298 5309 3589 5376 diabolus

2041 5413 2460 5476 consueverat
2500 5411 2812 5501 obsidere.
2858 5412 3087 5480 Scribit
3126 5417 3300 5481 enim
3340 5415 3586 5503 Gregoe
