4185 6288
1069 463 1266 529 msr.
1309 462 1466 529 xvi.
1512 461 1695 529 ΛΒΤ.
1741 428 1819 526 ¹1.
1865 461 2167 538 ouAEs‘r.
2216 462 2295 528 11.

259 596 542 661 sionibus
566 596 864 681 corporis,
892 596 1231 662 dicendum
1256 597 1427 680 quod
1450 595 1634 679 [nihil
1658 597 1787 662 im-

260 705 424 786 pedit
445 704 619 786 quod
633 703 793 792 ratio
819 703 896 769 de
922 704 1140 786 aliquo
1167 704 1486 786 gaudebat
1512 710 1587 769 ut
1605 704 1785 784 rati0,

259 818 319 877 et
365 812 770 877 contristetur
806 818 881 877 ut
905 817 1155 892 natura,
1183 832 1301 896 pro
1347 830 1424 878 eo
1471 813 1645 896 quod
1672 812 1792 877 ali-

258 920 409 1003 quid
435 925 639 1004 potest
668 938 1033 1004 repugnare
1072 920 1387 988 voluntati
1440 920 1792 987 secundum

258 1032 605 1113 appetitum
657 1029 1036 1110 naturalem,
1091 1035 1156 1095 et
1179 1048 1525 1095 consonare
1560 1029 1793 1094 volun-

259 1137 368 1202 tati
383 1137 739 1202 secundum
758 1138 1105 1220 appetitum
1123 1137 1627 1204 deliberativum.
1650 1136 1793 1201 Fre-

258 1249 525 1327 quenter
556 1243 730 1308 enim
759 1243 1084 1337 voluntate
1105 1245 1188 1324 (a)
1215 1243 1397 1307 liberi
1422 1242 1669 1307 arbitrii
1691 1259 1795 1307 re-

258 1351 544 1432 fugimus
578 1363 727 1432 quae
779 1355 1013 1414 natura
1037 1350 1311 1433 appetit,
1344 1355 1407 1414 et
1438 1351 1796 1432 appetimus

259 1470 402 1536 quae
428 1458 663 1518 natura
687 1451 926 1533 refugit
959 1473 975 1516 z
1003 1451 1095 1515 sic
1121 1452 1275 1516 etin
1303 1451 1622 1535 proposito
1669 1451 1794 1516 ha·-

259 1562 360 1627 bet
376 1560 675 1642 intelligi.

336 1673 395 1734 5.
427 1668 529 1733 Ad
554 1667 712 1733 illud
736 1666 907 1749 quod
927 1665 1247 1749 objicitur,
1277 1664 1450 1747 quod
1478 1682 1627 1729 cum
1653 1681 1800 1746 pas-

260 1778 352 1841 sio
377 1775 641 1856 attingit
690 1773 1024 1850 rationem,
1058 1790 1192 1837 non
1237 1770 1404 1836 cadit
1432 1771 1497 1834 in
1543 1771 1795 1854 sapien-

259 1887 409 1962 tem,
457 1881 801 1947 dicendum
856 1878 1026 1963 quod
1081 1879 1390 1943 rationem
1431 1878 1659 1959 attingi
1686 1895 1798 1960 per

261 1989 524 2054 modum
576 1987 840 2052 rationis
892 1966 1212 2070 re'pugnat
1282 1985 1646 2068 perfectioni
1695 2003 1797 2049 sa-

260 2096 544 2178 pientiae3
583 2112 716 2159 non
741 2096 956 2158 autem
980 2093 1209 2174 attingi
1238 2110 1351 2175 per
1381 2092 1643 2156 modum
1668 2110 1791 2156 na-

263 2207 421 2269 turae
452 2220 470 2266 t
501 2201 629 2268 hoc
655 2202 830 2267 enim
855 2204 948 2264 est
976 2199 1149 2283 quod
1168 2200 1315 2264 facit
1341 2200 1673 2264 hominem
1700 2218 1801 2265 ca-

262 2309 405 2377 dere
430 2329 475 2375 a
498 2312 672 2373 statu
696 2310 760 2373 et
785 2306 1164 2392 perfectione
1211 2305 1563 2388 sapientiae,
1584 2306 1804 2373 videli-

261 2422 358 2483 cet
381 2416 561 2500 quod
604 2417 747 2497 eJus
772 2414 934 2478 ratio
957 2412 1136 2477 cedat
1162 2416 1225 2476 et
1250 2412 1621 2477 succumbat
1657 2432 1800 2496 pas-

260 2526 568 2605 sionibus,
600 2540 732 2587 non
761 2526 976 2587 autem
1003 2520 1178 2604 quod
1204 2520 1434 2584 sentiat
1448 2520 1803 2603 passionem

260 2636 320 2697 et
340 2633 433 2697 ita
465 2630 598 2715 pati
629 2648 743 2713 per
768 2629 1034 2694 modum
1061 2631 1307 2692 naturae
1322 2644 1455 2692 non
1485 2629 1691 2692 aufert
1707 2646 1805 2693 ra-

262 2741 499 2804 tionem
547 2735 996 2821 propassionis.
1024 2733 1212 2799 Aliud
1243 2734 1419 2799 enim
1446 2738 1541 2798 est
1569 2734 1806 2817 passio·

262 2867 408 2913 nem
460 2845 761 2929 experiri,
815 2842 987 2908 aliud
1038 2861 1078 2905 a
1112 2842 1513 2924 passionibus
1556 2845 1807 2925 pertur-

260 2954 441 3020 bari:
471 2950 833 3037 perturbari
866 2950 1065 3027 cuim,
1095 2952 1189 3012 est
1232 2949 1482 3032 subjici.
1516 2948 1805 3031 Experiri

261 3068 478 3126 autem
498 3062 703 3143 potest
728 3056 961 3139 aliquis
983 3055 1303 3139 passiones
1322 3105 1339 3134 ,
1366 3061 1432 3121 et
1454 3056 1545 3121 eis
1575 3075 1806 3140 super-

260 3169 409 3234 ferri
439 3191 456 3233 :
489 3172 553 3234 et
591 3166 683 3231 sic
726 3165 847 3229 fuit
883 3165 951 3228 in
996 3163 1213 3228 anima
1239 3164 1493 3243 Christi,
1532 3183 1681 3248 quae
1704 3184 1808 3232 se·

263 3277 548 3343 cundum
571 3273 884 3340 rationem
913 3289 1045 3336 non
1063 3275 1316 3336 tantum
1329 3272 1654 3354 passiones
1671 3291 1808 3338 cor-

263 3385 435 3467 poris
485 3381 933 3467 experiebatur
977 3379 1193 3445 dolore
1245 3381 1636 3459 acutissimo,
1695 3381 1805 3446 sed

263 3492 615 3558 secundum
663 3488 974 3553 rationem
1027 3487 1508 3552 deliberativam
1556 3488 1806 3569 passio-

262 3600 454 3664 nibus
489 3596 771 3682 corporis
814 3593 1327 3676 superferebatur
1383 3593 1621 3675 gaudio
1665 3597 1805 3659 vir-

264 3711 469 3773 tuoso.

759 3838 1171 3921 QUAESTIO
1209 3837 1297 3903 11.

268 3996 358 4053 An
379 3997 574 4051 anima
599 3992 976 4064 Christtpassa
1000 3987 1471 4135 ΝΖη-ἰίιεεωηᾱυω
1487 3991 1807 4063 superiorem

506 4102 511 4107 ·
842 4082 1064 4154 portion
1198 4119 1213 4133 .
1288 4102 1301 4117 ·

343 4244 580 4335 Utrum
606 4240 823 4307 anima
864 4239 1094 4306 Christi
1122 4256 1309 4322 passa
1349 4237 1540 4302 fuerit
1568 4255 1802 4302 secun-

262 4355 424 4420 dum
438 4349 832 4434 superiorem
856 4367 963 4432 por
973 4348 1215 4413 tionem
1231 4346 1494 4411 rationis
1514 4356 1531 4424 3
1552 4349 1614 4410 et
1631 4346 1804 4429 quod

262 4460 369 4541 sic,
402 4458 677 4526 videtur.
698 4456 983 4522 Christus
1000 4454 1340 4538 assumpsit
1363 4458 1567 4519 totum
1587 4453 1804 4519 homi-

263 4587 440 4647 nem,
466 4569 542 4630 ut
565 4567 776 4653 totum
799 4566 1054 4629 curaret
1080 4585 1097 4627 ι
1134 4562 1243 4628 sed
1274 4565 1439 4627 totos
1469 4579 1587 4626 nos
1612 4579 1796 4626 cura·

232 4680 233 4683 ’
265 4676 379 4755 vit,
412 4677 475 4739 et
528 4676 845 4755 quantum
888 4669 969 4735 ad
1016 4668 1419 4753 superiorem
1446 4667 1805 4751 portionem

266 4779 552 4860 rationis,
586 4782 649 4844 et
694 4780 1012 4862 quantum
1049 4776 1130 4842 ad
1165 4775 1552 4855 inferiorem,
1581 4781 1646 4841 et
1684 4777 1807 4844 hoc

265 4889 528 4973 quidem
562 4904 692 4971 ⁷per
744 4883 1099 4967 passionem
1152 4901 1171 4947 ε
1226 4900 1385 4966 ergo
1441 4901 1665 4966 passus
1709 4887 1806 4950 est

268 4999 583 5081 quantum
605 4990 687 5057 ad
711 5008 970 5057 omnem
995 4992 1243 5073 partem
1260 4988 1544 5055 rationis,

346 5101 530 5183 Item,
556 5098 671 5165 ubi
696 5101 793 5163 est
817 5096 1025 5180 culpa,
1056 5096 1147 5162 ibi
1173 5096 1358 5162 debet
1383 5114 1520 5162 esse
1565 5115 1752 5179 poena
1785 5119 1801 5161 ε

330 5301 346 5334 ¹
371 5298 450 5362 Cf.
481 5300 534 5350 S.
564 5297 769 5358 Thom„
794 5308 849 5358 p.
880 5293 966 5352 111,
988 5307 1036 5356 q.
1074 5304 1214 5357 xtvt,
1244 5298 1339 5344 art.
1369 5296 1432 5356 ἰς
1476 5297 1526 5345 et
1557 5295 1619 5344 111
1645 5296 1803 5356 Sem„

274 5371 386 5424 dist.
406 5383 496 5433 κν,
522 5384 573 5435 q.
605 5380 662 5430 11,
685 5370 783 5417 art.
810 5371 864 5429 ⁴3
904 5367 958 5417 et
983 5365 1043 5413 de
1077 5366 1249 5425 Ver-it„
1280 5381 1333 5430 q.
1370 5378 1514 5429 xxvt,
1540 5373 1632 5418 art.
1670 5370 1731 5430 33
1752 5372 1806 5419 et

288 5444 423 5504 Quol.
466 5453 558 5511 vn,
607 5442 702 5490 art.
736 5440 794 5500 ¹3
823 5438 1031 5497 Scotus,
1064 5437 1126 5486 lli
1166 5437 1324 5496 Seni„
1355 5438 1472 5488 dist.
1501 5449 1586 5489 xvi
1608 5476 1624 5501 ‚
1666 5454 1716 5503 q.
1748 5451 1801 5503 ις

3316 465 3435 528 339

1899 596 2009 661 sed
2029 596 2217 681 culpa
2246 597 2402 663 Adae
2425 597 2548 663 fuit
2571 597 2640 661 in
2666 595 2984 679 superiori
3027 599 3203 679 parte
3247 596 3439 661 ratio·
3528 678 3537 689 ·

1897 703 1998 767 nis
2025 708 2285 787 propter
2309 705 2689 787 completam
2714 703 3116 769 aversionem
3152 725 3167 767 ε
3193 703 3254 767 εἰ
3280 721 3438 786 ergo

1897 809 2185 878 Christus
2236 830 2493 895 poenam
2537 811 2841 876 sustinuit
2883 828 3003 893 pro
3047 811 3234 894 culpa
3258 811 3436 889 Adae,

1898 937 2057 1002 ergo
2088 936 2345 1002 poenam
2372 918 2570 984 sensit
2594 919 2663 983 in
2686 917 2998 1002 superiori
3025 923 3204 1002 parte
3242 918 3440 984 ratio-

1900 1043 2026 1090 ms.

1981 1131 2140 1196 Item
2182 1132 2327 1214 plus
2363 1130 2664 1214 jungitur
2721 1132 2884 1196 ratio
2937 1132 3229 1214 superior
3278 1132 3440 1196 infe-

1901 1239 2054 1303 riori
2073 1285 2092 1315 ,
2132 1255 2329 1321 quam
2375 1240 2689 1319 jungatur
2719 1238 2977 1304 inferior
3002 1238 3390 1303 sensualitati
3421 1262 3437 1303 ι

1902 1344 2012 1410 sed
2047 1346 2210 1410 ratio
2242 1344 2504 1410 inferior
2540 1344 2806 1428 patitur,
2860 1344 3134 1428 patiente
3181 1362 3444 1409 sensua-

1901 1452 2075 1517 litate
2110 1474 2125 1517 :
2156 1469 2313 1535 ergo
2344 1452 2508 1518 ratio
2534 1452 2827 1535 superior
2865 1452 3107 1536 patitur
3125 1499 3142 1528 ‚
3170 1451 3444 1536 patiente

1903 1560 2217 1627 interiori.

1984 1668 2144 1733 ltem
2166 1716 2183 1745 ,
2233 1667 2398 1733 ratio
2445 1667 2736 1752 superior
2777 1666 3084 1733 unionem
3133 1669 3328 1733 habet
3365 1670 3444 1733 ad

1904 1776 2223 1855 deitatem,
2252 1779 2316 1841 et
2341 1776 2646 1841 unionem
2673 1775 2865 1840 habet
2882 1776 2962 1840 ad
2991 1794 3250 1841 carnem
3288 1799 3302 1841 :
3335 1778 3442 1840 sed

1905 1886 2165 1966 propter
2207 1884 2514 1948 unionem
2555 1883 2657 1947 sui
2702 1882 2778 1946 ad
2828 1881 3125 1947 deitatem
3149 1931 3168 1963 ,
3205 1884 3272 1947 in
3323 1903 3450 1967 qua

1906 1994 2000 2055 est
2029 1992 2545 2074 promptuarium
2574 1990 3032 2068 delectationis,
3060 2008 3311 2055 necesse
3358 1997 3451 2055 est

1907 2115 2051 2162 eam
2111 2097 2406 2162 delectari
2452 2118 2468 2161 :
2510 2114 2670 2178 ergo
2693 2144 2711 2176 ,
2760 2097 2896 2181 pari
2960 2097 3202 2162 ratione
3231 2146 3251 2178 ,
3300 2116 3447 2181 pro-

1908 2210 2048 2288 pter
2090 2206 2395 2271 unionem
2432 2205 2536 2271 sui
2560 2205 2639 2270 ad
2670 2223 2928 2271 carnem
2962 2206 3303 2288 patientem
3333 2224 3450 2269 ne-

1908 2331 2077 2379 cesse
2103 2314 2225 2378 fuit
2249 2331 2392 2379 eam
2419 2314 2572 2396 pati.

1989 2420 2110 2485 Sed
2148 2424 2369 2485 contra
2398 2439 2416 2486 t
2449 2425 2507 2483 1.
2553 2417 2793 2485 Paulus
2835 2420 2903 2483 in
2937 2424 3158 2504 raptu,
3191 2425 3447 2505 propter
3481 2428 3551 2473 Ad
3576 2440 3685 2486 ονε)-

1909 2527 2166 2612 plenam
2220 2526 2701 2592 conversionem
2750 2527 3019 2591 rationis
3067 2528 3149 2591 ad
3203 2527 3403 2593 Deum
3424 2577 3441 2606 ,

1910 2635 2265 2699 abstractus
2304 2632 2425 2697 ruit
2451 2633 2713 2698 omniuo
2751 2651 2790 2697 a
2817 2634 3217 2717 passionibus
3244 2640 3305 2701 et
3333 2637 3446 2700 de-

1910 2741 2356 2806 lectationibus
2385 2740 2595 2805 carnis
2612 2789 2630 2821 ,
2673 2740 2996 2825 sicutipse
3023 2742 3173 2806 dicit
3194 2744 3217 2777 ¹
3248 2761 3265 2803 ι
3297 2743 3452 2810 Nes-

1911 2850 2010 2915 cio
2042 2854 2259 2915 utrum
2288 2849 2366 2914 in
2392 2862 2669 2930 corpore,
2700 2864 2789 2914 an
2826 2854 3019 2916 extra
3044 2864 3272 2932 corpus
3290 2868 3315 2916 .-
3341 2851 3450 2916 sed

1912 2955 2204 3040 superior
2242 2954 2448 3038 portio
2485 2954 2745 3024 rationis
2778 2955 2848 3021 in
2899 2955 3142 3021 Christo
3187 2958 3450 3024 omnino

1911 3065 2032 3131 fuit
2075 3065 2158 3129 ad
2197 3065 2400 3129 Deum
2429 3080 2736 3129 conversa
2768 3085 2784 3128 :
2815 3081 2974 3144 ergo
2999 3063 3254 3129 videtur
3278 3064 3452 3149 quod

1910 3174 2077 3242 nihil
2101 3174 2182 3240 de
2206 3172 2549 3239 afflictione
2566 3173 2775 3238 carnis
2799 3172 3128 3238 sentiebat.

1992 3287 2053 3346 2.
2086 3281 2269 3361 Item,
2303 3281 2618 3346 contraria
2642 3297 2775 3345 non
2801 3282 3071 3365 possunt
3093 3279 3289 3345 simul
3314 3298 3454 3347 esse

1912 3391 1981 3453 in
2004 3388 2252 3468 eodem,
2282 3390 2346 3452 et
2367 3388 2725 3453 secundum
2752 3388 2920 3453 idem
2946 3388 3089 3452 :sed
3110 3388 3446 3471 gaudium,

1911 3501 1975 3563 et
2000 3496 2206 3576 dolor,
2235 3498 2386 3559 sunt
2415 3494 2778 3560 affectiones
2802 3494 3136 3588 contrariae
3163 3516 3180 3560 ε
3212 3512 3370 3578 ergo
3396 3497 3451 3560 si

1914 3604 2202 3672 Christus
2237 3602 2588 3667 secundum
2626 3601 2986 3685 portionem
3025 3601 3291 3667 rationis
3338 3620 3450 3668 su-

1910 3712 2228 3796 periorem
2270 3709 2570 3774 continue
2609 3709 2947 3791 gaudebat,
2997 3726 3155 3792 ergo
3200 3710 3453 3776 videtur

1912 3819 2085 3903 quod
2108 3817 2460 3883 secundum
2483 3816 2658 3881 illam
2680 3817 2962 3882 dolorem
2989 3835 3120 3882 non
3150 3819 3450 3901 experie-

1912 3928 2128 4006 batur,
2155 3943 2273 3989 nec
2297 3924 2626 3990 sentiebat.

1993 4039 2054 4100 3.
2085 4034 2245 4099 Item
2267 4082 2285 4114 ,
2318 4032 2526 4099 albius
2551 4032 2839 4117 estquod
2870 4036 2965 4097 est
2991 4031 3181 4114 nigro
3208 4031 3450 4115 imper-

1913 4145 2181 4209 mixtius
2198 4144 2223 4181 ⁸
2250 4162 2266 4207 ε
2297 4159 2455 4225 ergo
2479 4140 2594 4206 uhi
2628 4144 2724 4206 est
2746 4157 3076 4205 summum
3106 4138 3445 4221 gaudium,

1910 4251 2001 4316 ibi
2041 4250 2259 4316 nullus
2299 4252 2396 4314 est
2428 4248 2608 4313 dolor
2637 4270 2654 4312 ε
2687 4247 2895 4312 sedin
2929 4246 3243 4330 superiori
3275 4250 3452 4329 parte

1911 4358 2178 4424 rationis
2230 4356 2457 4420 Christi
2506 4372 2839 4421 summum
2897 4352 3212 4436 gaudium
3266 4356 3449 4432 erat,

1911 4466 2064 4550 quia
2108 4464 2557 4549 perfectissime
2597 4463 2801 4527 Deum
2827 4459 3396 4543 comprehendebat
3428 4481 3445 4524 ι

1912 4592 2070 4655 ergo
2094 4572 2350 4638 videtur
2375 4570 2549 4653 quod
2573 4569 2736 4634 nihil
2763 4568 2842 4634 de
2867 4566 3080 4633 dolore
3098 4566 3448 4632 secundum

1910 4680 2089 4746 illam
2115 4682 2361 4762 partem
2386 4676 2714 4742 sentiebat.
2780 4752 2791 4764 ‘

1990 4792 2053 4852 4.
2085 4786 2242 4852 Item
2265 4833 2284 4865 ,
2315 4785 2481 4850 sicut
2503 4784 2689 4866 culpa
2713 4781 3054 4865 opponitur
3083 4781 3333 4865 gratiae,
3362 4783 3450 4847 ita

1911 4893 2236 4960 beatitudo
2262 4893 2606 4976 opponitur
2635 4890 2911 4955 miseriae
2939 4911 2955 4954 ε
2987 4890 3096 4955 sed
3113 4890 3300 4974 culpa
3317 4908 3449 4956 non

1910 5005 2118 5087 potest
2163 5004 2330 5064 stare
2369 5000 2440 5064 in
2479 4998 2699 5065 eodem
2722 5045 2740 5078 ,
2770 4999 2834 5061 et
2859 4997 3211 5062 secundum
3251 4997 3448 5080 idem,

1912 5110 2106 5174 simul
2159 5126 2307 5172 cum
2350 5106 2560 5187 gratia
2602 5126 2617 5169 :
2664 5121 2824 5187 ergo
2865 5122 2986 5169 nec
3026 5104 3350 5169 beatitudo
3391 5108 3455 5170 et

1913 5284 2169 5345 Richard„
2193 5281 2427 5343 instent„
2446 5278 2562 5329 dist.
2583 5290 2667 5341 xv,
2680 5282 2778 5335 art.
2799 5279 2849 5343 4,
2871 5292 2920 5343 q.
2949 5291 2966 5330 1
2979 5293 2995 5341 ;
3030 5279 3205 5343 Steph.
3244 5281 3453 5343 Bruler„

1914 5365 1975 5414 ltl
1994 5363 2151 5422 sent„
2173 5359 2288 5409 dist.
2309 5367 2438 5420 xva,
2462 5369 2512 5419 q.
2534 5368 2587 5404 v.
2612 5379 2673 5390 -
2690 5354 2715 5389 ἱ
2738 5353 2774 5402 ΙΙ
2808 5353 2950 5415 Cor„
2979 5365 3074 5414 xri,
3104 5355 3260 5403 2.-⁸
3280 5355 3453 5419 Arist„

1916 5437 2047 5503 Top„
2072 5433 2159 5484 tib.
2190 5431 2274 5488 lli,
2301 5443 2348 5479 c.
2371 5440 2444 5493 ιν,
2469 5426 2569 5477 loc.
2599 5430 2642 5478 4.
2668 5451 2719 5461 -
2746 5425 2809 5489 (0.)
2832 5426 2918 5475 Al.
2944 5425 3209 5484 voluntati.
