4185 6288
748 439 871 502 510

746 572 1062 638 formetur
1084 587 1200 654 per
1221 569 1426 654 ipsius
1450 573 1683 653 gratiae
1706 572 2098 653 adventum3
2134 572 2297 638 dici-

1905 435 2531 505 SENTEN'HARUM
2573 437 2724 505 LIB.
2768 438 2877 506 111.

2408 578 2598 639 vente
2643 579 2860 641 ortum
2903 593 3038 642 uon
3077 578 3439 661 sumpserit.
3492 577 3574 644 Et
3610 598 3732 663 pro
3779 581 3952 647 tanto

746 683 857 745 tur
915 678 1086 743 enim
1141 676 1405 743 formari
1422 725 1440 755 ‚
1496 679 1660 744 sicut
1710 681 1883 746 color
1925 682 2299 746 tenebrosus
2408 684 2684 749 dicimus
2708 703 2901 768 opera
2939 685 3104 749 facta
3129 685 3196 748 in
3233 686 3538 751 charitate
3566 705 3754 769 posse
3780 688 3953 752 revi-

746 787 1063 853 formatur
1091 784 1172 850 ad
1207 784 1472 850 luminis
1496 786 1885 868 ingressum.
1917 787 1995 852 Et
2019 789 2185 852 sicut
2211 806 2292 853 ex

747 894 980 971 colore,
1011 899 1076 958 et
1101 894 1349 958 lumine
1376 894 1778 977 superinfuso
1814 913 1946 959 non
1980 898 2055 959 fit
2079 914 2293 960 unum

747 1019 861 1085 per
887 1000 1225 1065 essentiam
1241 1048 1260 1080 ,
1289 999 1402 1065 sed
1424 1017 1636 1064 unum
1672 1018 1787 1084 per
1825 1002 2292 1067 ordinationem

745 1107 1136 1192 quamdam3
1183 1108 1275 1171 sic
1318 1125 1436 1171 nec
1478 1125 1560 1171 ex
1613 1107 1823 1190 gratia
1876 1113 2138 1190 gratum
2198 1108 2289 1172 fa-

747 1215 952 1280 ciente
969 1263 988 1292 ‚
1057 1219 1123 1279 et
1183 1213 1445 1278 informi
1495 1214 1621 1279 ssde
1644 1262 1661 1291 ‚
1728 1215 2107 1298 intelligitur
2150 1215 2292 1280 fleri

746 1339 956 1386 unum
979 1369 997 1399 ‚
1026 1319 1149 1384 nisi
1189 1337 1304 1403 per
1330 1321 1675 1402 quamdam
1711 1321 2180 1387 ordinationem
2228 1327 2293 1388 et

746 1428 1121 1493 relationem
1139 1476 1158 1505 ,
1187 1427 1341 1511 quia
1371 1428 1527 1491 tides
1565 1427 1857 1492 informis
1900 1446 2018 1511 per
2044 1428 2290 1494 adven-

604 1525 607 1528 ’
745 1538 886 1597 tum
929 1534 1157 1616 gratiae
1201 1534 1426 1616 incipit
1457 1535 1767 1617 complete
1798 1534 1879 1617 (a)
1912 1535 2193 1600 ordinari
2220 1537 2290 1599 in

745 1641 942 1705 flnem
960 1689 979 1721 ,
1012 1646 1076 1705 et
1115 1643 1186 1705 in
1218 1640 1422 1705 Deum
1449 1640 1739 1720 tendere,
1778 1646 1841 1705 et
1876 1642 2082 1707 eidem
2112 1660 2291 1707 com-

745 1746 1014 1829 placere.
1044 1745 1468 1813 Concedendae
1503 1751 1653 1811 sunt
1687 1765 1845 1828 ergo
1871 1748 2152 1812 rationes
2178 1767 2285 1813 os-

746 1854 1073 1920 tendentes
1121 1855 1316 1919 fldem
1368 1854 1708 1919 informem
1763 1854 1905 1918 fleri
1947 1855 2287 1921 formatam

744 1978 859 2044 per
887 1961 1235 2026 adventum
1262 1960 1511 2042 gratiae.

824 2074 887 2133 1.
917 2068 1013 2133 Ad
1039 2068 1195 2133 illud
1234 2084 1391 2132 vero
1433 2066 1609 2150 quod
1644 2067 1854 2149 primo
1883 2066 2185 2150 oincitur
2221 2070 2290 2132 in

744 2175 1138 2241 contrarium
1184 2192 1204 2239 ε
1256 2198 1288 2235 α
1328 2171 1592 2238 Nullum
1637 2178 1967 2256 peccatum
2016 2175 2288 2239 efficitur

741 2282 1113 2361 formatum,
1143 2298 1326 2362 ergo,
1352 2300 1384 2340 ιο
1415 2285 1562 2360 etc„
1593 2279 1931 2345 dicendum
1957 2281 2131 2365 quod
2157 2299 2289 2346 non

742 2392 840 2454 est
877 2389 1108 2454 simile.
1142 2387 1415 2453 Facilius
1453 2387 1629 2451 enim
1667 2390 1763 2451 est
1802 2387 2042 2471 aliquid
2072 2389 2289 2454 defor-

744 2496 906 2560 mari
927 2544 945 2574 ,
974 2514 1170 2578 quam
1197 2495 1557 2574 informari,
1586 2494 1741 2578 quia
1776 2496 1963 2577 plura
2002 2498 2284 2578 exigun-

740 2604 851 2667 tur
874 2602 954 2667 ad
982 2602 1260 2682 bonum,
1299 2620 1498 2685 quam
1538 2601 1619 2666 ad
1663 2601 1930 2667 malum.
1977 2603 2123 2668 Ideo
2154 2622 2288 2669 non

740 2708 1054 2791 sequitur,
1084 2708 1259 2792 quod
1288 2709 1342 2773 si
1366 2708 1623 2773 habitus
1649 2707 2006 2774 substratus
2031 2710 2288 2774 virtutis

739 2818 937 2901 possit
979 2816 1328 2901 obliquari,
1357 2816 1531 2899 quod
1570 2819 1902 2899 peccatum
1941 2822 2006 2881 et
2045 2818 2286 2883 vitium

737 2925 935 3008 possit
956 2924 1310 2989 rectificari.
1339 2922 1420 2989 Et
1441 2941 1526 2989 ex
1551 2924 1774 2988 eadem
1805 2941 1998 2987 causa
2022 2942 2153 2988 non
2179 2943 2287 2988 se-

737 3032 960 3115 quitur
976 3080 997 3112 ‚
1044 3031 1218 3115 quod
1266 3032 1320 3095 si
1362 3036 1694 3115 peccatum
1733 3048 1866 3095 non
1908 3030 2106 3113 possit
2143 3031 2287 3096 fleri

737 3140 1084 3206 formatum
1103 3188 1121 3219 ‚
1149 3139 1321 3224 quod
1351 3139 1560 3204 virtus
1585 3158 1717 3205 non
1758 3138 1952 3222 possit
1988 3140 2132 3206 fleri
2175 3141 2284 3205 in·-

735 3247 983 3312 formis.
1013 3247 1214 3313 Aliter
1241 3247 1436 3312 etiam
1464 3251 1671 3330 potest
1695 3248 1839 3328 dici,
1869 3248 2042 3330 quod
2068 3266 2286 3330 pecca-

736 3358 881 3419 tum
921 3355 1254 3438 dupliciter
1289 3359 1492 3438 potest
1537 3355 1766 3438 accipi,
1794 3354 2094 3435 {videlicet
2137 3355 2286 3419 abs-

737 3466 955 3540 tracte,
998 3467 1065 3527 et
1103 3466 1417 3527 concrete.
1448 3460 1517 3527 Si
1555 3462 1863 3526 abstracte
1907 3462 2276 3545 accipiatur,

735 3568 1125 3652 impossibile
1168 3574 1265 3635 est
1305 3572 1633 3652 peccatum
1676 3586 1858 3650 posse
1905 3569 2278 3650 informari,

735 3695 885 3741 cum
925 3678 1009 3741 sit
1044 3677 1288 3742 malitia
1330 3694 1517 3759 pura.
1556 3674 1624 3740 Si
1669 3679 1887 3740 autem
1932 3678 2282 3762 accipiatur

733 3787 1047 3863 concrete,
1076 3787 1151 3855 ut
1174 3783 1424 3848 dicatur
1452 3786 1780 3866 peccatum
1812 3784 2026 3868 aliqua
2050 3786 2283 3852 habili-

733 3896 832 3958 tas
867 3892 1103 3956 animae
1116 3938 1134 3969 ‚
1163 3892 1233 3956 in
1273 3910 1406 3974 qua
1443 3895 1542 3956 est
1578 3891 1950 3959 deformatio
1989 3896 2277 3978 malitiae,

733 4002 955 4083 utpote
994 4016 1146 4063 cum
1187 3997 1421 4081 aliquis
1455 3999 1726 4063 abstinet
1759 4005 2017 4084 propter
2042 4021 2278 4068 vanam

736 4108 1041 4190 gloriam,
1069 4107 1207 4189 ipsa
1232 4106 1613 4172 abstinentia
1637 4108 1912 4174 efficitur
1948 4110 2008 4174 ei
2038 4110 2276 4194 culpa-2

733 4215 858 4281 hoc
902 4215 1092 4280 modo
1107 4261 1125 4292 ,
1172 4214 1420 4280 ratione
1460 4214 1607 4278 talis
1648 4215 1907 4281 babitus
1949 4217 2278 4300 substrati,

734 4322 848 4404 qui
890 4322 1282 4386 deformatur
1321 4339 1362 4384 a
1395 4321 1610 4404 culpa,
1639 4327 1846 4403 potest
1883 4323 2215 4388 informari
2241 4344 2282 4389 a

735 4429 949 4511 gratia
979 4451 996 4494 :
1024 4419 1100 4495 et'
1113 4447 1229 4513 per
1253 4428 1431 4493 hunc
1468 4429 1734 4494 modum
1766 4429 2042 4495 dicimus
2068 4433 2279 4498 virtu-

732 4540 867 4601 tem
914 4536 1252 4606 formatam
1288 4536 1455 4600 effici
1492 4535 1855 4620 informem,
1896 4538 2144 4603 ratione
2186 4539 2282 4604 vi-

733 4641 956 4708 delicet
998 4643 1256 4708 habitus
1295 4642 1598 4708 substrati
1616 4691 1636 4723 ,
1678 4645 1985 4725 quoniam
2025 4645 2280 4710 indiffe-

734 4767 885 4815 rens
911 4749 1115 4815 estad
1149 4753 1388 4814 statum
1413 4749 1620 4832 culpae
1650 4753 1713 4814 et
1742 4751 1995 4833 gratiae.

813 4862 874 4923 2.
926 4858 1027 4923 Ad
1083 4857 1243 4921 illud
1287 4855 1461 4938 quod
1501 4856 1839 4939 objicitur,
1881 4859 2053 4942 quod
2117 4879 2280 4945 opus

731 4969 1066 5031 mortuum
1092 4982 1226 5030 non
1255 4967 1459 5045 potest
1483 4965 1625 5028 fleri
1647 4965 1901 5045 vivum,
1934 4967 2277 5033 dicendum

732 5075 907 5157 quod
930 5092 1065 5141 non
1089 5077 1186 5139 est
1208 5070 1437 5137 simile.
1470 5071 1642 5155 Opus
1664 5075 1838 5138 enim
1863 5077 2117 5156 transit,
2158 5095 2278 5142 nec

734 5187 949 5246 manet
990 5181 1061 5246 in
1110 5198 1229 5246 sua
1263 5179 1472 5244 radice
1507 5201 1522 5242 z
1562 5180 1705 5246 ideo
1741 5182 2131 5267 impossibile
2177 5187 2274 5249 est

733 5287 991 5371 aliquod
1030 5305 1194 5370 opus
1235 5285 1570 5367 vivificari,
1623 5290 1798 5371 quod
1836 5309 1879 5355 a
1918 5291 2131 5357 radice
2173 5293 2275 5359 vi-

798 5413 869 5478 (a)
883 5412 1013 5466 flul.
1041 5411 1163 5462 edit.
1189 5410 1463 5474 completa.

2405 793 2649 859 viscere
2661 815 2682 875 ;
2726 813 2872 878 quae
2902 798 3119 859 autem
3165 798 3349 859 extra
3386 795 3764 862 charitatem
3798 797 3954 861 facta

2406 905 2587 980 sunt,
2618 902 2931 966 vivificari
2982 919 3112 967 non
3144 921 3346 985 posse.
3379 902 3596 968 Gratia
3631 903 3809 967 enim
3849 902 3953 968 illa

2407 1027 2541 1075 non
2570 1012 2781 1093 posset
2805 1009 3147 1091 attingere,
3178 1027 3331 1074 cum
3357 1009 3728 1093 simpliciter
3752 1027 3953 1074 cesse-

2405 1118 2538 1183 rint
2583 1119 2653 1183 in
2694 1118 3090 1203 praeteritum
3131 1137 3307 1183 :non
3354 1119 3444 1183 sic
3483 1122 3703 1184 autem
3741 1123 3839 1184 est
3877 1119 3950 1183 de

2403 1223 2728 1290 habitibus
2757 1225 3075 1291 virtutum
3100 1224 3474 1289 informium
3494 1273 3511 1303 ‚
3544 1225 3658 1308 qui
3692 1229 3952 1290 manent

2405 1332 2474 1396 in
2517 1334 2736 1397 anima
2769 1337 2908 1415 post
2953 1332 3155 1415 ipsius
3194 1333 3423 1414 gratiae
3464 1331 3843 1411 adventum,
3891 1337 3950 1396 et

2404 1461 2519 1526 per
2546 1444 2749 1527 ipsam
2774 1442 3049 1525 gratiam
3082 1447 3349 1526 possunt
3374 1444 3730 1523 venustari,
3759 1446 3824 1508 et
3849 1441 3951 1508 de-

2402 1551 2630 1629 corari,
2660 1553 2723 1614 et
2748 1550 2816 1613 in
2843 1549 3041 1614 finem
3069 1550 3373 1616 ordinari.

2486 1662 2545 1721 3.
2586 1656 2681 1721 Ad
2719 1656 2878 1721 illud
2917 1656 3092 1740 quod
3133 1657 3467 1741 objicitur,
3497 1656 3671 1739 quod
3697 1657 3949 1721 nullum

2403 1765 2691 1830 accidens
2717 1768 2923 1848 potest
2947 1764 3224 1845 alterari,
3253 1765 3597 1831 dicendum
3624 1766 3799 1848 quod
3831 1765 3950 1830 hoc

2401 1889 2634 1936 verum
2695 1874 2813 1935 est·
2856 1871 3211 1937 secundum
3268 1872 3593 1956 propriam
3645 1871 3949 1936 mutatio-

2402 1997 2583 2058 nem3
2630 1979 2737 2043 sed
2775 1978 2938 2044 nihil
2979 1978 3275 2063 prohibet
3317 1979 3678 2062 intelligere
3718 1980 3949 2044 altera·

2401 2084 2642 2149 tionem
2668 2085 2808 2150 fieri
2835 2086 2904 2151 in
2930 2086 3248 2153 accidente
3279 2087 3527 2152 ratione
3561 2086 3949 2151 alterationis

2401 2193 2582 2257 factae
2634 2192 2706 2257 in
2756 2194 3041 2276 subjecto
3060 2244 3080 2274 ‚
3128 2195 3291 2260 sicut
3340 2194 3565 2259 albedo
3622 2194 3817 2259 modo
3860 2199 3950 2258 ωε

2370 2353 2374 2357 .
2403 2301 2602 2381 clara,
2634 2302 2825 2366 modo
2869 2303 3249 2367 obscuratur
3276 2301 3525 2368 ratione
3562 2302 3949 2367 alterationis

2404 2406 2587 2472 factae
2617 2407 2687 2470 in
2714 2409 3000 2492 subjecto
3027 2409 3286 2493 proprio
3311 2430 3328 2472 :
3355 2412 3419 2473 et
3442 2409 3617 2473 color
3644 2409 3836 2473 modo
3862 2413 3950 2473 cst

2405 2516 2779 2580 tenebrosus
2804 2565 2823 2595 ,
2894 2517 3084 2581 modo
3135 2521 3232 2580 est
3280 2516 3650 2581 luminosus
3706 2516 3947 2580 ratione

2399 2623 2945 2687 transmutationis
2969 2623 3151 2687 factae
3181 2623 3251 2687 in
3280 2623 3615 2706 perspicuo
3643 2623 3765 2687 sibi
3792 2641 3945 2688 con-

2390 2730 2621 2811 juncto
2664 2752 2678 2792 ε
2711 2730 2802 2794 sic
2832 2731 2991 2795 fides
3029 2731 3219 2796 modo
3263 2735 3356 2795 est
3393 2729 3691 2795 informis
3711 2779 3732 2810 ‚
3761 2730 3946 2795 modo

2401 2837 2694 2914 formata,
2723 2838 2971 2903 ratione
2996 2838 3383 2904 alterationis
3402 2837 3587 2903 factae
3613 2839 3684 2901 in
3709 2839 3942 2916 anima,

2399 2962 2550 3027 quae
2604 2946 2794 3009 modo
2832 2945 3027 3010 habet
3068 2946 3340 3027 gratiam
3354 2992 3372 3024 ‚
3420 2945 3615 3009 modo
3661 2946 3948 3028 privatur

2397 3052 2536 3135 ipsa
2562 3068 2675 3133 per
2702 3052 2982 3134 culpam.

2476 3165 2536 3225 4.
2581 3159 2681 3224 Ad
2717 3159 2874 3224 illud
2901 3159 3075 3243 quod
3116 3160 3448 3242 objicitur,
3478 3161 3657 3244 quod
3700 3179 3785 3226 ex
3819 3161 3940 3239 his,

2395 3283 2545 3348 quae
2616 3269 2768 3330 suut
2831 3266 3233 3332 diversorum
3278 3284 3598 3349 generum
3622 3316 3641 3345 ,
3690 3286 3825 3332 non
3877 3269 3946 3331 flt

2398 3391 2607 3437 unum
2635 3392 2751 3456 per
2780 3373 3121 3437 essentiam
3139 3422 3155 3450 ‚
3180 3376 3317 3457 jam
3363 3377 3536 3458 patet
3572 3376 3941 3458 responsio;

2395 3482 2726 3562 quoniam,
2775 3482 2939 3545 sicut
2980 3482 3359 3564 praedictum
3400 3483 3543 3563 fuit,
3580 3483 3945 3548 informatio

2395 3586 2652 3652 habitus
2699 3588 2990 3653 informis
3040 3590 3299 3654 virtutis
3343 3609 3384 3654 a
3426 3591 3639 3671 gratia
3680 3608 3816 3654 non
3857 3594 3945 3654 est

2392 3712 2507 3777 per
2532 3694 2930 3759 essentialem
2960 3695 3296 3776 unionem,
3325 3696 3435 3761 sed
3463 3697 3675 3778 magis
3717 3715 3946 3761 seeun-

2392 3801 2552 3864 dum
2580 3802 2925 3883 quamdam
2948 3803 3413 3868 ordinationem
3435 3809 3500 3868 et
3526 3802 3940 3868 directionem

2391 3907 2462 3971 in
2493 3909 2711 3972 finem.
2743 3906 2906 3973 Nam
2946 3911 3200 3993 proprie
3237 3911 3559 3994 loquendo
3593 3911 3942 3976 accidentia

2394 4034 2524 4080 non
2550 4015 2791 4082 habent
2818 4018 3154 4082 materiam
3182 4023 3246 4083 et
3269 4020 3567 4084 formam.
3612 4017 3741 4083 Sed
3776 4016 3941 4101 quod

2391 4122 2621 4187 dicitur
2656 4122 2912 4189 habitus
2950 4125 3243 4189 informis
3273 4143 3410 4191 esse
3455 4125 3727 4190 materia
3763 4123 3937 4200 fidei,

2393 4234 2456 4293 et
2498 4229 2658 4295 illud
2709 4232 2880 4313 quod
2945 4232 3468 4316 superinducitur
3510 4250 3647 4297 aese
3703 4233 3936 4307 forma,

2391 4337 2514 4402 hoc
2551 4342 2645 4402 est
2689 4339 3044 4404 secundum
3104 4339 3453 4423 quamdam
3516 4337 3936 4421 comparatio-

2391 4463 2575 4523 nem,
2607 4445 2773 4510 sicut
2814 4446 2992 4528 prius
3032 4445 3273 4511 dictum
3317 4449 3415 4511 est
3448 4447 3527 4512 de
3566 4446 3851 4525 lumine,
3880 4447 3938 4508 et

2391 4552 2623 4617 colore.
2650 4550 2829 4616 Unde
2855 4553 3018 4617 sicut
3042 4553 3300 4636 quando
3326 4553 3467 4618 dico
3488 4552 3757 4621 colorem
3784 4551 3936 4618 iuu-

2391 4659 2749 4739 minatum,
2810 4659 2954 4725 dico
3010 4659 3179 4740 duo,
3229 4664 3449 4726 tamen
3500 4678 3617 4743 per
3668 4659 3936 4724 modum

2390 4764 2587 4830 unius
2608 4813 2627 4846 ,
2697 4770 2954 4849 propter
3017 4766 3141 4830 hoc
3170 4766 3364 4850 ‚quod
3422 4766 3812 4831 ordinantur
3858 4763 3934 4828 ad

2389 4891 2598 4937 unum
2642 4877 2856 4937 actum
2876 4921 2893 4950 ‚
2935 4872 3229 4938 videlicet
3266 4873 3346 4938 ad
3388 4871 3790 4939 movendum
3832 4872 3933 4936 vi-

2390 4998 2577 5059 sum;
2608 4981 2697 5045 sic
2722 4980 2981 5064 quando
3007 4980 3146 5045 dico
3172 4980 3365 5045 fidem
3389 4981 3733 5045 formatam
3756 5027 3777 5060 ,
3808 4979 3933 5043 duo

2389 5087 2552 5168 dico,
2582 5088 2874 5154 videlicet
2898 5087 3114 5167 fldem,
3143 5091 3207 5151 et
3233 5087 3541 5169 gratiam,
3570 5091 3799 5151 tamen
3824 5101 3931 5168 per

2390 5194 2657 5259 modum
2683 5194 2899 5275 unius,
2929 5197 3185 5277 propter
3206 5194 3329 5259 boc
3351 5194 3528 5276 quod
3556 5194 3930 5259 ordinantur

2388 5302 2469 5366 ad
2508 5319 2718 5367 unum
2753 5320 2916 5385 opus
2951 5301 3389 5380 meritorium,
3418 5300 3657 5367 scilicet
3684 5301 3765 5365 ad
3794 5317 3930 5364 cre-

2387 5405 2668 5472 dendum
2695 5407 2765 5472 in
2791 5407 3016 5473 Deum.
