4185 6288
613 540 691 604 30
1708 478 2518 584 suurssmmauu'mss.
2566 513 2673 578 111.

609 665 804 750 poris,
832 678 994 746 opus
1023 653 1396 723 conditionis
1432 648 1622 714 habet
1639 663 1774 710 esse
1799 643 1871 707 in
1906 640 2149 725 princi-

594 773 719 856 ⁴pio
751 793 768 837 ε
808 788 966 852 ergo
1002 767 1258 833 videtur
1299 758 1470 845 quod
1506 773 1670 839 opus
1694 748 2152 817 incarnationis

612 877 824 959 magis
872 873 1166 940 debuerit
1205 867 1424 953 perfici
1464 866 1542 955 in
1602 855 2152 943 approximatione

592 985 692 1049 ad
721 986 919 1047 finem
951 984 1339 1062 temporum,
1369 989 1564 1055 quam
1596 969 1668 1032 in
1697 965 1903 1029 initio.

696 1092 853 1156 Item
906 1086 1297 1152 beneficium
1347 1072 1800 1144 incarnationis
1852 1068 2013 1134 nulli
2060 1069 2158 1130 est

617 1201 791 1278 utile,
815 1197 941 1263 nisi
994 1196 1052 1261 ei
1079 1194 1193 1277 qui
1218 1190 1375 1256 illud
1399 1181 1793 1267 recognoscit
1818 1183 1881 1243 et
1907 1195 2023 1260 pro
2045 1173 2156 1237 illo

616 1310 711 1371 est
734 1311 958 1387 gratus
987 1323 1006 1368 z
1037 1302 1146 1366 sed
1180 1297 1397 1366 dilatio
1416 1290 1707 1359 beneficii
1733 1286 1881 1353 facit
1906 1284 1986 1348 ad
2014 1283 2158 1364 ejus

617 1414 1051 1495 cognitionem
1096 1411 1160 1473 et
1196 1401 1692 1487 acceptationem
1732 1414 1748 1459 ε
1793 1409 1952 1473 ergo
1984 1389 2160 1454 vide-

616 1529 726 1584 tur
769 1518 941 1602 quod
986 1515 1095 1581 Dei
1123 1513 1325 1577 Filius
1368 1527 1500 1574 non
1547 1501 1836 1570 debuerit
1863 1498 2078 1564 statim
2120 1514 2160 1560 a

620 1623 967 1710 primordio
987 1625 1350 1704 temporum
1375 1611 1717 1690 incarnari,
1740 1608 1850 1673 sed
1877 1622 1992 1690 per
2015 1605 2158 1669 lon·

621 1756 707 1817 ga
739 1738 1060 1814 tempora,
1114 1729 1183 1792 in
1227 1725 1464 1810 quibus
1490 1722 1702 1805 posset
1739 1711 2060 1798 expectari
2099 1714 2163 1775 et

621 1838 987 1907 desiderari.

1165 2073 1617 2145 CONCLUSIO.

623 2267 876 2327 Pluribus
892 2262 1199 2321 rationibus
1224 2260 1338 2329 sicit
1365 2267 1647 2312 consonum
1680 2253 1745 2305 ut
1770 2247 1909 2304 Filii
1950 2246 2052 2301 Dei
2078 2246 2168 2299 in-

695 2358 943 2416 carnatio
970 2356 1031 2408 in
1056 2354 1160 2423 fine
1180 2354 1475 2421 temporum
1496 2345 1646 2414 fieret
1658 2340 1844 2412 potius
1858 2376 1874 2405 ‚
1918 2350 2080 2406 quam
2105 2334 2168 2388 in

690 2451 990 2525 principio.

710 2605 1020 2690 Respond.
1044 2604 1123 2667 ad
1151 2617 1409 2682 argum.
1438 2592 1788 2659 Dicendum
1813 2586 1983 2672 quod
2006 2586 2173 2649 sicut

624 2717 901 2780 rationes
938 2709 1310 2785 ostendunt,
1355 2708 1418 2769 et
1456 2704 1595 2784 ipsa
1631 2697 1853 2764 divina
1891 2692 2172 2775 operatio

626 2821 1034 2904 comprobat,
1088 2815 1298 2896 magis
1348 2825 1714 2892 congruum
1764 2802 1886 2867 fuit
1937 2798 2171 2863 Filium

591 2940 595 2944 ’
633 2930 733 2994 Dei
760 2925 1077 2992 incarnari
1100 2922 1284 3006 quasi
1308 2921 1375 2983 in
1398 2920 1526 2982 fine
1547 2913 1953 2987 saeculorum,
1975 2923 2171 2990 quam

628 3038 697 3100 in
720 3033 1056 3119 principio.
1078 3028 1292 3094 Potest
1312 3030 1529 3091 autem
1551 3023 1665 3104 huj
1674 3038 1750 3085 us
1772 3012 2175 3100 quadruplex

630 3144 790 3208 ratio
816 3138 1130 3223 assignari
1146 3188 1164 3218 ‚
1202 3153 1401 3221 quare
1429 3130 1673 3196 tamdiu
1701 3122 2021 3191 incarnari
2046 3121 2174 3186 dis-

634 3248 871 3314 tulerit.
897 3245 1117 3310 Prima
1140 3248 1233 3308 est
1256 3243 1515 3326 propter
1537 3238 1866 3319 peccatum
1893 3227 2179 3295 hominis

634 3573 697 3637 et
725 3572 936 3635 luctus
961 3565 1301 3631 hominum
1326 3564 1504 3625 tanto
1530 3564 1815 3646 tempore
1841 3549 2176 3626 sustinuit,

635 3681 977 3760 antequam
1013 3672 1201 3738 vellet
1240 3666 1616 3734 descendere
1647 3682 1663 3727 ε
1693 3666 1761 3727 et
1799 3662 1938 3744 ipse
1972 3658 2180 3724 Adam

636 3803 785 3851 cum
818 3780 1178 3867 posteritate
1205 3796 1323 3842 sua
1357 3777 1533 3839 tauto
1558 3776 1845 3855 tempore
1881 3770 2180 3850 expecta-

638 3893 733 3957 vit
778 3894 848 3957 in
897 3889 1115 3973 lymbo
1163 3885 1432 3950 exulans
1476 3900 1515 3945 a
1557 3877 1851 3963 paradiso
1893 3899 1908 3941 z
1947 3879 2011 3940 et
2059 3874 2184 3938 hoc

638 4003 895 4084 propter
950 3991 1525 4059 manifestationem
1579 3985 1818 4052 divinae
1871 3980 2142 4065 justitiae
2163 4027 2181 4058 ,

638 4124 786 4192 quae
827 4104 990 4169 nibil
1031 4100 1313 4166 inultum
1356 4093 1639 4160 dimittit.
1682 4089 1976 4157 Secunda
2018 4087 2185 4151 ratio

592 4222 598 4228 ’
638 4216 760 4280 fuit
812 4213 1069 4297 propter
1115 4207 1416 4272 morbum
1464 4200 1704 4286 ‘melius
1754 4196 2115 4262 curandum
2163 4212 2181 4257 :

642 4322 905 4386 morbus
931 4317 1106 4383 enim
1129 4311 1472 4399 spiritualis
1494 4327 1626 4374 non
1655 4309 1916 4372 curatur
1942 4304 2149 4369 debite
2164 4350 2183 4381 ‚

641 4427 766 4494 nisi
805 4427 1101 4489 infirmus
1139 4420 1318 4505 prius
1361 4435 1515 4482 eum
1550 4416 1922 4495 cognoscat,
1961 4415 2025 4475 et
2069 4427 2188 4492 pro

643 4535 967 4601 curatione
1022 4533 1162 4614 ejus
1220 4530 1446 4609 gratus
1499 4521 1748 4587 existat.
1808 4518 1959 4583 Plus
2014 4515 2190 4581 enim

643 4643 841 4706 homo
869 4640 1142 4721 aegrotat
1170 4653 1284 4716 per
1309 4627 1835 4712 ingratitudinem
1865 4643 1981 4707 pro
2008 4642 2192 4688 cura·

646 4748 822 4813 tione
836 4795 853 4826 ,
894 4762 1091 4828 quam
1132 4760 1247 4826 per
1287 4740 1493 4821 eulpae
1532 4733 2043 4800 commissionem
2076 4755 2091 4796 ε
2128 4735 2193 4796 et

645 4854 790 4918 ideo
836 4850 1056 4916 debuit
1100 4847 1266 4912 Deus
1307 4840 1692 4908 beneficium
1739 4837 2191 4904 incarnationis

647 4958 900 5025 differre
918 5006 936 5036 ‚
984 4960 1059 5020 ut
1098 4953 1293 5017 homo
1333 4948 1819 5014 convinceretur
1860 4945 1939 5011 de
1984 4945 2189 5029 impo-

646 5066 847 5132 tentia
889 5068 953 5128 et
994 5060 1362 5144 ignorantia
1378 5106 1395 5138 ‚
1438 5060 1785 5137 antequam
1830 5059 2188 5132 curaretur,

650 5177 715 5238 et
749 5173 819 5235 in
856 5170 997 5251 lege
1029 5167 1265 5246 indita,
1300 5169 1362 5230 et
1397 5165 1469 5228 in
1508 5163 1654 5243 lege
1692 5159 1958 5242 scripta;
1996 5164 2068 5224 ut
2104 5161 2195 5224 sic

651 5278 983 5345 convictus
1020 5273 1391 5354 confugeret
1429 5270 1511 5335 ad
1552 5268 1839 5335 divinam
1877 5266 2156 5348 gratiam
2171 5315 2189 5346 ,

610 5369 611 5372 ¹
652 5391 716 5453 et
766 5382 1143 5465 confugiens
1192 5384 1524 5446 curaretur
1578 5374 1936 5442 efficaciter.
1981 5372 2194 5438 Tertia

718 5514 737 5549 ¹
763 5509 998 5575 Gat.‚1v,
1023 5511 1069 5559 4.

2258 640 2423 704 ratio
2456 644 2553 704 est
2595 642 2852 721 propter
2881 635 3172 701 ordinem
3213 635 3501 699 universi
3534 651 3802 698 servan-

2258 747 2416 813 dum
2446 770 2461 811 ε
2493 748 2644 829 quia
2670 745 2842 809 enim
2878 744 3002 809 hoc
3032 746 3169 808 erat
3201 741 3466 825 plenum
3492 747 3556 804 et
3591 739 3804 802 maxi-

2260 872 2446 919 mum
2487 853 2865 917 beneficium
2884 899 2902 929 ‚
2941 850 3179 915 differri
3219 849 3440 913 debuit
3477 866 3682 929 usque
3721 847 3804 911 ad

2263 961 2723 1044 plenitudinem
2768 960 3040 1024 dierum.
3076 957 3151 1020 Et
3195 960 3453 1038 propter
3486 955 3610 1019 hoc
3653 954 3805 1017 dicit

2263 1070 2602 1152 Apostolus
2635 1069 2716 1133 ad
2744 1067 3028 1132 Galatas¹
3062 1089 3077 1129 ε
3109 1066 3196 1131 At
3239 1063 3352 1129 ubi
3386 1066 3566 1143 venit
3599 1063 3806 1145 pleni-

2266 1179 2421 1247 tudo
2478 1179 2779 1261 temporis
2797 1226 2818 1257 ‚
2872 1178 3054 1244 misit
3116 1177 3283 1241 Deus
3339 1174 3583 1240 Filium
3602 1221 3622 1252 ,
3680 1176 3801 1236 etc.

2266 1286 2501 1366 Quarta
2525 1286 2688 1350 ratio
2712 1285 2833 1349 fuit
2859 1287 3117 1368 propter
3138 1281 3595 1346 incarnationis
3617 1280 3807 1345 hene-

2265 1395 2484 1459 ficium
2508 1393 2782 1477 amplius
2802 1390 3382 1457 commendandum
3402 1411 3417 1453 :
3437 1388 3609 1471 quod
3630 1389 3807 1453 enim

2267 1502 2543 1585 amplius
2567 1502 2857 1566 differtur
2878 1503 2943 1564 et
2962 1499 3204 1564 diutius
3228 1497 3643 1573 desideratur,
3674 1514 3808 1578 pre·

2268 1610 2493 1674 tiosius
2522 1610 2860 1692 reputatur
2888 1630 2904 1671 :
2936 1610 3004 1671 et
3025 1606 3168 1670 ideo
3197 1604 3582 1668 beneficium
3608 1602 3810 1667 incar-

2271 1716 2576 1792 nationis,
2606 1716 2779 1799 quod
2804 1718 2899 1779 est
2921 1714 3089 1778 inter
3114 1711 3227 1776 Dei
3252 1711 3559 1775 beneficia
3584 1710 3811 1793 pretio-

2271 1823 2597 1887 sissimum
2611 1871 2629 1901 ‚
2660 1821 2840 1905 prius
2874 1820 3096 1886 debuit
3128 1837 3264 1884 esse
3299 1817 3722 1883 desideratum
3749 1820 3812 1881 et

2273 1934 2706 2013 expectatum,
2737 1949 2935 2014 quam
2961 1928 3345 1993 exhibitum.
3375 1926 3452 1992 Et
3481 1930 3815 2010 propterea

2274 2039 2483 2120 magis
2513 2055 2880 2120 congruum
2920 2036 3044 2101 fuit
3076 2034 3311 2100 Filium
3344 2034 3456 2098 Dei
3495 2030 3816 2098 incarnari

2273 2147 2344 2210 in
2379 2147 2508 2211 fine
2546 2150 2948 2227 temporum;
2979 2148 3044 2207 et
3079 2141 3492 2208 concedendae
3527 2144 3680 2206 sunt
3705 2158 3816 2205 ra-

2273 2254 2477 2319 tiones
2492 2306 2511 2329 ,
2539 2270 2686 2336 quae
2712 2252 2837 2317 hoc
2861 2251 3154 2335 probant.

2356 2368 2415 2424 1.
2451 2361 2547 2425 Ad
2572 2360 2730 2424 illud
2757 2359 2929 2441 quod
2955 2359 3296 2442 opponitur
3321 2358 3533 2439 primo
3561 2356 3629 2420 in
3660 2374 3812 2420 con-

2276 2470 2547 2534 trarium
2576 2468 2656 2533 de
2686 2468 3231 2532 consummatione
3261 2466 3633 2531 divinorum
3664 2482 3819 2547 ope-

2278 2596 2458 2656 rum,
2486 2575 2824 2641 dicendum
2855 2574 3025 2657 quod
3052 2575 3124 2637 in
3152 2592 3341 2657 opere
3366 2572 3821 2637 iucarnationis

2279 2703 2412 2748 non
2462 2683 2807 2748 attenditur
2852 2680 3318 2745 consummatio
3367 2698 3513 2762 quae
3557 2678 3820 2762 quidem

2281 2793 2364 2856 sit
2402 2793 2481 2857 de
2524 2810 2714 2875 opere
2758 2790 2966 2873 primo
3006 2788 3320 2868 universi,
3364 2788 3475 2852 sed
3513 2804 3819 2851 consum-

2283 2899 2478 2963 matio
2503 2916 2761 2962 omnem
2793 2915 3058 2961 consum
3066 2896 3411 2959 mationem
3438 2911 3823 2976 superexce-

2281 3006 2440 3072 dens
2471 3010 2580 3071 :et
2610 3005 2752 3069 ideo
2785 3021 2917 3067 non
2943 3008 3178 3086 spectat
3214 3002 3295 3066 ad
3320 3019 3515 3084 opera
3547 3020 3660 3065 sex
3685 3001 3824 3065 die-

2284 3133 2468 3196 rum,
2503 3114 2574 3179 in
2601 3114 2837 3197 quibus
2872 3112 3250 3177 universum
3278 3110 3606 3176 conditum
3645 3112 3740 3175 est
3764 3113 3827 3175 et

2282 3225 2663 3289 fabricatum
2706 3227 3023 3305 quantum
3067 3221 3147 3286 ad
3192 3239 3267 3284 ea
3288 3269 3305 3299 ‚
3349 3236 3500 3304 quae
3544 3223 3830 3302 spectant

2284 3333 2364 3397 ad
2394 3332 2932 3415 complementum
2960 3326 3363 3413 primarium.

2369 3444 2432 3503 2.
2455 3440 2554 3505 Ad
2575 3438 2737 3504 illud
2753 3438 2926 3521 quod
2949 3436 3231 3521 opponit,
3252 3436 3424 3519 qnod
3445 3434 3825 3518 magnitudo

2288 3547 2528 3613 amoris
2564 3547 2713 3610 facit
2743 3546 3054 3610 beneficia
3088 3544 3453 3623 accelerari,
3490 3541 3832 3607 dicendum

2288 3653 2462 3738 quod
2484 3670 2717 3718 verum
2734 3656 2828 3717 est
2846 3651 3102 3734 quando
3122 3650 3495 3716 acceleratio
3513 3648 3668 3714 doni
3690 3667 3833 3733 pro-

2288 3761 2427 3827 dest
2453 3760 2535 3841 ei,
2573 3777 2768 3843 quem
2798 3762 3006 3838 amat;
3037 3759 3147 3824 sed
3173 3758 3432 3843 quando
3453 3757 3669 3824 dilatio
3694 3775 3835 3822 ma-

2268 3873 2278 3880 '
2289 3870 2396 3953 gis
2433 3867 2723 3952 prodest,
2771 3886 2969 3950 quam
3002 3866 3371 3932 acceleratio
3386 3915 3407 3946 ‚
3454 3870 3609 3931 tunc
3653 3883 3837 3930 amor

2291 3976 2506 4060 potius
2531 3975 2682 4039 facit
2715 3973 2996 4055 differre,
3033 3992 3231 4057 quam
3257 3973 3630 4040 accelerare.
3660 3971 3836 4038 Prae-

2292 4087 2465 4148 terea
2489 4099 2671 4146 amor
2694 4080 2955 4147 divinus
2989 4100 3120 4147 non
3158 4085 3460 4165 operatur
3484 4079 3838 4146 secundum

2293 4191 2608 4274 impetum
2629 4239 2647 4272 ,
2697 4190 2806 4255 sed
2845 4190 3204 4256 secundum
3250 4188 3732 4273 dispositionem
3777 4190 3840 4252 et

2295 4298 2592 4380 regulam
2637 4298 2967 4382 sapientiae
2995 4314 3012 4360 :
3047 4300 3112 4362 et
3145 4297 3287 4362 ideo
3314 4297 3481 4364 dona
3505 4315 3638 4362 non
3659 4313 3836 4362 acce-

2295 4405 2485 4485 lerat,
2514 4406 2638 4470 nisi
2665 4410 2918 4471 servato
2942 4405 3159 4472 debito
3185 4406 3253 4471 et
3277 4422 3567 4487 congruo
3591 4404 3835 4469 ordine.

2297 4511 2373 4576 Et
2399 4516 2658 4596 propter
2686 4514 2829 4592 hoc,
2859 4513 3013 4597 quia
3041 4512 3282 4578 ordinis
3306 4511 3677 4594 congruitas
3700 4509 3841 4576 exi-

2296 4619 2488 4701 gebat
2533 4620 2901 4685 dilationem
2915 4669 2935 4700 ,
2983 4620 3127 4686 ideo
3169 4619 3406 4685 amoris
3443 4618 3843 4683 immensitas

2296 4745 2429 4792 non
2454 4727 2722 4792 faciebat
2751 4728 3301 4794 accelerationem.

2377 4839 2440 4901 3.
2483 4836 2583 4901 Ad
2629 4836 2794 4902 illud
2838 4835 3012 4920 quod
3057 4836 3395 4920 objicitur,
3441 4836 3614 4919 quod
3653 4833 3844 4899 multi

2298 4946 2507 5006 essent
2530 4942 2759 5010 salvati
2788 4943 2845 5006 si
2872 4942 3041 5007 Deus
3069 4941 3346 5007 venisset
3371 4941 3593 5021 citius,
3627 4939 3845 5006 dicen-

2299 5049 2457 5115 dum
2482 5050 2657 5133 quod
2687 5051 2854 5117 Deus
2874 5052 3123 5117 bonum
3152 5068 3494 5116 commune
3530 5046 3849 5133 praeponit

2298 5158 2469 5223 hono
2498 5157 2749 5241 privato
2763 5206 2783 5239 ,
2812 5163 2876 5224 et
2915 5160 3163 5224 honum
3188 5159 3384 5223 totius
3407 5155 3847 5222 universitatis

2299 5267 2693 5349 praeponitur
2705 5267 2875 5334 bono
2893 5285 3180 5352 personae
3199 5265 3545 5347 singularis
3565 5283 3583 5327 ε
3603 5268 3667 5328 et
3681 5263 3844 5342 iden,

2299 5391 2451 5438 cum
2492 5374 2734 5440 ordinis
2779 5374 3103 5458 exigentia
3142 5373 3266 5437 hoc
3333 5371 3725 5455 requireret,
3776 5371 3852 5436 ut

2300 5480 2466 5546 Deus
2492 5482 2559 5545 in
2593 5485 2723 5549 fine
2751 5489 3115 5566 temporum
3141 5483 3582 5548 incarnaretur
3597 5528 3616 5558 ‚
3646 5494 3850 5564 usque
