4185 6288
1598 445 1971 523 ms'rmcr.
2015 453 2175 521 m.
3193 415 3198 420 ’
3357 459 3474 521 :us

310 589 549 658 habens
574 591 657 660 ad
686 589 1066 683 patiendum
1113 613 1373 684 corpus,
1410 600 1475 661 et
1518 615 1744 684 passus
1786 597 1906 679 est,
1953 589 2067 660 sed
2108 597 2416 660 naturam
2455 612 2589 662 non
2636 589 2885 659 habens
2914 589 2998 660 ad
3024 589 3408 660 dolendum.
3431 614 3467 653 s

308 706 478 775 Idem
506 706 578 776 in
619 708 850 777 eodem
874 719 893 755 ¹
928 731 945 776 ε
979 734 1014 776 ι(
1063 707 1428 779 Videamus
1473 731 1558 777 an
1596 708 1709 777 ille
1750 707 2067 799 passionis
2104 707 2264 778 ordo
2302 707 2751 777 infirmitatem
2798 706 2871 775 in
2914 705 3195 776 Domino
3232 705 3477 776 doloris

302 823 632 914 permittat
658 824 964 915 intelligi.
994 825 1228 894 Dilatis
1253 824 1431 894 enim
1457 825 1692 910 causis,
1743 848 1824 893 ex
1865 825 2110 918 quibus
2152 833 2402 894 metum
2451 824 2732 895 Domino
2760 823 3025 894 haeresis
3051 823 3340 908 ascribit,
3373 845 3476 892 res

300 938 491 1030 ipsas,
524 947 602 1009 ut
626 948 821 1031 gestie
863 949 1042 1026 sunt,
1089 940 1524 1010 conferamus.
1572 941 1706 1011 Nec
1743 941 1921 1010 enim
1955 940 2100 1010 fieri
2153 931 2385 1033 potest,
2441 950 2515 1010 ut
2567 941 2765 1011 timor
2802 940 2945 1033 ejus
2970 940 3376 1031 significetur
3403 940 3474 1007 in

306 1055 538 1143 verbis,
569 1057 761 1147 cujus
790 1056 1030 1126 fiducia
1061 1057 1486 1126 continuatur
1521 1058 1590 1126 in
1635 1057 1878 1126 factis¹.
1908 1056 2234 1126 Timuisse
2261 1080 2418 1147 ergo
2455 1055 2762 1127 haeretico
2788 1056 3155 1149 passionem
3183 1055 3466 1124 videtur.

300 1169 427 1248 Sed
445 1173 529 1242 ob
557 1173 946 1262 ignorantias
991 1173 1193 1265 hujus
1240 1196 1527 1243 errorem
1571 1174 1805 1243 Petrus
1850 1182 1916 1243 et
1954 1182 1979 1219 ⁸
2017 1185 2295 1244 satanas
2340 1182 2405 1243 et
2438 1172 2832 1242 scandalum
2870 1180 2989 1243 est.
3026 1172 3219 1240 Anne
3253 1171 3476 1241 timuit

297 1289 487 1376 mori,
517 1290 641 1382 qui
664 1295 687 1329 ⁴
714 1291 983 1359 armatis
1018 1290 1254 1359 obvius
1280 1289 1563 1382 prodiit?
1588 1290 1671 1358 Et
1698 1292 1767 1359 in
1788 1312 2056 1383 corpore
2082 1290 2224 1381 ejus
2248 1290 2598 1360 infirmitas
2621 1290 2772 1372 fuit,
2806 1289 2888 1359 ad
2913 1289 3017 1380 cuj
3028 1311 3104 1357 us
3129 1309 3473 1357 occursum

294 1409 706 1470 consternata
757 1402 1289 1494 persequentium
1346 1402 1612 1491 agmina
1663 1402 1986 1495 supinatis
2055 1402 2439 1493 corporibus
2504 1401 2991 1470 conciderunt?
3047 1399 3263 1481 Quam
3317 1421 3473 1488 ergo

296 1516 749 1587 infirmitatem
775 1517 1176 1586 dominatam
1208 1517 1411 1609 hujus
1447 1518 1737 1610 corporis
1778 1517 2009 1604 credis,
2050 1518 2241 1609 cujus
2268 1525 2514 1587 tantam
2543 1517 2775 1586 habuit
2802 1524 3040 1586 natura
3064 1517 3378 1585 virtutem
3397 1521 3419 1555 ⁸
3437 1519 3469 1584 ‘l

292 1632 419 1705 Sed
455 1633 625 1703 forte
661 1633 952 1705 dolorem
981 1632 1336 1703 vulnerum
1365 1634 1633 1703 timuit?
1663 1634 1899 1722 Quem,
1931 1655 2091 1724 rogo
2114 1686 2132 1719 ,
2172 1657 2211 1703 ο
2247 1642 2322 1703 tu
2361 1633 2701 1704 dominicae
2742 1632 3143 1701 infirmitatis
3166 1639 3467 1717 assertor,

290 1750 695 1840 penetrantis
737 1771 1000 1819 carnem
1038 1749 1206 1821 clavi
1251 1749 1482 1819 habuit
1526 1759 1866 1838 terrorem,
1914 1750 2032 1844 qui
2080 1751 2362 1820 excisam
2407 1772 2634 1819 aurem
2678 1749 2817 1819 solo
2859 1748 3144 1818 restituit
3178 1757 3419 1818 attactu
3438 1754 3469 1818 ‘l

293 1864 672 1934 Producens
695 1865 835 1938 haec
858 1887 1085 1936 aurem
1114 1889 1351 1937 manus
1372 1866 1638 1937 clavum
1668 1867 1870 1955 dolet,
1909 1877 1973 1936 et
2000 1867 2198 1936 sentit
2221 1866 2470 1938 vulnus
2496 1868 2612 1959 qui
2640 1867 2829 1936 alteri
2856 1866 3148 1936 dolorem
3180 1865 3473 1935 vulneris

292 2002 428 2051 non
455 1982 768 2075 reliquit?
826 1981 1205 2074 Pungendae
1256 1984 1472 2053 carnis
1524 1991 1703 2053 metu
1758 1983 1959 2052 tristis
2012 1991 2133 2070 est,
2183 1983 2373 2075 cujus
2426 1984 2496 2051 in
2549 1990 2793 2052 attactu
2847 2004 2995 2052 caro
3046 1990 3192 2075 post
3226 1982 3469 2052 caedem

290 2103 606 2170 sanatur?
624 2125 660 2165 n
693 2097 874 2169 Idem
903 2097 925 2132 ⁰
954 2125 971 2169 :
1003 2126 1039 2166 α
1063 2099 1332 2169 Collatis
1377 2122 1533 2191 ergo
1577 2100 1903 2170 dictorum
1937 2107 2405 2192 gestorumque
2448 2099 2829 2186 virtutibus,
2879 2099 3310 2168 demonstrari
3336 2121 3470 2169 non

290 2223 391 2284 est
429 2215 847 2306 ambiguum,
889 2217 961 2286 in
1004 2225 1242 2286 natura
1279 2217 1567 2309 corporis
1615 2218 1759 2309 ejus
1808 2216 2263 2287 infirmitatem
2315 2239 2639 2309 corporeas
2691 2225 2943 2285 naturae
2978 2237 3112 2285 non
3141 2214 3365 2301 fuisse,
3408 2222 3473 2283 et

290 2331 660 2422 passionem
688 2332 900 2420 illam,
928 2332 1080 2402 licet
1103 2333 1357 2425 corpori
1387 2333 1570 2402 illata
1609 2333 1717 2418 sit,
1763 2356 1899 2403 non
1945 2341 2163 2403 tamen
2213 2341 2519 2402 naturam
2558 2331 2821 2400 dolendi
2847 2331 3102 2423 corpori
3127 2330 3462 2400 intulisse:

288 2448 451 2540 quia
499 2448 652 2518 licet
700 2448 914 2518 forma
975 2449 1264 2541 corporis
1320 2449 1526 2518 nostri
1578 2456 1742 2518 esset
1798 2450 1869 2518 in
1921 2449 2243 2536 Domino,
2301 2471 2434 2518 non
2488 2458 2709 2517 tamen
2766 2446 3018 2516 vitiosas
3067 2445 3472 2516 infirmitatis

289 2571 530 2633 nostrae
579 2565 793 2638 forma
846 2573 986 2634 erat
1026 2566 1098 2635 in
1141 2587 1434 2658 corpore,
1484 2565 1665 2658 quod
1705 2588 1789 2635 ex
1828 2574 2141 2658 conceptu
2187 2564 2475 2656 Spiritus
2519 2563 2726 2634 sancti
2764 2562 2975 2652 Virgo
3018 2563 3394 2654 progenuit.
3426 2591 3461 2630 »ι

146 2688 158 2700 ’
290 2682 580 2768 Audisti,
611 2681 837 2769 lector,
866 2681 1069 2752 verba
1095 2682 1357 2768 Hilarii,
1389 2683 1632 2774 quibus
1659 2677 1954 2751 dolorem
1993 2681 2341 2751 excludere
2377 2681 2660 2751 videtur.
2706 2678 2836 2749 Sed
2861 2680 2917 2748 si
2946 2702 3214 2748 excussa
3240 2703 3471 2749 sensus

290 2808 352 2867 et
382 2798 738 2890 impietatis
765 2798 1186 2884 hebetudine,
1217 2797 1569 2889 praemissis
1593 2798 1945 2889 diligenter
1986 2798 2312 2885 intendaS‚
2357 2806 2554 2890 atque
2582 2797 2786 2889 ipsius
2812 2796 3171 2887 Scripturas
3188 2796 3468 2864 circum-

220 2907 224 2912 ’
289 2915 596 2984 stantiam
626 2914 958 3006 inspicias,
1006 2915 1330 2984 dictorum
1373 2915 1692 2985 rationem
1739 2923 1936 3008 atque
1978 2915 2292 2984 virtutem
2329 2914 2657 3007 percipere
2701 2921 3061 3005 utcumque
3106 2913 3371 3004 poteris,
3404 2921 3470 2981 et

289 3030 794 3121 intelligentiam
844 3053 1116 3120 arguere
1159 3053 1295 3100 non
1346 3030 1715 3100 attentabis,
1777 3031 2179 3120 Intelligitur
2223 3032 2399 3101 enim
2448 3054 2523 3101 ea
2576 3032 2829 3100 ratione
2880 3029 3118 3098 dixisse
3173 3029 3466 3111 dolorem

288 3148 607 3240 passionis
649 3148 723 3217 in
757 3148 1087 3217 Christum
1139 3171 1275 3218 non
1320 3148 1623 3217 incidisse
1646 3202 1664 3235 ,
1713 3157 1778 3217 et
1821 3149 2134 3219 virtutem
2180 3149 2467 3241 corporis
2511 3147 2753 3218 Christi
2795 3147 2922 3216 sibi
2967 3146 3288 3239 excepisse
3329 3146 3466 3217 vim

289 3287 495 3355 poenae
513 3265 655 3333 sine
681 3284 876 3334 sensu
906 3288 1139 3357 poenae,
1170 3267 1328 3358 quia
1355 3265 1599 3335 doloris
1620 3289 1885 3336 causam
1912 3275 1978 3335 et
2005 3266 2316 3336 meritum
2343 3266 2413 3334 in
2441 3287 2508 3334 se
2537 3287 2669 3333 non
2698 3263 2953 3333 habuit.
2987 3262 3176 3344 Quod
3206 3262 3468 3332 videtur

286 3390 565 3468 notasse,
602 3381 716 3450 ubi
742 3386 835 3450 ait
866 3406 882 3450 ε
930 3408 965 3447 α
991 3381 1138 3450 Non
1168 3381 1414 3451 habens
1441 3392 1744 3451 naturam
1794 3383 1877 3452 ad
1905 3383 2290 3452 dolendum.
2316 3409 2352 3448 »
2395 3381 2479 3451 Et
2498 3381 2644 3450 ideo
2672 3403 2806 3449 non
2819 3379 3174 3471 judicanda
3201 3387 3296 3447 est
3317 3400 3468 3447 caro

286 3497 470 3566 illius
493 3496 854 3565 secundum
912 3506 1218 3567 naturam
1274 3499 1477 3568 nostri
1523 3500 1835 3591 corporis.
1881 3499 2015 3568 Nec
2048 3499 2121 3568 in
2168 3522 2245 3569 eo
2288 3498 2484 3568 etiam
2525 3497 2898 3567 dominium
2944 3496 3174 3564 habuit
3201 3495 3462 3586 passio:

285 3613 374 3682 ita
413 3613 610 3683 etiam
655 3635 788 3682 non
834 3613 1069 3682 habuit
1110 3623 1418 3683 naturam
1466 3614 1546 3683 ad
1596 3615 1961 3685 timendum
2006 3616 2114 3684 vel
2158 3614 2577 3701 tristandum,
2623 3612 2783 3705 quia
2817 3634 2952 3681 non
2995 3610 3229 3680 habuit
3268 3610 3466 3680 talem

286 3737 619 3815 naturam,
651 3728 721 3798 in
751 3752 885 3821 qua
929 3739 1093 3798 esset
1135 3753 1330 3799 cansa
1378 3731 1655 3819 timoris,
1694 3731 1800 3800 vel
1846 3731 2147 3801 tristitiae.
2193 3733 2424 3822 Itaque
2468 3730 2811 3799 necessitas
2855 3727 3131 3797 timendi
3178 3749 3313 3796 non
3340 3726 3469 3796 fuit

284 3845 355 3913 in
380 3868 485 3931 eo,
513 3846 682 3913 sicut
706 3855 802 3915 est
850 3846 919 3915 in
948 3847 1180 3934 nobis;
1221 3871 1340 3916 nec
1391 3856 1630 3916 natura
1667 3847 1912 3917 doloris
1949 3847 2079 3917 fuit
2124 3848 2194 3916 in
2233 3869 2334 3934 eo,
2384 3847 2551 3915 sicut
2591 3853 2687 3914 est
2724 3846 2796 3913 in
2837 3844 3048 3913 nobis,
3104 3843 3467 3914 Tristitiam

286 3969 502 4030 tamen
530 3961 603 4030 in
629 3984 706 4031 eo
727 3962 930 4032 fnisse
955 3972 1430 4054 consequenter
1473 3965 1729 4049 asserit,
1781 3965 1893 4033 sed
1939 3987 2203 4034 causam
2250 3963 2392 4057 ejus
2436 3962 2721 4032 extitisse
2747 3985 2883 4031 non
2937 3984 3127 4030 suam
3155 3968 3457 4046 mortem,

284 4078 395 4147 sed
422 4077 749 4147 defectum
776 4078 953 4148 Petri
981 4088 1044 4148 et
1083 4079 1369 4150 aliorum
1413 4080 1884 4172 apostolorum.
1929 4081 2101 4150 Dicit
2136 4080 2313 4150 enim
2351 4079 2686 4149 Christum
2708 4101 2843 4148 non
2870 4085 3134 4170 propter
3160 4085 3464 4171 mortem,

284 4195 393 4262 sed
444 4217 654 4286 usque
707 4195 789 4264 ad
843 4204 1116 4264 mortem
1174 4196 1424 4265 tristem
1479 4197 1703 4284 fuisse,
1754 4196 1858 4265 his
1908 4198 2128 4267 verbis
2153 4208 2175 4243 '¹
2210 4221 2227 4264 ε
2294 4222 2331 4263 (ι
2381 4195 2722 4285 Interrogo
2780 4194 2945 4287 quid
2996 4194 3082 4262 sit
3132 4192 3466 4262 Christum

284 4310 534 4378 tristem
553 4332 689 4379 esse
719 4335 926 4403 usque
953 4312 1034 4381 ad
1056 4318 1357 4381 mortem.
1388 4312 1535 4381 Non
1560 4313 1736 4382 enim
1764 4313 2058 4405 ejusdem
2083 4312 2585 4404 significationis
2611 4321 2733 4399 est,
2763 4311 3015 4379 tristem
3043 4333 3180 4379 esse
3203 4318 3469 4402 propter

283 4434 584 4513 mortem,
616 4435 681 4496 et
699 4451 909 4520 usque
935 4428 1016 4497 ad
1047 4437 1363 4499 mortem:
1397 4429 1554 4521 quia
1581 4429 1698 4499 ubi
1723 4437 1989 4522 propter
2009 4438 2286 4499 mortem
2317 4429 2580 4499 tristitia
2606 4436 2726 4513 est,
2747 4427 2885 4496 illic
2911 4450 3088 4496 mors
3115 4448 3309 4495 causa
3330 4426 3470 4494 tris-

283 4541 435 4611 titiae
464 4549 603 4628 est3
636 4543 752 4611 ubi
797 4567 954 4613 vero
982 4545 1245 4614 tristitia
1270 4567 1480 4638 usque
1508 4545 1588 4615 ad
1622 4554 1898 4615 mortem
1927 4555 2046 4633 est,
2077 4569 2254 4616 mors
2277 4569 2411 4615 non
2459 4545 2732 4615 tristitiae
2772 4552 2868 4612 est
2894 4565 3113 4630 causa,
3145 4542 3256 4611 sed
3285 4542 3461 4610 finis.

280 4656 460 4727 Adeo
499 4667 720 4726 autem
760 4682 894 4730 non
932 4668 1195 4753 propter
1237 4670 1513 4732 mortem
1543 4670 1841 4753 suscepta
1882 4671 1977 4730 est
2007 4663 2314 4750 tristitia,
2334 4670 2408 4732 ut
2443 4662 2528 4730 sit
2560 4661 2869 4731 destituta
2896 4682 3010 4751 per
3047 4666 3389 4728 mortem⁸.
3421 4684 3458 4724 »

279 4771 422 4842 Non
445 4796 604 4864 ergo
618 4775 741 4843 sibi
769 4775 969 4845 tristis
996 4784 1116 4862 est,
1135 4777 1246 4846 sed
1265 4778 1399 4847 illis
1421 4778 1540 4870 qui
1565 4778 1636 4851 in
1654 4778 1957 4848 scandalo
1975 4800 2092 4871 per
2118 4777 2571 4846 infirmitatem
2594 4776 2810 4845 carnis
2837 4784 3023 4843 erant
3041 4775 3277 4860 futuri,
3298 4796 3468 4866 quos

280 4898 501 4958 monet
526 4911 739 4977 orare,
755 4917 791 4958 n
818 4878 903 4961 ne
930 4892 1328 4963 inducantur
1345 4895 1417 4964 in
1443 4896 1895 4982 tentationem,
1919 4895 2209 4988 quiante
2234 4893 2510 4986 polliciti
2538 4900 2725 4963 erant
2747 4914 2814 4961 se
2844 4915 2978 4960 non
3004 4891 3456 4960 scandalizari.

363 5006 686 5094 Hilarius,
716 5008 788 5079 in
812 5008 983 5079 libro
1011 5007 1094 5078 de
1115 5009 1400 5101 Synodis
1430 5023 1485 5078 ⁹:
1515 5038 1550 5077 α
1577 5013 1743 5082 Cum
1772 5011 1908 5081 haec
1931 5012 2313 5104 passionum
2339 5031 2580 5099 genera
2607 5009 3060 5078 infirmitatem
3078 5010 3292 5076 carnis
3315 5007 3464 5076 affi-

3575 5034 3639 5079 De

3519 5097 3689 5141 tristitia

277 5119 471 5210 ciant,
520 5124 699 5192 Deus
742 5132 963 5193 tamen
987 5124 1288 5196 Verbum
1314 5149 1464 5197 caro
1492 5128 1739 5197 factum
1767 5150 1903 5197 non
1941 5128 2158 5219 potuit
2183 5128 2266 5196 ad
2302 5126 2385 5218 (a)
2418 5147 2486 5194 se
2514 5123 2932 5194 demutabilis
2959 5146 3096 5192 esse
3120 5123 3453 5215 patiendo.
3512 5159 3687 5215 mmm,

282 5234 570 5308 Verbum
599 5240 807 5327 enim,
838 5241 997 5333 quia
1021 5263 1171 5311 caro
1199 5242 1448 5311 factum
1476 5252 1595 5332 est,
1628 5244 1781 5313 licet
1804 5266 1873 5312 se
1898 5244 2186 5335 passioni
2214 5241 2603 5329 subdiderit,
2634 5263 2771 5309 non
2801 5248 3018 5309 tamen
3045 5239 3458 5310 demutatum

337 5447 352 5481 ¹
377 5448 554 5513 Bilar„
576 5450 638 5500 de
665 5451 867 5513 Trim‘t.,
895 5450 984 5500 lib.
1014 5453 1075 5517 x,
1094 5467 1151 5503 n.
1174 5455 1254 5505 26.
1285 5479 1347 5490 -
1367 5454 1556 5517 ⁸10id„
1584 5470 1638 5505 n.
1666 5459 1744 5505 27.
1766 5482 1817 5492 —-
1844 5457 1868 5492 ⁸
1892 5455 2101 5518 Mutila„
2127 5466 2234 5518 xvi,
2262 5458 2342 5508 23.
2367 5481 2421 5491 -
2452 5455 2472 5489 δ
2490 5455 2656 5517 Joan.²
2685 5465 2847 5517 xv111,
2879 5456 2907 5504 4
2932 5457 3111 5517 etseq.
3141 5478 3202 5491 -—
3229 5455 3251 5491 ⁸
3279 5454 3462 5522 Ηίιειι·Ἰ

276 5515 359 5570 lib.
375 5519 481 5585 cit„
503 5536 557 5576 n.
577 5524 658 5573 28.
683 5549 739 5559 -
761 5521 1019 5585 ⁸1bid.,n.
1049 5526 1124 5576 35.
1153 5551 1215 5563 -
1242 5522 1509 5587 ⁷1bid.,n.
1539 5528 1616 5577 36.
1637 5525 1740 5564 —⁸
1766 5524 1922 5592 leid„
1949 5541 2003 5581 n.
2025 5528 2105 5577 37.
2131 5552 2190 5564 -
2218 5526 2240 5561 ⁹
2269 5525 2364 5590 lb„
2390 5525 2450 5579 de
2473 5524 2679 5591 Synod„
2704 5539 2759 5576 n.
2793 5527 2866 5576 49.
2888 5524 3033 5597 -(α)
3056 5524 3136 5587 41.
3151 5532 3207 5577 'a-
