4185 6288
1362 450 1561 517 DIS'r.
1604 451 1764 517 xlv.
1809 448 1994 514 ΛΒΤ.
2042 447 2092 514 1.
2133 447 2441 527 QUAEST.
2487 449 2594 514 111.

385 587 784 652 mensitatem
830 608 846 651 t
873 605 1028 651 nam
1056 588 1138 652 ad
1165 587 1660 652 immensitatem
1700 587 1778 651 de
1805 604 1921 650 ne-

382 693 666 757 cessitate
727 691 1021 775 sequitur
1067 690 1790 773 incomprehensibilitas
1842 689 1922 754 de

382 800 519 883 ipsa
555 800 835 865 nominis
875 799 1118 864 ratione
1145 799 1486 882 primaria3
1517 799 1597 864 ad
1624 797 1920 880 simplici·

380 912 576 972 tatem
616 926 772 973 non.
820 907 1022 972 Tanta
1055 907 1235 971 enim
1272 910 1475 990 potest
1508 924 1644 970 esse
1668 905 1918 988 simpli-

381 1017 533 1080 citas
550 1066 569 1096 ,
594 1016 766 1099 quod
794 1015 1035 1080 nedum
1062 1015 1198 1098 ipsa
1229 1015 1419 1079 faciat
1439 1015 1916 1097 comprehendi,

381 1119 510 1183 imo
553 1124 811 1202 propter
856 1137 1043 1183 suam
1082 1117 1524 1183 excellentiam
1557 1117 1776 1182 reddat
1817 1118 1919 1182 in-

380 1227 1033 1311 comprehensibilem.
1687 1243 1690 1248 ·

455 1340 516 1398 4.
556 1335 654 1399 Ad
682 1335 843 1400 illud
885 1340 1062 1418 quod
1101 1334 1429 1418 objicitur,
1458 1334 1630 1417 quod
1674 1333 1915 1415 aliquid

378 1442 525 1506 latet
563 1442 642 1506 de
677 1442 835 1524 De0,
866 1447 1013 1522 etc.,
1061 1441 1408 1507 dicendum
1449 1441 1620 1523 quod
1663 1459 1795 1504 non
1822 1445 1916 1504 est

377 1554 859 1635 intelligendum
898 1555 971 1619 in
1007 1553 1156 1630 De0,
1199 1553 1365 1617 sicut
1420 1552 1800 1631 intelligitur
1846 1551 1916 1614 in

377 1661 587 1744 aliqua
633 1680 704 1725 re
748 1660 1137 1742 composita,
1179 1663 1368 1742 cujus
1414 1678 1550 1723 una
1588 1675 1736 1741 pars
1782 1677 1915 1722 non

374 1772 670 1850 apparet,
710 1773 775 1832 et
807 1767 932 1831 alia
979 1767 1467 1831 manifestatur:
1497 1766 1804 1848 quoniam
1844 1767 1915 1830 in

373 1875 589 1939 divina
632 1876 905 1940 essentia
945 1894 1076 1940 non
1110 1879 1206 1939 est
1238 1874 1515 1957 aliquid,
1555 1877 1617 1937 et
1643 1872 1912 1955 aliquid,

374 1983 477 2046 sed
509 1986 605 2046 est
644 1982 902 2065 aliquod
927 2001 1171 2060 unum;
1206 1981 1375 2064 quod
1405 1981 1748 2063 aequivalet
1769 1982 1915 2044 inss-

371 2091 537 2152 nitis.
583 2090 760 2154 Unde
795 2089 1108 2171 quidquid
1152 2089 1308 2153 illud
1353 2089 1435 2152 sit
1483 2088 1655 2170 quod
1698 2088 1915 2154 anima

327 2195 446 2274 ⁸de
484 2195 611 2259 Deo
654 2196 866 2271 videt,
916 2195 1006 2260 sic
1043 2195 1201 2260 illud
1244 2193 1456 2271 videt,
1497 2195 1670 2277 quod
1695 2200 1912 2260 tamen

369 2303 903 2387 comprehendere
967 2321 1100 2366 non
1165 2305 1370 2384 potest
1430 2324 1445 2366 ε
1500 2303 1673 2366 unde
1737 2303 1909 2367 idem

369 2411 577 2494 ipsum
620 2411 806 2489 latet,
836 2413 901 2474 et
940 2413 1153 2493 patet:
1187 2413 1359 2493 patet
1389 2409 1650 2492 quidem
1691 2410 1771 2475 ad
1810 2411 1912 2473 in-

368 2523 719 2600 tuendum;
764 2522 874 2586 sed
918 2521 1071 2585 latet
1109 2521 1192 2585 ad
1240 2522 1908 2604 comprehendendum

368 2631 547 2695 Sicut
575 2632 626 2694 si
653 2635 1005 2713 quaeratur,
1052 2648 1200 2694 cum
1241 2629 1406 2694 Deus
1441 2634 1536 2694 est
1562 2630 1632 2693 in
1677 2630 1907 2712 lapide,

368 2741 460 2800 est
494 2754 580 2800 ne
612 2735 853 2818 aliquid
888 2734 998 2797 Dei
1030 2737 1213 2798 extra
1236 2733 1510 2817 lapidem
1527 2782 1545 2810 ,
1575 2739 1638 2797 et
1668 2734 1906 2817 aliquid

365 2843 574 2907 intra?
624 2840 968 2905 dicendum
1017 2840 1187 2922 quod
1231 2858 1363 2904 non
1418 2845 1512 2903 est
1554 2842 1908 2905 secundum

364 2949 609 3036 aliquid
652 2950 754 3013 sui
801 2953 1005 3028 extra,
1036 2952 1101 3012 et
1125 2948 1478 3013 secundum
1520 2948 1761 3031 aliquid
1805 2950 1907 3013 sui

364 3059 564 3135 intra;
608 3056 715 3120 sed
742 3060 912 3119 totus
939 3056 1130 3131 intra,
1166 3062 1229 3119 et
1249 3060 1421 3120 totus
1445 3061 1630 3119 extra
1674 3056 1819 3122 :sic
1846 3062 1911 3121 et

366 3164 434 3227 in
463 3162 784 3245 proposito
805 3161 1160 3242 intelligere
1196 3164 1464 3242 oportet.

447 3274 507 3333 5.
551 3270 647 3334 Ad
689 3268 850 3332 illud
891 3268 1062 3350 qnod
1105 3267 1403 3349 objicitur
1427 3314 1447 3344 ‚
1474 3266 1647 3348 quod
1688 3268 1904 3333 sinon

366 3376 886 3460 comprehendat,
914 3375 1126 3438 adhuc
1155 3378 1360 3456 potest
1381 3375 1687 3456 proficere
1713 3375 1783 3438 in
1808 3394 1909 3440 co-

363 3488 655 3570 gnitione
694 3486 837 3563 Dei,
875 3485 1216 3550 dicendum
1258 3483 1430 3566 quod
1457 3483 1618 3548 illud
1643 3502 1775 3549 non
1812 3505 1907 3551 se-

364 3596 607 3678 quitur,
650 3612 767 3680 pro
811 3611 887 3657 eo
917 3591 1090 3675 quod
1129 3594 1330 3655 status
1371 3594 1466 3654 est
1511 3591 1580 3654 in
1618 3592 1907 3674 profectu

364 3701 747 3783 cognitionis
770 3699 1115 3782 aliquando
1145 3716 1227 3761 ex
1267 3702 1446 3780 parte
1476 3698 1570 3762 rei
1608 3717 1906 3783 compre-

363 3809 585 3874 hensae
615 3856 634 3887 ,
676 3825 823 3890 quae
864 3824 999 3870 non
1034 3809 1238 3888 potoet
1281 3804 1512 3869 melius
1564 3808 1901 3889 cognosci3

365 3918 704 4001 aliquando
756 3934 839 3980 ex
876 3918 1055 3998 parte
1106 3913 1700 3997 comprehendentis
1723 3966 1744 3998 ,
1792 3919 1907 4000 qui

364 4046 495 4092 non
521 4031 615 4090 est
637 4028 828 4090 natus
857 4023 1089 4088 melius
1127 4040 1509 4104 cognoscere
1546 4045 1561 4088 ε
1605 4028 1669 4088 et
1693 4024 1783 4088 sic
1811 4029 1907 4090 est

363 4140 568 4200 status
593 4135 662 4198 in
696 4133 976 4211 Christo,
1007 4135 1072 4196 et
1103 4131 1173 4194 in
1199 4131 1338 4195 aliis
1382 4131 1604 4196 beatis.
1635 4131 1758 4197 Sed
1786 4133 1906 4198 ali-

362 4249 465 4309 ter
493 4244 564 4307 in
588 4242 865 4319 Christo,
897 4257 1094 4324 quam
1126 4238 1194 4303 in
1220 4238 1396 4317 aliis3
1427 4239 1581 4321 quia
1620 4239 1907 4310 Christus

365 4346 458 4411 ita
497 4347 768 4430 perfecte
807 4342 1154 4425 cognoscit,
1183 4341 1347 4409 sicut
1369 4360 1660 4424 unquam
1678 4363 1903 4429 capere

364 4456 610 4540 potuit;
638 4454 748 4518 sed
778 4452 886 4517 alii
910 4449 1122 4517 Sancti
1148 4450 1238 4514 ita
1270 4450 1566 4532 perfecte,
1596 4452 1761 4518 sicut
1785 4456 1908 4520 dis-

365 4567 558 4651 positi
599 4566 862 4631 fuerunt
905 4581 1021 4646 per
1057 4561 1283 4627 merita
1307 4562 1534 4643 gratiae
1566 4582 1726 4630 :nec
1752 4585 1900 4650 pos-

366 4681 521 4741 sunt
557 4676 722 4740 ultra
759 4672 1089 4758 proficere,
1124 4671 1279 4753 quia
1304 4689 1436 4735 non
1460 4673 1707 4756 suntin
1737 4679 1905 4740 statu

366 4785 690 4861 merendi,
743 4801 864 4846 nec
897 4770 1069 4845 ultra
1092 4778 1447 4844 desiderare
1472 4764 1748 4863 amplius
1779 4783 1906 4848 ha·

365 4894 520 4958 bere
553 4910 748 4976 quam
789 4890 1065 4955 habeant
1085 4936 1103 4965 ,
1140 4893 1401 4972 propter
1439 4888 1614 4954 illius
1664 4896 1904 4957 summi

363 5002 519 5066 boni
572 4997 1021 5066 sufficientiam
1042 5044 1058 5075 ,
1094 5001 1159 5060 et
1196 4996 1596 5061 affectionem
1650 5000 1908 5065 ordina·-

365 5112 499 5174 tam
523 5108 879 5175 secundum
914 5122 1188 5170 summae
1215 5104 1481 5187 justitiae
1513 5106 1807 5188 regulam
1839 5113 1904 5173 et

430 5308 446 5345 ¹
479 5312 650 5374 Rern„
680 5309 743 5360 de
772 5304 1051 5365 consider„
1078 5303 1166 5356 lib.
1198 5305 1261 5370 V,
1294 5306 1346 5355 in
1387 5305 1505 5356 fine.
1531 5332 1594 5343 —-·
1627 5306 1649 5340 ¹
1693 5306 1908 5373 Philip„

371 5387 547 5447 111,12.
571 5410 632 5421 —
656 5383 677 5416 ⁸
705 5382 787 5431 Pe.
808 5388 1062 5440 cxxxviii,
1092 5380 1137 5427 6.
1162 5402 1223 5413 —
1242 5377 1263 5412 ⁸
1292 5378 1346 5428 S.
1366 5377 1569 5439 Ttiom„
1597 5392 1648 5441 p.
1669 5378 1756 5441 ΙΙΙ,
1779 5393 1831 5442 q.
1853 5391 1906 5442 x,

371 5458 461 5506 ut.
487 5458 550 5518 ις
573 5458 628 5505 et
652 5454 722 5503 ul
751 5452 914 5512 Sene„
941 5448 1059 5499 dist.
1087 5459 1211 5511 ιη,
1240 5462 1293 5512 q.
1325 5460 1374 5511 1,
1419 5452 1516 5499 ert.
1547 5452 1596 5512 2,
1620 5463 1674 5514 q.
1704 5460 1793 5512 1113
1819 5449 1904 5501 Ri-

3465 459 3588 524 ³0³

2035 583 2269 650 libram
2305 605 2323 650 ε
2356 586 2468 652 sed
2503 585 2842 669 quiescunt
2865 586 3080 669 quiete
3109 588 3407 670 perfecta,
3435 591 3588 672 quia

2036 696 2255 757 tenent
2282 711 2459 773 eum,
2491 712 2683 776 quem
2710 693 3150 761 desiderabant

2114 801 2176 861 6.
2210 796 2306 861 Ad
2334 797 2493 861 illud
2518 798 2689 881 quod
2716 799 3014 879 objicitur
3044 798 3274 864 ultimo
3301 802 3381 866 de
3408 820 3587 866 com-

2034 902 2477 986 prehensione,
2503 904 2845 969 dicendum
2872 906 3044 988 quod
3069 907 3584 991 comprehendere

2032 1011 2264 1075 dicitur
2309 1012 2637 1094 tripliciter
2692 1033 2706 1075 z
2760 1030 2895 1076 uno
2955 1013 3142 1077 modo
3193 1014 3363 1077 idem
3411 1017 3585 1097 quod

2031 1118 2338 1183 charitate
2365 1119 2724 1199 adhaerere,
2756 1124 2819 1183 et
2848 1120 2938 1184 sic
2972 1120 3198 1203 accipit
3222 1121 3586 1186 Bernardus

2033 1226 2126 1291 ad
2163 1228 2560 1309 Euqeniuw
2593 1251 2619 1293 .·
2665 1252 2696 1288 α
2738 1227 2804 1292 Si
2849 1232 3106 1292 sanctus
3143 1247 3233 1306 es,
3286 1247 3582 1312 compre-

2031 1332 2331 1396 hendisti.
2370 1357 2400 1393 n
2450 1334 2591 1397 Alio
2633 1334 2823 1399 modo
2867 1339 2963 1398 est
2997 1334 3165 1399 idem
3208 1334 3379 1416 quod
3417 1335 3583 1398 clare

2029 1439 2280 1519 videre,
2311 1444 2376 1504 et
2410 1443 2682 1523 perfecte
2721 1461 2975 1517 amare,
3007 1442 3170 1505 sicut
3206 1439 3296 1507 ad
3330 1441 3579 1522 Philip-

2028 1562 2252 1627 penses
2280 1555 2303 1588 ¹
2326 1570 2350 1613 .·
2381 1548 2462 1614 Si
2497 1565 2622 1630 quo
2665 1548 2849 1616 modo
2892 1547 3419 1631 comprehendam
3440 1595 3458 1625 ,
3507 1550 3582 1613 in

2030 1671 2156 1738 quo
2191 1657 2673 1738 comprehensus
2712 1674 2878 1724 sum.
2922 1657 3137 1722 Tertio
3177 1658 3368 1722 modo
3407 1672 3578 1722 com-

2025 1762 2414 1844 prehendere
2442 1767 2537 1828 est
2562 1763 2732 1828 idem
2758 1765 2930 1846 quod
2955 1763 3264 1828 terminos
3292 1764 3386 1828 rei
3414 1764 3582 1828 clau-

2027 1868 2179 1933 dere
2212 1890 2226 1933 :
2259 1870 2349 1933 sic
2380 1869 2546 1934 Deus
2581 1875 2677 1935 est
2715 1872 3385 1953 incomprehensibilis.
3422 1873 3580 1938 Cum

2028 1993 2189 2056 ergo
2215 1976 2444 2040 dicitur
2470 1977 2645 2060 quod
2660 1977 2891 2042 Sancti
2917 1983 3070 2043 sunt
3098 1980 3580 2062 comprehenso-

2029 2101 2133 2147 res
2163 2082 2235 2146 in
2272 2084 2497 2165 patria,
2532 2090 2596 2148 et
2621 2086 2792 2167 quod
2825 2085 3108 2150 Christus
3134 2086 3254 2149 fuit
3282 2105 3578 2170 compre-

2027 2189 2296 2266 hensor,
2326 2191 2665 2255 dicendum
2691 2193 2863 2275 quod
2892 2193 3100 2256 medio
3128 2192 3318 2255 modo
3345 2192 3579 2274 accipi-

2026 2299 2156 2375 tur,
2195 2302 2258 2361 et
2297 2298 2386 2361 sic
2435 2299 2626 2363 habet
2665 2301 3001 2363 veritatem
3040 2317 3056 2361 ε
3101 2317 3254 2363 nam
3292 2298 3579 2363 Christus

2024 2402 2200 2468 videt
2225 2403 2332 2468 Dei
2362 2404 2854 2470 immensitatem
2879 2427 2897 2483 3
2929 2424 3047 2469 nec
3072 2409 3244 2469 tenet
3277 2405 3399 2469 hoc
3425 2406 3572 2483 fide,

2023 2511 2134 2574 sed
2170 2511 2518 2576 certissima
2557 2513 2923 2594 cognitione
2957 2533 2973 2575 ε
3004 2511 3154 2575 hinc
3187 2513 3362 2575 enim
3394 2514 3575 2582 novit

2025 2617 2229 2682 Deum
2272 2619 2685 2684 immensum.
2730 2619 2808 2684 Et
2848 2619 2902 2683 si
2942 2623 3014 2682 tu
3055 2637 3309 2701 quaeras
3353 2623 3574 2684 utrum

2023 2725 2317 2808 positive,
2348 2728 2451 2790 vel
2479 2728 2816 2810 privative,
2849 2726 3185 2791 dicendum
3217 2727 3390 2809 quod
3414 2747 3575 2811 quo-

2024 2834 2175 2898 dam
2211 2835 2401 2898 modo
2451 2835 2748 2916 positive,
2797 2835 3076 2918 quodam
3122 2835 3312 2899 modo
3355 2837 3575 2918 priva-

2022 2941 2154 3005 tive
2184 2959 2202 3004 ε
2231 2942 2499 3025 positive
2516 2990 2534 3020 ,
2565 2947 2878 3025 quantum
2909 2961 2976 3006 se
3020 2943 3302 3007 extendit
3326 2945 3572 3026 capaci-

2021 3052 2122 3112 tas
2162 3066 2297 3113 suae
2344 3048 2822 3130 intelligentiae3
2874 3049 3187 3132 privative
3228 3050 3566 3135 deinceps:

2023 3156 2396 3221 Admiratur
2423 3158 2596 3220 enim
2620 3158 2797 3221 illam
2823 3176 3147 3223 summam
3176 3160 3568 3240 protundita-

2021 3267 2153 3327 tem
2194 3264 2637 3328 immensitatis
2685 3265 2923 3329 divinae
2941 3314 2960 3344 ‚
3008 3266 3174 3329 sicut
3218 3264 3368 3329 dicit
3412 3265 3565 3329 Pro-

2021 3371 2216 3454 pheta
2250 3372 2305 3438 ⁸:
2335 3371 2665 3438 Mirabilis
2693 3373 2873 3451 tacta
2908 3380 3004 3440 est
3029 3373 3306 3438 scientia
3342 3379 3458 3439 tua
3485 3390 3568 3438 eoe

2022 3495 2139 3559 me,
2173 3480 2530 3559 confortata
2570 3486 2693 3557 est,
2744 3486 2806 3547 et
2844 3496 2975 3545 non
3010 3484 3228 3560 potero
3274 3477 3364 3545 ad
3405 3496 3563 3546 eam.

2020 3585 2099 3650 Et
2124 3587 2211 3651 sic
2235 3591 2408 3669 patet
2426 3591 2660 3653 totum.

2510 3893 2913 3973 QUAESTIO
2959 3894 3089 3959 111.

2020 4076 2115 4132 An
2143 4078 2332 4133 anima
2357 4076 2639 4133 christiin
2657 4075 3003 4147 coqnoscendo
3032 4077 3199 4130 Deum
3223 4078 3362 4147 figat
3382 4091 3564 4149 aspec-

2307 4179 2419 4231 tum
2445 4176 2508 4230 in
2534 4178 2713 4248 ipsum
2742 4176 2923 4231 lumen
2946 4178 3203 4230 oetemum
3230 4174 3274 4229 ὅ.

2100 4358 2328 4423 Utrum
2406 4359 2622 4424 anima
2690 4359 2917 4424 Christi
2981 4359 3050 4423 in
3122 4357 3560 4439 cognoscendo
3586 4403 3654 4446 Ad
3671 4374 3777 4460 ψ’,

2019 4466 2223 4532 Deum
2278 4467 2515 4549 defigat
2565 4471 2890 4549 aspectum
2947 4466 3019 4531 in
3079 4469 3290 4548 ipsum
3339 4466 3559 4531 lumen

2018 4580 2359 4656 aeternum,
2381 4595 2465 4640 an
2484 4575 2594 4639 ina
2608 4575 2811 4658 liquid
2843 4574 2999 4638 citra
3016 4575 3229 4656 ipsum
3251 4595 3268 4651 ;
3299 4576 3364 4637 et
3390 4574 3560 4655 quod
3660 4578 3668 4586 “

2017 4700 2152 4747 non
2189 4683 2402 4748 videat
2446 4684 2659 4764 ipsum
2697 4683 2938 4745 fontem
2984 4680 3266 4757 luminiS,
3312 4680 3568 4745 videtur

2019 4790 2232 4871 primo
2248 4790 2269 4825 ⁸
2299 4811 2315 4853 ι
2339 4791 2568 4855 Lucem
2593 4789 2842 4855 habitat
2862 4788 3353 4867 inacessibilem,
3374 4805 3569 4870 quam

2020 4897 2239 4962 nullus
2284 4897 2614 4963 hominum
2643 4896 2853 4975 vidit,
2882 4895 2999 4962 sed
3034 4912 3149 4961 nec
3196 4894 3413 4961 videre
3453 4912 3568 4976 po-

2020 5011 2143 5072 test
2178 5028 2192 5069 :
2236 5022 2394 5087 ergo
2421 5002 2705 5069 Christus
2721 5052 2739 5084 ,
2770 5004 3125 5068 secundum
3152 5002 3323 5086 quod
3348 5002 3566 5080 homo,

2020 5131 2359 5195 nunquam
2398 5113 2602 5176 Deum
2645 5112 2714 5176 in
2753 5131 2872 5177 sua
2905 5111 3053 5176 luce
3084 5110 3279 5191 vidit,
3324 5128 3444 5176 nec
3471 5112 3557 5175 vi-

2019 5221 2167 5286 dere
2194 5222 2419 5304 potuit.

2022 5380 2270 5444 char-dus,
2299 5384 2362 5433 ΙΙΙ
2391 5383 2553 5433 sent..
2572 5382 2690 5436 dist.
2715 5393 2822 5442 xm,
2842 5395 2895 5444 q.
2921 5392 3013 5443 1113
3036 5380 3325 5445 Stephanus
3355 5379 3568 5441 Brules„

2023 5454 2089 5503 ιιι
2111 5454 2270 5515 sent„
2293 5455 2407 5506 dist.
2439 5466 2551 5519 x1v,
2579 5468 2631 5520 q.
2660 5466 2740 5507 111.
2759 5477 2824 5492 --
2848 5453 2913 5505 ⁸1
2940 5452 3087 5517 Tim„
3108 5464 3183 5517 vi,
3214 5456 3292 5504 16.
