4185 6288
452 4231 519 4275 Ad
538 4244 646 4289 opr-

701 408 822 471 672

703 539 936 604 Beatus
978 545 1194 605 autem
1238 540 1515 606 Joannes
1549 559 1680 605 non
1716 538 2013 619 intelligit
2036 537 2117 602 de
2143 536 2254 601 de·

702 649 835 713 bito
860 649 1067 732 primo
1095 650 1309 728 mode,
1337 650 1448 714 sed
1474 650 1552 714 de
1579 648 1788 713 debito
1816 645 2096 710 secundo
2122 663 2253 708 mo-

701 757 805 835 do,
859 757 1029 839 quod
1064 758 1275 838 magis
1314 759 1553 840 spectat
1601 756 1681 820 ad
1725 752 2250 838 supererogatio-

700 882 851 928 nem
873 912 891 942 ,
938 883 1136 946 quam
1179 864 1260 928 ad
1306 863 1729 928 necessariam
1775 867 1841 926 et
1880 859 2251 942 generalem

701 971 1183 1054 obligationem.

780 1083 842 1141 4.
895 1078 993 1141 Ad
1034 1078 1192 1142 illud
1246 1077 1418 1160 quod
1472 1077 1804 1159 oincitur,
1865 1074 2037 1157 quod
2098 1071 2249 1156 qui-

698 1185 853 1249 tibet
903 1190 1159 1250 tenetur
1214 1184 1357 1269 plus
1414 1185 1681 1267 diligere
1739 1184 1940 1248 Deum
1973 1230 1992 1260 ,
2051 1198 2250 1264 quam

699 1309 892 1355 omne
924 1296 1210 1356 creatum
1233 1341 1251 1372 ,
1282 1292 1625 1357 dicendum
1651 1291 1823 1374 quod
1854 1307 2085 1355 verum
2115 1292 2245 1366 est;

699 1404 1148 1464 verumtamen
1198 1418 1281 1463 ex
1330 1399 1452 1463 hoc
1503 1418 1635 1463 non
1687 1397 2009 1479 sequitur,
2076 1394 2251 1477 quod

698 1508 890 1572 modo
929 1510 1221 1572 teneatur
1268 1524 1385 1590 pro
1427 1506 1674 1572 Christo
1719 1506 2005 1569 deserere
2056 1520 2251 1566 omne

699 1617 986 1678 creatum
1017 1662 1035 1693 ,
1084 1615 1237 1696 quia
1276 1616 1483 1696 potest
1533 1612 1768 1678 habere
1817 1611 2011 1674 simul
2061 1609 2246 1672 Chri-

698 1723 871 1784 stum
900 1769 918 1798 ,
968 1726 1031 1784 et
1072 1726 1430 1784 creaturam
1492 1738 1693 1802 quam
1746 1717 1979 1798 diligit.
2038 1716 2252 1781 Potest

697 1828 871 1891 enim
899 1828 1094 1893 homo
1121 1828 1313 1891 simul
1341 1845 1598 1891 servare
1621 1827 1902 1908 corporis
1931 1825 2155 1902 vitam,
2187 1826 2252 1887 et

700 1933 809 1998 Dei
838 1935 1182 1999 amicitiam
1211 1955 1227 1999 ε
1262 1935 1416 2017 quia
1442 1952 1574 1998 non
1601 1935 1870 2015 oportet,
1901 1950 2017 1995 nec
2045 1932 2252 2013 exigit

700 2043 824 2106 hoc
850 2044 950 2107 lex
981 2044 1330 2120 charitatis,
1361 2042 1532 2124 quod
1561 2044 1821 2123 propter
1843 2039 2247 2103 dilectionem

701 2151 813 2216 Dei
861 2152 1170 2216 sustineat
1212 2152 1361 2234 quis
1405 2154 1715 2228 mortem,
1754 2149 1879 2211 nisi
1916 2147 2156 2213 incidat
2181 2149 2248 2211 in

699 2259 1128 2342 supradictam
1159 2260 1616 2336 necessitatem,
1649 2276 1779 2338 qua
1805 2255 2038 2319 scilicet
2062 2273 2247 2338 opor·

699 2369 788 2429 tet
832 2384 985 2429 eum
1018 2366 1120 2430 vel
1160 2365 1478 2430 Christum
1518 2381 1784 2443 negare,
1829 2361 1928 2426 vel
1973 2368 2245 2426 mortem

697 2472 1029 2536 sustinere.

777 2585 838 2643 ὅ.
892 2579 990 2643 Ad
1018 2577 1177 2641 illud
1203 2579 1374 2660 quod
1415 2577 1643 2642 ultimo
1688 2577 2028 2659 objicitur,
2068 2575 2242 2658 quod

697 2689 893 2753 bomo
928 2688 1194 2751 libenter
1221 2685 1326 2749 dat
1356 2686 1535 2761 illud,
1566 2683 1740 2768 quod
1769 2684 1983 2747 minus
2007 2683 2242 2764 diligit,

629 2823 632 2828 ·
694 2815 813 2879 pro
844 2813 920 2859 eo
948 2794 1121 2877 quod
1162 2793 1371 2875 magis
1421 2793 1670 2873 diligit,
1709 2791 2046 2855 dicendum
2072 2789 2246 2873 quod

697 2919 928 2967 verum
953 2905 1070 2979 est,
1092 2900 1146 2963 si
1172 2901 1326 2963 illud
1350 2900 1532 2963 aliter
1550 2899 1812 2982 adipisci
1839 2915 1974 2962 non
2002 2896 2199 2979 possit
2225 2915 2243 2960 t

697 3019 762 3078 et
786 3014 1096 3096 quoniam
1122 3016 1328 3094 potest
1346 3012 1542 3075 homo
1561 3010 1821 3093 adipisci
1840 3010 2038 3073 vitam
2059 3013 2247 3072 aeter-

694 3135 847 3180 nam
871 3117 1063 3181 etiam
1089 3119 1322 3192 praeter
1343 3114 1633 3197 martyrii
1652 3111 2078 3192 tolerantiam,
2103 3110 2245 3176 ideo

693 3242 825 3289 non
885 3225 1173 3306 sequitur
1219 3223 1394 3305 quod
1432 3239 1656 3286 omnes
1700 3225 2039 3284 teneantur
2080 3218 2245 3285 velle

692 3351 809 3415 pro
838 3332 1084 3396 Christo
1111 3331 1274 3394 mori
1305 3328 1697 3412 simpliciter,
1732 3327 1841 3391 sed
1869 3326 1990 3391 sub
2018 3326 2243 3391 condi·

693 3442 866 3504 tione
889 3490 906 3519 ,
942 3439 1235 3503 videlicet
1274 3438 1330 3501 si
1357 3438 1538 3502 aliter
1565 3439 1623 3502 ei
1651 3437 1897 3520 placere
1924 3453 2057 3500 non
2089 3454 2242 3518 pos-

693 3548 796 3623 sit,
844 3553 907 3612 et
952 3548 1075 3611 hoc
1114 3546 1326 3613 solum
1367 3549 1462 3610 est
1495 3546 1566 3609 in
1614 3545 1880 3610 articulo
1923 3544 2242 3628 praedictae

692 3655 1101 3719 necessitatis·

1187 3801 1547 3883 QUAESTIO
1589 3803 1697 3869 111.

694 3942 791 3997 An
810 3941 1060 3997 habentes
1073 3943 1370 4012 perfectam
1393 3940 1732 4005 charitatem,
1748 3942 2028 3996 amantur
2041 3956 2106 3997 ea
2124 3957 2243 4012 quoe

1072 4036 1196 4086 sunt
1220 4030 1572 4102 perfectionis
1600 4029 1824 4101 implere
1852 4029 1891 4086 ¹.

776 4191 1008 4255 Utrum
1073 4190 1412 4273 perfectam
1481 4187 1853 4252 charitatem
1931 4186 2242 4253 habentes

697 4305 1036 4363 teneantur
1074 4315 1151 4361 ea
1172 4344 1189 4373 ,
1219 4313 1367 4379 quae
1411 4300 1562 4359 sunt
1614 4296 2015 4377 perfectionis
2036 4343 2053 4372 ,
2113 4296 2237 4360 im-

695 4407 902 4489 plere3
934 4411 997 4469 et
1022 4405 1194 4482 quod
1218 4404 1328 4483 sic,
1347 4403 1602 4468 videtur
1624 4404 1646 4438 ⁹
1674 4422 1691 4466 ε
1726 4404 1931 4470 Estote
1945 4405 2234 4485 perfecti,

693 4516 864 4579 sicut
892 4520 952 4579 ec
976 4519 1165 4595 pater
1200 4517 1405 4576 vester
1448 4510 1720 4576 coelestis
1753 4512 2073 4592 perlectus
2101 4518 2194 4579 est
2217 4534 2243 4577 .-

695 4623 816 4686 hoc
855 4620 1086 4684 dicitur
1132 4619 1429 4702 apostolis
1484 4622 1547 4682 et
1601 4619 1958 4700 apostolicis
2014 4621 2174 4685 viris
2220 4644 2235 4685 :

694 4747 855 4810 ergo
882 4728 1131 4792 videtur
1168 4726 1337 4809 quod
1380 4744 1601 4790 omnes
1631 4726 1754 4789 viri
1783 4728 2039 4808 perfecti
2061 4733 2243 4794 tene-

694 4842 883 4901 antur
903 4835 981 4899 ad
1013 4854 1110 4913 ea,
1140 4852 1290 4916 quae
1314 4838 1466 4897 sunt
1494 4834 1915 4915 perfectionis.

772 4948 833 5007 2.
882 4942 1041 5006 Item
1090 4940 1437 5023 Gregorius
1467 4941 1532 5003 in
1562 4940 1839 5022 quadam
1864 4941 2133 5007 homilia
2161 4948 2183 4983 ⁸
2220 4965 2235 5007 ε

701 5077 732 5113 α
761 5052 918 5117 Cum
946 5055 1271 5131 augentur
1300 5049 1489 5126 dona,
1520 5049 1798 5112 rationes
1819 5055 2111 5115 crescunt
2127 5052 2243 5115 do-

765 5252 881 5312 ¹Cf.
906 5250 1048 5299 Alex.
1078 5247 1292 5307 alensis,
1316 5248 1478 5305 Conl„
1503 5247 1655 5309 μω,
1676 5247 1845 5296 collat.
1869 5260 2030 5304 Lxxxx,
2052 5255 2150 5298 art.
2180 5252 2239 5313 33

695 5322 984 5384 stephanus
1012 5319 1220 5377 titulat..
1245 5320 1306 5367 ΠΙ
1341 5320 1501 5377 Sem„
1522 5318 1642 5366 dist.
1679 5330 1806 5376 xxx,
1830 5335 1882 5382 q.
1906 5332 1974 5384 113
2002 5321 2240 5370 Guilelm.

697 5393 879 5455 Vortl„
912 5393 975 5442 ΙΙΙ
998 5392 1157 5453 Sem„
1196 5390 1312 5440 dist.
1342 5399 1469 5453 xxx,
1497 5403 1549 5453 q.
1581 5401 1696 5439 1.—
1716 5394 1737 5424 ²
1758 5391 1963 5454 Manli„
1997 5405 2043 5454 v,
2073 5395 2150 5443 ⁴8.
2180 5419 2242 5432 —

1802 400 2427 470 SENTENTIARUM
2469 402 2616 469 LIB.
2667 403 2773 468 ΙΙΙ.

2361 555 2654 602 norum.»
2665 536 2844 602 Unde
2853 542 2916 601 et
2924 539 3267 603 auctoritas
3277 539 3495 605 divina
3508 542 3670 608 dicit
3679 546 3723 625 ⁸,
3737 547 3905 628 quod

2360 644 2463 707 cui
2508 644 2655 727 plus
2699 644 3141 723 committitur,
3172 645 3316 727 plus
3341 646 3422 710 ab
3458 666 3536 711 eo
3567 651 3899 731 exigitur:

2358 771 2521 835 ergo
2550 753 2655 817 cui
2683 753 3104 818 committitur
3137 755 3409 837 perfecta
3434 757 3737 838 charitaS,
3760 778 3906 823 cum

2360 859 2527 924 Deus
2580 859 2799 941 exigat
2841 863 3056 923 actum
3101 862 3588 928 convenientem
3633 864 3903 943 habitui,

2358 967 2613 1032 videtur
2656 967 2828 1049 quod
2854 967 2960 1031 ille
2995 970 3289 1033 teneatur
3316 969 3397 1034 ad
3433 989 3633 1054 opera
3660 973 3907 1056 perfec-

2356 1073 2568 1139 tionis.

2439 1186 2500 1244 3.
2529 1180 2710 1259 Item,
2740 1182 2905 1246 sicut
2926 1199 2995 1246 se
3015 1182 3207 1247 habet
3232 1183 3508 1249 charitas
3534 1186 3903 1271 imperfecta

2357 1289 2438 1354 ad
2463 1309 2656 1373 opera
2679 1291 2985 1375 simplicis
3001 1292 3295 1372 justitiae,
3326 1293 3418 1357 sic
3443 1312 3511 1357 se
3529 1293 3728 1357 habet
3753 1293 3901 1357 cha-

2357 1397 2509 1461 ritas
2553 1399 2827 1480 perfecta
2867 1399 2946 1462 ad
2982 1399 3464 1481 operajustitiae
3495 1417 3904 1464 consumma·

2356 1508 2439 1567 tae
2477 1527 2492 1569 :
2528 1505 2638 1569 sed
2664 1505 2906 1569 habens
2930 1504 3307 1570 charitatem
3338 1507 3781 1588 imperfectam
3814 1513 3906 1570 te-

2355 1617 2546 1676 netur
2587 1611 2667 1675 ad
2717 1630 2792 1676 ea
2840 1631 2987 1694 quae
3044 1616 3195 1676 sunt
3238 1613 3545 1696 simplicis
3581 1614 3898 1696 justitiae:

2356 1736 2515 1799 ergo
2550 1719 2807 1783 videtur
2850 1720 3019 1802 quod
3061 1720 3306 1784 habens
3358 1720 3735 1786 charitatem
3770 1739 3908 1804 per·

2355 1828 2581 1892 sectam
2609 1828 2932 1909 obligetur
2957 1828 3038 1893 ad
3065 1846 3261 1911 opera
3286 1829 3711 1910 perfectionis.

2435 1937 2497 1998 ⁴.
2530 1934 2687 1998 Item
2731 1935 3006 1998 charitas
3045 1940 3158 1999 aut
3204 1937 3476 2018 proficit,
3508 1940 3623 2000 aut
3646 1936 3899 2001 deficit:

2355 2043 2465 2105 sed
2487 2042 2728 2106 habens
2753 2042 3129 2107 charitatem
3148 2046 3403 2107 tenetur
3433 2061 3569 2106 non
3591 2043 3897 2107 deficere:

2355 2167 2512 2230 ergo
2539 2153 2789 2213 tenetur
2815 2151 3141 2231 proficere,
3172 2168 3322 2213 cum
3347 2167 3480 2214 non
3506 2151 3588 2213 sit
3620 2150 3901 2214 medium

2354 2258 2521 2322 inter
2546 2258 2726 2321 haec:
2759 2257 2871 2339 qui
2909 2260 3126 2321 autem
3159 2256 3351 2320 habet
3380 2258 3729 2339 perfectam
3754 2258 3897 2322 cha-

2354 2363 2609 2427 ritatem
2636 2381 2767 2428 non
2787 2367 2992 2445 potest
3011 2364 3340 2446 proficere,
3367 2364 3487 2428 nisi
3508 2364 3578 2427 in
3603 2365 3901 2447 operibus

2354 2472 2643 2553 perfectis
2675 2493 2691 2535 ι
2718 2489 2876 2553 ergo
2904 2471 3159 2536 videtur
3180 2472 3354 2554 quod
3398 2473 3611 2536 omnis
3627 2522 3648 2553 ,
3679 2473 3749 2536 in
3775 2490 3898 2555 quo

2354 2583 2448 2644 est
2492 2580 2813 2643 charitatis
2858 2579 3177 2662 perfectiO,
3215 2580 3539 2661 obligetur
3581 2580 3664 2645 ad
3711 2599 3896 2664 opera

2354 2686 2775 2769 perfeetionis.

2434 2794 2558 2859 Sed
2614 2799 2837 2858 contra
2862 2800 2884 2833 ⁸
2914 2789 2931 2859 ἰ
2963 2795 3036 2859 Si
3074 2795 3178 2859 vis
3230 2792 3321 2858 ad
3366 2795 3574 2860 vitam
3615 2793 3894 2878 inmedi,
3919 2822 4097 2870 rat-

2352 2917 2540 2967 serva
2565 2899 2900 2968 mandata.
2946 2899 3154 2982 Igitur
3194 2919 3277 2965 ex
3319 2902 3454 2965 sola
3497 2902 3898 2969 observantia

2351 3009 2800 3073 mandatorum
2827 3007 3105 3088 videtur,
3129 3008 3301 3090 quod
3318 3008 3515 3072 homo
3542 3011 3745 3092 possit
3769 3027 3901 3092 per·

2336 3116 2573 3207 ,venire
2614 3118 2695 3182 ad
2742 3116 3013 3181 salutem
3043 3136 3061 3180 ε
3092 3132 3256 3198 ergo
3282 3133 3415 3181 non
3453 3115 3712 3181 videtur
3735 3116 3895 3198 quod

2351 3219 2432 3284 ad
2471 3238 2549 3284 ea
2586 3220 2933 3302 obligetur,
2981 3236 3131 3301 quae
3174 3223 3330 3283 sunt
3369 3218 3700 3283 charitatis
3751 3237 3895 3302 per-

2350 3327 2553 3391 fectae.

2430 3430 2590 3496 Item
2608 3433 2631 3467 ⁸
2653 3453 2671 3496 z
2697 3434 2826 3510 Qui
2846 3448 2976 3499 non
3000 3431 3273 3516 offendit
3299 3433 3375 3498 in
3394 3432 3600 3513 verbo,
3629 3431 3735 3498 hic
3756 3449 3891 3515 per-

2347 3539 2552 3620 fectus
2597 3545 2692 3606 est
2727 3542 2835 3605 vir
2861 3558 2884 3603 :
2913 3540 3023 3606 sed
3066 3540 3284 3604 nullus
3325 3544 3584 3604 tenetur
3627 3541 3707 3604 ad
3750 3541 3893 3619 hoe,

2349 3651 2523 3734 quod
2572 3651 2852 3719 offendat
2894 3653 2965 3717 in
3009 3654 3208 3719 verbo
3228 3702 3247 3735 ,
3295 3658 3888 3740 quantumcumque

2349 3759 2429 3824 sit
2465 3760 2782 3842 perfectus
2836 3782 2853 3847 ².
2911 3777 3071 3843 ergo
3132 3765 3392 3844 propter
3447 3760 3891 3844 perfectionem

2349 3866 2674 3931 charitatis
2717 3884 2853 3934 non
2897 3867 3223 3949 obligatur
3260 3868 3406 3951 quis
3448 3867 3531 3932 ad
3582 3885 3692 3947 ea,
3750 3883 3891 3950 quae

2348 3979 2498 4038 sunt
2521 3974 2943 4056 perfectionis.

2431 4080 2588 4144 ltem
2632 4085 2870 4165 quanto
2913 4082 3152 4165 aliquis
3191 4085 3287 4146 est
3330 4082 3401 4148 in
3428 4082 3660 4165 majori
3688 4081 3890 4146 ehari-

2349 4192 2476 4253 tate
2501 4189 2904 4268 constitutus,
2936 4193 3112 4253 tanto
3135 4189 3278 4272 plus
3302 4190 3497 4255 habet
3514 4191 3597 4256 de
3612 4190 3889 4255 libertate

2348 4298 2646 4382 spiritus:
2676 4303 2917 4380 quanto
2956 4298 3100 4381 plus
3127 4299 3319 4366 habet
3348 4301 3427 4365 de
3452 4299 3743 4365 libertate
3780 4298 3889 4382 spi-

2349 4405 2534 4484 ritus,
2563 4410 2741 4469 tanto
2781 4406 3187 4489 paucioribus
3214 4407 3489 4472 vinculis
3511 4408 3841 4488 obligatur
3869 4428 3883 4468 z

2350 4529 2507 4593 ergo
2534 4512 2789 4594 perfecti
2824 4531 2957 4576 non
2996 4518 3296 4579 tenentur
3335 4515 3417 4579 ad
3459 4517 3669 4598 plura,
3701 4529 3888 4598 quam

2351 4623 2687 4683 teneantur
2726 4620 3076 4703 imperfecti
3098 4670 3117 4700 ,
3150 4627 3472 4704 quantum
3512 4626 3610 4687 est
3642 4622 3726 4687 de
3752 4640 3885 4705 per·

2347 4726 2615 4791 sectione
2659 4727 3003 4792 charitalis.
3047 4728 3118 4793 Si
3158 4746 3319 4812 ergo
3360 4730 3714 4813 imperfecti
3770 4747 3891 4793 non

2349 4836 2800 4916 astringuntur
2833 4836 2914 4898 ad
2952 4852 3148 4919 opera
3187 4838 3615 4920 perfectioniS,
3644 4838 3892 4903 videtur

2349 4961 2389 5005 a
2417 4943 2646 5025 majori
2691 4943 2865 5025 quod
2900 4961 3019 5006 nec
3044 4944 3137 5006 illi
3163 4944 3434 5009 debeant
3457 4945 3759 5027 astringi,
3786 4944 3893 5027 qui

2349 5056 2503 5113 sunt
2529 5050 2598 5113 in
2624 5050 2928 5114 charitate
2951 5051 3225 5132 perfecta
3250 5052 3602 5117 constituti.

2434 5156 2593 5220 Item
2641 5161 2843 5220 status
2877 5156 3202 5220 charitatis
3222 5157 3524 5239 *perfectae
3551 5176 3687 5223 non
3712 5178 3892 5224 exce-

2349 5323 2621 5386 ⁸Greg.,1'n
2636 5321 3000 5385 Evmaeq.,hom.
3027 5332 3097 5371 tx.
3118 5321 3361 5386 -⁸Luc.,
3376 5334 3477 5387 ΧΗ,
3498 5327 3648 5377 48.-
3665 5328 3687 5362 ⁸
3702 5326 3891 5387 flami„

2354 5407 2464 5458 xix,
2495 5396 2630 5444 17.—-
2650 5394 2671 5428 ⁸
2688 5394 2825 5465 lae,
2846 5405 2927 5457 ιιι,
2950 5396 3000 5443 2.
