4185 6288
569 2624 701 2671 nivi-i

772 444 891 506 5⁶2
1883 437 2505 507 SENTENTlARUM
2548 435 2699 506 Lm.
2746 438 2853 505 111.

768 578 1033 671 species,
1065 587 1130 646 et
1154 576 1346 646 desiit
1370 598 1538 669 epea.
1571 577 1670 646 Ita
1693 584 1758 647 et
1776 575 2103 662 Christus,
2133 576 2206 645 in
2253 597 2389 668 quo
2421 575 2697 645 fuerunt
2738 574 2915 646 bona
2957 574 3216 668 patriae,
3266 575 3545 646 credidit
3583 576 3860 669 quidem
3902 590 3967 647 et

768 695 1052 787 speravit
1081 694 1619 763 resurrectionem
1645 694 1837 763 tertia
1860 693 1967 762 die
1992 693 2318 777 futuram,
2346 713 2464 783 pro
2495 714 2628 784 qua
2654 699 2719 761 et
2746 691 3008 761 Patrem
3037 692 3251 761 oravit
3278 691 3336 780 ¹3
3364 715 3486 762 nec
3515 702 3738 763 tamen
3767 693 3967 764 fidem

769 811 1105 896 virtutem,
1135 811 1238 881 vel
1269 835 1448 903 spem
1479 811 1736 897 habuit,
1769 811 1926 903 quia
1966 833 2101 879 non
2140 807 2620 898 aenigmaticam
2665 817 2728 876 et
2769 809 3197 902 specularem,
3245 809 3358 878 sed
3402 809 3840 879 clarissimam
3885 809 3967 878 de

767 928 1303 1017 eacognitionem
1332 926 1594 1012 habuit;
1627 927 1786 1019 quia
1826 949 1960 995 non
2010 926 2361 1018 perfectius
2405 948 2548 993 eam
2589 925 2897 1014 cognovit
2933 926 3366 1016 praeteritam,
3398 949 3599 1017 quam
3643 927 3972 995 intellexit

765 1043 1083 1114 futuram.
1117 1043 1418 1136 Speravit
1445 1054 1659 1113 tamen
1686 1044 2016 1126 ChristuS,
2058 1044 2228 1111 sicut
2255 1042 2325 1111 in
2351 1040 2632 1110 Psalmis
2666 1041 2759 1109 ait
2781 1046 2804 1080 ³
2841 1067 2857 1109 :
2902 1045 2986 1111 In
3029 1055 3114 1125 te,
3149 1043 3452 1128 Domine,
3484 1045 3753 1136 speravi
3771 1068 3803 1126 ,·
3844 1067 3964 1113 nec

769 1167 986 1229 tamen
1028 1160 1248 1246 fidem,
1282 1160 1384 1228 vel
1424 1183 1603 1252 spem
1644 1159 1958 1228 virtutem
1999 1159 2268 1244 habuit,
2306 1157 2465 1249 quia
2505 1179 2622 1249 per
2660 1156 2939 1249 speciem
2983 1158 3246 1228 videbat
3290 1182 3391 1245 ea,
3439 1182 3591 1251 quae
3636 1160 3965 1229 credebat.

766 1274 862 1345 De
917 1276 1207 1368 antiquis
1258 1299 1413 1346 vero
1477 1276 1803 1367 patribus,
1853 1275 1971 1367 qui
2003 1274 2182 1367 apud
2240 1273 2484 1342 inferos
2530 1296 2741 1365 usque
2793 1273 2875 1342 ad
2944 1275 3309 1367 passionem
3351 1275 3776 1362 tenebantur,
3833 1299 3966 1346 non

770 1390 1129 1481 incongrue
1182 1392 1309 1460 dici
1352 1400 1585 1486 potest,
1634 1392 1813 1485 quod
1861 1392 2059 1460 fidem
2110 1398 2175 1459 et
2217 1412 2400 1482 spem
2450 1389 2764 1459 virtutem
2814 1390 3232 1479 habuerunt,
3291 1393 3451 1485 quia
3493 1392 3853 1462 credebant
3905 1402 3967 1462 et

770 1509 1116 1600 sperabant
1156 1531 1224 1576 se
1269 1508 1527 1577 visuros
1563 1509 1777 1579 Deum
1821 1531 1938 1601 per
1973 1507 2296 1600 speciem;
2345 1506 2636 1598 qualiter
2674 1528 2828 1575 eum
2866 1515 3024 1576 tunc
3066 1530 3203 1577 non
3241 1508 3592 1597 videbant,
3625 1510 3793 1602 quia
3834 1533 3964 1580 non

770 1627 984 1719 patuit
1018 1625 1112 1694 eis
1159 1625 1447 1714 cognitio
1489 1625 1605 1693 Dei
1650 1647 1767 1716 per
1805 1625 2085 1716 speciem
2131 1631 2283 1693 ante
2325 1621 2694 1715 passionem
2730 1621 2998 1711 Christi,
3049 1647 3184 1718 qua
3222 1634 3706 1714 consummata,
3753 1650 3798 1695 a
3836 1625 3964 1696 fide

771 1742 1175 1812 transierunt
1201 1742 1284 1810 ad
1307 1742 1612 1834 speciem.

1149 1966 1561 2035 EXPOSITIO
1600 1965 1929 2034 TEXTUS.

1112 2140 1201 2192 Est
1246 2143 1418 2191 autem
1465 2154 1583 2206 spes
1629 2139 1829 2205 virtus,
1880 2142 1978 2191 ete.

856 2294 933 2358 ln
975 2293 1481 2377 praeoedentibus
1521 2292 1969 2359 determinavit
2016 2290 2320 2374 Magister

775 2402 853 2468 de
882 2403 1090 2484 prima
1117 2402 1434 2467 virtutum
1462 2399 1997 2482 theologicarum,
2027 2399 2322 2466 videlicet

775 2507 853 2574 de
877 2509 1037 2586 ssde;
1087 2508 1155 2572 in
1194 2508 1314 2572 bac
1340 2513 1518 2591 parte
1562 2506 1832 2573 intendit
1881 2525 2079 2589 agere
2105 2506 2184 2572 de
2229 2524 2322 2572 se-

703 2640 747 2672 o·
774 2615 1004 2695 cunda,
1032 2615 1321 2680 videlicet
1343 2617 1421 2681 de
1442 2634 1576 2699 spe.
1599 2616 1915 2680 Dividitur
1937 2619 2157 2680 autem
2174 2633 2323 2699 pars

774 2724 893 2787 ista
935 2723 1003 2786 in
1047 2729 1256 2807 partes
1283 2725 1478 2800 dua5‚
1509 2724 1579 2788 in
1629 2743 1908 2807 quarum
1936 2724 2147 2808 prima
2186 2723 2321 2789 Ma-

774 2833 975 2914 gister
1015 2832 1465 2899 determinavit
1507 2834 1587 2898 de
1627 2833 1765 2917 ipsa
1804 2853 1914 2917 spe
1962 2832 2319 2898 secundum

774 2940 1343 3005 considerationem
1378 2941 1762 3018 absolutam,
1792 2940 2131 3004 ostendens
2164 2939 2314 3022 quid

773 3047 910 3129 ipsa
936 3048 1054 3126 sit3
1086 3048 1153 3112 in
1182 3048 1461 3112 secunda
1492 3066 1646 3113 vero
1676 3048 2052 3112 determinat
2079 3047 2158 3111 de
2185 3047 2321 3131 ipsa

773 3157 1123 3222 secundum
1152 3158 1716 3222 considerationem
1745 3158 2033 3235 relatam,
2068 3154 2199 3220 ibi:
2227 3158 2320 3223 Et

774 3268 944 3332 sicut
970 3265 1151 3347 Mea,
1184 3268 1283 3333 ita
1310 3271 1370 3332 et
1403 3283 1565 3349 spes,
1596 3272 1715 3330 etc.
1746 3264 1961 3329 Prima
1992 3282 2141 3347 pars
2181 3283 2320 3347 pos-

774 3379 871 3439 set
908 3373 1106 3437 dividi
1151 3374 1220 3437 in
1261 3373 1453 3451 duas,
1506 3373 1860 3437 secundum
1902 3373 2060 3437 duas
2103 3373 2319 3437 notifi-

775 3481 1053 3545 cationes
1095 3499 1257 3564 quas
1308 3481 1510 3564 ponit.
1581 3479 1795 3544 Prima
1845 3481 2115 3563 ponitur
2157 3481 2245 3545 ibi
2296 3499 2313 3543 :

775 3590 893 3655 Est
936 3595 1147 3656 autem
1193 3604 1334 3671 spes
1370 3591 1579 3655 virtus
1602 3610 1627 3661 ,-
1673 3588 1981 3665 secunda,
2027 3588 2119 3651 ihi
2150 3609 2167 3653 ε
2202 3589 2321 3656 Est

776 3698 973 3763 etiam
1013 3712 1158 3779 spes
1204 3701 1376 3763 certa
1417 3697 1802 3777 expectatio,
1855 3698 1973 3759 etc.
2028 3695 2319 3760 Secunda

775 3822 932 3871 vero
992 3822 1141 3886 pars
1203 3804 1567 3887 principalis
1613 3803 1920 3899 dividitur
1976 3803 2046 3866 in
2109 3807 2320 3886 partes

775 3912 970 3991 duaa,
1000 3911 1071 3975 in
1097 3930 1373 3993 quarum
1417 3912 1626 3995 prima
1665 3911 2044 3976 determinat
2076 3912 2156 3976 de
2183 3911 2321 3994 ipsa

773 4037 885 4101 spe
915 4037 1030 4102 per
1059 4019 1595 4101 comparationem
1633 4018 1714 4082 ad
1756 4018 2018 4082 alterius
2062 4017 2319 4082 virtutis

773 4125 1061 4190 habitum
1088 4147 1105 4204 3
1136 4125 1206 4190 in
1250 4123 1528 4190 secunda
1561 4125 1947 4189 determinat
1980 4125 2059 4189 de
2086 4125 2223 4209 ipsa
2248 4125 2319 4190 in

773 4232 1241 4316 comparatione
1266 4233 1347 4298 ad
1373 4234 1705 4317 proprium
1734 4234 2132 4317 subjectum,
2163 4233 2257 4298 ibi
2297 4256 2315 4299 z

773 4343 928 4408 Post
985 4340 1100 4407 hoc
1156 4347 1438 4424 superest
1502 4344 1914 4425 investiqare.
1984 4340 2058 4405 In
2110 4341 2319 4425 prima

772 4453 953 4531 parte
984 4449 1143 4514 duos
1182 4449 1329 4515 facit
1357 4468 1376 4514 ε
1420 4450 1631 4534 primo
1674 4453 2000 4534 comparat
2029 4469 2211 4535 spem
2237 4451 2317 4515 ad

770 4555 975 4638 ipsam
1000 4557 1195 4621 fidem
1234 4558 1588 4622 secundum
1622 4558 2174 4638 convenientiam;
2213 4575 2314 4621 se-

771 4665 981 4729 cundo
1020 4682 1210 4742 vero,
1269 4663 1624 4728 secundum
1672 4664 2130 4743 differentiam,
2172 4664 2308 4729 ibi:

771 4772 1217 4854 Distinquizur
1243 4779 1455 4838 tamen
1485 4772 1646 4853 fides
1673 4791 1715 4839 a
1747 4790 1881 4856 spe.
1928 4773 2228 4840 Similiter
2255 4778 2319 4838 et

772 4879 839 4943 in
877 4886 1056 4963 parte
1097 4882 1342 4963 reliqua
1378 4881 1507 4946 duo
1548 4881 1696 4944 facit
1737 4902 1753 4945 z
1802 4881 2009 4964 primo
2048 4881 2319 4964 inquirit

773 4993 996 5051 utrum
1021 5006 1164 5069 spes
1189 4994 1253 5052 et
1282 4988 1439 5051 fides
1459 4988 1690 5051 fuerint
1717 4990 1793 5069 (α)
1817 4989 1884 5051 in
1908 4988 2191 5069 Christo;
2217 5009 2315 5055 se·

778 5096 985 5159 cundo
1003 5095 1271 5177 inquirit
1290 5101 1510 5159 utrum
1528 5096 1764 5159 fuerint
1787 5097 1867 5179 (a)
1888 5096 1953 5159 in
1983 5096 2107 5160 illis
2127 5098 2322 5180 patri·

776 5198 918 5279 buS,
950 5202 1061 5283 qui
1088 5203 1345 5266 fuerunt
1373 5203 1443 5265 in
1470 5203 1697 5282 limbo,
1730 5203 1822 5266 ibi
1858 5226 1873 5269 τ
1906 5204 1994 5270 De
2024 5206 2320 5288 antiquis

776 5321 924 5374 vero
948 5308 1269 5389 patribus,
1301 5311 1417 5392 qm·
1444 5308 1533 5376 ad
1560 5311 1822 5391 inferos,
1851 5316 1970 5377 etc.

841 5436 1026 5498 Um,
1042 5446 1172 5498 xvu,
1184 5438 1297 5485 5.-
1310 5438 1332 5472 ²
1349 5436 1487 5486 Psal.
1508 5448 1633 5497 xxx,
1651 5440 1763 5489 l.—
1781 5439 1850 5502 (a)
1870 5438 2010 5489 Edit.
2024 5439 2320 5500 Vemtueris..

3079 1982 3219 2030 DUB.
3263 1982 3308 2028 1.

2810 2157 2900 2207 Est
2923 2157 3097 2208 autem
3123 2168 3240 2222 spes
3265 2156 3460 2221 vix-mn,
3486 2161 3590 2209 etc.

2506 2307 2814 2391 Objicitur
2843 2330 2861 2372 ε
2893 2308 2961 2374 Si
3002 2310 3250 2375 bonum
3274 2314 3594 2376 aeternum
3636 2314 3735 2376 eet
3774 2330 3974 2376 unum

2426 2413 2634 2481 solum
2650 2463 2672 2495 ‚
2703 2416 2959 2482 videtur
2984 2418 3157 2499 quod
3193 2417 3357 2482 male
3385 2417 3555 2483 dicat
3601 2416 3968 2500 pluraliter:

2430 2522 2566 2597 Qua
2600 2528 2840 2590 aeterna
2890 2522 3054 2589 bona
3093 2529 3463 2605 sperantur.
3516 2522 3683 2590 Item
3722 2525 3972 2590 nullum

2425 2634 2741 2694 aeternum
2767 2634 2864 2695 est
2886 2629 3273 2712 temporale:
3295 2648 3454 2712 ergo
3478 2648 3634 2696 cum
3653 2649 3777 2714 per
3803 2649 3974 2714 spem

2425 2741 2839 2820 expectantur
2884 2738 3107 2801 futura
3161 2736 3330 2801 bona
3354 2785 3375 2814 ‚
3414 2737 3584 2803 sicut
3632 2737 3871 2804 dicitur
3910 2740 3975 2803 in

2425 2844 2551 2910 alia
2594 2843 2970 2908 diffinitione
2990 2888 3011 2919 ‚
3064 2842 3320 2909 videtur
3363 2844 3544 2927 quod
3603 2864 3723 2929 per
3773 2847 3974 2930 ipsam

2424 2970 2555 3017 non
2584 2956 3002 3033 expectantur
3045 2955 3287 3017 aeterna
3329 2951 3522 3018 bona.
3565 2950 3840 3037 Propter
3864 2954 3977 3019 hoc

2426 3064 2739 3147 quaeritur
2773 3080 2921 3147 quae
2965 3063 3047 3128 sit
3090 3063 3448 3130 differentia
3492 3063 3663 3130 inter
3706 3065 3822 3130 illa
3853 3065 3976 3132 duo

2428 3172 2748 3249 membra,
2774 3171 3073 3238 videlicet
3109 3172 3277 3238 inter
3300 3171 3666 3255 spiritualia
3698 3173 3892 3254 bona,
3916 3178 3976 3241 et

2425 3286 2687 3344 aeterna.

2512 3388 2700 3470 Resp.
2733 3386 3078 3454 Dicendum
3112 3390 3285 3472 quod
3326 3404 3472 3471 spoe
3516 3388 3839 3456 diffluitur
3879 3391 3974 3456 hic

2427 3515 2543 3580 per
2570 3496 3110 3580 comparationem
3143 3497 3223 3561 ad
3249 3497 3577 3580 objectum
3622 3501 3974 3584 proprium.

2427 3601 2756 3688 Objectum
2784 3607 3001 3669 autem
3046 3603 3249 3687 ipsius
3282 3605 3419 3688 spei
3462 3609 3560 3669 est
3600 3606 3820 3690 ipsum
3861 3607 3977 3671 bo-

2424 3731 2586 3777 num
2615 3716 2930 3778 aeternum
2957 3716 3020 3778 et
3047 3713 3427 3796 gloriosum.
3459 3713 3596 3779 Hoc
3631 3721 3848 3781 autem
3883 3720 3972 3781 est

2424 3820 2665 3904 duplex
2685 3870 2702 3899 ,
2734 3820 2969 3886 scilicet
3013 3824 3300 3886 creatum
3320 3869 3339 3901 ,
3366 3824 3431 3886 et
3465 3822 3864 3903 increatum;
3911 3828 3972 3889 et

2426 3931 2718 4011 respectu
2738 3928 3075 4010 utriusque
3103 3931 3198 3991 est
3226 3946 3388 4011 spes,
3421 3928 3857 4013 principaliter
3877 3934 3971 3995 ta-

2424 4050 2578 4098 men
2624 4039 2914 4116 roepectu
2957 4033 3108 4098 boni
3160 4033 3444 4099 increati.
3497 4034 3577 4100 Et
3624 4037 3968 4102 secundum

2424 4140 2547 4205 hoc
2573 4140 2910 4223 dupliciter
2941 4142 3145 4223 potest
3169 4140 3446 4223 intelligi
3476 4143 3783 4225 praedicta
3806 4144 3963 4209 diffl-

2424 4248 2606 4314 nitio.
2655 4248 2735 4314 Et
2773 4248 2829 4312 si
2874 4246 3270 4329 intelligatur
3314 4248 3395 4313 de
3438 4249 3610 4315 bono
3653 4249 3962 4330 increato,

2423 4360 2579 4423 tunc
2622 4374 2766 4439 spes
2813 4355 3043 4421 dicitur
3085 4358 3420 4438 expectare
3473 4361 3721 4423 aeterna
3769 4359 3964 4440 bom,

2425 4481 2572 4548 quae
2616 4462 2900 4546 quidem,
2947 4466 3266 4545 quantum
3310 4466 3408 4528 est
3447 4463 3519 4529 in
3562 4483 3668 4545 se,
3710 4472 3972 4534 currunt

2422 4570 2558 4635 sine
2584 4570 2898 4654 principio
2934 4573 2997 4635 et
3023 4569 3176 4635 fine.
3212 4568 3280 4634 Si
3320 4573 3540 4635 autem
3581 4572 3971 4657 intelligatur

2427 4680 2505 4744 de
2530 4680 2700 4744 bono
2729 4682 2938 4743 creato
2959 4727 2978 4757 ,
3009 4683 3164 4744 tunc
3187 4678 3419 4744 dicitur
3447 4685 3787 4763 expectare
3813 4682 3969 4747 bona

2432 4790 2709 4866 aeterna,
2759 4786 2824 4852 id
2874 4787 2970 4850 est
3042 4791 3368 4868 perpetua.
3439 4785 3725 4872 Utroque
3771 4794 3972 4854 tamen

2433 4889 2624 4954 modo
2689 4887 3018 4972 pluraliter
3104 4888 3337 4953 dicitur
3403 4896 3742 4973 expectare
3817 4893 3974 4956 bona

2431 5001 2700 5076 aeterna,
2732 5015 2864 5061 non
2910 4996 3064 5080 quia
3099 4996 3284 5079 plura
3313 5004 3463 5063 sunt
3489 4999 3659 5065 bona
3705 5019 3968 5077 summa,

2430 5104 2539 5169 sed
2588 5103 2741 5187 quia
2786 5104 3030 5168 bonum
3080 5107 3438 5186 aeternum,
3481 5108 3661 5189 quod
3710 5112 3804 5173 aet
3843 5107 3969 5191 ipsa

2429 5211 2745 5276 immensa
2786 5211 3065 5291 bonitas,
3098 5212 3320 5276 omnia
3357 5212 3530 5278 bona
3571 5214 3821 5280 excellit
3868 5231 3969 5299 per

2433 5318 2535 5385 sui
2595 5317 3009 5385 eminentiam
3056 5337 3076 5383 ε
3123 5322 3188 5383 et
3248 5318 3497 5387 bonum
3557 5328 3931 5406 perpetuum
3947 5370 3964 5400 ,

2435 5426 2607 5509 quod
2635 5430 2730 5492 est
2755 5426 3078 5493 beatitudo
3104 5432 3337 5507 creata,
3362 5429 3586 5495 omnia
3612 5430 3782 5497 bona
3803 5446 3966 5495 oom-
