4185 6288
765 508 886 570 434

765 641 1059 705 mentum
1083 632 1408 718 baptismi,
1448 629 1625 715 quod
1650 632 1746 694 est
1769 626 2128 693 remedium
2153 641 2308 689 cou-

763 751 866 811 tra
889 742 1225 827 originale,
1259 757 1457 824 quam
1489 738 1556 802 in
1598 737 2069 802 sacramentum
2090 731 2309 816 poeni-

761 851 980 918 tentiae
1005 870 1025 915 t
1054 854 1120 915 et
1138 849 1262 913 hoc
1286 851 1382 913 est
1403 846 1896 911 fundamentum
1928 842 2305 917 multorum,

763 976 913 1044 quae
936 958 1006 1022 in
1031 961 1262 1040 quarto
1299 954 1464 1018 libro
1513 952 2043 1026 determinantur,
2072 951 2137 1011 et
2162 964 2311 1027 sup·

761 1070 1093 1151 ponuntur
1118 1064 1199 1129 ab
1224 1062 1347 1127 hoc
1376 1061 1561 1125 libro.
1580 1057 2062 1123 Concedendum
2080 1058 2176 1118 ost
2200 1070 2310 1117 er-

763 1192 853 1258 go
895 1174 1068 1257 quod
1105 1170 1324 1236 nullus
1383 1168 1645 1250 adjutus
1693 1164 1906 1248 gratia
1955 1162 2310 1227 satisfacere

761 1281 973 1367 potuit
1024 1297 1144 1363 pro
1193 1277 1423 1359 seipso.
1459 1271 1889 1338 Concedendae
1915 1272 2071 1335 sunt
2112 1267 2309 1332 etiam

763 1389 1064 1463 rationes,
1093 1404 1240 1470 quae
1269 1385 1394 1450 hoc
1415 1381 1780 1449 ostendunt.

840 1501 905 1562 ¹.
933 1494 1033 1560 Ad
1072 1493 1229 1574 illud
1255 1510 1413 1559 vero
1459 1488 1633 1573 quod
1661 1487 1981 1570 objicitur,
2006 1484 2181 1567 quod
2207 1500 2313 1547 sa-

760 1606 1030 1673 tisfactio
1090 1607 1187 1669 est
1239 1619 1388 1685 pars
1459 1598 1856 1682 poenitentiae
1885 1643 1906 1674 ,
1967 1592 2310 1659 dicendum

761 1714 935 1800 qnod
988 1713 1125 1796 ipsa
1160 1709 1558 1795 poenitentia,
1618 1706 1784 1770 sicut
1834 1708 2163 1768 ostensum
2191 1705 2308 1775 est,

761 1823 1111 1891 effloeciam
1149 1819 1346 1885 habet
1392 1836 1433 1880 a
1459 1815 1752 1899 passione
1785 1810 2013 1877 Christi
2045 1827 2180 1873 uon
2204 1825 2307 1873 so·

761 1933 904 1998 lum
931 1933 1076 2014 post
1127 1927 1512 2011 passionem,
1558 1921 1669 1987 sed
1711 1920 1906 1985 etiam
1933 1920 2082 1982 ante
2100 1965 2125 1995 ,
2155 1915 2312 1998 quia

765 2037 1052 2107 Christus
1103 2054 1220 2119 per
1246 2033 1603 2116 passionem
1652 2046 1837 2092 suam
1866 2024 2170 2090 omnibus
2194 2022 2314 2085 im·

761 2145 1038 2233 petravit
1051 2141 1328 2227 gratiam
1344 2135 1869 2222 poenitentialem,
1890 2138 1954 2198 et
1968 2132 2136 2197 Deus
2151 2147 2313 2213 prae·

761 2252 1136 2319 cedentibus
1186 2247 1477 2332 patribus
1522 2244 1694 2308 dedit
1740 2241 2017 2324 gratiam
2051 2242 2314 2321 propter

763 2360 1252 2427 satisfactionem
1271 2352 1583 2439 passionis
1612 2349 2017 2434 promissam;
2037 2362 2315 2427 sequen-

764 2469 937 2534 tibus
963 2484 1139 2542 ver0,
1166 2467 1426 2548 propter
1449 2459 1749 2524 solutam.
1769 2455 1847 2520 Et
1877 2454 2045 2518 sicut
2057 2454 2317 2533 nosjus·

766 2578 1089 2644 tificamur
1113 2574 1184 2637 in
1209 2573 1335 2638 fide
1360 2567 1672 2654 passionis
1698 2562 2060 2649 praeteritae,
2085 2561 2176 2625 ita
2193 2558 2312 2641 ipsi

761 2683 1278 2771 justificabantur
1304 2681 1374 2743 in
1400 2677 1526 2741 fide
1552 2673 1863 2760 passionis
1888 2672 2149 2736 futurae.
2179 2668 2315 2733 Un-

767 2794 848 2859 de
871 2798 890 2833 ¹
915 2799 979 2859 et
1001 2792 1119 2875 qui
1140 2787 1483 2873 proetbant,
1509 2790 1568 2851 et
1585 2784 1704 2867 qui
1719 2778 2162 2864 sequebantur,
2181 2776 2317 2842 cta·

769 2902 1031 2968 mabam
1059 2922 1077 2963 ε
1108 2899 1371 2965 Osanna
1402 2896 1509 2978 (a),
1537 2894 1706 2959 Filio
1733 2887 1978 2956 David.
2019 2886 2199 2951 Unde
2233 2903 2318 2950 ex

768 3009 894 3076 hoc
918 3026 1053 3073 non
1093 3007 1406 3084 habetur,
1437 3002 1608 3087 quod
1658 2998 1889 3082 aliquis
1931 2994 2319 3060 sufficienter

769 3116 969 3204 possit
1000 3115 1352 3181 satisfacere
1370 3128 1487 3196 pro
1532 3128 1622 3174 se.
1653 3106 1970 3174 Praeterea
2010 3101 2176 3167 ratio
2211 3100 2320 3164 illa

770 3244 906 3291 non
927 3222 1245 3290 concludit
1269 3221 1349 3285 de
1375 3215 1701 3300 originali,
1730 3213 1841 3278 sed
1864 3210 2074 3276 solum
2102 3208 2180 3273 de
2207 3226 2319 3272 ac-

772 3332 931 3398 tuali
963 3352 981 3396 :
1014 3328 1386 3415 poenitentia
1437 3325 1612 3389 enim
1639 3340 1775 3386 non
1801 3323 1895 3384 est
1940 3321 2164 3382 contra
2187 3315 2317 3380 ori-

775 3441 1015 3526 ginale,
1044 3437 1154 3502 sed
1202 3439 1424 3500 contra
1470 3429 1738 3496 actuale.
1782 3426 1910 3492 Nec
1935 3424 2105 3489 valet
2148 3421 2321 3506 quod

774 3549 1096 3632 objicitur,
1132 3542 1303 3628 quod
1355 3540 1626 3623 gravius
1676 3539 1773 3601 est
1822 3533 2091 3610 actuale,
2123 3546 2322 3614 quam

769 3653 1082 3738 originale
1110 3671 1129 3717 ε
1161 3649 1504 3715 dicendum
1534 3645 1730 3723 enim,
1760 3640 1936 3726 quod
1975 3638 2094 3703 etsi
2118 3637 2320 3718 origi-

771 3764 921 3829 nale
946 3764 1016 3827 in
1042 3759 1309 3845 posteris
1335 3756 1416 3820 sit
1444 3755 1661 3819 minus
1687 3768 1882 3834 quam
1905 3744 2185 3821 actuale;
2215 3748 2322 3809 ta·

772 3889 948 3949 men,
967 3873 1285 3954 quantum
1304 3865 1385 3929 ad
1413 3879 1599 3928 suam
1625 3860 1972 3940 originem,
1989 3854 2321 3936 peccatum

775 3977 1089 4061 originale
1136 3973 1323 4041 valde
1368 3971 1493 4036 fuit
1526 3986 1761 4052 grave,
1791 3982 1943 4029 cum
1964 3966 2164 4026 totam
2192 3959 2323 4024 hu-

776 4103 1040 4153 manam
1064 4088 1364 4149 naturam
1387 4076 1696 4143 infecerit.
1724 4069 2074 4138 Satisfactio
2106 4071 2325 4133 autem

778 4194 1020 4279 peccati
1069 4188 1408 4273 originalis
1432 4184 1687 4267 respicit
1712 4182 1920 4264 ipsam
1950 4177 2271 4258 originem
2303 4194 2320 4237 t

783 4306 850 4367 et
890 4301 1032 4366 ideo
1068 4300 1209 4365 dico
1237 4294 1410 4380 quod
1454 4291 1777 4357 difficilius
1802 4286 1925 4352 fuit
1970 4284 2327 4350 satisfacere

780 4427 901 4494 pro
945 4405 1245 4490 originali
1276 4453 1296 4485 ‚
1351 4418 1549 4486 quam
1574 4415 1694 4481 pro
1734 4393 1986 4473 actuali,
2015 4392 2169 4475 quia
2194 4407 2327 4454 non

773 4519 986 4599 potest
1001 4513 1142 4578 fleri
1168 4507 1506 4577 satisfactio
1528 4522 1645 4589 pro
1671 4520 1807 4567 uno
1828 4498 2152 4580 originali,
2171 4496 2330 4580 quin

779 4623 902 4689 flat·
932 4638 1054 4706 pro
1097 4617 1441 4695 omnibus;
1482 4631 1619 4679 non
1671 4610 1766 4675 sic
1808 4613 1905 4674 est
1946 4608 2016 4671 in
2061 4604 2331 4689 peccatis

783 4729 1162 4796 actualibus.

866 4844 931 4905 2.
953 4839 1056 4905 Ad
1075 4835 1234 4903 illud
1259 4833 1431 4919 quod
1448 4831 1771 4916 objicitur,
1791 4824 1966 4912 quod
1978 4822 2333 4889 satisfacere

785 4951 885 5014 est
934 4945 1249 5012 honorem
1291 4943 1578 5009 debitum
1619 4938 1747 5006 Deo
1794 4933 2082 5010 reddere,
2125 4930 2333 5014 dicen·

850 5072 873 5110 ¹
899 5071 1105 5136 naith„
1130 5084 1243 5137 ιιι,
1265 5072 1326 5134 93
1355 5072 1536 5122 Marc..
1553 5079 1630 5130 11,
1653 5068 1701 5117 9.

855 5162 922 5225 (a)
949 5161 1100 5226 vulg.
1130 5161 1380 5212 Horarum.
1400 5186 1463 5198 —
1493 5158 1563 5223 (b)
1594 5156 1675 5207 Al.
1698 5153 1835 5205 facit.

1858 482 2499 557 SENTENTIARUM
2536 482 2687 553 ΠΒ.
2733 480 2841 547 111.

2415 620 2576 684 dum
2605 616 2779 702 quod
2800 620 2896 681 est
2918 612 3207 680 debitum
3233 628 3364 693 qno
3392 614 3692 675 tenemur
3716 608 3848 674 Deo
3860 611 3957 691 ju·

2416 747 2489 795 re
2514 725 2913 801 conditionis,
2932 727 2997 787 et
3016 725 3113 787 est
3137 720 3422 785 debitum
3441 735 3575 800 quo
3594 717 3957 800 obligamur

2417 835 2545 901 Deo
2570 840 2753 900 reatu
2786 827 3349 917 praevaricationis.
3394 824 3545 890 Dico
3589 843 3753 907 ergo
3797 827 3961 907 quod

2416 944 2705 1008 debitum
2731 940 2903 1024 quod
2944 937 3110 1003 eadit
3136 936 3206 999 in
3229 933 3660 999 notificatione
3690 932 3963 996 satisfac·

2416 1050 2631 1129 tionis,
2659 1052 2755 1114 est
2798 1048 3087 1112 debitum
3123 1040 3404 1108 secundo
3446 1039 3640 1103 modo
3663 1038 3912 1104 dictum
3941 1062 3956 1102 z

2418 1162 2482 1222 et
2506 1156 2629 1222 hoc
2654 1155 2915 1239 quidem
2958 1171 3093 1218 non
3128 1153 3333 1234 potest
3378 1148 3628 1213 solvere
3654 1164 3775 1229 per
3800 1146 3960 1229 seip-

2418 1281 2590 1342 sum,
2644 1263 2779 1345 ipse
2800 1260 2977 1326 enim
3018 1258 3290 1324 reddidit
3312 1274 3381 1321 se
3406 1255 3825 1338 impotentem
3858 1274 3874 1318 ε
3904 1257 3965 1318 et

2418 1366 2583 1443 ideo,
2608 1364 2732 1428 nisi
2760 1366 3159 1428 succurreret
3176 1361 3235 1426 ei
3253 1358 3473 1425 divina
3499 1356 3957 1436 misericordia,

2418 1473 2651 1538 salvari
2676 1490 2810 1537 non
2834 1474 3043 1555 posset
3074 1492 3089 1534 :
3118 1473 3182 1534 et
3207 1467 3349 1533 ideo
3368 1484 3504 1531 non
3530 1465 3865 1547 obligatur
3888 1464 3964 1530 ad

2418 1580 2839 1664 impossibile;
2866 1576 3354 1662 quamvisenim
3380 1575 3464 1638 sit
3488 1577 3550 1638 ei
3575 1573 3965 1656 impossibile

2419 1707 2535 1772 per
2560 1708 2650 1767 se,
2680 1690 2777 1751 est
2818 1691 3035 1750 tamen
3060 1684 3121 1749 ei
3170 1681 3466 1766 possibile
3511 1698 3629 1764 per
3666 1681 3965 1747 divinum

2418 1796 2835 1879 adjutorium.

2501 1910 2562 1970 3.
2597 1903 2695 1969 Ad
2747 1902 2907 1967 illud
2961 1900 3138 1984 quod
3184 1899 3509 1981 objicitur,
3548 1897 3727 1981 quod
3770 1898 3965 1963 homo

2419 2012 2698 2078 existens
2738 2011 2809 2075 in
2832 2009 3042 2091 gratia
3097 2010 3303 2091 potest
3350 2006 3588 2072 mereri
3629 2022 3966 2071 summum

2419 2121 2686 2191 bonum.
2715 2117 3057 2182 dicendum
3079 2115 3257 2198 quod
3280 2133 3412 2179 non
3437 2117 3538 2179 est
3562 2113 3796 2189 simile,
3816 2112 3967 2196 quia

2419 2227 2630 2307 gratia
2640 2225 2984 2305 singularis
3008 2241 3299 2307 personae
3312 2222 3475 2286 bene
3493 2222 3685 2286 habet
3712 2220 3964 2285 ordina·

2418 2333 2661 2396 tionem
2688 2331 2769 2395 ad
2788 2331 2908 2395 hoc
2940 2330 3116 2412 quod
3143 2329 3330 2393 faciat
3362 2328 3436 2410 (b)
3468 2328 3802 2393 hominem
3831 2344 3963 2390 me-

2420 2439 2549 2504 reri
2574 2455 2899 2504 summam
2925 2435 3409 2515 beatitudinem,
3436 2434 3549 2500 sed
3572 2452 3709 2500 non
3740 2434 3825 2498 ad
3848 2434 3966 2498 hoc

2422 2547 2595 2630 quod
2642 2546 2832 2610 faciat
2860 2544 3188 2609 hominem
3223 2542 3582 2607 satisfacere
3623 2557 3744 2624 pro
3783 2540 3970 2623 culpa

2421 2653 2748 2735 originali,
2769 2651 2931 2715 sicut
2953 2650 3135 2735 prius
3159 2654 3486 2715 ostensum
3504 2649 3648 2714 fuit.

2502 2765 2564 2825 4.
2619 2759 2715 2823 Ad
2745 2759 2901 2823 illud
2928 2757 3101 2840 quod
3130 2758 3452 2841 objicitur,
3481 2757 3655 2840 quod
3685 2755 3969 2821 existens

2424 2868 2494 2931 in
2519 2866 2728 2948 gratia
2752 2883 2885 2929 non
2914 2868 3197 2930 meretur
3219 2863 3345 2927 nisi
3371 2880 3631 2946 poenam
3655 2868 3975 2946 tempora·

2423 2974 2574 3052 lem,
2604 2969 2946 3038 dicendum
2971 2972 3145 3054 quod
3169 2957 3400 3037 v‘erum
3427 2973 3561 3048 est3
3606 2969 3721 3035 sed
3753 2973 3972 3035 tamen

2425 3081 2589 3147 nulli
2616 3080 2928 3166 peccatori
2956 3078 3145 3142 datur
3184 3078 3417 3160 gratia,
3443 3077 3565 3141 nisi
3599 3077 3833 3141 merito
3860 3096 3964 3141 sa·-

2426 3189 2796 3255 tisfactionis
2820 3192 2885 3252 et
2908 3187 3221 3272 passionis
3245 3186 3499 3251 Christi.
3536 3184 3712 3250 Unde
3745 3188 3974 3268 gratiae

2427 3296 2675 3361 collatio
2719 3295 3213 3360 satisfactionem
3256 3293 3588 3374 originalis
3629 3311 3766 3357 non
3799 3292 3972 3371 facit,

2427 3404 2535 3468 sed
2586 3403 3023 3487 praesupponit
3054 3419 3072 3464 ε
3104 3402 3247 3466 ideo
3275 3419 3406 3464 non
3433 3400 3746 3482 sequitur,
3799 3399 3976 3482 quod

2425 3511 2660 3594 aliquis
2710 3529 2825 3595 per
2865 3511 3143 3592 gratiam
3195 3511 3394 3592 possit
3446 3508 3807 3573 satisfacere
3858 3525 3977 3590 pro

2426 3618 2728 3699 originali
2746 3619 2959 3701 culpa.

2508 3731 2567 3789 5.
2601 3725 2698 3790 Ad
2721 3724 2879 3788 illud
2901 3722 3077 3807 quod
3102 3723 3426 3806 objicitur,
3448 3720 3625 3804 quod
3650 3721 3866 3802 gratia
3889 3739 3979 3786 ae·
4078 3699 4088 3712 ⁶

2429 3832 2700 3916 qualiter
2740 3831 2904 3896 delet
2928 3848 3187 3894 omnem
3214 3829 3495 3912 culpam,
3524 3846 3683 3909 ergo
3709 3829 3980 3911 aequali-

2431 3944 2530 4004 ter
2555 3938 2855 4003 satisfacit
2878 3956 2998 4020 pro
3022 3937 3205 4001 omni
3246 3936 3437 4019 culpa
3473 3935 3713 4013 deleta;
3770 3935 3981 4000 dicen-

2429 4047 2588 4113 dum
2607 4047 2779 4130 quod
2805 4065 2938 4111 non
2960 4051 3056 4110 est
3082 4045 3291 4111 simile
3307 4093 3328 4124 ,
3357 4048 3616 4129 propter
3661 4044 3788 4109 hoc
3808 4044 3980 4126 qnod

2430 4157 2660 4222 deletio
2691 4156 2899 4239 culpae
2928 4156 3274 4220 attenditur
3323 4153 3396 4217 in
3451 4154 3760 4235 imaginis
3785 4153 3980 4218 refor-

2433 4265 2735 4344 matione,
2791 4269 2857 4328 et
2908 4264 3324 4329 conversione
3368 4262 3450 4327 ad
3505 4261 3707 4326 Deum
3733 4259 3982 4326 deletur

2433 4370 2648 4435 omnis
2672 4371 2960 4434 aversio:
3001 4388 3134 4435 una
3174 4387 3332 4450 ergo
3384 4369 3595 4451 gratia
3640 4368 3809 4432 delet
3832 4384 3982 4431 om·

2436 4495 2588 4544 nem
2609 4475 2887 4559 culpam.
2921 4475 3271 4541 Satisfactio
3288 4494 3445 4541 vero
3462 4475 3718 4557 respicit
3744 4474 3982 4555 obliga·

2437 4586 2680 4650 tionem
2706 4585 2786 4650 ad
2811 4602 3070 4668 poenam
3105 4603 3123 4648 ε
3172 4584 3472 4668 possibile
3495 4588 3592 4648 est
3621 4601 3785 4665 ergo
3809 4581 3982 4667 quod

2438 4711 2574 4757 una
2600 4691 2909 4773 obligatio
2933 4692 3014 4756 ad
3039 4710 3297 4775 poenam
3316 4691 3624 4771 solvatur,
3653 4692 3855 4756 altera
3887 4707 3985 4755 re·

2438 4807 2757 4868 manente.
2789 4800 2935 4867 Ideo
2952 4821 3083 4868 non
3107 4803 3198 4868 sic
3225 4803 3660 4870 indifferenter
3685 4808 3983 4887 operatur

2439 4910 2648 4992 gratia
2672 4909 2753 4974 ad
2779 4909 3294 4976 satisfaciendum
3324 4929 3441 4995 pro
3462 4911 3645 4976 omni
3662 4910 3878 4993 culpa,
3906 4909 3985 4972 si-

2441 5023 2550 5082 cut
2577 5018 2658 5083 ad
2687 5018 3016 5084 delendam
3048 5037 3310 5085 omnem
3345 5019 3620 5103 culpam.
