4185 6288
83 2021 287 2066 Fundam.

1316 469 1509 538 nls'r.
1556 471 1773 540 XXIII.
1817 476 2004 549 ΛΒΤ.
2048 481 2098 548 1.
2143 484 2439 565 QUAEST.
2482 494 2530 560 1.

327 584 666 675 diminuta,
688 596 822 663 eive
842 599 1123 667 informi.
1150 602 1326 670 Circa
1369 610 1653 692 primum
1679 631 1864 695 quae-

326 704 565 765 runtur
588 704 877 789 quinque
904 727 921 772 ε
952 709 1161 790 primo
1186 714 1498 797 quaeritur
1524 722 1747 784 utrum
1787 722 1868 785 ss-

328 804 437 867 des
462 807 544 872 sit
573 810 780 877 virtus
805 817 1058 897 proprie
1082 818 1283 901 dicta;
1323 825 1600 890 secundo
1628 829 1863 909 quaeri-

325 915 435 976 tur
473 918 702 980 utrum
738 919 822 983 sit
862 922 932 986 in
959 930 1138 1006 parte
1160 928 1395 999 animae
1421 932 1737 1012 affectiva,
1761 936 1867 1002 vel

320 1023 676 1105 cognitiva3
722 1029 908 1094 tertio
935 1035 1249 1114 quaeritur
1278 1041 1499 1103 utrum
1552 1043 1637 1106 sit
1659 1043 1865 1110 virtus

318 1147 451 1193 una
466 1149 483 1208 ;
519 1137 748 1215 quarto
774 1138 1088 1218 quaeritur
1116 1147 1340 1209 utrum
1378 1146 1463 1210 sit
1495 1152 1692 1215 tantae
1719 1170 1862 1217 cer-

870 1690 1226 1769 QUAESTIO
1268 1697 1317 1763 1.

653 1812 662 1823 ⁸
785 1845 878 1901 An
902 1845 1031 1917 fides
1050 1849 1126 1904 sit
1148 1851 1324 1908 virtus
1346 1852 1385 1907 ¹.

400 2001 629 2068 Utrum
670 2004 829 2070 fides
866 2007 948 2071 sit
987 2009 1193 2076 virtus
1224 2033 1240 2078 ι
1276 2016 1340 2077 et
1376 2013 1705 2097 loquimur
1750 2020 1859 2086 hic

317 2109 396 2175 de
434 2110 582 2191 fide,
615 2131 747 2195 qua
802 2114 946 2196 quis
972 2117 1171 2182 credit
1208 2119 1276 2183 in
1312 2119 1538 2186 Deum.
1577 2123 1656 2188 Et
1686 2127 1858 2209 quod

319 2219 434 2296 sic,
463 2220 815 2286 ostenditur
845 2244 860 2285 ε
894 2222 1073 2300 Quod
1101 2230 1196 2291 est
1220 2228 1603 2313 principium
1622 2240 1859 2303 nostrae

315 2324 561 2404 salum,
615 2326 810 2393 habet
845 2332 1157 2397 rationem
1201 2336 1458 2402 virtutis
1492 2360 1508 2403 ε
1554 2341 1663 2405 sed
1702 2343 1859 2408 fides

315 2434 411 2494 est
435 2431 833 2514 hujusmodi,
863 2439 1214 2504 secuudum
1240 2444 1413 2525 quod
1431 2463 1601 2529 saepe
1627 2448 1860 2515 dicitur

315 2536 383 2601 in
411 2536 762 2620 Evangelio
789 2544 812 2579 2
842 2566 858 2608 ε
899 2544 1091 2613 Fides
1136 2553 1251 2615 tua
1290 2558 1349 2618 te
1385 2553 1633 2621 salvam
1662 2557 1814 2636 lecit
1835 2577 1859 2622 .·

313 2662 474 2726 ergo
494 2646 648 2711 fides
675 2653 770 2713 est
789 2650 1019 2717 virtus,
1745 2670 1754 2680 '

395 2752 556 2819 Item
604 2757 777 2839 quod
827 2763 921 2824 est
969 2762 1353 2847 principium
1395 2769 1857 2852 purificationis

309 2861 540 2941 cordis,
571 2863 765 2929 habet
788 2866 1104 2935 rationem
1152 2871 1409 2938 virtutis
1433 2894 1452 2956 ;
1478 2876 1642 2942 sicut
1680 2880 1854 2944 enim

308 2984 424 3031 cor
474 2987 605 3034 non
649 2971 1096 3055 coinquinatur
1120 2978 1243 3043 nisi
1288 3000 1405 3063 per
1456 2984 1688 3068 vitium
1711 3034 1729 3064 ,
1760 2988 1850 3052 sic

309 3093 443 3139 non
466 3077 842 3159 purificatur
866 3082 991 3147 nisi
1016 3103 1131 3167 per
1154 3086 1460 3155 virtutem
1493 3108 1511 3156 t
1542 3092 1650 3158 sed
1694 3094 1851 3160 fides

308 3186 407 3247 est
428 3185 809 3269 principium
860 3192 1317 3272 purificationis
1363 3198 1590 3279 cordIS,
1621 3218 1848 3267 secun-

308 3291 466 3356 dum
497 3294 667 3375 quod
708 3294 937 3363 dicitur
963 3304 985 3339 ¹
1015 3321 1032 3364 ε
1066 3301 1226 3370 Fide
1265 3308 1626 3388 purificans
1653 3311 1852 3379 corda

308 3408 547 3475 eorum,
572 3401 691 3462 ete.

390 3499 548 3566 Item
575 3503 787 3569 omnis
829 3505 1107 3587 habitae,
1158 3512 1271 3594 qui
1319 3518 1416 3578 eet
1459 3518 1850 3603 principium

305 3607 544 3674 divinae
583 3612 983 3695 acceptionis,
1013 3616 1208 3683 habet
1231 3621 1546 3688 rationem
1567 3625 1844 3704 virtum,

304 3715 589 3786 maxime
615 3736 768 3784 cum
812 3723 1065 3805 respicit
1106 3725 1599 3795 determinatum
1637 3751 1848 3815 genus

306 3823 517 3905 operis
559 3842 578 3887 z
609 3826 719 3890 sed
762 3828 920 3893 fides
947 3835 1041 3894 est
1067 3829 1462 3915 huJusmodi,
1495 3842 1847 3907 secundum

303 3931 477 4013 quod
503 3931 734 3998 dicitur
762 3935 852 4001 ad
877 3936 1173 4006 Hebraeos
1204 3947 1272 4008 ⁸:
1292 3942 1443 4010 Sine
1461 3945 1592 4025 fide
1618 3949 1849 4031 impos-

302 4038 491 4106 sibae
535 4048 626 4108 est
670 4043 919 4126 placere
961 4047 1088 4117 Deo
1129 4071 1154 4112 .·
1192 4069 1349 4134 ergo
1389 4054 1547 4120 fldes
1593 4057 1846 4140 plenam

302 4149 369 4209 et
388 4148 731 4229 perfectam
754 4152 821 4217 in
842 4172 911 4219 se
935 4157 1217 4223 continet
1232 4161 1545 4227 rationem
1569 4164 1841 4230 virtutiS.

386 4251 542 4320 Item
568 4258 740 4339 quod
792 4259 1098 4327 directam
1123 4264 1315 4330 habet
1340 4271 1844 4337 contrarietatem

302 4359 381 4425 ad
411 4361 642 4427 vitium
670 4369 736 4429 et
756 4372 1110 4450 peecatum,
1143 4372 1347 4437 virtus
1371 4379 1467 4440 est
1496 4399 1512 4441 ε
1557 4379 1665 4443 sed
1688 4380 1846 4445 fides

303 4470 400 4531 est
436 4467 831 4554 hujusmodi,
871 4477 1178 4557 quoniam
1216 4480 1450 4546 directe
1501 4487 1845 4569 opponitur

303 4574 538 4640 hoeresi
564 4581 629 4642 et
651 4578 1026 4662 infidelitati,
1077 4604 1224 4668 quae
1247 4594 1397 4656 sunt
1419 4591 1574 4656 vitia
1606 4597 1671 4659 et
1696 4613 1843 4677 pee-

305 4686 446 4747 cata
469 4684 553 4767 (α)
592 4708 608 4749 :
635 4705 793 4769 ergo
818 4689 974 4754 fides
993 4695 1088 4756 est
1115 4693 1319 4760 virtus
1346 4699 1601 4782 proprie
1626 4701 1793 4768 dicta
1822 4725 1838 4768 ε
1877 4771 1889 4784 ,

380 4827 550 4877 mex.
573 4827 788 4892 AleneiS,
810 4846 860 4896 p.
881 4843 960 4895 ιιι,
986 4847 1036 4895 q.
1055 4846 1196 4896 mlv,
1215 4839 1406 4889 memb.
1441 4842 1489 4904 ὃς
1522 4845 1574 4894 S.
1601 4845 1840 4915 Thomna,

308 4900 425 4960 141,
447 4913 501 4963 q.
537 4911 656 4966 ων,
682 4906 778 4953 art.
814 4905 880 4965 43
912 4906 1127 4970 ein-11,
1149 4920 1199 4970 q.
1223 4920 1296 4973 lv,
1318 4916 1413 4962 nrt.
1434 4915 1494 4978 53
1516 4920 1568 4966 et
1591 4918 1655 4966 Ill
1681 4919 1840 4982 Sem„

303 4970 421 5019 dist.
440 4982 574 5034 xxn,
595 4986 645 5035 q.
664 4985 723 5036 n,
743 4979 839 5025 art.
861 4977 910 5034 4,
936 4978 1405 5047 q.1;etdeVer1·t.,
1430 4999 1480 5049 q.
1519 4999 1631 5051 xiv,
1659 4994 1754 5040 art.
1777 4993 1839 5055 3;

301 5041 538 5092 Richard.
570 5045 635 5093 ln
658 5044 797 5107 Sem,
824 5045 944 5096 dist.
962 5057 1113 5110 xxm,
1134 5054 1231 5101 art.
1253 5054 1301 5116 4,
1329 5068 1381 5118 q.
1411 5058 1588 5120 113'rh.
1610 5064 1844 5126 argent„

367 5129 430 5192 (a)
456 5130 578 5182 Get.
607 5131 732 5184 edit.
756 5138 1049 5198 peccatum.

1978 622 2041 682 et
2091 620 2215 685 hoc
2258 626 2468 709 ipsum
2521 637 2724 713 potest
2775 640 3031 720 probari
3076 665 3372 733 expresse
3398 674 3513 740 per

1974 729 2415 798 auctoritatem
2444 737 2792 820 Augustini
2811 746 2834 783 ⁸
2865 746 2934 812 in
2959 749 3188 820 littere.

2053 832 2176 900 Sed
2200 843 2420 906 contra
2451 865 2466 908 ε
2501 851 2559 910 1.
2592 846 2665 912 In
2702 851 2922 918 eodem
2957 876 3194 941 genere
3221 873 3372 933 sunt
3398 888 3514 937 ex-

1970 940 2176 1007 trema
2225 948 2286 1009 et
2339 950 2660 1035 medium,
2704 976 2818 1040 pro
2869 969 3173 1053 eoquod
3227 975 3512 1044 medium

1970 1048 2303 1132 participat
2353 1059 2651 1125 naturam
2694 1070 3132 1139 extremorum
3171 1096 3190 1141 ε
3221 1082 3331 1145 sed
3356 1084 3513 1152 fides

1969 1157 2065 1216 est
2125 1158 2412 1225 medium
2450 1164 2620 1232 inter
2654 1172 3018 1253 opinionem
3057 1186 3121 1247 et
3164 1187 3508 1272 scientiam,

1968 1259 2134 1325 sicut
2157 1262 2312 1330 dicit
2338 1271 2645 1353 magister
2669 1276 2860 1362 Hugo
2886 1284 2955 1349 in
2979 1287 3144 1355 libro
3170 1292 3249 1359 de
3282 1296 3512 1367 Sacra·

1966 1369 2231 1452 mentis,
2262 1374 2373 1439 ubi
2420 1377 2591 1461 dicit,
2644 1387 2816 1467 quod
2860 1391 3016 1458 fides
3061 1402 3158 1462 est
3200 1404 3510 1471 certitudo

2043 2015 2106 2076 2.
2145 2011 2301 2078 Item
2324 2017 2582 2086 habitus
2625 1974 3117 2110 distinguuntur
3139 2056 3253 2122 per
3295 2047 3495 2125 actus,

1964 2122 2027 2184 et
2055 2125 2234 2187 actus
2256 2142 2371 2206 per
2397 2128 2664 2211 objecta.
2700 2134 2774 2199 In
2797 2137 2919 2204 hoc
2931 2149 3146 2210 autem
3169 2149 3507 2234 distingui-

1965 2229 2072 2290 tur
2114 2229 2320 2295 virtus
2381 2239 2445 2299 et
2506 2239 2767 2308 scientia
2819 2242 3171 2318 secundum
3221 2255 3509 2326 Philoso-

1961 2547 2210 2615 ratione
2241 2554 2377 2617 veri
2407 2577 2422 2618 :
2471 2576 2629 2640 ergo
2680 2564 2838 2630 fldes
2882 2587 3013 2635 non
3045 2579 3142 2640 est
3175 2578 3245 2642 in
3270 2598 3505 2662 genere

1963 2653 2239 2738 virtutis»,
2269 2660 2379 2724 sed
2404 2666 2612 2747 magis
2638 2669 2707 2733 in
2738 2689 2976 2753 genere
3002 2681 3305 2751 scientiae.
3326 2687 3502 2767 Quod

1961 2765 2179 2827 autem
2208 2766 2365 2832 fides
2415 2770 2499 2835 sit
2550 2773 2619 2837 in
2647 2794 2878 2845 verum
2907 2787 3028 2850 sub
3057 2790 3301 2859 ratione
3340 2796 3499 2875 veri,

1960 2873 2154 2950 patet,
2185 2875 2491 2954 quoniam
2515 2878 2662 2946 fidei
2696 2890 2790 2950 est
2813 2893 3116 2961 assentire
3139 2898 3366 2981 primae
3391 2922 3501 2969 ve-

1960 2976 2135 3041 ritati
2161 2985 2421 3064 propter
2442 3003 2510 3050 se
2536 2992 2601 3053 et
2625 3009 2821 3075 super
2846 3001 3084 3067 omnia.

2041 3088 2101 3150 3.
2161 3083 2321 3153 Item
2368 3091 2787 3179 vituperabile
2839 3109 2934 3171 est
3006 3113 3183 3177 omni
3244 3115 3500 3185 habenti

1958 3300 2116 3367 fides
2140 3321 2269 3385 qua
2318 3308 2636 3378 credimus
2683 3315 2754 3378 in
2803 3317 3033 3403 Deum,
3077 3345 3207 3395 non
3232 3335 3502 3417 requirit

1955 3409 2309 3478 rationem:
2341 3431 2499 3497 ergo
2536 3419 2679 3485 talis
2704 3423 2860 3490 fides
2888 3429 3328 3516 vituperabilis
3351 3444 3447 3506 est
3476 3464 3493 3508 ε

3570 903 3754 960 *dopr-

1957 3514 2066 3580 sed
2094 3516 2257 3581 nihil
2283 3522 2457 3602 quod
2484 3528 2579 3591 est
2607 3528 3060 3621 vituperabile,
3088 3540 3283 3610 habet
3305 3549 3499 3615 ratio·
3628 3575 3633 3581 ’

1955 3638 2108 3685 nem
2134 3624 2388 3690 virtutis
2419 3647 2619 3713 :ergo
2645 3636 2760 3702 ubi
2786 3646 2882 3706 est
2920 3645 3077 3712 fides
3092 3697 3112 3730 ,
3140 3669 3272 3717 non
3297 3659 3498 3738 potest

1955 3746 2090 3794 esse
2117 3730 2324 3797 virtus
2349 3734 2419 3799 in
2446 3739 2651 3806 nobis,

2034 3845 2097 3904 4.
2128 3839 2286 3908 Item
2313 3852 2555 3929 quanto
2582 3852 2813 3938 aliquis
2837 3863 3019 3927 actus
3034 3868 3129 3930 est
3145 3869 3488 3939 rationabi-

1955 3951 2101 4033 lior,
2132 3958 2309 4022 tanto
2349 3964 2446 4025 est
2471 3961 2694 4030 virtuti
2743 3972 3144 4052 proximior:
3173 3998 3332 4064 ergo
3358 4003 3496 4049 cre-

1954 4058 2108 4126 dere
2138 4080 2253 4143 per
2282 4066 2597 4135 rationem
2624 4081 2959 4158 cogentem
2988 4082 3141 4166 plus
3161 4095 3401 4171 spectat
3416 4095 3495 4159 ad

1952 4167 2285 4249 virtutem,
2324 4192 2521 4256 quam
2561 4182 2815 4250 credere
2851 4189 3092 4274 absque
3124 4196 3389 4265 ratione.
3427 4200 3495 4267 Si

1952 4291 2112 4356 ergo
2155 4278 2491 4346 credulitas
2538 4302 2735 4367 quam
2779 4294 2924 4375 quis
2952 4297 3168 4368 habet
3211 4324 3327 4389 per
3351 4307 3491 4374 vio-

1951 4380 2218 4449 lentiam
2269 4388 2559 4472 rationis,
2589 4412 2712 4461 nec
2732 4403 2829 4463 est
2877 4403 3106 4489 virtus,
3150 4428 3271 4477 nec
3317 4418 3495 4482 actus

1951 4491 2231 4574 virtutiS,
2263 4497 2467 4564 multo
2499 4501 2727 4570 fortius
2756 4508 3014 4580 videtur
3045 4499 3221 4600 quod
3246 4520 3384 4605 ipsa
3408 4526 3491 4590 ss-

1950 4599 2082 4677 deS,
2113 4620 2260 4684 quae
2275 4607 2587 4673 rationem
2608 4631 2744 4680 non
2769 4620 3080 4704 seqnitur,
3117 4644 3240 4693 nec
3263 4629 3491 4698 rationi

1951 4705 2272 4788 innuitur,
2311 4720 2521 4780 careat
2548 4721 2929 4801 perfectione
2946 4729 3226 4800 virtutis.

1954 4876 2017 4925 ΙΙΙ
2041 4876 2200 4940 8εηέ.,
2217 4878 2334 4930 diet.
2350 4892 2501 4945 xxm,
2520 4898 2571 4948 q.
2599 4899 2634 4950 1,
2653 4885 2748 4940 art.
2773 4893 2799 4941 5
2810 4909 2828 4955 ς
2847 4895 3022 4960 Steph.
3041 4901 3228 4963 Brulel,
3249 4906 3311 4956 ΙΙΙ
3332 4906 3492 4966 Sem..

1951 4947 2069 4997 dist.
2092 4959 2243 5013 xxm,
2264 4964 2317 5014 q.
2350 4963 2396 5014 13
2422 4953 2573 5005 Gabr.
2607 4959 2751 5022 Bie1.,
2778 4965 2845 5013 m
2870 4966 3030 5030 Sent„
3056 4972 3172 5024 dist.
3203 4986 3354 5041 xxm,
3379 4993 3428 5044 q.
3455 4993 3488 5032 ι.

1951 5043 2014 5056 --
2032 5020 2054 5052 ¹
2079 5019 2217 5081 Luc„
2244 5031 2337 5084 vn,
2356 5025 2436 5074 50.
2463 5052 2527 5065 ·—
2545 5027 2566 5063 ³
2588 5031 2723 5091 Act„
2741 5045 2827 5097 κν,
2846 5036 2894 5086 9.
2927 5065 2984 5076 -
3013 5041 3036 5077 ⁸
3061 5042 3237 5109 Helm,
3261 5059 3338 5113 xr,
3362 5053 3409 5102 6.
3428 5079 3492 5091 —

1951 5089 2134 5155 ιΑιιε.,
2147 5089 2207 5139 de
2231 5091 2430 5158 Trahit„
2445 5095 2532 5148 lib.
2548 5101 2683 5165 xm,
2700 5117 2745 5154 c.
2767 5117 2810 5170 ι,
2826 5120 2880 5157 n.
2896 5109 2944 5160 3.
2958 5137 3021 5149 --
3039 5114 3059 5145 ⁸
3071 5115 3243 5178 Arist„
3255 5121 3490 5189 Metapk„

1950 5160 2041 5212 lib.
2071 5162 2160 5224 Vt,
2188 5167 2324 5216 cont.
2352 5178 2468 5219 vm.
