4185 6288
1227 499 1424 568 mss.
1466 498 1545 565 V.
1586 495 1773 564 ΛΒΤ.
1816 497 1869 563 1.
1912 494 2216 575 QUAEST.
2261 495 2312 561 1.

218 647 639 730 gisuniuntur
702 645 782 710 in
831 646 1103 720 natura,
1160 654 1360 722 quam
1413 634 1587 700 linea
1643 632 1714 697 in

219 758 407 835 puncto
425 802 444 831 ,
471 753 580 818 vel
607 750 897 836 potentia
934 749 1003 813 in
1028 747 1272 824 anima,
1301 744 1357 807 si
1389 757 1716 807 assumere

218 860 466 926 convenit
506 861 753 925 divinae
793 863 1046 924 naturae
1063 905 1079 935 ,
1118 870 1370 919 necesse
1409 852 1506 916 est
1544 847 1716 932 quod

220 970 506 1033 conveniat
563 968 834 1033 cuilibet
891 979 1181 1049 persona
1231 980 1249 1026 ε
1304 959 1414 1024 sed
1474 957 1719 1023 constat

219 1074 354 1157 quod
388 1094 515 1139 non
553 1073 863 1141 convenit
893 1070 1154 1138 cuilibet
1189 1082 1479 1152 personae
1510 1087 1528 1130 ε
1557 1080 1718 1145 ergo

219 1201 309 1248 nec
324 1187 581 1248 naturae.

280 1297 328 1356 5.
354 1290 502 1358 Item
526 1291 674 1355 haee
700 1286 1077 1373 simpliciter
1115 1286 1210 1349 est
1236 1280 1391 1346 salsa
1407 1328 1426 1359 ,
1452 1284 1518 1345 et
1542 1276 1721 1343 nullo

220 1386 372 1451 modo
408 1386 829 1451 conceditur:
868 1406 899 1443 e
936 1379 1166 1445 Divina
1207 1374 1478 1442 essentia
1520 1388 1718 1455 gene-

219 1495 327 1569 rat,
366 1492 463 1557 vel
505 1496 784 1569 natura;
829 1511 861 1549 n
915 1484 1224 1570 quoniam
1262 1482 1369 1547 ille
1406 1484 1587 1546 actus
1628 1480 1725 1543 est

217 1602 365 1662 actus
402 1599 704 1684 proprius
749 1595 1136 1662 conveniens
1176 1593 1294 1657 uni
1338 1589 1456 1655 soli
1503 1605 1718 1671 perso-

219 1724 301 1771 nae
327 1730 342 1772 ε
373 1725 522 1791 ergo
546 1709 602 1773 si
647 1723 981 1773 assumere
1006 1708 1104 1769 est
1125 1704 1306 1767 actus
1340 1698 1726 1766 conveniens

221 1811 312 1874 uni
333 1812 436 1876 soli
461 1828 796 1894 personae,
829 1811 1049 1892 utpote
1082 1821 1372 1890 personae
1410 1802 1590 1877 Filii,
1620 1799 1725 1866 vi·-

222 1916 375 1983 detur
396 1920 561 2003 quod
588 1919 740 1984 haec
765 1918 850 1981 sit
871 1914 1169 1998 neganda
1193 1918 1500 1995 tanquam
1526 1908 1720 1974 falsa:

228 2047 254 2084 ι
274 2024 473 2090 Divina
500 2031 743 2090 natura
766 2023 1038 2088 assumit
1065 2022 1443 2086 humanam.
1474 2040 1506 2077 n

287 2137 338 2197 6.
365 2133 511 2197 Item
537 2133 781 2215 regula
806 2135 922 2211 est,
953 2134 1018 2196 et
1042 2130 1262 2195 habita
1287 2129 1412 2194 fuit
1427 2126 1495 2191 in
1517 2123 1727 2209 primo

237 2237 372 2304 libro
404 2248 420 2282 ¹
450 2264 465 2304 ι
492 2241 671 2325 quod
700 2239 972 2305 essentia
1012 2256 1145 2302 non
1171 2236 1476 2322 supponit
1510 2251 1727 2318 perso·

228 2365 368 2424 nam,
393 2367 505 2414 nec
531 2368 567 2415 e
597 2365 911 2415 converso
945 2368 962 2412 ε
992 2363 1156 2428 ergo
1180 2344 1402 2410 divina
1431 2341 1726 2417 essentia,

231 2455 310 2519 vel
330 2461 545 2523 natura
562 2506 581 2535 ,
609 2475 749 2523 non
773 2458 978 2540 potest
1001 2472 1118 2538 pro
1149 2471 1420 2538 persona
1457 2447 1729 2515 locutio-

233 2580 350 2627 nem
386 2566 642 2632 reddere
681 2582 902 2630 veram
933 2586 949 2628 :
981 2581 1099 2628 nec
1132 2579 1251 2645 pro
1286 2558 1448 2638 alio,
1476 2556 1584 2622 cui
1608 2554 1734 2619 hoc

237 2673 554 2753 conveniat,
603 2673 763 2756 quia
807 2670 926 2736 soli
969 2669 1132 2736 Filio
1189 2665 1486 2733 convenit
1550 2681 1733 2728 assu-

240 2799 374 2847 mere
393 2805 407 2848 :
425 2802 579 2867 ergo
599 2783 863 2850 videtur
884 2780 1252 2865 simpliciter
1279 2795 1414 2845 esse
1436 2773 1734 2859 neganda

241 2890 492 2970 praedicta
511 2890 778 2957 locutio.

724 3152 1181 3224 CONCLUSIO.

241 3316 888 3377 Ananerenonestacm
920 3312 1742 3376 &viennam-animum

298 3406 425 3466 dicat
464 3413 715 3467 maionem
765 3406 840 3463 ad
869 3406 1137 3462 unitatem
1177 3406 1417 3470 παίω-ως
1461 3403 1514 3458 si
1562 3403 1742 3456 atatem

296 3497 421 3556 dicat
457 3501 529 3556 ad
569 3501 840 3556 unitatem
896 3508 1154 3568 persona,
1205 3493 1392 3564 utique
1439 3487 1744 3546 conceditur

295 3587 415 3659 quod
433 3593 633 3646 natura
657 3588 852 3643 divina
875 3584 1117 3643 wiva-it
1144 3580 1256 3639 sibi
1290 3582 1601 3638 humanam.

310 3746 473 3833 Resp.
500 3751 582 3815 ad
608 3767 755 3831 arg.
781 3747 877 3813 Ad
905 3744 1359 3829 praedictorum
1385 3740 1746 3824 intelligen-

250 3855 374 3920 tiam
396 3864 483 3923 est
522 3856 880 3923 notandum
902 3903 921 3935 ‚
950 3852 1126 3938 quod
1167 3854 1301 3916 tam
1327 3868 1442 3933 per
1472 3849 1744 3916 verbum

255 3964 518 4046 maadi,
542 3982 741 4050 quam
768 3980 883 4046 per
910 3960 1187 4026 verbum
1214 3955 1589 4026 assumendi
1615 3955 1746 4020 im-

254 4077 496 4151 portatur
525 4073 682 4139 unio
705 4069 946 4137 divinae
976 4072 1228 4132 naturae
1256 4065 1338 4131 ad
1368 4066 1742 4130 humanam.

255 4178 520 4251 Differunt
544 4190 766 4251 tamen
794 4183 1111 4265 quantum
1140 4179 1223 4243 ad
1253 4178 1520 4244 modum
1544 4176 1748 4258 signi-

257 4287 447 4355 floendi
462 4340 481 4370 ‚
525 4293 678 4375 quia
730 4288 1004 4356 verbum
1044 4284 1320 4353 tattendi
1371 4283 1601 4349 dicitur
1669 4282 1751 4347 ah

258 4396 455 4463 unione
472 4447 491 4477 ‚
539 4416 686 4483 quae
735 4395 944 4478 magis
986 4394 1290 4477 importat
1334 4390 1705 4457 relationem
1730 4439 1747 4468 ‚

258 4518 419 4583 quam
447 4508 793 4584 actionem;
827 4502 1101 4568 verbum
1127 4504 1344 4566 autem
1379 4498 1755 4567 assummdi

257 4608 453 4678 dicitur
493 4616 572 4681 ab
619 4611 1054 4696 assumptione
1074 4658 1093 4689 ,
1139 4626 1287 4692 quse
1341 4607 1755 4692 principalius

258 4715 516 4802 importat
538 4722 880 4789 actionem.
916 4718 1096 4785 Unde
1120 4715 1420 4801 quamvis
1447 4715 1754 4781 conceda-

257 4827 348 4891 tur
366 4831 517 4912 quod
541 4829 762 4897 divina
785 4832 1019 4893 natura
1032 4825 1213 4890 uniat
1231 4824 1350 4889 sihi
1371 4823 1754 4900 humanam,

3245 495 3365 556 419

1820 631 2050 715 aliquis
2073 629 2319 714 aliquid
2344 631 2532 696 unire
2560 628 2682 695 sihi
2696 677 2718 708 ,
2751 632 2818 693 et
2855 627 2988 692 alii.
3032 628 3369 694 Assumere

1822 744 2039 806 autem
2057 738 2359 822 importat
2381 737 2732 803 terminum
2765 734 3206 811 intrinsecum,
3234 739 3368 798 tam

1824 847 2089 914 actionis
2115 865 2313 929 quam
2330 844 2690 910 relationis:
2738 859 3062 907 assumere
3082 841 3258 905 enim
3276 843 3371 904 est

1825 957 1905 1023 ad
1931 976 2000 1023 se
2049 975 2326 1025 sumere.
2361 954 2523 1017 Cum
2578 970 2736 1034 ergo
2766 950 3151 1015 vocabulum
3177 965 3369 1017 assu-

1826 1066 2048 1133 mendi
2068 1066 2367 1148 importet
2388 1064 2470 1140 (a)
2485 1059 2681 1123 simul
2706 1057 3078 1123 relationem
3104 1060 3167 1120 et
3184 1057 3374 1120 actio-

1828 1190 2002 1251 nem,
2028 1173 2134 1236 ille
2156 1170 2469 1235 terminus
2491 1165 2760 1231 interius
2786 1162 3144 1227 intellectus
3169 1164 3374 1245 potest

1827 1279 2051 1344 referri
2094 1279 2174 1343 ad
2215 1279 2597 1356 utrumque,
2646 1270 2748 1338 vel
2790 1268 2866 1333 ad
2902 1269 3179 1334 alterum
3228 1273 3374 1333 tan-

1829 1392 2004 1467 tum,
2034 1384 2339 1465 videlicet
2364 1382 2446 1447 ad
2483 1379 2880 1445 relationem.
2914 1376 2983 1441 Si
3009 1376 3089 1442 ad
3117 1381 3376 1441 utrum-

1829 1517 1955 1583 que
1982 1498 2327 1581 reseratur,
2359 1512 2511 1559 cum
2538 1492 2703 1557 actio
2742 1490 2852 1555 illa
2878 1490 3262 1554 terminetur
3292 1489 3374 1555 ad

1830 1606 2144 1671 unitatem
2186 1603 2505 1686 aliquam,
2559 1602 2716 1664 tunc
2759 1614 3085 1662 assumere
3132 1595 3374 1660 dictum

1829 1713 1910 1779 de
1947 1712 2163 1795 aliquo
2202 1709 2418 1791 signat
2451 1724 2583 1771 non
2627 1704 2839 1769 solum
2884 1703 3194 1768 unionem
3218 1748 3237 1778 ‚
3265 1700 3376 1767 sed

1830 1823 2023 1887 etiam
2052 1819 2227 1884 illam
2257 1816 2561 1882 unionem
2593 1810 2927 1878 terminari
2955 1809 3036 1875 ad
3062 1809 3375 1874 unitatem

1831 1926 2235 1993 assumentis.
2266 1923 2345 1988 Et
2369 1922 2675 2005 quoniam
2699 1919 2806 1984 illa
2827 1917 2983 1983 unio
3004 1934 3130 1981 non
3163 1915 3378 1981 termi-

1833 2041 2026 2100 natur
2070 2034 2153 2098 ad
2197 2031 2511 2098 unitatem
2554 2033 2841 2103 natum,
2889 2025 3000 2090 sed
3041 2025 3252 2107 potius
3296 2023 3376 2089 ad

1833 2142 2149 2207 unitatem
2201 2155 2529 2223 personae3
2579 2136 2722 2201 ideo
2775 2132 3128 2198 secundum
3184 2131 3377 2197 istum

1834 2245 2224 2312 intellectum
2269 2260 2593 2309 assumere
2633 2259 2763 2306 non
2802 2238 3102 2305 convenit
3137 2237 3379 2302 divinae

1834 2358 2107 2419 naturae.
2138 2350 2364 2417 Divina
2397 2350 2570 2415 enim
2599 2352 2833 2413 natura
2870 2364 3004 2411 non
3039 2346 3383 2429 assumpsit

1834 2462 2194 2527 humanam
2239 2460 2306 2523 in
2341 2457 2584 2522 unitate
2622 2459 2872 2520 naturae
2904 2476 2919 2518 ε
2950 2457 3014 2518 et
3039 2453 3160 2517 isto
3189 2452 3381 2517 modo

1837 2586 1970 2634 non
2008 2564 2413 2642 conceditur,
2445 2562 2618 2645 quod
2656 2579 2800 2625 eam
2830 2557 3245 2641 assumpserit
3283 2557 3384 2622 di-

1837 2677 1992 2743 vina
2018 2680 2274 2752 natura,
2304 2670 2427 2736 hoc
2450 2674 2546 2735 est
2569 2669 2649 2735 ad
2670 2686 2761 2746 se,
2789 2667 2925 2731 sive
2952 2666 3029 2730 ad
3058 2665 3382 2748 propriam

1840 2782 2155 2847 unitatem
2197 2776 2563 2859 sumpserit.
2595 2773 2664 2841 Si
2690 2779 2906 2839 autem
2938 2773 3250 2838 terminus
3278 2772 3384 2838 ille

1840 2888 2072 2953 haheat
2112 2888 2471 2968 respectum
2537 2883 2619 2947 ad
2685 2881 3059 2946 relationem
3127 2879 3386 2945 unionis

1841 2999 2119 3073 tantum,
2137 2996 2292 3056 tunc
2316 2990 2684 3056 conceditur
2708 2989 2882 3073 quod
2906 2987 3133 3053 divina
3156 2990 3387 3052 natura

1842 3102 2196 3170 humanam
2224 3097 2660 3182 assumpserit,
2687 3095 2811 3161 hoc
2838 3100 2934 3160 est
2958 3095 3079 3159 sibi
3108 3094 3382 3160 unierit:

1843 3210 2055 3275 univit
2076 3209 2251 3275 enim
2282 3207 2404 3271 sihi
2431 3207 2790 3271 humanam
2817 3207 3140 3281 naturam,
3169 3220 3390 3286 quam-

1845 3317 1950 3382 vis
1991 3335 2127 3382 non
2175 3316 2245 3380 in
2283 3314 2522 3398 seipsa,
2561 3311 2671 3376 sed
2709 3311 2780 3375 in
2814 3329 2948 3375 una
2989 3327 3282 3394 persona.
3315 3308 3390 3374 Et

1848 3424 1968 3489 isto
2004 3423 2195 3489 modo
2236 3421 2591 3506 procedunt
2626 3419 2903 3484 rationes
2945 3421 3009 3482 et
3046 3416 3392 3482 auctorita-

1849 3536 1977 3610 tes,
2007 3548 2157 3614 quae
2196 3528 2279 3594 ad
2320 3528 2442 3592 hoc
2478 3526 2906 3602 inducuntur;
2947 3528 3012 3587 et
3049 3523 3192 3589 ideo
3240 3526 3394 3587 sunt

1849 3636 2287 3706 concedendae.

1931 3751 1963 3811 1
1976 3795 1991 3810 .
2018 3744 2119 3810 Ad
2144 3742 2305 3807 illud
2332 3757 2488 3805 vero
2515 3736 2687 3821 quod
2723 3735 3021 3820 objicitur
3036 3783 3054 3816 ,
3082 3734 3253 3819 quod
3284 3751 3394 3799 so-

1851 3855 1955 3920 lus
1988 3852 2189 3919 Filius
2222 3847 2500 3930 suscepit
2532 3844 2890 3909 humanam
2916 3846 3214 3907 naturam
3231 3890 3250 3922 ,
3291 3842 3395 3906 di-

1852 3961 2129 4028 cendum
2181 3955 2352 4040 quod
2407 3956 2477 4038 ly
2527 3951 2733 4019 solum
2783 3969 2917 4015 non
2971 3948 3251 4014 excludit
3308 3947 3400 4012 ibi

1854 4073 2180 4148 naturam,
2214 4082 2363 4150 quae
2390 4060 2583 4128 estin
2602 4076 2896 4143 persona,
2928 4061 2991 4122 et
3015 4058 3401 4142 praedicatur

1856 4179 1934 4245 de
1973 4192 2287 4261 persona3
2333 4171 2443 4236 sed
2480 4167 2761 4234 excludit
2795 4165 2951 4230 alias
2990 4165 3150 4230 duas
3188 4180 3402 4247 perso-

1856 4303 1974 4351 nas
1991 4334 2009 4366 ,
2057 4282 2294 4348 scilicet
2330 4279 2587 4344 Patrem
2626 4279 2689 4342 et
2729 4273 3038 4358 Spiritum
3079 4278 3396 4338 sanctum.

1858 4392 2176 4460 Praeterea
2201 4386 2547 4454 auctoritas
2568 4383 2679 4448 illa
2703 4400 2836 4448 non
2861 4381 3012 4461 dicit
3036 4379 3403 4463 simpliciter

1860 4501 2033 4588 quod
2058 4500 2235 4565 solus
2265 4496 2466 4562 Filius
2488 4490 2867 4576 susceperit,
2896 4489 3005 4554 sed
3030 4488 3201 4571 quod
3227 4485 3403 4550 solus

1859 4609 2061 4677 Filius
2105 4603 2385 4687 suscepit
2423 4602 2496 4666 in
2537 4600 2849 4665 unitatem
2899 4595 3224 4680 propriam
3272 4614 3289 4658 ε
3341 4594 3406 4657 et

1859 4721 2017 4783 tunc
2057 4731 2191 4778 non
2226 4716 2320 4777 est
2345 4708 2650 4775 instantia
2691 4704 2769 4770 de
2805 4707 3039 4769 natura
3055 4750 3073 4780 ,
3106 4702 3259 4786 quia
3281 4748 3298 4777 ‚
3328 4701 3406 4764 ut

1862 4825 2105 4891 dictum
2132 4823 2268 4899 est,
2297 4820 2533 4881 natura
2559 4813 2783 4879 divina
2810 4829 2943 4875 non
2969 4808 3247 4892 suscepit
3272 4808 3405 4872 hu·-

258 4935 309 4994 et
343 4935 526 5004 eidem
548 4937 745 5002 etiam
773 4935 1084 5012 uniatur;
1116 4932 1295 4998 nullo
1322 4935 1538 4997 tamen
1566 4930 1758 4996 modo
1866 4946 2125 4996 manum
2173 4927 2243 4989 in
2280 4924 2594 4990 unitatem
2632 4922 2881 4985 naturae
2897 4964 2913 4998 ,
2945 4917 3054 4982 sed
3095 4916 3162 4980 in
3192 4915 3410 4979 unita-

260 5045 580 5110 conceditur
621 5042 796 5127 quod
835 5040 1055 5106 divina
1095 5043 1332 5105 natura
1369 5042 1756 5104 assumatur.
1865 5043 1999 5104 tem
2022 5049 2335 5119 personae.

260 5145 380 5211 Alia
399 5153 577 5218 etiam
604 5154 699 5217 est
726 5147 1107 5229 differentia,
1137 5147 1291 5231 quia
1322 5149 1533 5226 unire,
1561 5164 1763 5229 quan·
1947 5151 2010 5213 2.
2058 5142 2157 5207 Ad
2182 5139 2340 5204 illud
2379 5135 2553 5221 quod
2578 5130 2923 5217 opponitur
2940 5179 2958 5212 ‚
2993 5130 3164 5217 quod
3195 5129 3377 5194 Pater
3390 5175 3408 5206 ‚

259 5251 482 5324 tumeat
518 5259 594 5324 de
621 5277 734 5336 se,
765 5274 901 5322 non
939 5255 1092 5321 dicit
1127 5253 1478 5320 terminum
1511 5252 1764 5319 relatio·
1870 5260 1933 5323 et
1975 5252 2209 5329 Filius,
2252 5250 2317 5312 et
2368 5242 2642 5327 Spiritus
2693 5241 2952 5304 sanctus
2996 5239 3174 5304 nullo
3222 5235 3414 5302 modo

259 5359 345 5424 nis
377 5366 466 5430 vel
505 5366 740 5433 actioni
822 5361 1239 5430 determinate
1274 5381 1292 5424 ι
1342 5363 1547 5443 potest
1587 5360 1766 5427 enim
1871 5359 2179 5429 differunt
2222 5356 2294 5419 in
2317 5355 2551 5418 natura
2566 5396 2586 5427 ‚
2624 5346 2964 5413 dicendum
2993 5346 3164 5429 quod
3192 5345 3301 5408 illa
3323 5345 3418 5406 est

310 5484 454 5544 ‘nist
480 5505 561 5559 u,
583 5507 636 5559 q.
664 5503 739 5556 11,
767 5491 824 5542 in
844 5503 981 5556 resp.
1004 5501 1116 5554 arg.
1138 5515 1201 5528 -
1220 5485 1295 5552 (a)
1319 5488 1393 5539 Al.
1412 5485 1672 5552 importat.
1876 5466 2139 5552 duplex.
2176 5462 2316 5530 Uno
2340 5458 2513 5526 enim
2543 5454 2732 5521 modo
2758 5458 2961 5536 potest
2987 5451 3255 5532 intelligi
3278 5448 3367 5513 sio
3389 5453 3420 5517 ἓ
