4185 6288
704 509 746 567 4
1831 501 2458 567 SENTENTIARUM
2501 503 2651 568 LIB.
2698 503 2804 567 lll.

488 653 637 726 'terpi-
704 638 907 707 filius.
956 637 1105 708 Non
1134 639 1352 725 Pater,
1383 638 1488 707 vel
1517 638 1804 730 Spiritus
1831 648 2091 705 sauctus
2120 662 2381 708 carnem
2408 640 2651 727 induit,
2677 661 2759 706 ne
2791 638 2964 707 alius
3000 638 3074 705 in
3114 636 3458 705 divinitate
3495 645 3660 706 esset
3687 636 3892 723 filius,

504 721 630 762 ’.ω’
700 754 872 823 alius
898 754 969 822 in
996 753 1443 840 humanitate3
1475 762 1541 822 et
1562 778 1646 823 ne
1673 754 1846 822 idem
1874 763 2036 824 esset
2065 762 2250 846 pater
2291 763 2356 823 et
2384 755 2601 840 filius,
2641 756 2695 821 si
2739 754 2915 823 Deus
2948 754 3144 822 Pater
3185 752 3265 821 de
3295 753 3560 821 homine
3606 776 3901 822 nascere-

702 878 835 940 tur.
876 871 1066 940 Unde
1109 871 1570 961 Augustinus¹
1603 871 1684 940 de
1709 872 2194 940 Ecclesiasticis
2223 872 2660 964 Doqmatibus
2694 895 2710 937 t
2747 897 2782 936 «
2814 870 2963 938 Non
3002 870 3198 937 Pater
3229 892 3492 937 carnem
3520 869 3893 961 assumpsit,

703 1010 917 1079 neque
946 987 1232 1078 Spiritus
1269 996 1556 1072 sanctuS,
1587 988 1699 1057 sed
1725 988 1936 1056 Filius
1966 998 2252 1073 tantum,
2285 988 2498 1079 utqui
2526 996 2665 1056 erat
2692 988 2763 1056 in
2792 986 3133 1055 divinitate
3160 985 3280 1054 Dei
3309 986 3514 1071 filius,
3550 987 3687 1078 ipse
3714 985 3902 1054 fieret

705 1103 775 1171 in
805 1103 1070 1171 homine
1099 1103 1386 1172 hominis
1410 1103 1616 1190 filius,
1651 1128 1732 1173 ne
1762 1105 1887 1172 filii
1913 1128 2157 1173 nomen
2187 1104 2270 1173 ad
2300 1103 2583 1172 alterum
2617 1104 2945 1190 transiret,
2977 1103 3095 1195 qui
3123 1125 3256 1170 non
3283 1111 3451 1173 esset
3500 1112 3741 1171 {eterna
3790 1124 3904 1170 na-

709 1219 958 1288 tivitate
986 1219 1190 1289 filius.
1244 1221 1358 1288 Dei
1389 1243 1545 1311 ergo
1588 1222 1769 1290 filius
1799 1221 2086 1291 hominis
2119 1221 2328 1290 factus
2362 1228 2459 1289 est
2509 1219 2713 1306 filius,
2758 1227 2954 1288 natus
2999 1218 3361 1289 secundum
3404 1220 3744 1291 veritatem
3791 1240 3906 1286 na-

710 1343 876 1405 turae
901 1358 980 1403 ex
1009 1335 1145 1405 Deo
1178 1336 1292 1406 Dei
1321 1336 1526 1427 filius,
1559 1345 1623 1406 et
1650 1336 2010 1407 secundum
2049 1337 2392 1406 veritatem
2420 1344 2673 1406 naturae
2700 1359 2782 1404 ex
2809 1336 3079 1405 homine
3115 1334 3405 1405 hominis
3443 1335 3652 1422 filius,
3691 1345 3765 1404 ut
3797 1356 3905 1403 ve-

709 1452 869 1521 ritas
894 1453 1102 1542 geniti
1129 1475 1262 1521 non
1291 1452 1666 1545 adoptione,
1702 1477 1836 1523 non
1869 1454 2333 1546 appellatione,
2364 1453 2476 1522 sed
2520 1453 2591 1520 in
2634 1460 2912 1545 utraque
2940 1452 3283 1521 nativitate
3319 1451 3447 1520 filii
3486 1473 3729 1521 nomen
3758 1474 3906 1519 nas-

712 1570 917 1638 cendo
946 1569 1236 1656 haberet,
1271 1578 1346 1637 ut
1372 1580 1535 1639 esset
1560 1593 1758 1639 verus
1801 1570 1978 1638 Deus
2007 1579 2071 1638 et
2112 1593 2307 1639 verus
2336 1570 2536 1639 homo
2568 1593 2742 1638 unus
2770 1567 2974 1637 filius.
3006 1567 3155 1637 Non
3200 1589 3356 1657 ergo
3384 1566 3551 1637 duos
3588 1566 3905 1652 ChristoS,

714 1708 931 1778 neque
958 1685 1126 1755 duos
1153 1686 1352 1774 filios,
1384 1687 1496 1756 sed
1523 1687 1739 1757 Deum
1767 1696 1832 1757 et
1856 1688 2191 1757 hominem
2226 1709 2440 1756 unum
2479 1686 2724 1775 filium,
2756 1709 2956 1778 quem
3003 1691 3346 1777 propterea
3372 1694 3438 1753 et
3485 1682 3910 1773 unigenitum

715 1800 1018 1889 dicimuS,
1051 1812 1424 1871 manentem
1456 1804 1525 1872 in
1554 1803 1813 1873 duabus
1840 1803 2249 1888 substantiis,
2282 1802 2452 1871 sicut
2478 1806 2541 1871 ei
2580 1812 2832 1871 naturae
2858 1802 3100 1872 veritas
3127 1800 3431 1887 contulit,
3463 1822 3599 1869 non
3623 1798 3913 1869 confusis

715 1918 972 1987 naturis
1000 1941 1216 2011 neque
1260 1919 1506 2007 mixtis,
1555 1920 1723 1988 sicut
1747 1919 2164 1990 Timotheani
2193 1920 2454 2006 volunt,
2492 1919 2606 1987 sed
2641 1919 2943 1987 societate
2989 1916 3215 1986 unitis
3261 1916 3425 1985 Ecce
3469 1916 3669 1986 habes
3704 1937 3915 2007 quare

715 2033 952 2121 Filius,
984 2056 1119 2103 non
1146 2036 1342 2104 Pater
1372 2036 1477 2104 vel
1506 2036 1794 2127 Spiritus
1822 2046 2110 2121 sanctus,
2143 2057 2407 2105 carnem
2437 2035 2885 2127 assumpserit.

530 2188 684 2233 utrum
805 2149 877 2220 Si
912 2173 1063 2220 vero
1091 2152 1415 2242 quaeritur
1442 2160 1669 2221 utrum
1699 2154 1893 2221 Pater
1922 2153 2026 2221 vel
2057 2152 2345 2243 Spiritus
2368 2159 2629 2221 sanctus
2659 2150 2989 2219 incarnari
3014 2150 3326 2241 potuerit,
3360 2150 3465 2219 vel
3492 2151 3689 2220 etiam
3719 2151 3917 2220 modo

475 2250 685 2369 ξζξξξίζξι
716 2266 943 2359 possit,
977 2289 1131 2335 sane
1160 2267 1540 2358 responderi
1580 2276 1820 2360 posset,
1857 2277 1923 2337 et
1950 2268 2238 2359 potuisse
2266 2267 2455 2354 olim,
2485 2274 2551 2335 et
2583 2290 2768 2358 posse
2796 2289 2978 2335 nunc
3003 2288 3264 2334 carnem
3303 2289 3564 2336 sumere
3595 2275 3659 2335 et
3705 2267 3921 2336 homi-

491 2382 663 2420 unctu}

487 2438 678 2482 mm„
716 2405 869 2452 nem
905 2382 1049 2451 fieri
1079 2392 1211 2451 tam
1238 2384 1532 2469 Patrem,
1563 2408 1764 2477 quam
1791 2385 2115 2476 Spiritum
2158 2393 2459 2454 sanctum
2494 2409 2510 2451 ε
2545 2383 2918 2452 sicutenim
2950 2382 3163 2451 Filius
3198 2382 3396 2453 homo
3424 2382 3635 2453 factus
3661 2392 3780 2472 est,
3829 2385 3922 2453 ita

489 2485 526 2544 ’ὅ
528 2513 651 2544 ”””””
718 2499 917 2568 Pater
944 2500 1051 2568 vel
1080 2498 1368 2590 Spiritus
1394 2508 1657 2569 sanctus
1683 2500 1926 2592 potuit,
1959 2508 2027 2569 et
2052 2509 2284 2592 potest.

475 2564 583 2618 nari,
620 2561 688 2606 vel

504 2627 690 2746 ⁹2:¹3·
807 2615 935 2687 Sed
963 2616 1129 2684 forte
1156 2615 1367 2708 aliqui
1394 2615 1611 2684 dicent
1645 2642 1659 2683 ε
1693 2616 1863 2685 Cum
1892 2617 2178 2686 indivisa
2220 2617 2354 2686 sint
2380 2639 2579 2707 opera
2604 2616 2969 2703 TrinitatiS‚
3001 2616 3058 2684 si
3095 2615 3308 2685 Filius
3336 2638 3599 2685 carnem
3628 2639 3921 2709 assump-

477 2763 689 2870 ”1:21³OE
718 2735 826 2820 sit,
859 2742 1018 2801 tunc
1044 2733 1242 2800 Pater
1268 2740 1331 2800 et
1360 2730 1648 2824 Spiritus
1674 2740 1972 2819 sanctus3
2005 2733 2166 2825 quia
2193 2734 2249 2801 si
2275 2731 2486 2801 Filius
2529 2755 2790 2801 carnem
2820 2732 3196 2823 assumpsit,
3227 2754 3347 2801 nec
3373 2732 3497 2802 hoc
3523 2731 3678 2802 fecit
3701 2733 3921 2817 Pater,

597 2839 668 2869 um

499 2900 673 2932 „mm
720 2849 826 2920 vel
855 2849 1137 2941 Spiritus
1165 2857 1451 2936 sanctus,
1486 2872 1619 2917 non
1652 2872 1847 2918 omne
1875 2850 2054 2942 quod
2083 2849 2240 2918 facit
2282 2848 2517 2935 Filius,
2558 2849 2712 2917 facit
2736 2857 2802 2917 et
2831 2850 3055 2935 Pater,
3088 2860 3153 2917 et
3188 2846 3479 2939 Spiritus
3519 2856 3783 2918 sanctus
3813 2873 3829 2916 ε
3860 2857 3928 2917 at

478 2951 674 3069 ⁸2ss5thss
731 2994 767 3033 α
793 2966 1019 3036 omnia
1042 2966 1241 3034 simul
1271 2966 1468 3034 Pater
1496 2975 1563 3035 et
1587 2967 1800 3036 Filius
1825 2975 1889 3035 et
1916 2967 2270 3035 amborum
2311 2965 2600 3058 Spiritus
2627 2965 2871 3057 pariter
2916 2974 2982 3033 et
3019 2964 3425 3034 concorditer
3452 2973 3810 3056 operantur
3835 2964 3859 2997 ²
3885 2991 3920 3030 »

483 3076 696 3197 qssfffiffn
724 3082 831 3152 Ad
864 3082 1044 3175 quod
1071 3082 1373 3170 dicimus,
1405 3083 1565 3176 quia
1588 3083 1755 3152 nihil
1775 3091 2085 3176 operatur
2109 3082 2322 3152 Filius
2347 3082 2487 3152 sine
2512 3083 2707 3152 Patre
2735 3090 2801 3151 et
2829 3081 3079 3174 Spiritu
3115 3088 3361 3168 sanct0,
3393 3081 3506 3150 sed
3535 3104 3671 3150 una
3697 3089 3793 3150 est
3813 3080 3934 3151 ho-

487 3209 695 3324 vfs‘s‘pi-
726 3222 880 3267 rum
898 3199 1100 3268 trium
1129 3199 1419 3290 operatio
1447 3198 1731 3268 indivisa
1756 3208 1819 3269 et
1843 3199 2291 3285 indissimilis;
2323 3207 2387 3268 et
2418 3208 2635 3268 tamen
2671 3199 2906 3282 Filius,
2926 3221 3063 3268 non
3094 3198 3288 3268 Pater
3304 3199 3408 3268 vel
3437 3197 3724 3289 Spiritus
3747 3220 3935 3266 sanc-

540 3332 648 3377 ritu·
726 3324 1128 3402 tus,carnem
1156 3316 1530 3408 assumpsit.
1562 3317 1778 3408 Ipsam
1806 3325 2024 3384 tamen
2054 3318 2269 3385 carnis
2296 3316 2808 3407 assumptionem
2835 3315 3123 3383 Trinitas
3147 3324 3412 3407 operata
3439 3324 3555 3399 est,
3589 3314 3761 3383 sicut
3788 3315 3939 3383 Au-

499 3400 684 3439 ..m
729 3432 1068 3521 gustinus’
1084 3430 1244 3500 dicit
1269 3433 1340 3500 in
1365 3433 1538 3502 libro
1562 3432 1644 3501 de
1656 3430 1818 3501 Fide
1846 3432 1939 3501 ad
1954 3436 2233 3501 Petrum
2258 3457 2326 3500 z«
2343 3432 2769 3500 Reconciliati
2795 3455 3027 3500 sumus
3049 3453 3165 3523 per
3192 3433 3410 3500 solum
3426 3431 3677 3500 Filium
3705 3453 3940 3500 secun-

733 3548 895 3616 dum
921 3569 1209 3636 carnem,
1243 3547 1357 3617 sed
1384 3571 1518 3624 non
1544 3549 1668 3618 soli
1691 3548 1864 3617 Filio
1917 3550 2278 3618 secundum
2307 3549 2638 3617 deitatem.
2689 3548 2978 3616 Trinitas
3017 3547 3194 3616 enim
3241 3571 3362 3616 nos
3388 3548 3513 3617 sibi
3543 3548 3938 3616 reconcilia-

734 3664 857 3750 vit,
889 3686 1003 3755 per
1030 3664 1153 3733 hoc
1179 3664 1359 3757 quod
1386 3665 1601 3734 solum
1641 3666 1940 3734 Verbum
1971 3688 2238 3734 carnem
2265 3666 2409 3757 ipsa
2434 3665 2724 3733 Trinitas
2758 3663 2934 3733 fecit.
2966 3690 3001 3731 »
3037 3664 3327 3733 Trinitas
3370 3687 3528 3756 ergo
3577 3666 3792 3735 carnis
3838 3689 3941 3734 as-

736 3781 1178 3872 sumptionem
1207 3781 1381 3867 fecit,
1414 3783 1525 3851 sed
1553 3782 1799 3868 Verbo,
1833 3806 1967 3852 non
1994 3783 2180 3851 Patri
2210 3783 2316 3851 vel
2342 3781 2627 3874 Spiritui
2654 3790 2900 3850 sancto.
2931 3780 3004 3850 Si
3031 3781 3212 3849 enim
3239 3782 3437 3851 Pater
3461 3782 3613 3870 sibi,
3637 3790 3703 3852 et
3726 3781 3944 3851 Filius

738 3896 891 3983 sibi,
924 3896 1029 3966 vel
1058 3897 1253 3966 Pater
1279 3897 1473 3983 Filio,
1505 3905 1569 3966 et
1593 3898 1805 3968 Filius
1829 3900 2013 3968 Patri
2042 3900 2259 3968 carnis
2287 3899 2804 3990 assumptionem
2833 3907 3137 3990 operatus
3164 3906 3353 3989 esset,
3378 3899 3519 3991 jam
3549 3922 3685 3969 non
3713 3898 3942 3968 eadem

742 4021 908 4082 esset
934 4013 1224 4104 operatio
1253 4014 1624 4107 utriusque,
1654 4016 1766 4084 sed
1816 4015 2051 4085 divisa.
2087 4015 2218 4086 Sed
2265 4016 2434 4085 sicut
2474 4016 2931 4107 inseparabilis
2957 4025 3020 4085 et
3064 4016 3350 4085 indivisa
3386 4024 3484 4086 est
3526 4016 3749 4085 unitas
3789 4015 3946 4084 sub-

744 4129 1001 4198 stantiae
1034 4129 1260 4215 trium,
1296 4137 1368 4199 ut
1393 4130 1485 4198 ait
1512 4131 1927 4221 Augustinus
1954 4139 1976 4175 ⁴
2007 4133 2079 4201 in
2108 4132 2281 4200 libro
2299 4130 2381 4200 de
2414 4132 2763 4219 Trinitate,
2795 4132 2886 4200 ita
2912 4139 2979 4201 et
3003 4133 3321 4224 operatio;
3360 4156 3495 4203 non
3523 4142 3744 4202 tamen
3770 4155 3950 4201 eam-

747 4243 897 4314 dem
926 4244 1316 4314 Trinitatem
1350 4254 1572 4315 natam
1616 4247 1698 4316 de
1726 4248 2031 4338 Virgine,
2071 4249 2482 4334 crucifixam,
2514 4259 2579 4318 et
2605 4249 2931 4342 sepultam
2970 4250 3272 4319 catholici
3301 4258 3677 4321 tractatores
3710 4250 3948 4319 docue-

750 4369 933 4448 runt,
963 4360 1077 4430 sed
1105 4361 1560 4431 tantummodo
1591 4363 1843 4433 Filium
1871 4391 1888 4450 ;
1922 4388 2042 4433 nec
2071 4364 2369 4434 eamdem
2397 4366 2788 4435 Trinitatem
2808 4365 2879 4434 in
2907 4367 3117 4456 specie
3141 4367 3468 4435 columbae
3494 4371 3516 4406 ⁸
3546 4366 3950 4436 descendisse

752 4499 950 4570 super
971 4476 1225 4565 Jesum,
1256 4478 1368 4547 sed
1427 4487 1686 4548 tantum
1731 4480 2058 4572 Spiritum
2116 4490 2413 4551 sanctum
2429 4509 2447 4568 ;
2507 4506 2628 4551 nec
2678 4483 2974 4551 eamdem
3020 4483 3263 4552 dixisse
3312 4483 3394 4551 de
3433 4483 3599 4552 coelo
3628 4490 3650 4525 ⁶
3687 4507 3702 4550 ε
3740 4486 3832 4550 Tu
3885 4505 3950 4551 es

755 4593 966 4663 Filius
994 4616 1177 4665 meus
1199 4621 1217 4683 ;
1250 4595 1361 4664 sed
1389 4603 1647 4666 tantum
1671 4598 1889 4666 Patris
1916 4621 2140 4668 vocem
2174 4600 2374 4668 fuisse
2407 4600 2490 4669 ad
2516 4599 2766 4668 Filium
2793 4600 3058 4688 factam,
3090 4601 3397 4693 quamvis
3423 4599 3620 4669 Pater
3645 4608 3711 4669 et
3737 4599 3955 4668 Filius

757 4720 823 4780 et
847 4709 1135 4802 Spiritus
1165 4719 1450 4798 sanetus,
1480 4712 1649 4782 sicut
1675 4713 2145 4806 inseparabiles
2173 4724 2353 4802 sunt,
2384 4716 2479 4784 ita
2506 4725 2571 4785 et
2597 4717 3124 4808 inseparabiliter
3149 4724 3529 4809 operentur.
3563 4716 3722 4787 Haec
3753 4717 3952 4785 etiam

760 4850 908 4896 mea
934 4826 1098 4897 fides
1119 4836 1240 4916 est,
1263 4829 1580 4922 quoniam
1607 4830 1876 4922 quidem
1906 4831 2047 4900 haec
2086 4841 2183 4900 est
2207 4833 2527 4902 catholica
2554 4832 2740 4902 fides.
2776 4833 2957 4901 Licet
3000 4855 3157 4922 ergo
3197 4834 3378 4901 solus
3422 4833 3636 4904 Filius
3690 4856 3957 4902 carnem

762 4945 1209 5034 assumpserit,
1240 4945 1452 5037 ipsam
1484 4953 1701 5015 tamen
1729 4945 2256 5017 incarnationem
2283 4971 2434 5017 cum
2461 4949 2660 5018 Patre
2687 4957 2753 5017 et
2779 4947 3035 5040 Spiritu
3059 4956 3282 5018 sancto
3308 4956 3615 5041 operatus
3639 4959 3775 5019 est.

836 5100 979 5149 1Ιιιιο
1000 5100 1253 5165 Gennad.,
1276 5101 1342 5152 de
1365 5102 1555 5154 Eccles.
1590 5103 1794 5168 Doqm„
1821 5118 1867 5154 c.
1898 5115 2021 5154 11.—
2040 5106 2063 5139 ²
2083 5106 2236 5171 Aug„
2254 5104 2319 5155 de
2343 5105 2604 5171 Trin.,lib.
2627 5106 2763 5169 ΧΙΙΙ,
2783 5120 2829 5156 c.
2856 5118 2990 5156 11.—
3007 5106 3030 5142 ⁸
3050 5107 3158 5156 imo
3180 5105 3436 5171 Fulgent„
3465 5105 3532 5156 de
3550 5105 3680 5156 Fide
3705 5106 3776 5156 ad
3798 5063 3959 5166 ῥεῖν..

770 5184 819 5223 c.
848 5181 908 5233 11,
929 5185 983 5221 n.
1009 5175 1089 5222 23.
1110 5172 1210 5208 —⁴
1236 5175 1385 5238 Aug,
1409 5173 1475 5224 de
1503 5174 1662 5237 Tn’m,
1687 5174 1779 5224 lib.
1809 5174 1847 5238 1,
1871 5189 1918 5225 c.
1944 5186 2018 5240 ιν,
2044 5190 2101 5228 n.
2128 5179 2176 5240 7,
2206 5177 2377 5241 quoad
2398 5191 2629 5230 sensum.
2650 5177 2968 5230 -ῑΜαεεΙιμ
2997 5189 3083 5240 ιιι,
3105 5179 3180 5228 ¹6.
3204 5203 3265 5216 -
3283 5177 3304 5212 ⁸
3331 5181 3522 5241 Marc„
3549 5189 3590 5241 1,
3612 5182 3690 5229 ιι.
