4185 6288
716 464 835 527 668

796 598 955 663 Item
978 600 1269 679 charitas,
1299 602 1890 681 quantumcumque
1922 611 2123 680 parva
2149 594 2255 672 sit,

718 705 1045 771 hominem
1085 708 1230 771 facit
1256 707 1523 788 diligere
1554 706 1754 769 Deum
1783 708 2040 787 propter
2066 720 2166 780 se,
2195 705 2260 765 et

713 829 910 895 super
955 815 1205 893 omnia,
1260 817 1323 878 et
1372 813 1518 877 facit
1558 812 1886 876 hominem
1931 811 2000 874 in
2058 810 2256 873 Deum

717 921 1029 985 confidere
1065 921 1211 1004 plus
1247 937 1447 1003 quam
1484 920 1556 983 in
1586 938 1654 983 se
1686 942 1700 983 :
1747 919 1856 983 sed
1893 919 2006 1000 qui
2055 916 2257 980 Deum

717 1032 974 1110 propter
998 1046 1066 1091 se
1092 1031 1157 1092 et
1179 1045 1372 1109 super
1398 1026 1617 1091 omnia
1643 1030 1836 1104 amat,
1869 1030 1933 1090 et
1956 1025 2025 1088 in
2055 1024 2257 1088 Deum

599 1141 612 1150 “
717 1134 996 1212 confidit,
1026 1135 1221 1199 habet
1246 1134 1446 1198 Deum
1473 1132 1831 1216 adjutorem
1860 1148 1878 1196 t
1910 1136 1974 1196 et
2000 1131 2112 1215 qui
2140 1130 2259 1195 ha-

715 1240 821 1304 bet
841 1240 1043 1305 Deum
1067 1240 1422 1323 adjutorem
1443 1288 1462 1319 ,
1494 1239 1671 1303 omni
1697 1239 2028 1304 tentationi
2054 1241 2258 1321 potest

713 1347 1004 1411 resistere
1044 1369 1058 1411 :
1100 1365 1261 1427 ergo
1305 1345 1501 1410 homo
1542 1364 1621 1409 ex
1667 1345 2259 1428 quantulacumque

709 1454 1015 1520 charitate
1060 1473 1363 1538 superare
1409 1456 1612 1537 potest
1650 1472 1911 1519 omnem
1958 1453 2258 1517 tentatio-

708 1579 882 1626 nem.

785 1668 945 1731 Item
974 1668 1203 1749 gratia,
1234 1672 1839 1751 quantumcumque
1866 1667 1950 1732 sit
1982 1667 2256 1743 modica,

706 1776 1023 1856 potentior
1057 1778 1152 1838 est
1183 1781 1246 1839 et
1285 1775 1691 1839 excellentior
1730 1793 1928 1857 quam
1977 1780 2208 1837 natura
2240 1797 2255 1837 :

706 1881 814 1945 sed
841 1880 1035 1944 homo
1062 1881 1131 1944 in
1171 1886 1339 1944 statu
1367 1881 1746 1946 innocentiae
1770 1929 1786 1957 ,
1816 1881 1885 1944 in
1926 1882 2107 1962 puris
2151 1899 2263 1945 na-

706 1987 1020 2052 turalibus
1067 1989 1487 2068 constitutuS,
1538 1990 1784 2070 poterat
1824 1992 2262 2069 quantaecum·

708 2113 836 2178 que
880 2094 1210 2158 tentationi
1262 2094 1545 2159 resistere
1592 2115 1609 2159 z
1660 2113 1818 2175 ergo
1865 2093 2146 2157 existens
2192 2093 2261 2156 in

707 2201 920 2281 gratia
952 2205 1156 2283 potest
1196 2204 1735 2283 quantaecumque
1774 2198 2111 2263 tentationi
2156 2217 2263 2262 re-

708 2308 963 2387 sistere,
1013 2309 1672 2391 quantulamcumque
1721 2306 1950 2370 habeat
1995 2304 2262 2370 charita·

709 2420 866 2479 tem.

791 2523 979 2601 Item,
1009 2525 1143 2587 esto
1193 2522 1363 2605 quod
1395 2523 1628 2606 aliquis
1674 2523 1904 2589 habeat
1944 2523 2260 2588 modicam

711 2637 1116 2714 charitatem,
1147 2639 1211 2698 et
1256 2638 1536 2699 tentetur
1585 2654 1824 2717 magna
1866 2636 2257 2714 tentatione,

713 2747 826 2807 aut
862 2745 1065 2825 potest
1093 2742 1184 2806 illi
1213 2742 1526 2820 resistere,
1557 2746 1671 2805 aut
1713 2761 1843 2807 non
1876 2764 1892 2808 ε
1925 2743 1978 2806 si
2015 2746 2259 2825 potest,

715 2850 918 2914 habeo
944 2851 1382 2934 propositum;
1417 2851 1469 2913 si
1506 2870 1638 2915 non
1671 2855 1910 2933 potest,
1940 2855 2005 2916 et
2047 2851 2265 2916 nullus

715 2960 931 3039 peccat
969 2958 1036 3021 in
1076 2975 1152 3022 eo
1191 2957 1360 3040 quod
1409 2958 1608 3021 vitare
1643 2976 1775 3023 non
1817 2962 2054 3041 potest,
2104 2978 2264 3040 ergo

717 3064 1165 3129 consentiendo
1192 3063 1303 3127 tali
1337 3064 1668 3128 tentationi
1702 3084 1832 3129 non
1860 3069 2073 3149 peccat
2103 3086 2118 3129 t
2155 3068 2264 3131 sed

717 3171 838 3235 hoc
876 3176 970 3235 est
1011 3172 1242 3235 falsum
1276 3194 1290 3236 ε
1325 3190 1483 3252 ergo
1518 3177 1580 3235 et
1618 3172 1771 3237 illud
1796 3221 1814 3251 ,
1845 3191 1926 3236 ex
1970 3191 2099 3255 quo
2142 3172 2265 3236 hoc

717 3279 1012 3361 sequitur
1042 3301 1058 3343 ε
1092 3279 1253 3343 redit
1280 3298 1441 3359 ergo
1472 3280 1639 3344 idem
1672 3280 1844 3363 quod
1874 3281 2074 3363 priuS.

497 3401 561 3446 Ad
587 3413 688 3458 opp.
803 3386 923 3450 Sed
970 3391 1212 3467 contra,
1243 3392 1273 3452 1
1306 3394 1323 3429 ¹
1372 3408 1387 3451 z
1432 3387 1678 3454 Fidelis
1720 3389 1924 3470 Deua,
1975 3390 2092 3470 qui
2135 3403 2266 3455 non

716 3494 1037 3575 permittit
1069 3492 1149 3576 (a)
1178 3510 1290 3559 vos
1328 3495 1573 3561 tentari
1602 3511 1802 3575 supra
1841 3495 1918 3560 id
1952 3495 2125 3577 quod
2146 3510 2262 3577 po·

724 3602 903 3666 testis
951 3618 969 3662 z
1014 3604 1255 3664 constat
1312 3601 1485 3683 quod
1542 3600 1827 3684 loquitur
1885 3601 2268 3665 habentibus

722 3707 1094 3771 charitatem
1141 3725 1157 3767 t
1190 3725 1377 3786 ergo,
1407 3707 1460 3770 si
1502 3707 1668 3773 Deus
1696 3707 2108 3790 permitteret,
2136 3708 2271 3772 dia·

722 3813 906 3878 bolus
943 3816 1210 3877 tentaret
1237 3813 1568 3878 homiuem
1613 3813 1956 3879 habentem
1999 3815 2267 3879 charita·

723 3923 854 3984 tem
895 3939 1091 4003 supra
1135 3938 1316 4003 posse
1354 3941 1372 3984 ι
1411 3938 1568 4002 ergo
1616 3940 1747 3985 non
1785 3922 2060 4002 videtur,
2095 3923 2267 4006 quod

725 4046 875 4092 cum
904 4028 1490 4110 quantulacumque
1516 4028 1821 4094 charitate
1844 4030 2041 4113 possit
2072 4030 2267 4096 homo

724 4135 1017 4198 resistere
1045 4135 1375 4199 tentationi
1400 4136 1727 4199 maximae.

804 4248 866 4306 Ξ.
918 4243 1077 4307 Item
1113 4260 1306 4325 super
1345 4242 1504 4308 illud
1543 4242 1818 4307 Psalmi²
1853 4262 1870 4307 ε
1904 4245 2106 4312 Proba
2133 4263 2265 4326 me,

725 4352 1033 4429 Domine,
1102 4356 1161 4418 et
1222 4355 1399 4417 tenta
1458 4368 1555 4416 me
1575 4400 1596 4430 ,
1643 4352 1797 4416 dicit
1856 4354 2198 4418 auctoritas
2246 4376 2262 4419 :

730 4483 762 4522 ι
794 4459 977 4523 Prius
1005 4457 1176 4523 vires
1200 4460 1449 4521 nostras
1476 4457 1711 4540 inspice
1735 4506 1752 4534 ,
1790 4465 2005 4540 postea
2038 4462 2267 4525 tentari

722 4566 1036 4649 permitte.
1066 4586 1097 4624 n
1128 4563 1253 4630 Sed
1282 4564 1403 4628 hoc
1428 4583 1560 4629 non
1589 4569 1868 4648 peteret,
1898 4566 2021 4630 nisi
2060 4573 2271 4650 posset

719 4674 950 4740 tentari
986 4690 1181 4756 super
1208 4674 1378 4738 vires
1409 4693 1428 4738 t
1459 4691 1615 4754 ergo
1661 4674 1916 4739 videtur
1943 4678 2117 4757 quod
2150 4677 2268 4740 ali-

720 4800 852 4864 qua
898 4780 1160 4845 tentatio
1206 4779 1326 4858 sit,
1370 4780 1477 4844 cui
1522 4798 1654 4845 non
1700 4783 1938 4847 sufficit
1977 4784 2268 4850 resistere

722 4892 929 4956 virtus
956 4889 1280 4957 charitatis
1310 4888 1578 4953 modicae
1605 4891 1670 4954 et
1697 4890 2105 4973 imperfectae.

803 5005 864 5064 3.
908 4998 1063 5062 Item
1098 4997 1501 5076 Ambrosius,
1542 4998 1612 5062 in
1651 5000 1930 5081 quodam
1972 5019 2270 5069 sermone

722 5110 810 5174 De
854 5105 1331 5188 confessoribus
1379 5123 1396 5169 :
1448 5129 1480 5166 α
1530 5106 1789 5174 Diversa
1836 5114 1984 5174 sunt
2028 5130 2270 5193 genera

722 5213 1153 5291 inimicorum,
1183 5213 1296 5294 qui
1336 5214 1690 5280 secundum
1734 5217 1975 5283 virium
2012 5225 2269 5286 nostra—

787 5352 843 5400 ¹1
871 5352 1007 5415 Con,
1035 5363 1089 5414 x,
1125 5353 1280 5400 13.-
1306 5353 1329 5386 ¹
1360 5351 1497 5403 psal:
1516 5365 1638 5418 xxv,
1667 5357 1714 5405 2.

788 5442 855 5511 (α)
885 5443 1028 5508 Vulq.
1051 5443 1288 5507 patietur.

1835 454 2463 527 SENTENTIARUM
2504 453 2653 520 LIB.
2700 454 2808 521 III.

2360 608 2511 655 rum
2578 591 2998 672 quantitatem
3012 640 3033 668 ,
3102 594 3508 673 compensato
3577 591 3901 657 nobiscum

2364 714 2575 778 agone
2603 698 2954 764 luctantur.
2982 721 3014 759 n
3051 697 3175 763 Sed
3210 701 3487 781 majores
3523 699 3700 764 viroe
3724 700 3906 764 babet

2365 805 2640 868 charitas
2666 806 2961 887 perfecta,
2991 823 3189 888 quam
3224 806 3594 887 imperfecta
3627 828 3643 871 ε
3674 825 3834 890 ergo
3858 809 3905 871 si

2363 911 2475 975 illa
2500 911 2691 976 habet
2729 912 2969 977 luctam
3007 914 3142 977 suis
3183 914 3431 979 viribus
3470 917 3908 998 proportiona-

2363 1018 2579 1099 bilem,
2619 1019 2875 1084 videtur
2919 1020 3093 1102 quod
3132 1021 3349 1103 aliqua
3396 1021 3568 1086 lucta
3600 1022 3684 1087 sit
3721 1041 3909 1106 supra

2364 1125 2536 1190 vires
2557 1126 2879 1191 charitatis
2906 1127 3312 1209 imperfectae.

2437 1237 2501 1299 4.
2543 1234 2702 1299 Item
2742 1235 2950 1299 virtus
2979 1235 3305 1300 charitatis
3349 1236 3632 1300 maxime
3680 1237 3911 1303 relucet

2363 1342 2434 1405 in
2476 1361 2723 1425 pugna,
2767 1347 2832 1408 et
2876 1344 3243 1408 tentationis
3291 1345 3558 1409 victoria
3603 1367 3621 1409 ε
3658 1347 3714 1409 si
3758 1366 3908 1429 ergo

2362 1451 2953 1536 quantulacumque
3019 1453 3298 1518 charitas
3355 1457 3558 1536 potest
3627 1455 3910 1519 resistere

2367 1558 2672 1623 maximae
2719 1560 3086 1640 tentationi,
3140 1561 3397 1625 videtur
3446 1562 3622 1644 quod
3674 1563 3910 1629 modica

2366 1664 2638 1729 charitas
2665 1667 2745 1730 sit
2772 1667 3074 1732 maximae
3103 1669 3359 1732 virtutis
3385 1673 3449 1732 et
3468 1670 3904 1751 perfectionis:

2366 1773 2537 1854 quod
2565 1773 2619 1836 si
2646 1777 2740 1836 est
2767 1774 3101 1839 manifeste
3126 1774 3356 1838 falsum
3379 1823 3399 1854 ,
3430 1779 3629 1839 restat
3655 1779 3825 1859 quod
3854 1783 3909 1842 et

2368 1879 2525 1945 illud
2551 1899 2635 1944 ex
2662 1900 2793 1964 quo
2820 1883 3134 1964 sequitur.

2438 1992 2497 2050 5.
2530 1988 2690 2051 Item
2731 1990 3109 2071 magnitudo
3136 2007 3390 2054 coronae
3431 1993 3785 2058 attenditur
3817 2013 3911 2060 se·

2368 2093 2652 2158 cundum
2714 2095 3231 2176 magnitudinem
3286 2115 3525 2179 pugnae
3583 2121 3600 2162 ε
3650 2119 3811 2182 ergo
3860 2102 3911 2164 si

2365 2201 2614 2266 modica
2659 2202 2935 2267 charitas
2983 2204 3271 2268 resistere
3315 2210 3526 2287 posset
3576 2208 3912 2273 'tentationi

2366 2310 2690 2390 maximae,
2723 2311 2975 2376 videtur
3002 2310 3173 2394 quod
3203 2313 3488 2377 maxima
3532 2332 3772 2379 corona
3812 2316 3912 2381 de·

2364 2415 2591 2479 beatur
2614 2416 2904 2480 charitati
2934 2417 3217 2482 minimae
3240 2440 3256 2481 ι
3279 2419 3389 2483 sed
3416 2419 3537 2484 hoc
3560 2426 3658 2485 est
3686 2423 3912 2488 falsum

2367 2522 2698 2586 manifeste
2730 2544 2746 2587 z
2777 2541 2959 2606 ergo,
2991 2527 3113 2588 etc.

2445 2633 2507 2693 6.
2543 2627 2700 2693 ltem
2724 2630 3021 2711 quaedam
3047 2635 3143 2696 est
3169 2652 3426 2716 pugna,
3463 2653 3548 2699 ex
3574 2639 3768 2718 cnjus
3788 2638 3912 2703 vic·

2366 2736 2530 2799 toria
2559 2737 2935 2819 purificatur
2961 2739 3178 2804 anima
3203 2741 3285 2804 ab
3306 2741 3627 2808 'omnibus
3650 2747 3918 2811 veniali-

2369 2843 2512 2923 bus,
2561 2850 2624 2908 et
2667 2847 2880 2909 statim
2929 2847 3140 2912 evolat
3188 2849 3256 2912 in
3297 2849 3573 2928 coelum;
3619 2853 3789 2917 sicut
3830 2859 3919 2918 est

2369 2951 2627 3033 quando
2645 2971 2760 3035 pro
2777 2953 3028 3034 Justitia
3046 2972 3219 3018 mors
3243 2955 3492 3019 homini
3521 2957 3876 3024 intentatur
3897 2981 3913 3025 t

2370 3076 2529 3140 ergo
2591 3061 2644 3122 si
2707 3061 2958 3126 modica
3019 3063 3295 3127 charitas
3362 3071 3573 3147 posset
3631 3069 3917 3133 resistere

2370 3172 2910 3253 quantaecumque
2948 3173 3303 3249 tentationi,
3353 3174 3603 3238 modica
3650 3177 3917 3242 charitas

2370 3281 2581 3357 posset
2623 3278 2841 3342 omnia
2885 3280 3162 3345 venialia
3207 3280 3437 3359 delere,
3486 3286 3551 3346 et
3597 3285 3815 3347 statim
3852 3286 3916 3347 in

2370 3383 2604 3447 coelnm
2647 3385 2850 3449 facere
2887 3387 3142 3451 evolare
3175 3408 3191 3450 :
3223 3387 3395 3469 quod
3424 3389 3477 3451 si
3524 3388 3649 3454 hoc
3696 3393 3912 3456 absur-

2371 3491 2527 3556 dum
2556 3496 2680 3571 est,
2715 3498 2909 3558 restat
2932 3493 3104 3558 idem
3132 3493 3305 3577 quod
3335 3495 3537 3576 prius.

2922 3689 3379 3757 CONCLUSIO.

2373 3833 2870 3906 Quantulacumque
2904 3832 3149 3892 chau-itas
3175 3840 3353 3908 potest
3391 3840 3637 3896 resistere
3679 3845 3914 3911 quantav-

2443 3939 2661 3994 cumque
2689 3926 2985 3980 tentationi
3004 3970 3021 3995 ,
3076 3930 3189 3982 tum
3212 3932 3437 3999 propter
3477 3930 3578 3984 Det·
3607 3932 3909 3996 anatim,

2445 4016 2557 4067 tum
2579 4016 2804 4084 propter
2829 4015 3131 4071 voluntatis
3172 4016 3503 4088 libertatem
3541 4018 3636 4074 sod
3668 4035 3811 4090 non,
3837 4024 3916 4075 at-

2444 4107 2587 4158 tento
2612 4105 2751 4159 vitio
2774 4104 3117 4173 difficultatis
3155 4105 3229 4161 ad
3257 4106 3480 4173 bonum,
3528 4113 3583 4163 et
3623 4112 3916 4180 prauitatis

2444 4193 2520 4248 ad
2542 4194 2765 4249 malwn.

2438 4353 2622 4435 Resp.
2653 4353 2735 4418 ad
2760 4372 2902 4435 arg.
2930 4355 3025 4419 Ad
3055 4355 3504 4438 praedictorum
3547 4357 3915 4441 intelligen-

2373 4462 2530 4526 tiam
2574 4464 2669 4526 est
2724 4462 3082 4527 notandum
3106 4512 3124 4540 ,
3179 4464 3350 4547 quod
3408 4483 3559 4529 cum
3608 4469 3918 4550 quaeritm·

2373 4575 2595 4634 utrum
2640 4569 3227 4652 quantulacumque
3266 4571 3543 4636 charitas
3585 4575 3787 4654 possit
3824 4593 3918 4638 ne·

2372 4676 2590 4741 sistere
2616 4680 3155 4760 quantaecumque
3181 4679 3535 4758 tentationi,
3569 4679 3698 4744 hoc
3723 4682 3919 4764 dupli·

2381 4784 2537 4848 citer
2557 4788 2760 4867 potest
2785 4784 3058 4866 intelligi
3089 4804 3107 4848 ε
3137 4789 3250 4850 aut
3274 4785 3593 4869 loquendo
3619 4789 3700 4852 de
3725 4794 3921 4871 potes-

2378 4895 2506 4956 tate
2535 4892 2857 4956 charitatis
2895 4911 3009 4975 per
3042 4895 3580 4975 comparationem
3610 4896 3693 4959 ad
3733 4898 3835 4981 adj
3846 4917 3921 4962 u-

2373 5000 2611 5064 torium
2680 5000 2917 5064 divinae
2979 5000 3399 5082 providentiae
3462 5001 3915 5083 gubernantis;

2374 5111 2488 5173 aut
2520 5125 2633 5191 per
2659 5107 3199 5190 comparationem
3222 5109 3304 5173 ad
3331 5109 3502 5173 vires
3536 5110 3723 5175 liberi
3748 5111 3921 5175 arbi-

2376 5216 2486 5281 trii
2512 5214 2927 5297 cooperantis.
2959 5213 3330 5281 Secundum
3368 5204 3727 5300 utrumque
3769 5219 3921 5284 isto-

2373 5340 2525 5386 rum
2565 5322 2909 5387 modorum
2950 5322 3077 5387 fuit
3121 5322 3227 5387 hic
3266 5323 3508 5408 duplex
3551 5326 3786 5391 modus
3824 5326 3915 5391 di-

2376 5430 2582 5497 cendi.
2628 5429 2697 5499 Si
2746 5429 2925 5496 enim
2967 5429 3307 5515 loquamur
3348 5451 3465 5517 per
3507 5434 3914 5520 comparatio-
3932 5453 4095 5513 (μῆ-ι.
