4185 6288
1159 462 1537 531 elSTINc'r.
1586 464 1689 530 lX.
1732 464 1915 531 ΛΒΤ.
1964 464 2038 531 11.
2083 461 2386 543 QUAEST.
2430 464 2536 530 111.

274 599 456 680 magis
485 617 814 664 summam
852 602 1287 685 majestatem3
1319 620 1441 667 nec
1465 619 1641 686 spes,
1670 602 1795 668 hec

273 711 532 772 constat:
563 725 747 789 erge,
777 712 899 773 etc.

797 937 1249 1008 CONCLUSIO.

271 1124 443 1180 latria
466 1127 542 1180 est
567 1124 746 1179 virm
767 1122 1087 1194 cardinalis,
1110 1124 1477 1196 adJ‘ustitiam
1498 1130 1796 1198 pertinens,

330 1228 441 1268 ema
477 1227 587 1268 non
621 1211 777 1268 mede
823 1214 1163 1283 interiorem,
1216 1214 1311 1271 sed
1346 1219 1664 1274 exteriorem
1704 1220 1803 1274 Dei

337 1304 535 1360 cultim
562 1302 714 1359 dicat
739 1343 755 1370 ,
796 1302 946 1374 nujus
966 1307 1250 1376 proprium
1279 1321 1443 1375 qenus
1469 1311 1546 1363 eut
1583 1308 1799 1378 religio.

337 1463 518 1547 Resp.
551 1462 633 1528 ad
661 1482 806 1545 arg.
836 1463 934 1529 Ad
960 1465 1407 1547 praedicterum
1433 1466 1803 1549 intelligen-

265 1572 409 1636 tiam
450 1576 545 1637 est
574 1572 961 1652 notandum,
991 1573 1165 1656 qued
1196 1574 1341 1638 licet
1364 1573 1550 1638 latria
1583 1575 1800 1640 netifl-

264 1685 432 1746 cetur
471 1698 589 1763 per
631 1679 915 1756 cultum,
950 1680 1086 1744 sive
1130 1699 1241 1764 per
1283 1681 1690 1761 servitutem,
1730 1688 1805 1747 ut

261 1788 498 1853 dimtur
537 1786 728 1851 latria
763 1805 896 1851 esse
931 1787 1244 1867 servitus,
1272 1787 1407 1854 sive
1435 1788 1647 1853 cultus
1674 1789 1802 1854 Dee

261 1896 500 1961 debitus
516 1943 535 1974 ,
565 1897 630 1959 et
674 1894 797 1958 ista
828 1895 958 1960 due
993 1894 1179 1977 quasi
1220 1913 1337 1978 pre
1363 1894 1588 1959 eedem
1635 1897 1802 1961 acci-

265 2004 522 2086 piuntur
542 2048 561 2075 ,
620 2001 924 2066 differunt
980 2006 1196 2065 tamen
1244 2003 1597 2067 secundum
1654 2022 1805 2086 pre-

265 2109 462 2192 priam
488 2108 942 2190 acceptionem.
974 2108 1194 2173 Cultus
1216 2108 1392 2173 enim
1414 2107 1527 2174 Dei
1553 2110 1807 2192 respicit

268 2221 472 2281 actum
520 2215 889 2280 interiorem
931 2221 994 2279 et
1040 2215 1444 2294 exteriorem,
1494 2223 1558 2279 et
1596 2216 1806 2298 magis

271 2323 628 2389 interiorem
645 2372 664 2402 ,
695 2341 896 2406 quam
925 2322 1307 2387 exteriorem
1338 2344 1355 2399 ;
1387 2322 1661 2387 servitus
1687 2341 1809 2403 au-

275 2434 392 2494 tem
429 2431 683 2514 proprie
726 2429 985 2513 respicit
1027 2434 1241 2494 actum
1285 2429 1690 2494 exteriorem.
1728 2430 1810 2494 Et

281 2536 404 2600 idee
417 2585 439 2617 ,
482 2555 630 2601 cum
684 2536 873 2600 latria
928 2537 1008 2601 de
1068 2537 1312 2600 ratione
1368 2536 1470 2600 sui
1513 2537 1809 2601 vocabuli

286 2641 429 2707 idem
456 2645 534 2706 sit
559 2643 730 2726 qued
762 2643 1070 2724 servitus,
1101 2643 1456 2708 secundum
1488 2644 1662 2726 qued
1690 2663 1805 2709 ex-

290 2749 443 2830 ponit
464 2750 868 2832 Augustinus
894 2749 961 2812 in
987 2749 1149 2813 libre
1184 2750 1267 2816 De
1304 2752 1625 2818 Tn’nitate
1644 2752 1685 2828 ¹,
1714 2751 1805 2817 la-

295 2855 397 2918 tria
452 2856 703 2941 proprie
772 2855 1027 2939 respicit
1100 2861 1317 2922 actum
1384 2859 1802 2939 exteriorem3

299 2960 580 3028 theosebia
608 2982 769 3028 vere
786 3011 805 3042 ,
835 2962 938 3027 vel
965 2963 1224 3027 eusebia
1240 3012 1257 3044 ,
1290 2963 1458 3027 idem
1486 2969 1609 3043 est,
1639 2967 1811 3048 qued

302 3068 477 3133 cultus
502 3071 789 3150 divinus,
821 3070 956 3136 sive
996 3070 1204 3135 benus
1244 3071 1455 3135 cultus
1504 3094 1518 3136 :
1564 3076 1627 3136 et
1671 3072 1814 3137 idee

308 3179 524 3259 proprie
559 3179 813 3263 respicit
854 3182 1069 3252 actum
1111 3179 1499 3243 interiorem.
1545 3179 1623 3244 Et
1650 3200 1816 3263 que-

313 3283 456 3348 niam
478 3279 676 3351 virtus
695 3305 843 3369 quae
870 3286 1125 3368 respicit
1152 3291 1370 3351 actum
1400 3289 1809 3369 exteriorem3

320 3397 565 3458 versatur
600 3394 881 3477 quedam
923 3393 1111 3458 mede
1156 3394 1321 3458 circa
1361 3396 1673 3460 actionem
1692 3443 1709 3473 ,
1754 3401 1818 3462 et

324 3501 398 3559 ost
427 3498 484 3563 in
521 3519 752 3582 genere
800 3500 1053 3568 virtutis
1100 3500 1479 3579 cardinalis;
1525 3503 1674 3567 hinc
1724 3509 1821 3569 est

328 3606 463 3683 qued
498 3608 675 3673 latria
728 3611 823 3673 est
877 3608 1085 3673 virtus
1127 3607 1491 3672 cardinalis,
1547 3610 1625 3674 Et
1670 3614 1821 3695 quia

330 3715 625 3781 considerat
685 3720 904 3781 actum
959 3716 1340 3781 exteriorem
1406 3718 1527 3782 sub
1578 3721 1821 3787 ratione

333 3816 511 3903 debiti,
550 3830 605 3890 et
644 3825 717 3889 in
766 3825 1237 3908 comparatione
1274 3826 1352 3890 ad
1397 3828 1670 3894 alterum
1695 3878 1711 3907 ,
1759 3834 1824 3896 et

334 3922 424 3991 hec
444 3938 523 3996 est
547 3935 745 4019 ipsius
768 3933 1057 4018 justitiae,
1088 3933 1229 3998 idee
1250 3933 1435 3998 latria
1463 3936 1824 4003 continetur

334 4035 425 4098 sub
446 4040 657 4107 virtute
685 4040 986 4106 cardinali
1002 4089 1021 4120 ,
1051 4059 1201 4123 quae
1230 4041 1488 4123 quidem
1517 4048 1613 4107 est
1631 4047 1824 4126 Justi-

332 4139 415 4205 tia.
439 4151 676 4228 Rursus,
708 4149 864 4232 quia
889 4148 1127 4231 species
1146 4149 1438 4230 justitiae,
1472 4153 1825 4218 secundum

330 4252 463 4331 qued
483 4257 807 4321 ordinatur
833 4257 908 4321 ad
937 4256 1369 4322 venerandam
1395 4262 1694 4324 naturam
1722 4279 1827 4325 su-

325 4359 634 4444 perierem,
676 4367 774 4429 est
812 4364 950 4446 ipsa
990 4362 1251 4444 religio,
1280 4364 1447 4429 sicut
1481 4366 1633 4430 dicit
1671 4366 1825 4433 Tul-

320 4460 458 4548 lius3
486 4470 632 4537 hinc
672 4475 769 4535 est
810 4470 980 4553 qued
1022 4470 1206 4534 latria
1240 4490 1374 4535 nen
1400 4472 1611 4538 selum
1636 4476 1827 4540 estin

315 4592 519 4655 genere
545 4577 797 4644 virtutis
827 4583 1134 4661 tanquam
1183 4579 1252 4643 in
1286 4598 1523 4662 genere
1553 4587 1821 4664 remote,

308 4685 399 4749 sed
433 4686 496 4752 in
541 4706 781 4770 genere
837 4686 1094 4751 virtutis
1142 4686 1476 4754 cardinalis
1520 4693 1826 4774 tanquam

304 4790 363 4855 in
387 4811 614 4875 genere
639 4793 1103 4872 subalternat03
1145 4793 1212 4857 in
1243 4812 1479 4876 genere
1508 4815 1663 4862 vere
1683 4800 1823 4880 jus-

300 4903 471 4984 titiae,
514 4904 680 4969 sicut
705 4904 775 4967 in
802 4921 1041 4985 genere
1068 4904 1459 4988 propinqum
1492 4907 1560 4971 in
1588 4925 1827 4988 genere

297 5030 435 5077 vere
457 5011 812 5095 religionis,
846 5009 1011 5076 sicut
1039 5012 1109 5075 in
1136 5031 1372 5094 genere
1398 5015 1578 5096 proxi
1588 5033 1717 5080 me.
1751 5016 1829 5082 Et

295 5119 404 5185 hec
440 5124 533 5186 aet
558 5120 731 5204 qued
766 5118 919 5183 dicit
954 5119 1389 5202 Augustinus,
1419 5122 1507 5187 De
1548 5123 1827 5192 civitate

296 5232 400 5298 Dei
420 5232 581 5297 libre
623 5231 907 5310 decime,
946 5232 1149 5315 capite
1172 5251 1225 5308 1,
1258 5231 1369 5295 uhi
1407 5232 1623 5314 dicit²‚
1654 5238 1828 5318 qued

354 5393 529 5458 wag,
552 5395 612 5445 de
642 5394 850 5455 Trinit„
873 5391 962 5443 lib.
989 5396 1029 5457 1,
1050 5408 1098 5444 e.
1134 5403 1206 5455 vt,
1238 5406 1288 5442 u.
1327 5394 1412 5455 133
1446 5392 1509 5442 de
1538 5394 1690 5448 civit.
1718 5398 1826 5458 Dei,

294 5461 512 5534 tib.x,e.
538 5478 578 5530 1,
604 5481 659 5520 n.
682 5471 734 5522 2,
756 5490 819 5504 -
843 5465 865 5500 ¹
885 5464 1032 5530 leid„
1061 5479 1116 5516 n.
1148 5467 1197 5528 3,
1224 5464 1395 5530 quoad
1422 5479 1648 5519 sensum.

3329 480 3450 542 217

1903 602 2074 666 idem
2102 607 2195 667 est
2216 604 2387 687 apud
2415 602 2666 674 Graeces
2688 609 2908 689 latria,
2938 612 3110 694 quod
3138 612 3310 696 apud
3335 630 3458 678 nes

1904 709 2164 792 religio,
2182 718 2446 795 excepte
2465 717 2638 798 quod
2656 735 2892 783 nemen
2913 719 3242 801 religionis
3266 724 3360 785 est
3385 721 3454 785 in

1905 818 2072 902 plus.
2119 817 2299 885 Unde
2342 821 2578 888 ibidem
2627 824 2813 906 dicit,
2857 828 3030 910 qued
3072 828 3284 892 cultus
3329 828 3453 892 Deo

1905 926 2155 991 debitus
2230 932 2505 1011 quatuor
2559 933 2926 998 nominibus
2983 939 3393 1018 nuncupatur
3429 985 3446 1015 ,

1905 1032 2160 1098 duobus
2193 1035 2362 1117 apud
2391 1034 2640 1102 Graeces
2661 1086 2681 1116 ,
2711 1043 2774 1104 et
2804 1041 3056 1106 duobus
3097 1041 3269 1123 apud
3309 1060 3444 1107 nes.
3483 1048 3700 1154 Dec-¹¹¹⁰·

1906 1140 2095 1223 Apud
2124 1140 2374 1206 Graeces
2398 1162 2679 1228 namque
2701 1147 2933 1211 dicitur
2959 1147 3165 1227 latria,
3193 1153 3256 1213 et
3279 1148 3453 1213 thee-
3481 1126 3576 1247 2219ss
3597 1124 3698 1217 ‘³1¹1'ss

3527 1250 3598 1279 mn
3617 1238 3696 1279 ha-

1907 1243 2103 1322 sebia,
2146 1244 2280 1309 sive
2319 1247 2617 1327 eusebia;
2666 1252 2836 1332 apud
2881 1270 2999 1315 nes
3032 1270 3186 1316 vere
3222 1251 3454 1316 dicitur
3482 1250 3572 1340 ἵζει.

1908 1357 2138 1440 pietas,
2169 1361 2234 1421 et
2270 1359 2530 1440 religio,
2560 1361 2648 1424 ita
2673 1362 2844 1444 qued
2885 1362 3003 1425 ista
3032 1363 3160 1427 due
3191 1363 3456 1426 nemina

1908 1464 2293 1547 respondent
2329 1465 2454 1529 illis
2490 1467 2778 1547 duobuS,
2806 1468 2952 1533 licet
2985 1468 3457 1552 quedammodo

1909 1570 2037 1634 sint
2063 1570 2131 1634 in
2158 1570 2303 1654 plus
2328 1577 2642 1654 quantum
2671 1573 2750 1637 ad
2779 1579 3027 1639 metum
3052 1580 3454 1640 consuetum.

1912 1675 2223 1740 Differunt
2253 1682 2469 1742 autem
2494 1678 2705 1758 latria,
2748 1684 2812 1744 et
2850 1681 3208 1759 theosebia,
3240 1701 3462 1748 secun-

1911 1781 2069 1848 dum
2098 1783 2420 1866 propriam
2447 1786 2901 1868 acceptionem,
2935 1788 3083 1853 licet
3117 1790 3461 1872 aliquande

1911 1890 2306 1973 accipiantur
2332 1910 2449 1975 pre
2476 1894 2700 1957 eedem
2718 1942 2736 1970 ,
2781 1896 2937 1978 quia
2965 1896 3288 1961 theosebia
3313 1897 3464 1962 dicit

1912 1996 2161 2061 cultum
2207 1999 2572 2064 interiorem
2594 2049 2611 2079 ,
2658 2002 2772 2084 qui
2815 2004 3073 2086 proprie
3106 2008 3344 2087 spectat
3382 2004 3462 2069 ad

1914 2106 2189 2169 virtutes
2232 2105 2654 2188 theologicas;
2701 2110 2810 2174 sed
2851 2110 3036 2175 latria
3085 2111 3464 2176 servitutem

1913 2212 2296 2277 exterieiem
2316 2263 2334 2290 ,
2365 2232 2512 2297 quae
2540 2222 2776 2300 spectat
2801 2219 3219 2301 adjustitiam
3242 2267 3259 2297 ,
3290 2220 3459 2284 scili-

1915 2324 2013 2384 cet
2046 2320 2354 2385 virtutem
2393 2323 2799 2387 cardinalem.
2839 2324 3323 2391 Concedendum
3369 2332 3463 2391 est

1915 2445 2077 2508 erge
2103 2427 2354 2492 latriam
2382 2448 2517 2493 esse
2541 2430 2843 2494 virtutem
2872 2432 3278 2497 cardinalem.
3309 2432 3465 2498 Cen-

1916 2534 2195 2600 cedenda
2215 2535 2408 2600 etiam
2438 2542 2591 2601 sunt
2615 2542 3006 2618 argumenta
3037 2539 3161 2605 hec
3195 2539 3466 2622 proban-

1919 2641 2028 2705 tia.

2000 2755 2029 2813 1
2064 2754 2126 2812 et
2157 2754 2219 2814 2.
2247 2749 2343 2813 Ad
2362 2750 2522 2814 duas
2550 2757 2766 2816 autem
2793 2753 3198 2818 auctoritates
3211 2754 3469 2837 Augus-

1917 2854 2034 2920 tini
2055 2860 2226 2940 patet
2251 2857 2575 2940 responsio
2602 2877 2715 2941 per
2736 2862 2872 2941 jam
2896 2859 3083 2923 dieta.
3106 2858 3266 2924 Cum
3293 2860 3468 2924 enim

1920 2963 2068 3027 dicit
2122 2964 2561 3045 Augustinus,
2590 2966 2761 3048 qued
2799 2967 3005 3030 cultus
3044 2966 3171 3031 Dee
3220 2967 3471 3031 debitus

1921 3075 2013 3162 est
2063 3070 2201 3155 ipsa
2230 3071 2502 3150 dilectio,
2550 3074 2654 3137 vel
2682 3073 3025 3157 sapientia,
3075 3074 3360 3158 loquitur
3389 3074 3467 3138 de

1922 3183 2103 3247 cultu
2127 3183 2411 3248 interiori
2439 3206 2456 3261 3
2487 3202 2637 3249 cum
2664 3189 2882 3248 autem
2909 3185 3183 3249 dicimus
3211 3185 3466 3249 latriam

1924 3309 2061 3354 esse
2083 3290 2355 3368 cultum,
2380 3289 2799 3370 intelligimus
2827 3290 2905 3354 de
2932 3289 3113 3354 cultu
3141 3290 3469 3368 exteiieri,

1925 3416 2044 3462 nee
2101 3398 2409 3463 vocabule
2455 3398 2782 3462 abutimur
2814 3420 2829 3461 z
2861 3402 2924 3462 et
2971 3397 3092 3461 hec
3139 3402 3311 3479 patet
3360 3415 3474 3480 per

1928 3505 2288 3588 oppositum
2307 3555 2327 3584 ‚
2375 3504 2529 3587 quia
2555 3524 2687 3568 nen
2736 3505 2964 3568 dicitur
2991 3503 3336 3571 idololatra
3362 3505 3476 3586 qui

1930 3612 2128 3676 credit
2152 3612 2394 3676 idolum
2416 3630 2550 3675 esse
2581 3612 2803 3688 Deum,
2839 3610 2939 3675 vel
2967 3615 3138 3674 amat
3164 3610 3376 3692 ipsum
3395 3612 3478 3674 si-

1930 3724 2040 3784 cut
2066 3719 2288 3798 Deum,
2321 3719 2429 3782 sed
2456 3718 2770 3798 infidelis.
2794 3716 2973 3782 Tunc
3000 3722 3217 3780 autem
3242 3717 3478 3781 dicitur

1932 3826 2340 3894 idololatrare
2365 3873 2381 3902 ,
2429 3844 2579 3890 cum
2626 3824 2908 3890 exterius
2935 3823 3081 3888 colit
3114 3846 3129 3888 ε
3161 3825 3339 3888 etsie
3361 3843 3477 3908 per

1931 3935 2296 4018 oppositum
2323 3933 2745 4016 intelligimus
2769 3932 2840 3995 in
2869 3932 3212 4015 preposite.

2012 4047 2072 4107 3.
2105 4042 2202 4106 Ad
2230 4042 2384 4107 illud
2412 4040 2581 4123 qued
2607 4040 2938 4126 objicitur,
2955 4039 3130 4122 qued
3147 4039 3351 4103 virtus
3364 4056 3479 4121 per

1932 4169 2129 4233 quam
2154 4149 2452 4214 adoratur
2479 4148 2666 4227 Deus,
2698 4151 2791 4211 est
2804 4147 2959 4211 fides
2976 4150 3040 4210 et
3060 4146 3354 4224 chetim,
3387 4145 3479 4209 di-

1934 4258 2210 4321 cendum
2230 4255 2402 4338 qued
2429 4256 2592 4319 sicut
2619 4258 2712 4317 est
2734 4253 2944 4317 cultus
2974 4253 3273 4332 exterior,
3303 4255 3367 4316 et
3382 4251 3481 4315 in-

1933 4367 2151 4445 terior,
2186 4366 2274 4428 sic
2301 4368 2395 4428 est
2434 4363 2715 4428 aderatie
2760 4361 3057 4440 exterior,
3090 4365 3154 4424 et
3195 4359 3477 4426 interior.

1935 4477 2215 4543 Aderare
2255 4477 2551 4554 interiuS,
2600 4478 2694 4538 est
2747 4478 2878 4538 teta
2910 4476 3119 4537 mente
3159 4472 3227 4535 in
3278 4470 3481 4535 Deum

1937 4585 2214 4662 tendere,
2267 4583 2431 4646 sicut
2470 4581 2620 4645 dicit
2646 4580 2962 4645 RabanuS.
2994 4579 3276 4643 Aderare
3296 4581 3482 4642 exte-

1937 4693 2096 4770 riuS,
2145 4695 2241 4754 est
2284 4690 2564 4771 aliquam
2591 4687 3018 4752 reverentiam
3071 4684 3483 4768 corporaliter

1935 4798 2261 4863 exhibere.
2294 4797 2453 4861 Cum
2481 4813 2639 4877 erge
2661 4794 2916 4870 dicitur,
2949 4791 3120 4875 qued
3147 4809 3261 4873 per
3293 4790 3486 4856 fldem

1935 4910 1999 4970 et
2017 4905 2388 4968 charitatem
2415 4902 2719 4967 adoratur
2735 4901 2920 4975 Deae,
2939 4899 3278 4963 dicendum
3299 4898 3472 4980 qued

1937 5030 2168 5080 verum
2195 5015 2289 5075 est
2313 5011 2392 5075 de
2418 5010 2780 5074 adoratione
2805 5007 3110 5086 interiori,
3151 5025 3300 5089 quae
3327 5006 3484 5071 inci-

1938 5125 2032 5206 pit
2073 5123 2143 5186 in
2184 5121 2330 5197 fide,
2370 5123 2434 5183 et
2473 5118 2853 5183 terminatur
2886 5117 2958 5180 in
2998 5116 3341 5194 charitate3
3373 5115 3485 5181 sed

1939 5250 2068 5295 nen
2099 5231 2286 5292 habet
2315 5227 2643 5292 veritatem
2669 5227 2746 5288 de
2760 5226 3125 5290 adoratione
3153 5223 3480 5303 exterieri,

1939 5356 2085 5421 quae
2111 5341 2323 5400 ertum
2354 5335 2601 5399 habeta
2626 5333 2863 5397 virtute
2890 5333 3214 5397 cardinali.
3234 5332 3312 5396 Et
3328 5332 3380 5395 si
3409 5335 3483 5395 tu

1939 5448 2201 5531 objicias
2225 5445 2393 5533 qued
2425 5449 2556 5510 tam
2577 5442 2734 5510 fides
2751 5490 2769 5522 ,
2799 5451 2995 5528 quam
3021 5442 3317 5521 charitas,
3349 5440 3481 5504 dic-
