<?xml version="1.0" encoding="UTF-8"?>
<!DOCTYPE html PUBLIC "-//W3C//DTD XHTML 1.0 Transitional//EN"
    "http://www.w3.org/TR/xhtml1/DTD/xhtml1-transitional.dtd">
<html xmlns="http://www.w3.org/1999/xhtml" xml:lang="en" lang="en">
 <head>
  <title>
</title>
<meta http-equiv="Content-Type" content="text/html;charset=utf-8" />
  <meta name='ocr-system' content='tesseract 3.04.00' />
  <meta name='ocr-capabilities' content='ocr_page ocr_carea ocr_par ocr_line ocrx_word'/>
</head>
<body>
  <div class='ocr_page' id='page_1' title='image "./srecardinalissb01cargoog_0181.png"; bbox 0 0 4185 6288; ppageno 0'>
   <div class='ocr_carea' id='block_1_1' title="bbox 1217 356 2564 439">
    <p class='ocr_par' dir='ltr' id='par_1_1' title="bbox 1217 356 2564 439">
     <span class='ocr_line' id='line_1_1' title="bbox 1217 356 2564 439; baseline -0.008 0"><span class='ocrx_word' id='word_1_1' title='bbox 1217 367 1593 439; x_wconf 74' lang='lat' dir='ltr'><strong>msrmcr.</strong></span> <span class='ocrx_word' id='word_1_2' title='bbox 1636 365 1743 429; x_wconf 78' lang='lat' dir='ltr'><strong>Vl.</strong></span> <span class='ocrx_word' id='word_1_3' title='bbox 1784 358 1967 428; x_wconf 63' lang='lat' dir='ltr'><strong>Am.</strong></span> <span class='ocrx_word' id='word_1_4' title='bbox 2013 357 2094 421; x_wconf 86' lang='lat' dir='ltr'><strong>ll.</strong></span> <span class='ocrx_word' id='word_1_5' title='bbox 2136 356 2438 435; x_wconf 72' lang='lat' dir='ltr'><strong>QUAEST.</strong></span> <span class='ocrx_word' id='word_1_6' title='bbox 2485 363 2564 429; x_wconf 91' lang='lat'><strong>11.</strong></span> 
     </span>
    </p>
   </div>
   <div class='ocr_carea' id='block_1_2' title="bbox 824 630 1278 701">
    <p class='ocr_par' dir='ltr' id='par_1_2' title="bbox 824 630 1278 701">
     <span class='ocr_line' id='line_1_2' title="bbox 824 630 1278 701; baseline -0.011 0"><span class='ocrx_word' id='word_1_7' title='bbox 824 630 1278 701; x_wconf 74' lang='lat' dir='ltr'><strong>coNthJslo.</strong></span> 
     </span>
    </p>
   </div>
   <div class='ocr_carea' id='block_1_3' title="bbox 305 791 1827 963">
    <p class='ocr_par' dir='ltr' id='par_1_3' title="bbox 305 791 1827 963">
     <span class='ocr_line' id='line_1_3' title="bbox 305 791 1824 869; baseline -0.009 -12"><span class='ocrx_word' id='word_1_8' title='bbox 305 801 423 859; x_wconf 79' lang='lat' dir='ltr'><strong>Unio</strong></span> <span class='ocrx_word' id='word_1_9' title='bbox 453 798 683 856; x_wconf 65' lang='lat' dir='ltr'><strong>‹icat-iem</strong></span> <span class='ocrx_word' id='word_1_10' title='bbox 736 804 1070 856; x_wconf 62' lang='lat' dir='ltr'><strong>nautarum</strong></span> <span class='ocrx_word' id='word_1_11' title='bbox 1113 799 1177 853; x_wconf 80' lang='lat' dir='ltr'><strong>in</strong></span> <span class='ocrx_word' id='word_1_12' title='bbox 1209 807 1451 869; x_wconf 66' lang='lat' dir='ltr'><strong>persone</strong></span> <span class='ocrx_word' id='word_1_13' title='bbox 1489 791 1707 847; x_wconf 74' lang='lat' dir='ltr'><strong>unitate</strong></span> <span class='ocrx_word' id='word_1_14' title='bbox 1732 804 1824 845; x_wconf 80' lang='lat' dir='ltr'><strong>su-</strong></span> 
     </span>
     <span class='ocr_line' id='line_1_4' title="bbox 350 882 1827 963; baseline -0.01 -15"><span class='ocrx_word' id='word_1_15' title='bbox 350 892 656 963; x_wconf 63' lang='lat' dir='ltr'><strong>peracellit</strong></span> <span class='ocrx_word' id='word_1_16' title='bbox 689 907 905 948; x_wconf 76' lang='lat' dir='ltr'><strong>omnem</strong></span> <span class='ocrx_word' id='word_1_17' title='bbox 938 890 1246 946; x_wconf 79' lang='lat' dir='ltr'><strong>naturalem</strong></span> <span class='ocrx_word' id='word_1_18' title='bbox 1293 886 1559 942; x_wconf 78' lang='lat' dir='ltr'><strong>rationem</strong></span> <span class='ocrx_word' id='word_1_19' title='bbox 1582 921 1598 949; x_wconf 90' lang='lat'><strong>,</strong></span> <span class='ocrx_word' id='word_1_20' title='bbox 1638 882 1689 936; x_wconf 80' lang='lat' dir='ltr'><strong>et</strong></span> <span class='ocrx_word' id='word_1_21' title='bbox 1734 894 1827 934; x_wconf 76' lang='lat' dir='ltr'><strong>su-</strong></span> 
     </span>
    </p>
   </div>
   <div class='ocr_carea' id='block_1_4' title="bbox 298 980 1847 5203">
    <p class='ocr_par' dir='ltr' id='par_1_4' title="bbox 350 980 977 1053">
     <span class='ocr_line' id='line_1_5' title="bbox 350 980 977 1053; baseline -0.002 -16"><span class='ocrx_word' id='word_1_22' title='bbox 350 981 715 1053; x_wconf 61' lang='lat' dir='ltr'><strong>permae-alis</strong></span> <span class='ocrx_word' id='word_1_23' title='bbox 738 980 977 1037; x_wconf 70' lang='lat' dir='ltr'><strong>dicitur.</strong></span> 
     </span>
    </p>

    <p class='ocr_par' dir='ltr' id='par_1_5' title="bbox 298 1129 1847 5203">
     <span class='ocr_line' id='line_1_6' title="bbox 366 1129 1831 1224; baseline -0.009 -18"><span class='ocrx_word' id='word_1_24' title='bbox 366 1140 537 1224; x_wconf 79' lang='lat' dir='ltr'><strong>Resp.</strong></span> <span class='ocrx_word' id='word_1_25' title='bbox 565 1141 646 1206; x_wconf 90' lang='lat' dir='ltr'><strong>ad</strong></span> <span class='ocrx_word' id='word_1_26' title='bbox 675 1159 830 1223; x_wconf 85' lang='lat' dir='ltr'><strong>arg.</strong></span> <span class='ocrx_word' id='word_1_27' title='bbox 861 1137 1209 1205; x_wconf 77' lang='lat' dir='ltr'><strong>Dicendum</strong></span> <span class='ocrx_word' id='word_1_28' title='bbox 1236 1133 1434 1219; x_wconf 79' lang='lat' dir='ltr'><strong>quod,</strong></span> <span class='ocrx_word' id='word_1_29' title='bbox 1462 1133 1625 1199; x_wconf 87' lang='lat' dir='ltr'><strong>sicut</strong></span> <span class='ocrx_word' id='word_1_30' title='bbox 1650 1129 1831 1195; x_wconf 90' lang='lat' dir='ltr'><strong>nulla</strong></span> 
     </span>
     <span class='ocr_line' id='line_1_7' title="bbox 300 1238 1832 1332; baseline -0.008 -17"><span class='ocrx_word' id='word_1_31' title='bbox 300 1255 564 1314; x_wconf 65' lang='lat' dir='ltr'><strong>creatura</strong></span> <span class='ocrx_word' id='word_1_32' title='bbox 588 1249 877 1332; x_wconf 77' lang='lat' dir='ltr'><strong>perfecte</strong></span> <span class='ocrx_word' id='word_1_33' title='bbox 909 1247 1036 1311; x_wconf 87' lang='lat' dir='ltr'><strong>Deo</strong></span> <span class='ocrx_word' id='word_1_34' title='bbox 1073 1243 1492 1316; x_wconf 80' lang='lat' dir='ltr'><strong>assimilatur,</strong></span> <span class='ocrx_word' id='word_1_35' title='bbox 1521 1238 1632 1305; x_wconf 87' lang='lat' dir='ltr'><strong>sed</strong></span> <span class='ocrx_word' id='word_1_36' title='bbox 1667 1256 1832 1322; x_wconf 88' lang='lat' dir='ltr'><strong>quo-</strong></span> 
     </span>
     <span class='ocr_line' id='line_1_8' title="bbox 299 1344 1831 1436; baseline -0.008 -17"><span class='ocrx_word' id='word_1_37' title='bbox 299 1354 424 1421; x_wconf 84' lang='lat' dir='ltr'><strong>dam</strong></span> <span class='ocrx_word' id='word_1_38' title='bbox 449 1356 638 1421; x_wconf 88' lang='lat' dir='ltr'><strong>modo</strong></span> <span class='ocrx_word' id='word_1_39' title='bbox 660 1361 766 1421; x_wconf 87' lang='lat' dir='ltr'><strong>est</strong></span> <span class='ocrx_word' id='word_1_40' title='bbox 792 1354 1044 1430; x_wconf 89' lang='lat' dir='ltr'><strong>similis,</strong></span> <span class='ocrx_word' id='word_1_41' title='bbox 1061 1350 1340 1436; x_wconf 84' lang='lat' dir='ltr'><strong>quodam</strong></span> <span class='ocrx_word' id='word_1_42' title='bbox 1358 1348 1549 1413; x_wconf 90' lang='lat' dir='ltr'><strong>modo</strong></span> <span class='ocrx_word' id='word_1_43' title='bbox 1562 1344 1831 1411; x_wconf 83' lang='lat' dir='ltr'><strong>dissimi-</strong></span> 
     </span>
     <span class='ocr_line' id='line_1_9' title="bbox 299 1451 1831 1542; baseline -0.007 -17"><span class='ocrx_word' id='word_1_44' title='bbox 299 1461 394 1542; x_wconf 85' lang='lat' dir='ltr'><strong>lis,</strong></span> <span class='ocrx_word' id='word_1_45' title='bbox 420 1469 480 1528; x_wconf 86' lang='lat' dir='ltr'><strong>et</strong></span> <span class='ocrx_word' id='word_1_46' title='bbox 516 1464 629 1528; x_wconf 85' lang='lat' dir='ltr'><strong>ubi</strong></span> <span class='ocrx_word' id='word_1_47' title='bbox 654 1464 732 1527; x_wconf 90' lang='lat' dir='ltr'><strong>in</strong></span> <span class='ocrx_word' id='word_1_48' title='bbox 759 1481 898 1527; x_wconf 90' lang='lat' dir='ltr'><strong>uno</strong></span> <span class='ocrx_word' id='word_1_49' title='bbox 920 1464 1210 1525; x_wconf 88' lang='lat' dir='ltr'><strong>creatura</strong></span> <span class='ocrx_word' id='word_1_50' title='bbox 1239 1457 1433 1521; x_wconf 88' lang='lat' dir='ltr'><strong>habet</strong></span> <span class='ocrx_word' id='word_1_51' title='bbox 1468 1451 1831 1519; x_wconf 84' lang='lat' dir='ltr'><strong>similitudi·</strong></span> 
     </span>
     <span class='ocr_line' id='line_1_10' title="bbox 300 1559 1835 1656; baseline -0.009 -20"><span class='ocrx_word' id='word_1_52' title='bbox 300 1588 430 1636; x_wconf 85' lang='lat' dir='ltr'><strong>nem</strong></span> <span class='ocrx_word' id='word_1_53' title='bbox 447 1622 465 1652; x_wconf 87' lang='lat'><strong>,</strong></span> <span class='ocrx_word' id='word_1_54' title='bbox 489 1573 869 1656; x_wconf 86' lang='lat' dir='ltr'><strong>frequenter</strong></span> <span class='ocrx_word' id='word_1_55' title='bbox 913 1570 985 1633; x_wconf 90' lang='lat' dir='ltr'><strong>in</strong></span> <span class='ocrx_word' id='word_1_56' title='bbox 1008 1568 1133 1633; x_wconf 89' lang='lat' dir='ltr'><strong>alio</strong></span> <span class='ocrx_word' id='word_1_57' title='bbox 1161 1566 1356 1631; x_wconf 89' lang='lat' dir='ltr'><strong>habet</strong></span> <span class='ocrx_word' id='word_1_58' title='bbox 1378 1559 1835 1629; x_wconf 85' lang='lat' dir='ltr'><strong>dissimilitudi-</strong></span> 
     </span>
     <span class='ocr_line' id='line_1_11' title="bbox 298 1671 1836 1762; baseline -0.007 -21"><span class='ocrx_word' id='word_1_59' title='bbox 298 1695 466 1756; x_wconf 84' lang='lat' dir='ltr'><strong>nem;</strong></span> <span class='ocrx_word' id='word_1_60' title='bbox 495 1697 610 1762; x_wconf 89' lang='lat' dir='ltr'><strong>per</strong></span> <span class='ocrx_word' id='word_1_61' title='bbox 662 1679 850 1743; x_wconf 85' lang='lat' dir='ltr'><strong>hunc</strong></span> <span class='ocrx_word' id='word_1_62' title='bbox 898 1677 1161 1741; x_wconf 89' lang='lat' dir='ltr'><strong>modum</strong></span> <span class='ocrx_word' id='word_1_63' title='bbox 1205 1671 1696 1754; x_wconf 87' lang='lat' dir='ltr'><strong>intelligendum</strong></span> <span class='ocrx_word' id='word_1_64' title='bbox 1740 1671 1836 1732; x_wconf 88' lang='lat' dir='ltr'><strong>est</strong></span> 
     </span>
     <span class='ocr_line' id='line_1_12' title="bbox 300 1778 1833 1852; baseline -0.005 -2"><span class='ocrx_word' id='word_1_65' title='bbox 300 1786 446 1852; x_wconf 83' lang='lat' dir='ltr'><strong>circa</strong></span> <span class='ocrx_word' id='word_1_66' title='bbox 463 1787 631 1852; x_wconf 87' lang='lat' dir='ltr'><strong>hanc</strong></span> <span class='ocrx_word' id='word_1_67' title='bbox 657 1785 1155 1851; x_wconf 78' lang='lat' dir='ltr'>sacratissimam</span> <span class='ocrx_word' id='word_1_68' title='bbox 1184 1781 1514 1847; x_wconf 87' lang='lat' dir='ltr'><strong>unionem.</strong></span> <span class='ocrx_word' id='word_1_69' title='bbox 1550 1778 1619 1842; x_wconf 90' lang='lat' dir='ltr'><strong>Si</strong></span> <span class='ocrx_word' id='word_1_70' title='bbox 1658 1778 1833 1842; x_wconf 87' lang='lat' dir='ltr'><strong>enim</strong></span> 
     </span>
     <span class='ocr_line' id='line_1_13' title="bbox 298 1883 1838 1979; baseline -0.008 -20"><span class='ocrx_word' id='word_1_71' title='bbox 298 1889 616 1975; x_wconf 82' lang='lat' dir='ltr'>loquamur</span> <span class='ocrx_word' id='word_1_72' title='bbox 639 1894 724 1959; x_wconf 90' lang='lat' dir='ltr'><strong>de</strong></span> <span class='ocrx_word' id='word_1_73' title='bbox 751 1894 891 1976; x_wconf 87' lang='lat' dir='ltr'><strong>ipsa</strong></span> <span class='ocrx_word' id='word_1_74' title='bbox 915 1895 1229 1979; x_wconf 85' lang='lat' dir='ltr'><strong>quantum</strong></span> <span class='ocrx_word' id='word_1_75' title='bbox 1254 1887 1333 1952; x_wconf 86' lang='lat' dir='ltr'><strong>ad</strong></span> <span class='ocrx_word' id='word_1_76' title='bbox 1362 1889 1418 1969; x_wconf 85' lang='lat' dir='ltr'><strong>ej</strong></span> <span class='ocrx_word' id='word_1_77' title='bbox 1428 1905 1504 1951; x_wconf 91' lang='lat' dir='ltr'><strong>us</strong></span> <span class='ocrx_word' id='word_1_78' title='bbox 1532 1883 1838 1968; x_wconf 78' lang='lat' dir='ltr'><strong>speciales</strong></span> 
     </span>
     <span class='ocr_line' id='line_1_14' title="bbox 302 1993 1837 2082; baseline -0.007 -19"><span class='ocrx_word' id='word_1_79' title='bbox 302 1999 669 2068; x_wconf 82' lang='lat' dir='ltr'><strong>conditiones</strong></span> <span class='ocrx_word' id='word_1_80' title='bbox 727 1999 1059 2082; x_wconf 77' lang='lat' dir='ltr'>sigillatim</span> <span class='ocrx_word' id='word_1_81' title='bbox 1124 1999 1410 2080; x_wconf 85' lang='lat' dir='ltr'><strong>acceptas</strong></span> <span class='ocrx_word' id='word_1_82' title='bbox 1432 2042 1450 2073; x_wconf 88' lang='lat'><strong>,</strong></span> <span class='ocrx_word' id='word_1_83' title='bbox 1498 1993 1591 2055; x_wconf 89' lang='lat' dir='ltr'><strong>sic</strong></span> <span class='ocrx_word' id='word_1_84' title='bbox 1632 1996 1837 2075; x_wconf 87' lang='lat' dir='ltr'><strong>potest</strong></span> 
     </span>
     <span class='ocr_line' id='line_1_15' title="bbox 304 2100 1835 2176; baseline -0.007 -3"><span class='ocrx_word' id='word_1_85' title='bbox 304 2104 512 2172; x_wconf 82' lang='lat' dir='ltr'><strong>habere</strong></span> <span class='ocrx_word' id='word_1_86' title='bbox 537 2110 1060 2176; x_wconf 73' lang='lat' dir='ltr'><strong>convenientiam</strong></span> <span class='ocrx_word' id='word_1_87' title='bbox 1087 2124 1239 2171; x_wconf 89' lang='lat' dir='ltr'><strong>cum</strong></span> <span class='ocrx_word' id='word_1_88' title='bbox 1279 2103 1485 2169; x_wconf 88' lang='lat' dir='ltr'><strong>modis</strong></span> <span class='ocrx_word' id='word_1_89' title='bbox 1510 2100 1835 2166; x_wconf 87' lang='lat' dir='ltr'><strong>unitatum</strong></span> 
     </span>
     <span class='ocr_line' id='line_1_16' title="bbox 302 2210 1837 2298; baseline -0.002 -25"><span class='ocrx_word' id='word_1_90' title='bbox 302 2211 364 2274; x_wconf 90' lang='lat' dir='ltr'><strong>in</strong></span> <span class='ocrx_word' id='word_1_91' title='bbox 400 2216 706 2280; x_wconf 78' lang='lat' dir='ltr'><strong>creaturis</strong></span> <span class='ocrx_word' id='word_1_92' title='bbox 752 2215 1042 2298; x_wconf 81' lang='lat' dir='ltr'><strong>repertis.</strong></span> <span class='ocrx_word' id='word_1_93' title='bbox 1086 2214 1155 2279; x_wconf 93' lang='lat' dir='ltr'><strong>Si</strong></span> <span class='ocrx_word' id='word_1_94' title='bbox 1209 2216 1427 2276; x_wconf 82' lang='lat' dir='ltr'><strong>autem</strong></span> <span class='ocrx_word' id='word_1_95' title='bbox 1494 2210 1837 2292; x_wconf 88' lang='lat' dir='ltr'><strong>loquamur</strong></span> 
     </span>
     <span class='ocr_line' id='line_1_17' title="bbox 306 2315 1839 2401; baseline -0.005 -16"><span class='ocrx_word' id='word_1_96' title='bbox 306 2324 594 2401; x_wconf 74' lang='lat' dir='ltr'><strong>quantum</strong></span> <span class='ocrx_word' id='word_1_97' title='bbox 624 2323 710 2389; x_wconf 89' lang='lat' dir='ltr'><strong>ad</strong></span> <span class='ocrx_word' id='word_1_98' title='bbox 738 2321 1169 2387; x_wconf 80' lang='lat' dir='ltr'><strong>collectionem</strong></span> <span class='ocrx_word' id='word_1_99' title='bbox 1194 2336 1463 2384; x_wconf 86' lang='lat' dir='ltr'><strong>suarum</strong></span> <span class='ocrx_word' id='word_1_100' title='bbox 1494 2315 1839 2401; x_wconf 88' lang='lat' dir='ltr'><strong>proprieta-</strong></span> 
     </span>
     <span class='ocr_line' id='line_1_18' title="bbox 306 2422 1839 2508; baseline -0.005 -18"><span class='ocrx_word' id='word_1_101' title='bbox 306 2428 451 2508; x_wconf 80' lang='lat' dir='ltr'><strong>tum,</strong></span> <span class='ocrx_word' id='word_1_102' title='bbox 477 2429 568 2495; x_wconf 81' lang='lat' dir='ltr'><strong>sic</strong></span> <span class='ocrx_word' id='word_1_103' title='bbox 592 2430 753 2496; x_wconf 79' lang='lat' dir='ltr'><strong>dicit</strong></span> <span class='ocrx_word' id='word_1_104' title='bbox 780 2428 1048 2494; x_wconf 91' lang='lat' dir='ltr'><strong>modum</strong></span> <span class='ocrx_word' id='word_1_105' title='bbox 1076 2425 1342 2493; x_wconf 88' lang='lat' dir='ltr'><strong>unitatis</strong></span> <span class='ocrx_word' id='word_1_106' title='bbox 1366 2422 1743 2507; x_wconf 87' lang='lat' dir='ltr'><strong>singularis,</strong></span> <span class='ocrx_word' id='word_1_107' title='bbox 1775 2425 1839 2485; x_wconf 91' lang='lat' dir='ltr'><strong>et</strong></span> 
     </span>
     <span class='ocr_line' id='line_1_19' title="bbox 307 2530 1838 2619; baseline -0.005 -20"><span class='ocrx_word' id='word_1_108' title='bbox 307 2530 413 2599; x_wconf 83' lang='lat' dir='ltr'><strong>hoc</strong></span> <span class='ocrx_word' id='word_1_109' title='bbox 433 2541 599 2619; x_wconf 86' lang='lat' dir='ltr'><strong>patet</strong></span> <span class='ocrx_word' id='word_1_110' title='bbox 636 2538 732 2603; x_wconf 91' lang='lat' dir='ltr'><strong>sic</strong></span> <span class='ocrx_word' id='word_1_111' title='bbox 762 2558 781 2603; x_wconf 71' lang='grc' dir='ltr'><strong>ι</strong></span> <span class='ocrx_word' id='word_1_112' title='bbox 823 2536 899 2601; x_wconf 91' lang='lat' dir='ltr'><strong>In</strong></span> <span class='ocrx_word' id='word_1_113' title='bbox 936 2536 1057 2601; x_wconf 91' lang='lat' dir='ltr'><strong>hac</strong></span> <span class='ocrx_word' id='word_1_114' title='bbox 1082 2535 1256 2600; x_wconf 88' lang='lat' dir='ltr'><strong>enim</strong></span> <span class='ocrx_word' id='word_1_115' title='bbox 1290 2532 1526 2597; x_wconf 87' lang='lat' dir='ltr'><strong>unione</strong></span> <span class='ocrx_word' id='word_1_116' title='bbox 1554 2534 1651 2594; x_wconf 89' lang='lat' dir='ltr'><strong>est</strong></span> <span class='ocrx_word' id='word_1_117' title='bbox 1678 2546 1838 2593; x_wconf 88' lang='lat' dir='ltr'><strong>con-</strong></span> 
     </span>
     <span class='ocr_line' id='line_1_20' title="bbox 311 2636 1840 2719; baseline -0.005 -14"><span class='ocrx_word' id='word_1_118' title='bbox 311 2641 556 2709; x_wconf 77' lang='lat' dir='ltr'><strong>siderare</strong></span> <span class='ocrx_word' id='word_1_119' title='bbox 581 2644 950 2712; x_wconf 71' lang='lat' dir='ltr'><strong>distantiam</strong></span> <span class='ocrx_word' id='word_1_120' title='bbox 974 2642 1343 2716; x_wconf 87' lang='lat' dir='ltr'><strong>unibilium,</strong></span> <span class='ocrx_word' id='word_1_121' title='bbox 1371 2637 1633 2704; x_wconf 89' lang='lat' dir='ltr'><strong>unionis</strong></span> <span class='ocrx_word' id='word_1_122' title='bbox 1668 2636 1840 2719; x_wconf 88' lang='lat' dir='ltr'><strong>prin-</strong></span> 
     </span>
     <span class='ocr_line' id='line_1_21' title="bbox 310 2744 1838 2831; baseline -0.003 -21"><span class='ocrx_word' id='word_1_123' title='bbox 310 2746 541 2831; x_wconf 82' lang='lat' dir='ltr'><strong>cipium,</strong></span> <span class='ocrx_word' id='word_1_124' title='bbox 567 2752 838 2818; x_wconf 87' lang='lat' dir='ltr'><strong>unionis</strong></span> <span class='ocrx_word' id='word_1_125' title='bbox 863 2751 1238 2828; x_wconf 87' lang='lat' dir='ltr'><strong>terminum,</strong></span> <span class='ocrx_word' id='word_1_126' title='bbox 1260 2751 1325 2813; x_wconf 85' lang='lat' dir='ltr'><strong>et</strong></span> <span class='ocrx_word' id='word_1_127' title='bbox 1341 2747 1673 2811; x_wconf 87' lang='lat' dir='ltr'><strong>unitorum</strong></span> <span class='ocrx_word' id='word_1_128' title='bbox 1700 2744 1838 2806; x_wconf 86' lang='lat' dir='ltr'><strong>vin·</strong></span> 
     </span>
     <span class='ocr_line' id='line_1_22' title="bbox 312 2851 1833 2944; baseline -0.005 -25"><span class='ocrx_word' id='word_1_129' title='bbox 312 2855 549 2924; x_wconf 83' lang='lat' dir='ltr'><strong>culum:</strong></span> <span class='ocrx_word' id='word_1_130' title='bbox 576 2858 902 2944; x_wconf 81' lang='lat' dir='ltr'><strong>quantum</strong></span> <span class='ocrx_word' id='word_1_131' title='bbox 926 2857 1009 2923; x_wconf 89' lang='lat' dir='ltr'><strong>ad</strong></span> <span class='ocrx_word' id='word_1_132' title='bbox 1043 2855 1405 2922; x_wconf 77' lang='lat' dir='ltr'><strong>distantiam</strong></span> <span class='ocrx_word' id='word_1_133' title='bbox 1448 2851 1795 2917; x_wconf 87' lang='lat' dir='ltr'><strong>unihilium</strong></span> <span class='ocrx_word' id='word_1_134' title='bbox 1814 2898 1833 2930; x_wconf 86' lang='lat'>‚</span> 
     </span>
     <span class='ocr_line' id='line_1_23' title="bbox 312 2959 1835 3043; baseline -0.007 -11"><span class='ocrx_word' id='word_1_135' title='bbox 312 2980 420 3043; x_wconf 77' lang='lat' dir='ltr'><strong>qua</strong></span> <span class='ocrx_word' id='word_1_136' title='bbox 440 2967 658 3034; x_wconf 85' lang='lat' dir='ltr'><strong>unitur</strong></span> <span class='ocrx_word' id='word_1_137' title='bbox 683 2965 943 3032; x_wconf 85' lang='lat' dir='ltr'><strong>Creator</strong></span> <span class='ocrx_word' id='word_1_138' title='bbox 968 2965 1314 3042; x_wconf 63' lang='lat' dir='ltr'><strong>creaturae,</strong></span> <span class='ocrx_word' id='word_1_139' title='bbox 1346 2959 1648 3026; x_wconf 87' lang='lat' dir='ltr'><strong>convenit</strong></span> <span class='ocrx_word' id='word_1_140' title='bbox 1685 2977 1835 3023; x_wconf 91' lang='lat' dir='ltr'><strong>cum</strong></span> 
     </span>
     <span class='ocr_line' id='line_1_24' title="bbox 314 3065 1837 3156; baseline -0.005 -20"><span class='ocrx_word' id='word_1_141' title='bbox 314 3072 529 3141; x_wconf 81' lang='lat' dir='ltr'><strong>unitate</strong></span> <span class='ocrx_word' id='word_1_142' title='bbox 552 3074 813 3152; x_wconf 81' lang='lat' dir='ltr'><strong>votiva3</strong></span> <span class='ocrx_word' id='word_1_143' title='bbox 855 3074 1173 3156; x_wconf 84' lang='lat' dir='ltr'><strong>quantum</strong></span> <span class='ocrx_word' id='word_1_144' title='bbox 1202 3069 1283 3134; x_wconf 87' lang='lat' dir='ltr'><strong>ad</strong></span> <span class='ocrx_word' id='word_1_145' title='bbox 1321 3067 1581 3133; x_wconf 89' lang='lat' dir='ltr'><strong>unionis</strong></span> <span class='ocrx_word' id='word_1_146' title='bbox 1606 3065 1837 3151; x_wconf 90' lang='lat' dir='ltr'><strong>princi-</strong></span> 
     </span>
     <span class='ocr_line' id='line_1_25' title="bbox 315 3177 1835 3262; baseline -0.003 -16"><span class='ocrx_word' id='word_1_147' title='bbox 315 3177 508 3262; x_wconf 78' lang='lat' dir='ltr'><strong>pium,</strong></span> <span class='ocrx_word' id='word_1_148' title='bbox 555 3180 856 3249; x_wconf 81' lang='lat' dir='ltr'><strong>convenit</strong></span> <span class='ocrx_word' id='word_1_149' title='bbox 915 3198 1069 3245; x_wconf 87' lang='lat' dir='ltr'><strong>cum</strong></span> <span class='ocrx_word' id='word_1_150' title='bbox 1134 3179 1373 3244; x_wconf 87' lang='lat' dir='ltr'><strong>unitate</strong></span> <span class='ocrx_word' id='word_1_151' title='bbox 1419 3177 1796 3260; x_wconf 83' lang='lat' dir='ltr'><strong>potestativa</strong></span> <span class='ocrx_word' id='word_1_152' title='bbox 1810 3226 1835 3259; x_wconf 88' lang='lat'><strong>,</strong></span> 
     </span>
     <span class='ocr_line' id='line_1_26' title="bbox 318 3284 1841 3366; baseline -0.005 -9"><span class='ocrx_word' id='word_1_153' title='bbox 318 3286 450 3366; x_wconf 78' lang='lat' dir='ltr'><strong>(luia</strong></span> <span class='ocrx_word' id='word_1_154' title='bbox 484 3290 621 3356; x_wconf 80' lang='lat' dir='ltr'><strong>talis</strong></span> <span class='ocrx_word' id='word_1_155' title='bbox 663 3289 878 3356; x_wconf 79' lang='lat' dir='ltr'><strong>unitas</strong></span> <span class='ocrx_word' id='word_1_156' title='bbox 922 3292 1021 3353; x_wconf 80' lang='lat' dir='ltr'><strong>est</strong></span> <span class='ocrx_word' id='word_1_157' title='bbox 1061 3304 1145 3351; x_wconf 80' lang='lat' dir='ltr'><strong>ex</strong></span> <span class='ocrx_word' id='word_1_158' title='bbox 1184 3285 1407 3351; x_wconf 85' lang='lat' dir='ltr'><strong>divina</strong></span> <span class='ocrx_word' id='word_1_159' title='bbox 1447 3284 1728 3363; x_wconf 80' lang='lat' dir='ltr'><strong>virtute,</strong></span> <span class='ocrx_word' id='word_1_160' title='bbox 1776 3288 1841 3350; x_wconf 87' lang='lat' dir='ltr'><strong>et</strong></span> 
     </span>
     <span class='ocr_line' id='line_1_27' title="bbox 320 3392 1839 3482; baseline -0.004 -20"><span class='ocrx_word' id='word_1_161' title='bbox 320 3410 471 3462; x_wconf 81' lang='lat' dir='ltr'><strong>mera</strong></span> <span class='ocrx_word' id='word_1_162' title='bbox 525 3399 773 3482; x_wconf 88' lang='lat' dir='ltr'><strong>gratia;</strong></span> <span class='ocrx_word' id='word_1_163' title='bbox 823 3400 1140 3481; x_wconf 88' lang='lat' dir='ltr'><strong>quantum</strong></span> <span class='ocrx_word' id='word_1_164' title='bbox 1184 3398 1401 3460; x_wconf 84' lang='lat' dir='ltr'><strong>autem</strong></span> <span class='ocrx_word' id='word_1_165' title='bbox 1453 3394 1533 3461; x_wconf 87' lang='lat' dir='ltr'><strong>ad</strong></span> <span class='ocrx_word' id='word_1_166' title='bbox 1578 3392 1839 3459; x_wconf 87' lang='lat' dir='ltr'><strong>unionis</strong></span> 
     </span>
     <span class='ocr_line' id='line_1_28' title="bbox 320 3499 1835 3587; baseline -0.007 -14"><span class='ocrx_word' id='word_1_167' title='bbox 320 3501 682 3587; x_wconf 68' lang='lat' dir='ltr'><strong>terminum,</strong></span> <span class='ocrx_word' id='word_1_168' title='bbox 717 3505 1013 3572; x_wconf 87' lang='lat' dir='ltr'><strong>convenit</strong></span> <span class='ocrx_word' id='word_1_169' title='bbox 1071 3521 1224 3568; x_wconf 90' lang='lat' dir='ltr'><strong>cum</strong></span> <span class='ocrx_word' id='word_1_170' title='bbox 1273 3501 1521 3567; x_wconf 87' lang='lat' dir='ltr'><strong>unitate</strong></span> <span class='ocrx_word' id='word_1_171' title='bbox 1580 3499 1835 3575; x_wconf 88' lang='lat' dir='ltr'><strong>nativa,</strong></span> 
     </span>
     <span class='ocr_line' id='line_1_29' title="bbox 323 3611 1838 3697; baseline -0.01 -9"><span class='ocrx_word' id='word_1_172' title='bbox 323 3624 447 3688; x_wconf 76' lang='lat' dir='ltr'><strong>&lt;11¹ae</strong></span> <span class='ocrx_word' id='word_1_173' title='bbox 472 3615 727 3697; x_wconf 80' lang='lat' dir='ltr'><strong>quidem</strong></span> <span class='ocrx_word' id='word_1_174' title='bbox 754 3613 1139 3680; x_wconf 87' lang='lat' dir='ltr'><strong>terminatur</strong></span> <span class='ocrx_word' id='word_1_175' title='bbox 1167 3612 1249 3677; x_wconf 90' lang='lat' dir='ltr'><strong>ad</strong></span> <span class='ocrx_word' id='word_1_176' title='bbox 1276 3611 1592 3677; x_wconf 82' lang='lat' dir='ltr'><strong>unitatem</strong></span> <span class='ocrx_word' id='word_1_177' title='bbox 1620 3627 1838 3692; x_wconf 84' lang='lat' dir='ltr'><strong>perso-</strong></span> 
     </span>
     <span class='ocr_line' id='line_1_30' title="bbox 324 3717 1835 3804; baseline -0.009 -10"><span class='ocrx_word' id='word_1_178' title='bbox 324 3730 439 3795; x_wconf 68' lang='lat' dir='ltr'><strong>nae2</strong></span> <span class='ocrx_word' id='word_1_179' title='bbox 469 3727 776 3804; x_wconf 81' lang='lat' dir='ltr'><strong>quantum</strong></span> <span class='ocrx_word' id='word_1_180' title='bbox 812 3726 1029 3787; x_wconf 75' lang='lat' dir='ltr'><strong>autem</strong></span> <span class='ocrx_word' id='word_1_181' title='bbox 1056 3720 1137 3786; x_wconf 89' lang='lat' dir='ltr'><strong>ad</strong></span> <span class='ocrx_word' id='word_1_182' title='bbox 1165 3719 1423 3785; x_wconf 87' lang='lat' dir='ltr'><strong>unionis</strong></span> <span class='ocrx_word' id='word_1_183' title='bbox 1464 3717 1835 3795; x_wconf 85' lang='lat' dir='ltr'><strong>vinculum,</strong></span> 
     </span>
     <span class='ocr_line' id='line_1_31' title="bbox 330 3824 1841 3909; baseline 0.003 -24"><span class='ocrx_word' id='word_1_184' title='bbox 330 3829 591 3895; x_wconf 85' lang='lat' dir='ltr'><strong>convenit</strong></span> <span class='ocrx_word' id='word_1_185' title='bbox 627 3849 778 3895; x_wconf 91' lang='lat' dir='ltr'><strong>cum</strong></span> <span class='ocrx_word' id='word_1_186' title='bbox 822 3829 1067 3894; x_wconf 84' lang='lat' dir='ltr'><strong>unitate</strong></span> <span class='ocrx_word' id='word_1_187' title='bbox 1109 3826 1555 3909; x_wconf 79' lang='lat' dir='ltr'><strong>conjugativa,</strong></span> <span class='ocrx_word' id='word_1_188' title='bbox 1600 3824 1669 3890; x_wconf 92' lang='lat' dir='ltr'><strong>in</strong></span> <span class='ocrx_word' id='word_1_189' title='bbox 1709 3842 1841 3906; x_wconf 83' lang='lat' dir='ltr'><strong>qua</strong></span> 
     </span>
     <span class='ocr_line' id='line_1_32' title="bbox 331 3931 1834 4020; baseline -0.005 -19"><span class='ocrx_word' id='word_1_190' title='bbox 331 3935 407 3993; x_wconf 55' lang='lat' dir='ltr'><strong>&amp;t</strong></span> <span class='ocrx_word' id='word_1_191' title='bbox 442 3937 760 4002; x_wconf 80' lang='lat' dir='ltr'><strong>vinculum</strong></span> <span class='ocrx_word' id='word_1_192' title='bbox 803 3939 1225 4020; x_wconf 84' lang='lat' dir='ltr'><strong>perpetuum,</strong></span> <span class='ocrx_word' id='word_1_193' title='bbox 1254 3937 1319 3998; x_wconf 90' lang='lat' dir='ltr'><strong>et</strong></span> <span class='ocrx_word' id='word_1_194' title='bbox 1362 3931 1692 3997; x_wconf 88' lang='lat' dir='ltr'><strong>individua</strong></span> <span class='ocrx_word' id='word_1_195' title='bbox 1730 3949 1834 3995; x_wconf 88' lang='lat' dir='ltr'><strong>co·</strong></span> 
     </span>
     <span class='ocr_line' id='line_1_33' title="bbox 332 4038 1839 4127; baseline -0.009 -11"><span class='ocrx_word' id='word_1_196' title='bbox 332 4038 490 4122; x_wconf 81' lang='lat' dir='ltr'><strong>Pula3</strong></span> <span class='ocrx_word' id='word_1_197' title='bbox 524 4049 837 4127; x_wconf 85' lang='lat' dir='ltr'><strong>quantum</strong></span> <span class='ocrx_word' id='word_1_198' title='bbox 867 4048 1086 4109; x_wconf 90' lang='lat' dir='ltr'><strong>autem</strong></span> <span class='ocrx_word' id='word_1_199' title='bbox 1125 4041 1206 4108; x_wconf 89' lang='lat' dir='ltr'><strong>ad</strong></span> <span class='ocrx_word' id='word_1_200' title='bbox 1253 4058 1477 4107; x_wconf 88' lang='lat' dir='ltr'><strong>omnes</strong></span> <span class='ocrx_word' id='word_1_201' title='bbox 1523 4039 1839 4104; x_wconf 88' lang='lat' dir='ltr'><strong>conditio-</strong></span> 
     </span>
     <span class='ocr_line' id='line_1_34' title="bbox 332 4146 1844 4226; baseline 0.001 -18"><span class='ocrx_word' id='word_1_202' title='bbox 332 4158 426 4208; x_wconf 85' lang='lat' dir='ltr'><strong>nes</strong></span> <span class='ocrx_word' id='word_1_203' title='bbox 460 4149 638 4215; x_wconf 84' lang='lat' dir='ltr'><strong>simul</strong></span> <span class='ocrx_word' id='word_1_204' title='bbox 683 4152 1003 4226; x_wconf 86' lang='lat' dir='ltr'><strong>collectas,</strong></span> <span class='ocrx_word' id='word_1_205' title='bbox 1046 4149 1301 4214; x_wconf 88' lang='lat' dir='ltr'><strong>nullum</strong></span> <span class='ocrx_word' id='word_1_206' title='bbox 1343 4146 1608 4212; x_wconf 90' lang='lat' dir='ltr'><strong>modum</strong></span> <span class='ocrx_word' id='word_1_207' title='bbox 1649 4146 1844 4212; x_wconf 87' lang='lat' dir='ltr'><strong>habet</strong></span> 
     </span>
     <span class='ocr_line' id='line_1_35' title="bbox 333 4253 1843 4338; baseline -0.001 -19"><span class='ocrx_word' id='word_1_208' title='bbox 333 4253 556 4322; x_wconf 70' lang='lat' dir='ltr'><strong>unitatis</strong></span> <span class='ocrx_word' id='word_1_209' title='bbox 583 4257 707 4323; x_wconf 85' lang='lat' dir='ltr'><strong>sibi</strong></span> <span class='ocrx_word' id='word_1_210' title='bbox 740 4257 1136 4323; x_wconf 76' lang='lat' dir='ltr'><strong>consimilem</strong></span> <span class='ocrx_word' id='word_1_211' title='bbox 1155 4305 1173 4336; x_wconf 98' lang='lat'><strong>,</strong></span> <span class='ocrx_word' id='word_1_212' title='bbox 1204 4254 1357 4338; x_wconf 84' lang='lat' dir='ltr'><strong>quia</strong></span> <span class='ocrx_word' id='word_1_213' title='bbox 1398 4254 1843 4337; x_wconf 83' lang='lat' dir='ltr'><strong>superexcedit</strong></span> 
     </span>
     <span class='ocr_line' id='line_1_36' title="bbox 335 4363 1841 4445; baseline -0.001 -16"><span class='ocrx_word' id='word_1_214' title='bbox 335 4374 552 4430; x_wconf 79' lang='lat' dir='ltr'><strong>omnem</strong></span> <span class='ocrx_word' id='word_1_215' title='bbox 577 4371 876 4432; x_wconf 88' lang='lat' dir='ltr'><strong>naturam</strong></span> <span class='ocrx_word' id='word_1_216' title='bbox 892 4414 910 4443; x_wconf 94' lang='lat'><strong>,</strong></span> <span class='ocrx_word' id='word_1_217' title='bbox 940 4369 1005 4430; x_wconf 86' lang='lat' dir='ltr'><strong>et</strong></span> <span class='ocrx_word' id='word_1_218' title='bbox 1028 4382 1289 4429; x_wconf 89' lang='lat' dir='ltr'><strong>omnem</strong></span> <span class='ocrx_word' id='word_1_219' title='bbox 1325 4363 1517 4428; x_wconf 88' lang='lat' dir='ltr'><strong>aliam</strong></span> <span class='ocrx_word' id='word_1_220' title='bbox 1564 4364 1841 4445; x_wconf 81' lang='lat' dir='ltr'><strong>gratiam</strong></span> 
     </span>
     <span class='ocr_line' id='line_1_37' title="bbox 337 4472 1845 4555; baseline -0.003 -16"><span class='ocrx_word' id='word_1_221' title='bbox 337 4483 725 4555; x_wconf 69' lang='lat' dir='ltr'><strong>communem,</strong></span> <span class='ocrx_word' id='word_1_222' title='bbox 756 4473 1051 4538; x_wconf 84' lang='lat' dir='ltr'><strong>videlicet</strong></span> <span class='ocrx_word' id='word_1_223' title='bbox 1078 4474 1250 4555; x_wconf 84' lang='lat' dir='ltr'><strong>quod</strong></span> <span class='ocrx_word' id='word_1_224' title='bbox 1278 4472 1496 4537; x_wconf 88' lang='lat' dir='ltr'><strong>divina</strong></span> <span class='ocrx_word' id='word_1_225' title='bbox 1522 4475 1754 4535; x_wconf 88' lang='lat' dir='ltr'><strong>natura</strong></span> <span class='ocrx_word' id='word_1_226' title='bbox 1780 4474 1845 4535; x_wconf 91' lang='lat' dir='ltr'><strong>et</strong></span> 
     </span>
     <span class='ocr_line' id='line_1_38' title="bbox 337 4572 1841 4664; baseline -0.003 -16"><span class='ocrx_word' id='word_1_227' title='bbox 337 4572 581 4650; x_wconf 84' lang='lat' dir='ltr'><strong>humana</strong></span> <span class='ocrx_word' id='word_1_228' title='bbox 604 4585 919 4650; x_wconf 82' lang='lat' dir='ltr'><strong>uniantur</strong></span> <span class='ocrx_word' id='word_1_229' title='bbox 944 4581 1014 4646; x_wconf 90' lang='lat' dir='ltr'><strong>in</strong></span> <span class='ocrx_word' id='word_1_230' title='bbox 1043 4600 1243 4646; x_wconf 89' lang='lat' dir='ltr'><strong>unam</strong></span> <span class='ocrx_word' id='word_1_231' title='bbox 1274 4598 1617 4664; x_wconf 86' lang='lat' dir='ltr'><strong>personam</strong></span> <span class='ocrx_word' id='word_1_232' title='bbox 1644 4579 1841 4645; x_wconf 90' lang='lat' dir='ltr'><strong>indis-</strong></span> 
     </span>
     <span class='ocr_line' id='line_1_39' title="bbox 337 4684 1844 4775; baseline 0.001 -26"><span class='ocrx_word' id='word_1_233' title='bbox 337 4684 641 4756; x_wconf 84' lang='lat' dir='ltr'><strong>solubiliter</strong></span> <span class='ocrx_word' id='word_1_234' title='bbox 676 4709 794 4775; x_wconf 86' lang='lat' dir='ltr'><strong>per</strong></span> <span class='ocrx_word' id='word_1_235' title='bbox 830 4690 943 4754; x_wconf 87' lang='lat' dir='ltr'><strong>Dei</strong></span> <span class='ocrx_word' id='word_1_236' title='bbox 974 4690 1348 4772; x_wconf 87' lang='lat' dir='ltr'><strong>potentiam.</strong></span> <span class='ocrx_word' id='word_1_237' title='bbox 1381 4687 1463 4754; x_wconf 91' lang='lat' dir='ltr'><strong>Et</strong></span> <span class='ocrx_word' id='word_1_238' title='bbox 1498 4688 1641 4752; x_wconf 89' lang='lat' dir='ltr'><strong>ideo</strong></span> <span class='ocrx_word' id='word_1_239' title='bbox 1687 4705 1844 4752; x_wconf 90' lang='lat' dir='ltr'><strong>con-</strong></span> 
     </span>
     <span class='ocr_line' id='line_1_40' title="bbox 338 4793 1847 4881; baseline -0.005 -15"><span class='ocrx_word' id='word_1_240' title='bbox 338 4793 646 4865; x_wconf 63' lang='lat' dir='ltr'><strong>cedendum</strong></span> <span class='ocrx_word' id='word_1_241' title='bbox 684 4803 785 4864; x_wconf 66' lang='lat' dir='ltr'><strong>est</strong></span> <span class='ocrx_word' id='word_1_242' title='bbox 818 4797 990 4881; x_wconf 88' lang='lat' dir='ltr'><strong>quod</strong></span> <span class='ocrx_word' id='word_1_243' title='bbox 1026 4795 1169 4860; x_wconf 86' lang='lat' dir='ltr'><strong>talis</strong></span> <span class='ocrx_word' id='word_1_244' title='bbox 1205 4796 1366 4860; x_wconf 88' lang='lat' dir='ltr'><strong>unio</strong></span> <span class='ocrx_word' id='word_1_245' title='bbox 1402 4794 1847 4878; x_wconf 82' lang='lat' dir='ltr'><strong>superexcellit</strong></span> 
     </span>
     <span class='ocr_line' id='line_1_41' title="bbox 338 4903 1841 4988; baseline -0.003 -18"><span class='ocrx_word' id='word_1_246' title='bbox 338 4914 558 4971; x_wconf 79' lang='lat' dir='ltr'><strong>omnem</strong></span> <span class='ocrx_word' id='word_1_247' title='bbox 619 4904 1194 4973; x_wconf 83' lang='lat' dir='ltr'><strong>considerationem</strong></span> <span class='ocrx_word' id='word_1_248' title='bbox 1260 4903 1766 4988; x_wconf 85' lang='lat' dir='ltr'><strong>philosophicam</strong></span> <span class='ocrx_word' id='word_1_249' title='bbox 1822 4921 1841 4966; x_wconf 75' lang='grc' dir='ltr'><strong><em>ε</em></strong></span> 
     </span>
     <span class='ocr_line' id='line_1_42' title="bbox 339 5011 1847 5099; baseline -0.001 -23"><span class='ocrx_word' id='word_1_250' title='bbox 339 5023 431 5076; x_wconf 83' lang='lat' dir='ltr'><strong>nec</strong></span> <span class='ocrx_word' id='word_1_251' title='bbox 452 5015 705 5096; x_wconf 90' lang='lat' dir='ltr'><strong>mirum,</strong></span> <span class='ocrx_word' id='word_1_252' title='bbox 733 5015 889 5099; x_wconf 85' lang='lat' dir='ltr'><strong>quia</strong></span> <span class='ocrx_word' id='word_1_253' title='bbox 910 5013 992 5080; x_wconf 88' lang='lat' dir='ltr'><strong>ad</strong></span> <span class='ocrx_word' id='word_1_254' title='bbox 1017 5014 1225 5097; x_wconf 89' lang='lat' dir='ltr'><strong>ipsam</strong></span> <span class='ocrx_word' id='word_1_255' title='bbox 1252 5013 1367 5080; x_wconf 80' lang='lat' dir='ltr'><strong>vix</strong></span> <span class='ocrx_word' id='word_1_256' title='bbox 1400 5011 1709 5096; x_wconf 87' lang='lat' dir='ltr'><strong>pertingit</strong></span> <span class='ocrx_word' id='word_1_257' title='bbox 1733 5029 1847 5076; x_wconf 86' lang='lat' dir='ltr'><strong>ra-</strong></span> 
     </span>
     <span class='ocr_line' id='line_1_43' title="bbox 339 5116 1845 5203; baseline 0 -19"><span class='ocrx_word' id='word_1_258' title='bbox 339 5116 409 5184; x_wconf 82' lang='lat' dir='ltr'><strong>tio</strong></span> <span class='ocrx_word' id='word_1_259' title='bbox 430 5139 533 5203; x_wconf 83' lang='lat' dir='ltr'><strong>per</strong></span> <span class='ocrx_word' id='word_1_260' title='bbox 558 5122 748 5190; x_wconf 87' lang='lat' dir='ltr'><strong>fldem</strong></span> <span class='ocrx_word' id='word_1_261' title='bbox 784 5122 1054 5188; x_wconf 77' lang='lat' dir='ltr'><strong>elevata.</strong></span> <span class='ocrx_word' id='word_1_262' title='bbox 1086 5120 1165 5187; x_wconf 83' lang='lat' dir='ltr'><strong>Et</strong></span> <span class='ocrx_word' id='word_1_263' title='bbox 1190 5121 1333 5186; x_wconf 58' lang='lat' dir='ltr'><strong>mo</strong></span> <span class='ocrx_word' id='word_1_264' title='bbox 1358 5119 1719 5186; x_wconf 84' lang='lat' dir='ltr'><strong>Bernardus</strong></span> <span class='ocrx_word' id='word_1_265' title='bbox 1745 5136 1845 5184; x_wconf 87' lang='lat' dir='ltr'><strong>se·</strong></span> 
     </span>
    </p>
   </div>
   <div class='ocr_carea' id='block_1_5' title="bbox 3369 366 3492 429">
    <p class='ocr_par' dir='ltr' id='par_1_6' title="bbox 3369 366 3492 429">
     <span class='ocr_line' id='line_1_44' title="bbox 3369 366 3492 429; baseline 0.016 -2"><span class='ocrx_word' id='word_1_266' title='bbox 3369 366 3492 429; x_wconf 68' lang='lat'><strong>150</strong></span> 
     </span>
    </p>
   </div>
   <div class='ocr_carea' id='block_1_6' title="bbox 1931 493 3508 4015">
    <p class='ocr_par' dir='ltr' id='par_1_7' title="bbox 1931 493 3488 689">
     <span class='ocr_line' id='line_1_45' title="bbox 1931 493 3488 581; baseline 0.002 -21"><span class='ocrx_word' id='word_1_267' title='bbox 1931 500 2065 560; x_wconf 87' lang='lat' dir='ltr'><strong>tem</strong></span> <span class='ocrx_word' id='word_1_268' title='bbox 2126 493 2551 576; x_wconf 86' lang='lat' dir='ltr'><strong>dignativam.</strong></span> <span class='ocrx_word' id='word_1_269' title='bbox 2621 497 3048 565; x_wconf 79' lang='lat' dir='ltr'><strong>Concedendae</strong></span> <span class='ocrx_word' id='word_1_270' title='bbox 3102 502 3258 564; x_wconf 81' lang='lat' dir='ltr'><strong>sunt</strong></span> <span class='ocrx_word' id='word_1_271' title='bbox 3328 515 3488 581; x_wconf 83' lang='lat' dir='ltr'><strong>ergo</strong></span> 
     </span>
     <span class='ocr_line' id='line_1_46' title="bbox 1934 601 3218 689; baseline 0.002 -22"><span class='ocrx_word' id='word_1_272' title='bbox 1934 601 2244 680; x_wconf 79' lang='lat' dir='ltr'><strong>rationes,</strong></span> <span class='ocrx_word' id='word_1_273' title='bbox 2275 620 2424 684; x_wconf 82' lang='lat' dir='ltr'><strong>quae</strong></span> <span class='ocrx_word' id='word_1_274' title='bbox 2450 608 2601 669; x_wconf 86' lang='lat' dir='ltr'><strong>sunt</strong></span> <span class='ocrx_word' id='word_1_275' title='bbox 2627 605 2706 669; x_wconf 88' lang='lat' dir='ltr'><strong>ad</strong></span> <span class='ocrx_word' id='word_1_276' title='bbox 2731 605 2922 669; x_wconf 87' lang='lat' dir='ltr'><strong>istam</strong></span> <span class='ocrx_word' id='word_1_277' title='bbox 2947 610 3218 689; x_wconf 88' lang='lat' dir='ltr'><strong>partem.</strong></span> 
     </span>
    </p>

    <p class='ocr_par' dir='ltr' id='par_1_8' title="bbox 1936 709 3498 1312">
     <span class='ocr_line' id='line_1_47' title="bbox 2018 709 3491 798; baseline 0.003 -25"><span class='ocrx_word' id='word_1_278' title='bbox 2018 713 2048 773; x_wconf 77' lang='lat'><strong>1</strong></span> <span class='ocrx_word' id='word_1_279' title='bbox 2062 755 2079 774; x_wconf 90' lang='lat'><strong>.</strong></span> <span class='ocrx_word' id='word_1_280' title='bbox 2107 709 2206 774; x_wconf 86' lang='lat' dir='ltr'><strong>Ad</strong></span> <span class='ocrx_word' id='word_1_281' title='bbox 2236 710 2392 776; x_wconf 90' lang='lat' dir='ltr'><strong>illud</strong></span> <span class='ocrx_word' id='word_1_282' title='bbox 2426 731 2586 795; x_wconf 87' lang='lat' dir='ltr'><strong>ergo</strong></span> <span class='ocrx_word' id='word_1_283' title='bbox 2625 714 2798 795; x_wconf 87' lang='lat' dir='ltr'><strong>quod</strong></span> <span class='ocrx_word' id='word_1_284' title='bbox 2843 714 3189 798; x_wconf 90' lang='lat' dir='ltr'><strong>opponitur</strong></span> <span class='ocrx_word' id='word_1_285' title='bbox 3223 712 3293 777; x_wconf 91' lang='lat' dir='ltr'><strong>in</strong></span> <span class='ocrx_word' id='word_1_286' title='bbox 3336 730 3491 778; x_wconf 87' lang='lat' dir='ltr'><strong>con-</strong></span> 
     </span>
     <span class='ocr_line' id='line_1_48' title="bbox 1936 815 3495 901; baseline 0.003 -24"><span class='ocrx_word' id='word_1_287' title='bbox 1936 815 2212 880; x_wconf 89' lang='lat' dir='ltr'><strong>trarium</strong></span> <span class='ocrx_word' id='word_1_288' title='bbox 2233 863 2252 892; x_wconf 90' lang='lat'><strong>,</strong></span> <span class='ocrx_word' id='word_1_289' title='bbox 2282 818 2454 900; x_wconf 86' lang='lat' dir='ltr'><strong>quod</strong></span> <span class='ocrx_word' id='word_1_290' title='bbox 2482 819 2707 883; x_wconf 84' lang='lat' dir='ltr'><strong>similis</strong></span> <span class='ocrx_word' id='word_1_291' title='bbox 2733 823 2830 885; x_wconf 86' lang='lat' dir='ltr'><strong>est</strong></span> <span class='ocrx_word' id='word_1_292' title='bbox 2855 821 3080 886; x_wconf 87' lang='lat' dir='ltr'><strong>unioni</strong></span> <span class='ocrx_word' id='word_1_293' title='bbox 3123 819 3495 901; x_wconf 76' lang='lat' dir='ltr'><strong>conjugati-</strong></span> 
     </span>
     <span class='ocr_line' id='line_1_49' title="bbox 1938 926 3497 1011; baseline 0 -22"><span class='ocrx_word' id='word_1_294' title='bbox 1938 941 2040 989; x_wconf 82' lang='lat' dir='ltr'><strong>vae</strong></span> <span class='ocrx_word' id='word_1_295' title='bbox 2054 972 2072 1003; x_wconf 97' lang='lat'><strong>,</strong></span> <span class='ocrx_word' id='word_1_296' title='bbox 2109 926 2249 1007; x_wconf 75' lang='lat' dir='ltr'><strong>Jam</strong></span> <span class='ocrx_word' id='word_1_297' title='bbox 2278 930 2449 1008; x_wconf 85' lang='lat' dir='ltr'><strong>patet</strong></span> <span class='ocrx_word' id='word_1_298' title='bbox 2477 927 2807 1009; x_wconf 85' lang='lat' dir='ltr'><strong>responsio</strong></span> <span class='ocrx_word' id='word_1_299' title='bbox 2831 977 2850 1008; x_wconf 89' lang='lat'><strong>‚</strong></span> <span class='ocrx_word' id='word_1_300' title='bbox 2881 929 3035 1011; x_wconf 85' lang='lat' dir='ltr'><strong>quia</strong></span> <span class='ocrx_word' id='word_1_301' title='bbox 3061 927 3180 992; x_wconf 88' lang='lat' dir='ltr'><strong>etsi</strong></span> <span class='ocrx_word' id='word_1_302' title='bbox 3206 927 3288 991; x_wconf 86' lang='lat' dir='ltr'><strong>sit</strong></span> <span class='ocrx_word' id='word_1_303' title='bbox 3313 926 3497 991; x_wconf 86' lang='lat' dir='ltr'><strong>simi-</strong></span> 
     </span>
     <span class='ocr_line' id='line_1_50' title="bbox 1939 1030 3498 1115; baseline 0.001 -20"><span class='ocrx_word' id='word_1_304' title='bbox 1939 1030 2142 1097; x_wconf 89' lang='lat' dir='ltr'><strong>litudo</strong></span> <span class='ocrx_word' id='word_1_305' title='bbox 2185 1037 2506 1115; x_wconf 87' lang='lat' dir='ltr'><strong>quantum</strong></span> <span class='ocrx_word' id='word_1_306' title='bbox 2551 1035 2634 1099; x_wconf 88' lang='lat' dir='ltr'><strong>ad</strong></span> <span class='ocrx_word' id='word_1_307' title='bbox 2680 1035 3014 1100; x_wconf 85' lang='lat' dir='ltr'><strong>vinculum</strong></span> <span class='ocrx_word' id='word_1_308' title='bbox 3033 1081 3052 1113; x_wconf 89' lang='lat'><strong>,</strong></span> <span class='ocrx_word' id='word_1_309' title='bbox 3104 1052 3236 1099; x_wconf 91' lang='lat' dir='ltr'><strong>non</strong></span> <span class='ocrx_word' id='word_1_310' title='bbox 3281 1037 3498 1098; x_wconf 87' lang='lat' dir='ltr'><strong>tamen</strong></span> 
     </span>
     <span class='ocr_line' id='line_1_51' title="bbox 1940 1139 3498 1224; baseline 0.003 -23"><span class='ocrx_word' id='word_1_311' title='bbox 1940 1144 2036 1202; x_wconf 90' lang='lat' dir='ltr'><strong>est</strong></span> <span class='ocrx_word' id='word_1_312' title='bbox 2080 1139 2433 1204; x_wconf 85' lang='lat' dir='ltr'><strong>similitudo</strong></span> <span class='ocrx_word' id='word_1_313' title='bbox 2481 1146 2800 1224; x_wconf 85' lang='lat' dir='ltr'><strong>quantum</strong></span> <span class='ocrx_word' id='word_1_314' title='bbox 2843 1141 2925 1207; x_wconf 92' lang='lat' dir='ltr'><strong>ad</strong></span> <span class='ocrx_word' id='word_1_315' title='bbox 2965 1142 3344 1218; x_wconf 89' lang='lat' dir='ltr'><strong>terminum,</strong></span> <span class='ocrx_word' id='word_1_316' title='bbox 3391 1140 3498 1205; x_wconf 82' lang='lat' dir='ltr'><strong>vel</strong></span> 
     </span>
     <span class='ocr_line' id='line_1_52' title="bbox 1940 1247 2703 1312; baseline 0.003 -2"><span class='ocrx_word' id='word_1_317' title='bbox 1940 1247 2307 1310; x_wconf 82' lang='lat' dir='ltr'><strong>distantiam</strong></span> <span class='ocrx_word' id='word_1_318' title='bbox 2332 1248 2703 1312; x_wconf 88' lang='lat' dir='ltr'><strong>unibilium.</strong></span> 
     </span>
    </p>

    <p class='ocr_par' dir='ltr' id='par_1_9' title="bbox 1942 1352 3499 1864">
     <span class='ocr_line' id='line_1_53' title="bbox 2023 1352 3499 1439; baseline 0.003 -24"><span class='ocrx_word' id='word_1_319' title='bbox 2023 1358 2083 1416; x_wconf 74' lang='lat'><strong>2.</strong></span> <span class='ocrx_word' id='word_1_320' title='bbox 2116 1353 2214 1416; x_wconf 88' lang='lat' dir='ltr'><strong>Ad</strong></span> <span class='ocrx_word' id='word_1_321' title='bbox 2251 1352 2408 1418; x_wconf 90' lang='lat' dir='ltr'><strong>illud</strong></span> <span class='ocrx_word' id='word_1_322' title='bbox 2448 1356 2619 1438; x_wconf 87' lang='lat' dir='ltr'><strong>quod</strong></span> <span class='ocrx_word' id='word_1_323' title='bbox 2661 1356 3040 1439; x_wconf 88' lang='lat' dir='ltr'><strong>opponitur,</strong></span> <span class='ocrx_word' id='word_1_324' title='bbox 3069 1356 3243 1438; x_wconf 87' lang='lat' dir='ltr'><strong>quod</strong></span> <span class='ocrx_word' id='word_1_325' title='bbox 3271 1353 3499 1419; x_wconf 87' lang='lat' dir='ltr'><strong>similis</strong></span> 
     </span>
     <span class='ocr_line' id='line_1_54' title="bbox 1942 1459 3498 1546; baseline 0.001 -22"><span class='ocrx_word' id='word_1_326' title='bbox 1942 1464 2036 1524; x_wconf 83' lang='lat' dir='ltr'><strong>est</strong></span> <span class='ocrx_word' id='word_1_327' title='bbox 2074 1459 2303 1525; x_wconf 76' lang='lat' dir='ltr'><strong>unitati</strong></span> <span class='ocrx_word' id='word_1_328' title='bbox 2345 1463 2582 1528; x_wconf 81' lang='lat' dir='ltr'><strong>nativae</strong></span> <span class='ocrx_word' id='word_1_329' title='bbox 2613 1482 2731 1546; x_wconf 90' lang='lat' dir='ltr'><strong>pro</strong></span> <span class='ocrx_word' id='word_1_330' title='bbox 2771 1482 2847 1528; x_wconf 91' lang='lat' dir='ltr'><strong>eo</strong></span> <span class='ocrx_word' id='word_1_331' title='bbox 2892 1462 3064 1546; x_wconf 87' lang='lat' dir='ltr'><strong>quod</strong></span> <span class='ocrx_word' id='word_1_332' title='bbox 3104 1466 3198 1526; x_wconf 87' lang='lat' dir='ltr'><strong>est</strong></span> <span class='ocrx_word' id='word_1_333' title='bbox 3227 1461 3383 1526; x_wconf 89' lang='lat' dir='ltr'><strong>unio</strong></span> <span class='ocrx_word' id='word_1_334' title='bbox 3427 1461 3498 1526; x_wconf 90' lang='lat' dir='ltr'><strong>in</strong></span> 
     </span>
     <span class='ocr_line' id='line_1_55' title="bbox 1942 1568 3496 1653; baseline 0.003 -22"><span class='ocrx_word' id='word_1_335' title='bbox 1942 1585 2247 1651; x_wconf 88' lang='lat' dir='ltr'><strong>persona,</strong></span> <span class='ocrx_word' id='word_1_336' title='bbox 2277 1569 2620 1633; x_wconf 88' lang='lat' dir='ltr'><strong>dicendum</strong></span> <span class='ocrx_word' id='word_1_337' title='bbox 2648 1570 2823 1653; x_wconf 85' lang='lat' dir='ltr'><strong>quod</strong></span> <span class='ocrx_word' id='word_1_338' title='bbox 2862 1570 2978 1635; x_wconf 88' lang='lat' dir='ltr'><strong>etsi</strong></span> <span class='ocrx_word' id='word_1_339' title='bbox 3025 1570 3109 1634; x_wconf 87' lang='lat' dir='ltr'><strong>sit</strong></span> <span class='ocrx_word' id='word_1_340' title='bbox 3148 1568 3496 1635; x_wconf 86' lang='lat' dir='ltr'><strong>similitudo</strong></span> 
     </span>
     <span class='ocr_line' id='line_1_56' title="bbox 1942 1677 3497 1760; baseline 0.001 -20"><span class='ocrx_word' id='word_1_341' title='bbox 1942 1679 2262 1758; x_wconf 89' lang='lat' dir='ltr'><strong>quantum</strong></span> <span class='ocrx_word' id='word_1_342' title='bbox 2303 1677 2382 1741; x_wconf 87' lang='lat' dir='ltr'><strong>ad</strong></span> <span class='ocrx_word' id='word_1_343' title='bbox 2429 1678 2802 1758; x_wconf 88' lang='lat' dir='ltr'><strong>terminum,</strong></span> <span class='ocrx_word' id='word_1_344' title='bbox 2855 1697 2987 1743; x_wconf 91' lang='lat' dir='ltr'><strong>non</strong></span> <span class='ocrx_word' id='word_1_345' title='bbox 3028 1682 3245 1743; x_wconf 83' lang='lat' dir='ltr'><strong>tamen</strong></span> <span class='ocrx_word' id='word_1_346' title='bbox 3285 1694 3497 1760; x_wconf 85' lang='lat' dir='ltr'><strong>quan-</strong></span> 
     </span>
     <span class='ocr_line' id='line_1_57' title="bbox 1943 1783 3490 1864; baseline 0.003 -20"><span class='ocrx_word' id='word_1_347' title='bbox 1943 1786 2084 1846; x_wconf 90' lang='lat' dir='ltr'><strong>tum</strong></span> <span class='ocrx_word' id='word_1_348' title='bbox 2116 1783 2192 1846; x_wconf 89' lang='lat' dir='ltr'><strong>ad</strong></span> <span class='ocrx_word' id='word_1_349' title='bbox 2226 1783 2580 1864; x_wconf 86' lang='lat' dir='ltr'><strong>vinculum,</strong></span> <span class='ocrx_word' id='word_1_350' title='bbox 2613 1788 2714 1849; x_wconf 87' lang='lat' dir='ltr'><strong>vel</strong></span> <span class='ocrx_word' id='word_1_351' title='bbox 2739 1784 3104 1849; x_wconf 88' lang='lat' dir='ltr'><strong>distantiam</strong></span> <span class='ocrx_word' id='word_1_352' title='bbox 3121 1783 3490 1849; x_wconf 88' lang='lat' dir='ltr'><strong>unibilium.</strong></span> 
     </span>
    </p>

    <p class='ocr_par' dir='ltr' id='par_1_10' title="bbox 1944 1891 3504 2510">
     <span class='ocr_line' id='line_1_58' title="bbox 2025 1891 3496 1975; baseline 0.001 -22"><span class='ocrx_word' id='word_1_353' title='bbox 2025 1895 2085 1954; x_wconf 85' lang='lat'><strong>3.</strong></span> <span class='ocrx_word' id='word_1_354' title='bbox 2124 1891 2219 1955; x_wconf 83' lang='lat' dir='ltr'><strong>Ad</strong></span> <span class='ocrx_word' id='word_1_355' title='bbox 2248 1891 2405 1955; x_wconf 90' lang='lat' dir='ltr'><strong>illud</strong></span> <span class='ocrx_word' id='word_1_356' title='bbox 2447 1893 2620 1975; x_wconf 89' lang='lat' dir='ltr'><strong>quod</strong></span> <span class='ocrx_word' id='word_1_357' title='bbox 2657 1892 3043 1975; x_wconf 89' lang='lat' dir='ltr'><strong>opponitur,</strong></span> <span class='ocrx_word' id='word_1_358' title='bbox 3076 1892 3251 1974; x_wconf 85' lang='lat' dir='ltr'><strong>quod</strong></span> <span class='ocrx_word' id='word_1_359' title='bbox 3277 1897 3372 1956; x_wconf 85' lang='lat' dir='ltr'><strong>eet</strong></span> <span class='ocrx_word' id='word_1_360' title='bbox 3413 1892 3496 1955; x_wconf 86' lang='lat' dir='ltr'><strong>si·</strong></span> 
     </span>
     <span class='ocr_line' id='line_1_59' title="bbox 1945 1998 3496 2082; baseline 0.003 -22"><span class='ocrx_word' id='word_1_361' title='bbox 1945 1998 2115 2061; x_wconf 89' lang='lat' dir='ltr'><strong>milis</strong></span> <span class='ocrx_word' id='word_1_362' title='bbox 2161 1999 2393 2064; x_wconf 85' lang='lat' dir='ltr'><strong>unitati</strong></span> <span class='ocrx_word' id='word_1_363' title='bbox 2438 2001 2836 2082; x_wconf 63' lang='lat' dir='ltr'><strong>potestativae</strong></span> <span class='ocrx_word' id='word_1_364' title='bbox 2856 2048 2874 2077; x_wconf 91' lang='lat'><strong>,</strong></span> <span class='ocrx_word' id='word_1_365' title='bbox 2929 1999 3271 2065; x_wconf 89' lang='lat' dir='ltr'><strong>dicendum</strong></span> <span class='ocrx_word' id='word_1_366' title='bbox 3322 1998 3496 2082; x_wconf 85' lang='lat' dir='ltr'><strong>quod</strong></span> 
     </span>
     <span class='ocr_line' id='line_1_60' title="bbox 1945 2104 3492 2191; baseline 0.002 -24"><span class='ocrx_word' id='word_1_367' title='bbox 1945 2104 2062 2168; x_wconf 88' lang='lat' dir='ltr'><strong>etsi</strong></span> <span class='ocrx_word' id='word_1_368' title='bbox 2103 2105 2186 2168; x_wconf 85' lang='lat' dir='ltr'><strong>sit</strong></span> <span class='ocrx_word' id='word_1_369' title='bbox 2228 2106 2578 2173; x_wconf 86' lang='lat' dir='ltr'><strong>similitudo</strong></span> <span class='ocrx_word' id='word_1_370' title='bbox 2604 2110 2923 2191; x_wconf 89' lang='lat' dir='ltr'><strong>quantum</strong></span> <span class='ocrx_word' id='word_1_371' title='bbox 2961 2107 3044 2172; x_wconf 90' lang='lat' dir='ltr'><strong>ad</strong></span> <span class='ocrx_word' id='word_1_372' title='bbox 3083 2106 3492 2190; x_wconf 86' lang='lat' dir='ltr'><strong>principium,</strong></span> 
     </span>
     <span class='ocr_line' id='line_1_61' title="bbox 1944 2211 3503 2296; baseline 0.002 -22"><span class='ocrx_word' id='word_1_373' title='bbox 1944 2211 2097 2293; x_wconf 87' lang='lat' dir='ltr'><strong>quia</strong></span> <span class='ocrx_word' id='word_1_374' title='bbox 2122 2216 2392 2296; x_wconf 86' lang='lat' dir='ltr'><strong>utraque</strong></span> <span class='ocrx_word' id='word_1_375' title='bbox 2415 2219 2511 2278; x_wconf 88' lang='lat' dir='ltr'><strong>est</strong></span> <span class='ocrx_word' id='word_1_376' title='bbox 2534 2233 2616 2278; x_wconf 87' lang='lat' dir='ltr'><strong>ex</strong></span> <span class='ocrx_word' id='word_1_377' title='bbox 2647 2215 2885 2279; x_wconf 87' lang='lat' dir='ltr'><strong>virtute</strong></span> <span class='ocrx_word' id='word_1_378' title='bbox 2911 2213 3153 2289; x_wconf 90' lang='lat' dir='ltr'><strong>divina,</strong></span> <span class='ocrx_word' id='word_1_379' title='bbox 3185 2212 3503 2278; x_wconf 85' lang='lat' dir='ltr'><strong>dissimili-</strong></span> 
     </span>
     <span class='ocr_line' id='line_1_62' title="bbox 1944 2321 3504 2407; baseline 0.001 -23"><span class='ocrx_word' id='word_1_380' title='bbox 1944 2321 2100 2385; x_wconf 79' lang='lat' dir='ltr'><strong>tudo</strong></span> <span class='ocrx_word' id='word_1_381' title='bbox 2140 2328 2234 2386; x_wconf 72' lang='lat' dir='ltr'><strong>cst</strong></span> <span class='ocrx_word' id='word_1_382' title='bbox 2273 2327 2490 2387; x_wconf 87' lang='lat' dir='ltr'><strong>tamen</strong></span> <span class='ocrx_word' id='word_1_383' title='bbox 2536 2328 2854 2407; x_wconf 88' lang='lat' dir='ltr'><strong>quantum</strong></span> <span class='ocrx_word' id='word_1_384' title='bbox 2897 2324 2978 2387; x_wconf 88' lang='lat' dir='ltr'><strong>ad</strong></span> <span class='ocrx_word' id='word_1_385' title='bbox 3017 2322 3396 2402; x_wconf 86' lang='lat' dir='ltr'><strong>terminum,</strong></span> <span class='ocrx_word' id='word_1_386' title='bbox 3439 2326 3504 2387; x_wconf 90' lang='lat' dir='ltr'><strong>et</strong></span> 
     </span>
     <span class='ocr_line' id='line_1_63' title="bbox 1945 2431 2763 2510; baseline 0 -17"><span class='ocrx_word' id='word_1_387' title='bbox 1945 2433 2263 2510; x_wconf 82' lang='lat' dir='ltr'><strong>quantum</strong></span> <span class='ocrx_word' id='word_1_388' title='bbox 2295 2432 2373 2495; x_wconf 89' lang='lat' dir='ltr'><strong>ad</strong></span> <span class='ocrx_word' id='word_1_389' title='bbox 2402 2431 2763 2495; x_wconf 88' lang='lat' dir='ltr'><strong>vinculum.</strong></span> 
     </span>
    </p>

    <p class='ocr_par' dir='ltr' id='par_1_11' title="bbox 1943 2535 3508 4015">
     <span class='ocr_line' id='line_1_64' title="bbox 2025 2535 3502 2620; baseline 0.002 -22"><span class='ocrx_word' id='word_1_390' title='bbox 2025 2539 2085 2598; x_wconf 70' lang='lat'><strong>4.</strong></span> <span class='ocrx_word' id='word_1_391' title='bbox 2114 2535 2212 2600; x_wconf 87' lang='lat' dir='ltr'><strong>Ad</strong></span> <span class='ocrx_word' id='word_1_392' title='bbox 2234 2536 2391 2602; x_wconf 91' lang='lat' dir='ltr'><strong>illud</strong></span> <span class='ocrx_word' id='word_1_393' title='bbox 2417 2538 2588 2620; x_wconf 91' lang='lat' dir='ltr'><strong>quod</strong></span> <span class='ocrx_word' id='word_1_394' title='bbox 2615 2537 2915 2619; x_wconf 87' lang='lat' dir='ltr'><strong>objicitur</strong></span> <span class='ocrx_word' id='word_1_395' title='bbox 2937 2583 2955 2611; x_wconf 85' lang='lat'><strong>,</strong></span> <span class='ocrx_word' id='word_1_396' title='bbox 2986 2536 3159 2620; x_wconf 89' lang='lat' dir='ltr'><strong>quod</strong></span> <span class='ocrx_word' id='word_1_397' title='bbox 3200 2540 3295 2601; x_wconf 87' lang='lat' dir='ltr'><strong>est</strong></span> <span class='ocrx_word' id='word_1_398' title='bbox 3320 2535 3502 2601; x_wconf 87' lang='lat' dir='ltr'><strong>simi-</strong></span> 
     </span>
     <span class='ocr_line' id='line_1_65' title="bbox 1943 2641 3504 2726; baseline 0.001 -21"><span class='ocrx_word' id='word_1_399' title='bbox 1943 2641 2022 2705; x_wconf 90' lang='lat' dir='ltr'><strong>lis</strong></span> <span class='ocrx_word' id='word_1_400' title='bbox 2046 2643 2273 2707; x_wconf 88' lang='lat' dir='ltr'><strong>unitati</strong></span> <span class='ocrx_word' id='word_1_401' title='bbox 2303 2645 2572 2723; x_wconf 85' lang='lat' dir='ltr'><strong>votivae,</strong></span> <span class='ocrx_word' id='word_1_402' title='bbox 2604 2662 2754 2707; x_wconf 89' lang='lat' dir='ltr'><strong>cum</strong></span> <span class='ocrx_word' id='word_1_403' title='bbox 2788 2643 2869 2706; x_wconf 90' lang='lat' dir='ltr'><strong>sit</strong></span> <span class='ocrx_word' id='word_1_404' title='bbox 2909 2661 3025 2726; x_wconf 89' lang='lat' dir='ltr'><strong>per</strong></span> <span class='ocrx_word' id='word_1_405' title='bbox 3056 2644 3369 2724; x_wconf 80' lang='lat' dir='ltr'><strong>gratiam,</strong></span> <span class='ocrx_word' id='word_1_406' title='bbox 3402 2643 3504 2707; x_wconf 90' lang='lat' dir='ltr'><strong>di-</strong></span> 
     </span>
     <span class='ocr_line' id='line_1_66' title="bbox 1945 2750 3505 2834; baseline 0.001 -20"><span class='ocrx_word' id='word_1_407' title='bbox 1945 2750 2222 2815; x_wconf 89' lang='lat' dir='ltr'><strong>cendum</strong></span> <span class='ocrx_word' id='word_1_408' title='bbox 2246 2750 2420 2834; x_wconf 87' lang='lat' dir='ltr'><strong>quod</strong></span> <span class='ocrx_word' id='word_1_409' title='bbox 2442 2754 2538 2815; x_wconf 89' lang='lat' dir='ltr'><strong>est</strong></span> <span class='ocrx_word' id='word_1_410' title='bbox 2560 2750 2688 2815; x_wconf 91' lang='lat' dir='ltr'><strong>alia</strong></span> <span class='ocrx_word' id='word_1_411' title='bbox 2713 2750 2942 2832; x_wconf 81' lang='lat' dir='ltr'><strong>gratiae</strong></span> <span class='ocrx_word' id='word_1_412' title='bbox 2964 2750 3347 2828; x_wconf 78' lang='lat' dir='ltr'><strong>differentia,</strong></span> <span class='ocrx_word' id='word_1_413' title='bbox 3371 2769 3505 2834; x_wconf 83' lang='lat' dir='ltr'><strong>qua</strong></span> 
     </span>
     <span class='ocr_line' id='line_1_67' title="bbox 1945 2856 3500 2941; baseline 0.001 -21"><span class='ocrx_word' id='word_1_414' title='bbox 1945 2856 2165 2921; x_wconf 86' lang='lat' dir='ltr'><strong>anima</strong></span> <span class='ocrx_word' id='word_1_415' title='bbox 2187 2859 2412 2923; x_wconf 87' lang='lat' dir='ltr'><strong>unitur</strong></span> <span class='ocrx_word' id='word_1_416' title='bbox 2440 2857 2571 2923; x_wconf 92' lang='lat' dir='ltr'><strong>Deo</strong></span> <span class='ocrx_word' id='word_1_417' title='bbox 2598 2876 2714 2941; x_wconf 90' lang='lat' dir='ltr'><strong>per</strong></span> <span class='ocrx_word' id='word_1_418' title='bbox 2739 2858 3115 2923; x_wconf 83' lang='lat' dir='ltr'><strong>charitatem</strong></span> <span class='ocrx_word' id='word_1_419' title='bbox 3135 2859 3500 2940; x_wconf 73' lang='lat' dir='ltr'><strong>perfectam,</strong></span> 
     </span>
     <span class='ocr_line' id='line_1_68' title="bbox 1947 2965 3505 3046; baseline 0 -18"><span class='ocrx_word' id='word_1_420' title='bbox 1947 2967 2009 3029; x_wconf 86' lang='lat' dir='ltr'><strong>et</strong></span> <span class='ocrx_word' id='word_1_421' title='bbox 2037 2983 2169 3046; x_wconf 85' lang='lat' dir='ltr'><strong>qua</strong></span> <span class='ocrx_word' id='word_1_422' title='bbox 2196 2970 2430 3031; x_wconf 90' lang='lat' dir='ltr'><strong>natura</strong></span> <span class='ocrx_word' id='word_1_423' title='bbox 2454 2967 2743 3031; x_wconf 90' lang='lat' dir='ltr'><strong>humana</strong></span> <span class='ocrx_word' id='word_1_424' title='bbox 2773 2965 3001 3033; x_wconf 87' lang='lat' dir='ltr'><strong>unitur</strong></span> <span class='ocrx_word' id='word_1_425' title='bbox 3038 2966 3240 3033; x_wconf 88' lang='lat' dir='ltr'><strong>Verbo</strong></span> <span class='ocrx_word' id='word_1_426' title='bbox 3267 2966 3337 3028; x_wconf 91' lang='lat' dir='ltr'><strong>in</strong></span> <span class='ocrx_word' id='word_1_427' title='bbox 3359 2966 3505 3029; x_wconf 89' lang='lat' dir='ltr'><strong>uni-</strong></span> 
     </span>
     <span class='ocr_line' id='line_1_69' title="bbox 1944 3072 3506 3158; baseline 0.001 -23"><span class='ocrx_word' id='word_1_428' title='bbox 1944 3075 2142 3136; x_wconf 87' lang='lat' dir='ltr'><strong>tatem</strong></span> <span class='ocrx_word' id='word_1_429' title='bbox 2168 3090 2460 3157; x_wconf 81' lang='lat' dir='ltr'><strong>personae</strong></span> <span class='ocrx_word' id='word_1_430' title='bbox 2492 3094 2507 3138; x_wconf 89' lang='lat'>:</span> <span class='ocrx_word' id='word_1_431' title='bbox 2542 3091 2661 3139; x_wconf 92' lang='lat' dir='ltr'><strong>nec</strong></span> <span class='ocrx_word' id='word_1_432' title='bbox 2690 3073 2899 3138; x_wconf 87' lang='lat' dir='ltr'><strong>solum</strong></span> <span class='ocrx_word' id='word_1_433' title='bbox 2932 3078 3251 3158; x_wconf 87' lang='lat' dir='ltr'><strong>quantum</strong></span> <span class='ocrx_word' id='word_1_434' title='bbox 3279 3072 3361 3137; x_wconf 90' lang='lat' dir='ltr'><strong>ad</strong></span> <span class='ocrx_word' id='word_1_435' title='bbox 3379 3072 3506 3137; x_wconf 85' lang='lat' dir='ltr'><strong>hoc</strong></span> 
     </span>
     <span class='ocr_line' id='line_1_70' title="bbox 1945 3180 3507 3264; baseline 0.001 -21"><span class='ocrx_word' id='word_1_436' title='bbox 1945 3183 2040 3243; x_wconf 85' lang='lat' dir='ltr'><strong>est</strong></span> <span class='ocrx_word' id='word_1_437' title='bbox 2063 3180 2423 3245; x_wconf 86' lang='lat' dir='ltr'><strong>differentia</strong></span> <span class='ocrx_word' id='word_1_438' title='bbox 2441 3229 2459 3259; x_wconf 91' lang='lat'>‚</span> <span class='ocrx_word' id='word_1_439' title='bbox 2505 3182 2615 3245; x_wconf 89' lang='lat' dir='ltr'><strong>sed</strong></span> <span class='ocrx_word' id='word_1_440' title='bbox 2641 3181 2835 3246; x_wconf 83' lang='lat' dir='ltr'><strong>etiam</strong></span> <span class='ocrx_word' id='word_1_441' title='bbox 2877 3186 3196 3264; x_wconf 85' lang='lat' dir='ltr'><strong>quantum</strong></span> <span class='ocrx_word' id='word_1_442' title='bbox 3237 3180 3319 3244; x_wconf 89' lang='lat' dir='ltr'><strong>ad</strong></span> <span class='ocrx_word' id='word_1_443' title='bbox 3363 3180 3507 3244; x_wconf 83' lang='lat' dir='ltr'><strong>vin·</strong></span> 
     </span>
     <span class='ocr_line' id='line_1_71' title="bbox 1946 3285 3505 3371; baseline 0.002 -21"><span class='ocrx_word' id='word_1_444' title='bbox 1946 3285 2169 3352; x_wconf 90' lang='lat' dir='ltr'><strong>culum</strong></span> <span class='ocrx_word' id='word_1_445' title='bbox 2191 3336 2209 3367; x_wconf 98' lang='lat'><strong>,</strong></span> <span class='ocrx_word' id='word_1_446' title='bbox 2240 3293 2303 3352; x_wconf 88' lang='lat' dir='ltr'><strong>et</strong></span> <span class='ocrx_word' id='word_1_447' title='bbox 2341 3294 2662 3371; x_wconf 86' lang='lat' dir='ltr'><strong>quantum</strong></span> <span class='ocrx_word' id='word_1_448' title='bbox 2703 3289 2784 3352; x_wconf 89' lang='lat' dir='ltr'><strong>ad</strong></span> <span class='ocrx_word' id='word_1_449' title='bbox 2831 3290 3183 3355; x_wconf 87' lang='lat' dir='ltr'><strong>terminum</strong></span> <span class='ocrx_word' id='word_1_450' title='bbox 3215 3309 3232 3353; x_wconf 72' lang='grc' dir='ltr'>ε</span> <span class='ocrx_word' id='word_1_451' title='bbox 3270 3292 3335 3353; x_wconf 85' lang='lat' dir='ltr'><strong>et</strong></span> <span class='ocrx_word' id='word_1_452' title='bbox 3363 3289 3505 3353; x_wconf 82' lang='lat' dir='ltr'><strong>ideo</strong></span> 
     </span>
     <span class='ocr_line' id='line_1_72' title="bbox 1945 3394 3506 3480; baseline 0.001 -21"><span class='ocrx_word' id='word_1_453' title='bbox 1945 3394 2066 3462; x_wconf 88' lang='lat' dir='ltr'><strong>ista</strong></span> <span class='ocrx_word' id='word_1_454' title='bbox 2094 3398 2251 3462; x_wconf 91' lang='lat' dir='ltr'><strong>unio</strong></span> <span class='ocrx_word' id='word_1_455' title='bbox 2273 3398 2425 3462; x_wconf 80' lang='lat' dir='ltr'><strong>facit</strong></span> <span class='ocrx_word' id='word_1_456' title='bbox 2451 3399 2850 3480; x_wconf 85' lang='lat' dir='ltr'><strong>singularem</strong></span> <span class='ocrx_word' id='word_1_457' title='bbox 2877 3396 3166 3462; x_wconf 90' lang='lat' dir='ltr'><strong>modum.</strong></span> <span class='ocrx_word' id='word_1_458' title='bbox 3197 3395 3265 3461; x_wconf 90' lang='lat' dir='ltr'><strong>Si</strong></span> <span class='ocrx_word' id='word_1_459' title='bbox 3287 3401 3506 3461; x_wconf 89' lang='lat' dir='ltr'><strong>autem</strong></span> 
     </span>
     <span class='ocr_line' id='line_1_73' title="bbox 1947 3503 3506 3585; baseline -0.001 -18"><span class='ocrx_word' id='word_1_460' title='bbox 1947 3507 2279 3585; x_wconf 73' lang='lat' dir='ltr'><strong>quaeratur</strong></span> <span class='ocrx_word' id='word_1_461' title='bbox 2341 3505 2724 3570; x_wconf 81' lang='lat' dir='ltr'><strong>sufficientia</strong></span> <span class='ocrx_word' id='word_1_462' title='bbox 2783 3504 3106 3569; x_wconf 86' lang='lat' dir='ltr'><strong>unitatum</strong></span> <span class='ocrx_word' id='word_1_463' title='bbox 3162 3503 3506 3568; x_wconf 87' lang='lat' dir='ltr'><strong>modorum</strong></span> 
     </span>
     <span class='ocr_line' id='line_1_74' title="bbox 1950 3610 3504 3695; baseline -0.001 -20"><span class='ocrx_word' id='word_1_464' title='bbox 1950 3613 2422 3693; x_wconf 87' lang='lat' dir='ltr'><strong>assignatorum</strong></span> <span class='ocrx_word' id='word_1_465' title='bbox 2439 3662 2457 3693; x_wconf 98' lang='lat'><strong>,</strong></span> <span class='ocrx_word' id='word_1_466' title='bbox 2484 3613 2825 3678; x_wconf 87' lang='lat' dir='ltr'><strong>dicendum</strong></span> <span class='ocrx_word' id='word_1_467' title='bbox 2866 3612 3039 3695; x_wconf 86' lang='lat' dir='ltr'><strong>quod</strong></span> <span class='ocrx_word' id='word_1_468' title='bbox 3077 3611 3197 3675; x_wconf 89' lang='lat' dir='ltr'><strong>ista</strong></span> <span class='ocrx_word' id='word_1_469' title='bbox 3232 3610 3504 3693; x_wconf 65' lang='lat' dir='ltr'><strong>quaestio</strong></span> 
     </span>
     <span class='ocr_line' id='line_1_75' title="bbox 1949 3717 3506 3800; baseline -0.003 -17"><span class='ocrx_word' id='word_1_470' title='bbox 1949 3719 2102 3784; x_wconf 88' lang='lat' dir='ltr'><strong>alibi</strong></span> <span class='ocrx_word' id='word_1_471' title='bbox 2142 3720 2336 3784; x_wconf 87' lang='lat' dir='ltr'><strong>habet</strong></span> <span class='ocrx_word' id='word_1_472' title='bbox 2387 3738 2584 3785; x_wconf 88' lang='lat' dir='ltr'><strong>suum</strong></span> <span class='ocrx_word' id='word_1_473' title='bbox 2630 3720 2846 3784; x_wconf 90' lang='lat' dir='ltr'><strong>locum</strong></span> <span class='ocrx_word' id='word_1_474' title='bbox 2868 3767 2887 3798; x_wconf 91' lang='lat'><strong>,</strong></span> <span class='ocrx_word' id='word_1_475' title='bbox 2937 3724 3001 3783; x_wconf 86' lang='lat' dir='ltr'><strong>et</strong></span> <span class='ocrx_word' id='word_1_476' title='bbox 3057 3719 3317 3800; x_wconf 88' lang='lat' dir='ltr'><strong>singula</strong></span> <span class='ocrx_word' id='word_1_477' title='bbox 3368 3717 3506 3780; x_wconf 90' lang='lat' dir='ltr'><strong>suis</strong></span> 
     </span>
     <span class='ocr_line' id='line_1_76' title="bbox 1945 3826 3500 3896; baseline -0.001 -5"><span class='ocrx_word' id='word_1_478' title='bbox 1945 3826 2104 3896; x_wconf 79' lang='lat' dir='ltr'><strong>locis</strong></span> <span class='ocrx_word' id='word_1_479' title='bbox 2168 3828 2495 3892; x_wconf 86' lang='lat' dir='ltr'><strong>tractanda</strong></span> <span class='ocrx_word' id='word_1_480' title='bbox 2560 3831 2735 3891; x_wconf 87' lang='lat' dir='ltr'><strong>sunt.</strong></span> <span class='ocrx_word' id='word_1_481' title='bbox 2805 3826 3072 3891; x_wconf 86' lang='lat' dir='ltr'><strong>Illorum</strong></span> <span class='ocrx_word' id='word_1_482' title='bbox 3113 3831 3331 3890; x_wconf 89' lang='lat' dir='ltr'><strong>tamen</strong></span> <span class='ocrx_word' id='word_1_483' title='bbox 3382 3841 3500 3890; x_wconf 86' lang='lat' dir='ltr'><strong>no-</strong></span> 
     </span>
     <span class='ocr_line' id='line_1_77' title="bbox 1946 3931 3508 4015; baseline 0 -19"><span class='ocrx_word' id='word_1_484' title='bbox 1946 3951 2099 3998; x_wconf 85' lang='lat' dir='ltr'><strong>vem</strong></span> <span class='ocrx_word' id='word_1_485' title='bbox 2139 3934 2482 3999; x_wconf 90' lang='lat' dir='ltr'><strong>modorum</strong></span> <span class='ocrx_word' id='word_1_486' title='bbox 2523 3934 2847 3998; x_wconf 87' lang='lat' dir='ltr'><strong>unitatum</strong></span> <span class='ocrx_word' id='word_1_487' title='bbox 2869 3980 2887 4010; x_wconf 91' lang='lat'><strong>,</strong></span> <span class='ocrx_word' id='word_1_488' title='bbox 2931 3951 3093 4015; x_wconf 80' lang='lat' dir='ltr'><strong>quos</strong></span> <span class='ocrx_word' id='word_1_489' title='bbox 3142 3931 3508 3998; x_wconf 74' lang='lat' dir='ltr'><strong>Bernartius</strong></span> 
     </span>
    </p>
   </div>
   <div class='ocr_carea' id='block_1_7' title="bbox 1947 4039 3520 4124">
    <p class='ocr_par' dir='ltr' id='par_1_12' title="bbox 1947 4039 3520 4124">
     <span class='ocr_line' id='line_1_78' title="bbox 1947 4039 3520 4124; baseline -0.001 -19"><span class='ocrx_word' id='word_1_490' title='bbox 1947 4041 2268 4123; x_wconf 82' lang='lat' dir='ltr'><strong>assignat,</strong></span> <span class='ocrx_word' id='word_1_491' title='bbox 2314 4046 2519 4124; x_wconf 89' lang='lat' dir='ltr'><strong>potest</strong></span> <span class='ocrx_word' id='word_1_492' title='bbox 2584 4043 2675 4105; x_wconf 90' lang='lat' dir='ltr'><strong>sic</strong></span> <span class='ocrx_word' id='word_1_493' title='bbox 2723 4041 2897 4106; x_wconf 86' lang='lat' dir='ltr'><strong>sumi</strong></span> <span class='ocrx_word' id='word_1_494' title='bbox 2942 4040 3343 4106; x_wconf 79' lang='lat' dir='ltr'><strong>sufficientia.</strong></span> <span class='ocrx_word' id='word_1_495' title='bbox 3396 4039 3520 4105; x_wconf 23' lang='lat' dir='ltr'><strong>Est,</strong></span> 
     </span>
    </p>
   </div>
   <div class='ocr_carea' id='block_1_8' title="bbox 1947 4147 3508 5196">
    <p class='ocr_par' dir='ltr' id='par_1_13' title="bbox 1947 4147 3508 5196">
     <span class='ocr_line' id='line_1_79' title="bbox 1947 4147 3504 4229; baseline -0.001 -17"><span class='ocrx_word' id='word_1_496' title='bbox 1947 4147 2124 4212; x_wconf 89' lang='lat' dir='ltr'><strong>enim</strong></span> <span class='ocrx_word' id='word_1_497' title='bbox 2151 4147 2364 4214; x_wconf 87' lang='lat' dir='ltr'><strong>unitas</strong></span> <span class='ocrx_word' id='word_1_498' title='bbox 2393 4148 2734 4226; x_wconf 76' lang='lat' dir='ltr'><strong>naturaliS‚</strong></span> <span class='ocrx_word' id='word_1_499' title='bbox 2768 4153 2832 4212; x_wconf 88' lang='lat' dir='ltr'><strong>et</strong></span> <span class='ocrx_word' id='word_1_500' title='bbox 2856 4148 3173 4229; x_wconf 84' lang='lat' dir='ltr'><strong>gratuita,</strong></span> <span class='ocrx_word' id='word_1_501' title='bbox 3202 4152 3265 4211; x_wconf 87' lang='lat' dir='ltr'><strong>et</strong></span> <span class='ocrx_word' id='word_1_502' title='bbox 3291 4148 3504 4212; x_wconf 87' lang='lat' dir='ltr'><strong>unitas</strong></span> 
     </span>
     <span class='ocr_line' id='line_1_80' title="bbox 1948 4253 3499 4338; baseline -0.001 -20"><span class='ocrx_word' id='word_1_503' title='bbox 1948 4272 2146 4336; x_wconf 88' lang='lat' dir='ltr'><strong>super</strong></span> <span class='ocrx_word' id='word_1_504' title='bbox 2191 4258 2533 4338; x_wconf 88' lang='lat' dir='ltr'><strong>utramque</strong></span> <span class='ocrx_word' id='word_1_505' title='bbox 2597 4255 2963 4319; x_wconf 87' lang='lat' dir='ltr'><strong>constituta.</strong></span> <span class='ocrx_word' id='word_1_506' title='bbox 3007 4253 3230 4319; x_wconf 84' lang='lat' dir='ltr'><strong>Unitas</strong></span> <span class='ocrx_word' id='word_1_507' title='bbox 3286 4257 3499 4319; x_wconf 87' lang='lat' dir='ltr'><strong>autem</strong></span> 
     </span>
     <span class='ocr_line' id='line_1_81' title="bbox 1948 4362 3496 4446; baseline -0.002 -19"><span class='ocrx_word' id='word_1_508' title='bbox 1948 4363 2259 4427; x_wconf 86' lang='lat' dir='ltr'><strong>naturalis</strong></span> <span class='ocrx_word' id='word_1_509' title='bbox 2317 4369 2412 4427; x_wconf 88' lang='lat' dir='ltr'><strong>est</strong></span> <span class='ocrx_word' id='word_1_510' title='bbox 2470 4363 2540 4426; x_wconf 91' lang='lat' dir='ltr'><strong>in</strong></span> <span class='ocrx_word' id='word_1_511' title='bbox 2608 4364 3011 4446; x_wconf 87' lang='lat' dir='ltr'><strong>quadruplici</strong></span> <span class='ocrx_word' id='word_1_512' title='bbox 3070 4362 3428 4426; x_wconf 80' lang='lat' dir='ltr'><strong>differentia</strong></span> <span class='ocrx_word' id='word_1_513' title='bbox 3482 4383 3496 4397; x_wconf 94' lang='lat'><strong>·</strong></span> 
     </span>
     <span class='ocr_line' id='line_1_82' title="bbox 1949 4471 3503 4554; baseline -0.003 -18"><span class='ocrx_word' id='word_1_514' title='bbox 1949 4472 2248 4554; x_wconf 77' lang='lat' dir='ltr'><strong>quaedam</strong></span> <span class='ocrx_word' id='word_1_515' title='bbox 2260 4472 2436 4535; x_wconf 90' lang='lat' dir='ltr'><strong>enim</strong></span> <span class='ocrx_word' id='word_1_516' title='bbox 2463 4475 2558 4536; x_wconf 86' lang='lat' dir='ltr'><strong>est</strong></span> <span class='ocrx_word' id='word_1_517' title='bbox 2584 4490 2697 4554; x_wconf 90' lang='lat' dir='ltr'><strong>per</strong></span> <span class='ocrx_word' id='word_1_518' title='bbox 2721 4471 3255 4554; x_wconf 85' lang='lat' dir='ltr'><strong>aggregationem</strong></span> <span class='ocrx_word' id='word_1_519' title='bbox 3279 4486 3503 4534; x_wconf 88' lang='lat' dir='ltr'><strong>rerum</strong></span> 
     </span>
     <span class='ocr_line' id='line_1_83' title="bbox 1950 4576 3504 4657; baseline -0.003 -15"><span class='ocrx_word' id='word_1_520' title='bbox 1950 4577 2385 4643; x_wconf 83' lang='lat' dir='ltr'><strong>differentium</strong></span> <span class='ocrx_word' id='word_1_521' title='bbox 2413 4577 2860 4642; x_wconf 89' lang='lat' dir='ltr'><strong>distinctarum</strong></span> <span class='ocrx_word' id='word_1_522' title='bbox 2878 4625 2897 4657; x_wconf 93' lang='lat'><strong>,</strong></span> <span class='ocrx_word' id='word_1_523' title='bbox 2929 4578 3094 4641; x_wconf 89' lang='lat' dir='ltr'><strong>sicut</strong></span> <span class='ocrx_word' id='word_1_524' title='bbox 3120 4576 3333 4641; x_wconf 89' lang='lat' dir='ltr'><strong>unitas</strong></span> <span class='ocrx_word' id='word_1_525' title='bbox 3367 4576 3504 4639; x_wconf 90' lang='lat' dir='ltr'><strong>col-</strong></span> 
     </span>
     <span class='ocr_line' id='line_1_84' title="bbox 1948 4682 3500 4767; baseline -0.002 -18"><span class='ocrx_word' id='word_1_526' title='bbox 1948 4683 2213 4764; x_wconf 86' lang='lat' dir='ltr'><strong>lectiva;</strong></span> <span class='ocrx_word' id='word_1_527' title='bbox 2261 4685 2558 4767; x_wconf 80' lang='lat' dir='ltr'><strong>quaedam</strong></span> <span class='ocrx_word' id='word_1_528' title='bbox 2601 4689 2699 4749; x_wconf 88' lang='lat' dir='ltr'><strong>est</strong></span> <span class='ocrx_word' id='word_1_529' title='bbox 2754 4702 2870 4767; x_wconf 87' lang='lat' dir='ltr'><strong>per</strong></span> <span class='ocrx_word' id='word_1_530' title='bbox 2912 4684 3383 4766; x_wconf 76' lang='lat' dir='ltr'><strong>colligationem</strong></span> <span class='ocrx_word' id='word_1_531' title='bbox 3410 4682 3500 4765; x_wconf 86' lang='grc' dir='ltr'><strong>(α)</strong></span> 
     </span>
     <span class='ocr_line' id='line_1_85' title="bbox 1951 4789 3505 4873; baseline -0.003 -17"><span class='ocrx_word' id='word_1_532' title='bbox 1951 4810 2173 4858; x_wconf 90' lang='lat' dir='ltr'><strong>rerum</strong></span> <span class='ocrx_word' id='word_1_533' title='bbox 2196 4792 2550 4858; x_wconf 75' lang='lat' dir='ltr'><strong>formaliter</strong></span> <span class='ocrx_word' id='word_1_534' title='bbox 2570 4791 3028 4870; x_wconf 85' lang='lat' dir='ltr'><strong>differentium,</strong></span> <span class='ocrx_word' id='word_1_535' title='bbox 3058 4791 3194 4856; x_wconf 87' lang='lat' dir='ltr'><strong>sive</strong></span> <span class='ocrx_word' id='word_1_536' title='bbox 3222 4789 3505 4873; x_wconf 87' lang='lat' dir='ltr'><strong>partium</strong></span> 
     </span>
     <span class='ocr_line' id='line_1_86' title="bbox 1952 4877 3508 4981; baseline -0.003 -17"><span class='ocrx_word' id='word_1_537' title='bbox 1952 4901 2529 4981; x_wconf 87' lang='lat' dir='ltr'><strong>heterogenearum</strong></span> <span class='ocrx_word' id='word_1_538' title='bbox 2548 4944 2567 4973; x_wconf 89' lang='lat'><strong>,</strong></span> <span class='ocrx_word' id='word_1_539' title='bbox 2594 4902 2661 4962; x_wconf 90' lang='lat' dir='ltr'><strong>et</strong></span> <span class='ocrx_word' id='word_1_540' title='bbox 2684 4898 2779 4961; x_wconf 89' lang='lat' dir='ltr'><strong>sic</strong></span> <span class='ocrx_word' id='word_1_541' title='bbox 2815 4900 2911 4961; x_wconf 90' lang='lat' dir='ltr'><strong>est</strong></span> <span class='ocrx_word' id='word_1_542' title='bbox 2946 4877 3162 4962; x_wconf 80' lang='lat' dir='ltr'><strong>unitas</strong></span> <span class='ocrx_word' id='word_1_543' title='bbox 3196 4898 3508 4961; x_wconf 87' lang='lat' dir='ltr'><strong>constitu-</strong></span> 
     </span>
     <span class='ocr_line' id='line_1_87' title="bbox 1951 5003 3506 5090; baseline -0.001 -19"><span class='ocrx_word' id='word_1_544' title='bbox 1951 5006 2121 5086; x_wconf 85' lang='lat' dir='ltr'><strong>tiva;</strong></span> <span class='ocrx_word' id='word_1_545' title='bbox 2164 5006 2467 5090; x_wconf 70' lang='lat' dir='ltr'><strong>qiffldam</strong></span> <span class='ocrx_word' id='word_1_546' title='bbox 2501 5022 2617 5088; x_wconf 87' lang='lat' dir='ltr'><strong>per</strong></span> <span class='ocrx_word' id='word_1_547' title='bbox 2657 5003 3173 5086; x_wconf 86' lang='lat' dir='ltr'><strong>conjunctionem</strong></span> <span class='ocrx_word' id='word_1_548' title='bbox 3210 5004 3506 5070; x_wconf 80' lang='lat' dir='ltr'><strong>differen-</strong></span> 
     </span>
     <span class='ocr_line' id='line_1_88' title="bbox 1953 5109 3507 5196; baseline -0.001 -17"><span class='ocrx_word' id='word_1_549' title='bbox 1953 5115 2119 5179; x_wconf 91' lang='lat' dir='ltr'><strong>tium</strong></span> <span class='ocrx_word' id='word_1_550' title='bbox 2142 5132 2325 5193; x_wconf 79' lang='lat' dir='ltr'><strong>sexu,</strong></span> <span class='ocrx_word' id='word_1_551' title='bbox 2355 5112 2721 5196; x_wconf 89' lang='lat' dir='ltr'><strong>operatione</strong></span> <span class='ocrx_word' id='word_1_552' title='bbox 2748 5109 3296 5190; x_wconf 85' lang='lat' dir='ltr'><strong>convenientium,</strong></span> <span class='ocrx_word' id='word_1_553' title='bbox 3324 5114 3393 5176; x_wconf 90' lang='lat' dir='ltr'><strong>et</strong></span> <span class='ocrx_word' id='word_1_554' title='bbox 3416 5111 3507 5178; x_wconf 89' lang='lat' dir='ltr'><strong>sic</strong></span> 
     </span>
    </p>
   </div>
   <div class='ocr_carea' id='block_1_9' title="bbox 340 5216 3508 5312">
    <p class='ocr_par' dir='ltr' id='par_1_14' title="bbox 340 5216 3508 5312">
     <span class='ocr_line' id='line_1_89' title="bbox 340 5216 3508 5312; baseline -0.002 -20"><span class='ocrx_word' id='word_1_555' title='bbox 340 5228 592 5294; x_wconf 83' lang='lat' dir='ltr'><strong>cundum</strong></span> <span class='ocrx_word' id='word_1_556' title='bbox 623 5233 812 5296; x_wconf 87' lang='lat' dir='ltr'><strong>istam</strong></span> <span class='ocrx_word' id='word_1_557' title='bbox 852 5230 1165 5295; x_wconf 90' lang='lat' dir='ltr'><strong>unionem</strong></span> <span class='ocrx_word' id='word_1_558' title='bbox 1208 5227 1566 5311; x_wconf 85' lang='lat' dir='ltr'><strong>assignavit</strong></span> <span class='ocrx_word' id='word_1_559' title='bbox 1606 5228 1851 5312; x_wconf 88' lang='lat' dir='ltr'><strong>specia-</strong></span> <span class='ocrx_word' id='word_1_560' title='bbox 1956 5225 2053 5287; x_wconf 88' lang='lat' dir='ltr'><strong>est</strong></span> <span class='ocrx_word' id='word_1_561' title='bbox 2088 5222 2304 5287; x_wconf 83' lang='lat' dir='ltr'><strong>unitas</strong></span> <span class='ocrx_word' id='word_1_562' title='bbox 2340 5218 2794 5302; x_wconf 78' lang='lat' dir='ltr'><strong>conjugativa3</strong></span> <span class='ocrx_word' id='word_1_563' title='bbox 2840 5216 3141 5301; x_wconf 79' lang='lat' dir='ltr'><strong>quaedam</strong></span> <span class='ocrx_word' id='word_1_564' title='bbox 3184 5237 3299 5303; x_wconf 87' lang='lat' dir='ltr'><strong>per</strong></span> <span class='ocrx_word' id='word_1_565' title='bbox 3324 5221 3508 5286; x_wconf 88' lang='lat' dir='ltr'><strong>unio-</strong></span> 
     </span>
    </p>
   </div>
   <div class='ocr_carea' id='block_1_10' title="bbox 340 5329 1850 5426">
    <p class='ocr_par' dir='ltr' id='par_1_15' title="bbox 340 5329 1850 5426">
     <span class='ocr_line' id='line_1_90' title="bbox 340 5329 1850 5426; baseline 0 -25"><span class='ocrx_word' id='word_1_566' title='bbox 340 5329 450 5396; x_wconf 75' lang='lat' dir='ltr'><strong>lem</strong></span> <span class='ocrx_word' id='word_1_567' title='bbox 471 5337 716 5403; x_wconf 86' lang='lat' dir='ltr'><strong>unitatis</strong></span> <span class='ocrx_word' id='word_1_568' title='bbox 740 5336 1205 5417; x_wconf 73' lang='lat' dir='ltr'><strong>differentiam„</strong></span> <span class='ocrx_word' id='word_1_569' title='bbox 1214 5353 1456 5426; x_wconf 80' lang='lat' dir='ltr'><strong>vocans</strong></span> <span class='ocrx_word' id='word_1_570' title='bbox 1476 5353 1619 5408; x_wconf 83' lang='lat' dir='ltr'><strong>eam</strong></span> <span class='ocrx_word' id='word_1_571' title='bbox 1643 5337 1850 5402; x_wconf 83' lang='lat' dir='ltr'><strong>unita-</strong></span> 
     </span>
    </p>
   </div>
   <div class='ocr_carea' id='block_1_11' title="bbox 2020 5342 2834 5411">
    <p class='ocr_par' dir='ltr' id='par_1_16' title="bbox 2020 5342 2834 5411">
     <span class='ocr_line' id='line_1_91' title="bbox 2020 5342 2834 5411; baseline -0.002 -16"><span class='ocrx_word' id='word_1_572' title='bbox 2020 5347 2088 5411; x_wconf 79' lang='grc' dir='ltr'><strong>(α)</strong></span> <span class='ocrx_word' id='word_1_573' title='bbox 2114 5346 2239 5396; x_wconf 80' lang='lat' dir='ltr'><em>Coee.</em></span> <span class='ocrx_word' id='word_1_574' title='bbox 2266 5345 2390 5395; x_wconf 71' lang='lat' dir='ltr'><strong>edit.</strong></span> <span class='ocrx_word' id='word_1_575' title='bbox 2418 5342 2834 5408; x_wconf 82' lang='lat' dir='ltr'><strong>collegationem.</strong></span> 
     </span>
    </p>
   </div>
   <div class='ocr_carea' id='block_1_12' title="bbox 3527 4278 3744 4384">
    <p class='ocr_par' dir='ltr' id='par_1_17' title="bbox 3527 4278 3744 4384">
     <span class='ocr_line' id='line_1_92' title="bbox 3601 4278 3744 4323; baseline -0.021 0"><span class='ocrx_word' id='word_1_576' title='bbox 3601 4278 3744 4323; x_wconf 66' lang='lat' dir='ltr'><strong>Unitu-</strong></span> 
     </span>
     <span class='ocr_line' id='line_1_93' title="bbox 3527 4341 3742 4384; baseline 0.005 -1"><span class='ocrx_word' id='word_1_577' title='bbox 3527 4346 3616 4383; x_wconf 85' lang='lat' dir='ltr'><strong>tum</strong></span> <span class='ocrx_word' id='word_1_578' title='bbox 3626 4341 3742 4384; x_wconf 72' lang='lat' dir='ltr'><strong>sum-</strong></span> 
     </span>
    </p>
   </div>
   <div class='ocr_carea' id='block_1_13' title="bbox 3482 4404 3700 4447">
    <p class='ocr_par' dir='ltr' id='par_1_18' title="bbox 3482 4404 3700 4447">
     <span class='ocr_line' id='line_1_94' title="bbox 3482 4404 3700 4447; baseline 0.005 -1"><span class='ocrx_word' id='word_1_579' title='bbox 3482 4411 3497 4424; x_wconf 89' lang='lat'><strong>·</strong></span> <span class='ocrx_word' id='word_1_580' title='bbox 3527 4404 3700 4447; x_wconf 66' lang='lat' dir='ltr'><strong>cientis.</strong></span> 
     </span>
    </p>
   </div>
  </div>
 </body>
</html>
