4185 6288
1194 443 1388 511 DIST.
1430 442 1645 512 XXIV.
1688 439 1872 508 ΛΒΤ.
1920 440 1970 508 Ι.
2014 442 2315 521 QUAEST.
2361 447 2468 513 111.

255 575 379 646 suit
402 583 767 659 ostensum;
799 578 1089 644 similiter
1112 580 1424 645 nec'alius
1452 580 1682 646 modus
1713 579 1805 644 di·

254 684 438 750 cendi
461 683 719 762 sufficit,
745 682 916 766 quod
941 682 1023 747 ad
1046 683 1630 750 immutabilitatem
1655 684 1804 748 fldei

252 791 531 856 sufficiat
570 789 1053 855 immutabilitas
1093 792 1362 856 rationis
1389 791 1704 857 credendi.
1737 790 1804 856 si

255 900 432 962 enim
459 898 715 963 articuli
741 902 894 962 sunt
919 899 1372 979 enuntiabilia,
1400 904 1463 965 et
1503 899 1805 964 dicuntur

255 1005 690 1070 immutabiles
729 1011 989 1089 propter
1013 1007 1326 1072 rationem
1359 1006 1654 1071 credendi
1684 1006 1809 1069 im·

257 1113 656 1193 mutabilem,
699 1113 838 1197 pari
880 1113 1125 1177 ratione
1174 1113 1538 1178 dicerentur
1585 1131 1809 1177 omnes

256 1239 434 1285 unus
486 1219 796 1284 articulus
850 1223 1107 1303 propter
1165 1221 1426 1284 unicam
1492 1221 1805 1284 rationem

146 1375 154 1386 .
258 1328 599 1405 credendi,
628 1345 776 1412 quae
823 1331 919 1392 est
962 1328 1034 1391 in
1073 1326 1163 1391 eis
1184 1334 1227 1391 ¹.
1259 1326 1405 1390 Ideo
1447 1331 1542 1391 est
1584 1326 1809 1390 tertius

259 1440 493 1505 modus
521 1440 801 1520 dicendi,
830 1440 1005 1523 quod
1050 1457 1199 1503 cum
1230 1438 1381 1503 fldei
1419 1438 1675 1503 habitus
1709 1438 1810 1501 fa-

257 1547 386 1610 ciat
429 1552 711 1612 mentem
754 1547 1060 1612 assentire
1115 1545 1398 1611 credibili
1417 1594 1436 1624 ,
1482 1545 1616 1610 sive
1670 1562 1808 1609 cre-

257 1655 418 1730 dito;
445 1659 510 1720 et
521 1674 815 1721 assensus
838 1673 972 1719 non
990 1656 1232 1719 feratur
1258 1669 1449 1735 super
1467 1652 1544 1733 (α)
1566 1651 1813 1715 incom-

256 1761 550 1845 plexum,
598 1762 708 1826 sed
735 1779 926 1844 super
956 1761 1039 1842 (α)
1075 1760 1521 1842 complexum3
1575 1775 1813 1839 ponere

260 1873 513 1953 oportet
547 1869 721 1952 quod
761 1870 976 1952 ipsum
1022 1868 1340 1948 obJectum
1369 1865 1544 1943 fidei,
1576 1882 1813 1929 secun-

263 1978 424 2042 dum
437 1977 607 2060 quod
621 1995 813 2061 super
839 1976 996 2041 illud
1013 1975 1086 2058 (b)
1102 1976 1302 2039 lertur
1309 1974 1490 2052 fides,
1508 1973 1700 2036 habet
1709 1990 1815 2037 ra-

263 2085 507 2149 tionem
534 2084 873 2166 complexi.
905 2082 984 2147 Et
1019 2082 1172 2165 quia
1197 2080 1533 2163 dupliciter
1559 2079 1814 2145 contin-

267 2191 368 2274 git
395 2192 587 2256 fldem
631 2191 784 2256 ferri
829 2191 900 2254 in
944 2189 1267 2270 objectum
1312 2206 1535 2267 suum,
1583 2187 1817 2252 scilicet

269 2302 384 2364 aut
407 2299 739 2384 implicite,
772 2302 883 2364 aut
908 2297 1236 2380 explicite,
1282 2296 1423 2360 ideo
1462 2296 1816 2360 secundum

270 2408 587 2492 duplicem
639 2408 907 2474 modum
949 2406 1182 2472 dicitur
1225 2405 1633 2488 complexum
1681 2421 1816 2468 esse

271 2517 596 2599 objectum
636 2516 822 2596 fidei,
870 2515 1006 2579 sive
1060 2514 1217 2579 fides
1263 2514 1606 2578 consistere
1650 2513 1819 2577 circa

272 2623 701 2706 complexum.
740 2622 906 2687 Nam
948 2622 1106 2687 fides
1145 2624 1463 2705 quantum
1510 2620 1592 2684 ad
1631 2637 1817 2686 suam

270 2732 691 2798 substantiam
715 2731 969 2815 respicit
994 2730 1429 2813 complexum,
1454 2728 1590 2793 sive
1614 2744 1819 2792 enun-

271 2840 497 2906 ciabile
521 2890 541 2922 ,
610 2860 744 2906 non
818 2839 1254 2905 concernendo
1326 2836 1815 2902 determinatam

270 2949 577 3032 temporis
603 2949 1029 3014 differentiam
1046 2996 1064 3029 ,
1104 2948 1235 3011 imo
1276 2945 1533 3029 aliquod
1575 2944 1817 3008 dIctum

271 3055 444 3140 quod
481 3061 575 3121 est
609 3074 952 3121 commune
995 3058 1059 3119 et
1099 3052 1473 3119 indifferens
1504 3051 1585 3115 ad
1627 3069 1818 3116 omne

272 3169 526 3249 tempus
546 3214 565 3245 ,
612 3165 777 3230 sicut
833 3162 1153 3229 Christum
1194 3162 1389 3227 fuisse
1444 3178 1811 3244 passurum.

271 3272 458 3338 Fides
503 3276 721 3338 autem
760 3269 1062 3353 explicita
1106 3269 1361 3352 respicit
1405 3268 1819 3350 complexum

269 3383 393 3447 sub
451 3380 811 3447 differentia
875 3377 1177 3461 temporis
1237 3376 1689 3456 determinata,
1732 3376 1821 3439 si-

272 3494 383 3554 cut
442 3507 619 3554 nunc
690 3490 938 3570 oportet
1005 3484 1261 3550 credere
1316 3484 1820 3549 incarnationem

271 3598 508 3675 fuisse,
537 3600 604 3663 et
643 3595 1173 3661 resurrectionem
1200 3594 1490 3658 futuram
1531 3610 1689 3657 esse.
1723 3591 1822 3656 Si-

274 3709 384 3770 cut
417 3722 574 3786 ergo
612 3702 943 3787 explicatio
979 3700 1204 3766 accidit
1241 3700 1389 3765 fidei
1398 3746 1422 3780 ,
1464 3717 1584 3766 nec
1612 3701 1820 3765 mutat

274 3814 616 3879 essentiam
642 3812 821 3890 fidei,
854 3811 945 3874 sic
966 3813 1029 3874 et
1071 3808 1338 3874 variatio
1362 3809 1667 3891 temporis
1705 3808 1817 3874 de-

275 3920 597 3986 terminati
621 3936 757 3984 non
778 3918 982 3983 variat
1006 3917 1230 3995 fldem,
1246 3919 1320 3980 ut
1333 3915 1415 3980 sit
1433 3915 1580 3996 alia,
1609 3919 1672 3981 et
1699 3915 1821 3980 alia

275 4029 630 4112 secundum
673 4026 972 4110 speciem.
1017 4022 1095 4088 Et
1144 4023 1248 4088 hic
1289 4021 1548 4104 quidem
1594 4022 1824 4088 modus

277 4135 530 4201 dicendi
563 4134 717 4199 satis
747 4137 841 4198 est
879 4129 1244 4215 probabilis.
1275 4129 1461 4195 Hunc
1499 4148 1657 4211 ergo
1682 4149 1826 4196 sus-

277 4241 541 4306 tinendo
567 4241 773 4306 dicere
799 4256 1164 4323 possumu5‚
1188 4237 1365 4320 quod
1393 4236 1550 4301 fides
1569 4237 1828 4321 proprie

280 4351 580 4416 consistat
619 4349 785 4414 circa
826 4365 1061 4416 verum
1093 4343 1526 4427 complexum,
1573 4348 1636 4408 et
1665 4363 1826 4411 con-

283 4458 581 4524 cedendae
609 4460 764 4522 sunt
787 4456 1084 4532 rationes,
1127 4469 1274 4534 quae
1308 4451 1431 4517 hoc
1460 4450 1825 4517 ostendunt.

367 4572 425 4632 1.
455 4567 555 4631 Ad
581 4565 739 4631 illud
763 4564 935 4649 quod
959 4562 1173 4645 primo
1201 4559 1501 4642 objicitur
1525 4559 1604 4624 de
1629 4576 1830 4624 enun-

284 4674 609 4739 ciabilium
643 4673 1021 4752 mutatione,
1063 4672 1198 4753 jam
1237 4670 1408 4752 patet
1448 4669 1776 4751 responsio
1805 4684 1826 4734 ε

286 4782 441 4865 quia
464 4779 864 4848 enunciabile
889 4778 1061 4862 quod
1087 4795 1223 4842 non
1260 4775 1582 4841 concernit
1617 4775 1833 4841 deter-

286 4891 598 4956 minatam
637 4887 945 4971 temporis
985 4884 1416 4952 differentiam
1463 4883 1536 4947 in
1564 4882 1833 4949 diversis

286 4999 702 5082 temporibus,
730 5013 865 5061 non
894 4997 1232 5059 mutatur:
1266 4995 1329 5057 et
1352 4990 1477 5056 hoc
1507 4981 1603 5055 est
1613 5037 1638 5071 ,
1669 4991 1836 5056 circa

225 5187 230 5192 ,
286 5107 457 5191 quod
482 5106 642 5173 fides
676 5104 869 5171 habet
905 5102 1246 5169 consistere
1275 5098 1632 5165 secundum
1659 5095 1834 5182 quod

286 5217 481 5298 fides3
508 5215 620 5291 sed
643 5214 753 5281 illa
776 5209 1205 5280 enunciabilia
1228 5209 1440 5275 solum
1464 5207 1822 5286 variantur,

354 5372 373 5407 ¹
394 5372 449 5423 S.
476 5371 721 5434 Thomas,
737 5368 868 5432 11-n,
886 5379 939 5432 q.
968 5377 1006 5416 1.
1030 5367 1129 5415 art.
1151 5366 1200 5426 2,
1219 5365 1361 5414 tenet
1386 5360 1525 5425 quod
1553 5363 1631 5411 est
1648 5359 1838 5410 incom-

353 5455 417 5517 (α)
448 5452 536 5505 ΔΙ.
565 5464 738 5516 supra.
758 5475 818 5490 —-
839 5446 913 5514 (ὁ)
935 5459 1092 5510 supra
1123 5444 1238 5495 illa.

3352 457 3473 521 525

1912 595 2060 661 quae
2087 588 2483 648 concernunt
2508 584 2994 650 determinatam
3021 588 3327 670 temporis
3354 589 3471 654 dif-

1909 686 2242 751 ferentiam
2273 712 2287 752 :
2320 695 2389 755 et
2410 690 2574 756 circa
2587 692 2711 757 hoc
2728 693 3011 757 consistit
3036 692 3217 771 fides,
3239 713 3473 762 secun-

1911 793 2070 857 dum
2114 795 2285 876 quod
2332 798 2676 880 explicita:
2707 802 2770 863 et
2812 817 2895 863 ex
2922 799 3046 864 hoc
3084 818 3218 864 non
3262 807 3475 883 potest

1911 902 2203 965 concludi
2231 904 2406 985 quod
2427 905 2584 971 fides
2611 906 2694 969 sit
2721 906 2869 986 alia,
2900 909 2966 970 et
2991 906 3138 986 alia,
3166 907 3275 972 sed
3297 910 3470 991 quod

1912 1008 2061 1073 fidei
2082 1010 2421 1092 explicatio
2448 1014 2529 1078 sit
2558 1014 2803 1080 variata
2832 1015 2902 1079 in
2930 1015 3197 1083 diversis
3226 1021 3467 1102 tempo-

1915 1117 2119 1181 ribus.

1995 1230 2055 1289 2.
2089 1225 2186 1290 Ad
2212 1226 2374 1292 illud
2399 1227 2570 1310 quod
2602 1229 2905 1310 objicitur
2927 1279 2946 1311 ‚
2995 1232 3167 1315 quod
3194 1235 3289 1296 est
3313 1232 3472 1297 fidas

1917 1332 2083 1396 circa
2110 1351 2342 1398 verum
2382 1334 2761 1415 increatum,
2783 1337 2952 1401 circa
2980 1338 3151 1420 quod
3179 1339 3360 1404 nulla
3382 1345 3477 1405 est

1918 1439 2304 1522 complexi0‚
2342 1441 2683 1506 dicendum
2709 1445 2904 1525 quod,
2943 1446 3107 1509 sicut
3149 1446 3217 1510 in
3266 1448 3475 1529 primo

1915 1545 2077 1611 libro
2112 1550 2134 1583 ²
2168 1548 2413 1613 dictum
2454 1550 2610 1630 fuit,
2652 1554 2949 1634 quamvis
2987 1554 3154 1618 Deus
3190 1555 3272 1618 sit
3313 1556 3476 1619 sim-

1918 1654 2330 1737 plicissimuS,
2360 1659 2575 1721 tamen
2608 1659 2777 1723 circa
2806 1660 3017 1742 ipsum
3045 1679 3197 1726 vere
3233 1662 3476 1727 contin-

1917 1760 2014 1841 git
2039 1762 2388 1826 enunciare
2417 1763 2540 1828 hoc
2564 1764 2642 1829 de
2671 1756 2794 1829 hoc
2834 1784 2949 1849 per
2993 1767 3257 1832 modum
3292 1786 3474 1833 com-

1917 1868 2261 1949 plexionis,
2299 1888 2415 1952 pro
2446 1889 2522 1936 eo
2552 1871 2726 1954 quod
2761 1872 2938 1937 illam
2970 1875 3474 1959 complexionem

1918 1993 2048 2038 non
2098 1975 2278 2057 ponit
2328 1975 2685 2041 intellectus
2728 1977 2894 2043 circa
2939 1998 3102 2061 rem,
3151 1982 3261 2046 sed
3306 1982 3474 2046 circa

1920 2082 2203 2165 seipsum
2256 2084 2720 2167 intelligentem
2764 2110 2780 2166 ;
2833 2106 2951 2152 nec
2998 2092 3214 2152 tamen
3259 2092 3430 2153 errat
3448 2137 3473 2168 ,

1920 2189 2075 2271 quia
2126 2208 2258 2254 non
2314 2195 2517 2274 potest
2565 2193 3030 2277 simplicitatem
3091 2195 3291 2263 divini
3339 2212 3475 2261 esse

1926 2295 2047 2359 nisi
2086 2297 2208 2361 sub
2252 2298 2363 2362 tali
2406 2301 2860 2382 compositione
2888 2306 2952 2368 et
2996 2302 3326 2367 collatione
3368 2320 3479 2367 ca·

1921 2427 2072 2491 pere
2112 2427 2131 2473 :
2179 2412 2241 2474 et
2287 2427 2400 2491 per
2450 2409 2629 2474 hunc
2671 2409 2937 2473 modum
2984 2409 3478 2491 intelligendum

1923 2516 2112 2580 estin
2140 2515 2285 2580 fide.
2339 2515 2653 2580 Praeterea
2702 2515 2859 2580 fides
2902 2534 3036 2580 non
3080 2520 3333 2581 tantum
3383 2520 3480 2582 est

1925 2623 2004 2687 de
2037 2640 2192 2687 vero
2220 2622 2499 2686 increato
2524 2623 2592 2685 in
2617 2640 2707 2702 se,
2738 2622 2847 2686 sed
2873 2622 3066 2686 etiam
3094 2629 3286 2705 prout
3306 2640 3479 2688 com-

1925 2732 2190 2812 paratur
2214 2728 2296 2792 ad
2322 2729 2659 2795 veritatem
2697 2733 2997 2807 creatam,
3030 2729 3195 2793 sicut
3235 2730 3477 2794 dictum

1925 2841 2022 2902 est
2062 2835 2360 2918 superius
2392 2857 2407 2901 t
2440 2838 2504 2901 et
2549 2836 2668 2900 ista
2713 2837 3100 2920 comparatio
3144 2837 3265 2900 sub
3309 2855 3477 2920 qua-

1925 2943 2076 3008 dam
2103 2943 2541 3027 complexione
2568 2946 2694 3024 est,
2732 2948 2796 3009 et
2823 2947 3158 3027 propterea
3182 2943 3292 3011 illa
3315 2945 3481 3010 ratio

1928 3069 2059 3116 non
2083 3052 2277 3133 cogit.

2008 3164 2068 3224 3.
2104 3160 2203 3225 Ad
2231 3161 2388 3225 illud
2414 3178 2571 3226 vero
2609 3161 2782 3244 quod
2819 3160 3161 3244 oincitur,
3202 3162 3374 3244 quod
3401 3162 3480 3227 de

1929 3267 2151 3331 eodem
2176 3273 2272 3332 est
2299 3269 2458 3332 fides
2473 3269 2543 3331 in
2560 3268 2693 3349 via,
2709 3268 2856 3333 etin
2881 3269 3109 3352 patria,
3141 3268 3481 3336 dicendum

1929 3374 2103 3457 quod
2139 3393 2353 3440 unum
2393 3378 2458 3439 et
2499 3375 2672 3440 idem
2717 3379 2920 3459 potest
2951 3375 3383 3459 apprehendi,
3415 3380 3479 3441 et

1930 3502 2044 3567 per
2069 3483 2335 3549 modum
2363 3484 2769 3567 incomplexi,
2789 3489 2854 3550 et
2881 3503 2996 3567 per
3024 3485 3290 3549 modum
3312 3502 3483 3549 com-

1931 3589 2125 3672 plexi,
2156 3590 2319 3653 sicut
2360 3593 2533 3672 patet
2575 3591 2645 3652 in
2685 3589 3191 3673 apprehensione
3232 3607 3480 3671 sensns,

1931 3702 1994 3763 et
2019 3698 2397 3763 intellectus.
2428 3696 2668 3762 Sensus
2694 3698 2902 3773 enim,
2934 3696 3093 3762 dum
3116 3697 3482 3780 apprehen-

1932 3804 2024 3869 dit
2049 3823 2188 3870 rem
2217 3805 2455 3885 albam,
2482 3804 2901 3887 apprehendit
2927 3821 3043 3886 per
3072 3805 3340 3868 modum
3367 3821 3486 3871 cu·

1926 3913 2187 3994 Jusdam
2256 3911 2784 3995 incomplexionis
2803 3958 2821 3990 ,
2889 3913 3042 3994 qula
3108 3931 3240 3977 non
3302 3910 3485 3976 novit

1932 4039 2157 4085 sensus
2201 4020 2479 4085 exterior
2529 4037 2932 4102 componere,
2977 4038 3095 4084 nec
3139 4019 3422 4086 dividere
3463 4035 3482 4081 z

1933 4129 2042 4193 sed
2070 4128 2452 4206 intellectuS‚
2483 4126 2641 4191 dum
2670 4126 2826 4189 illud
2855 4126 3025 4191 idem
3043 4125 3482 4209 apprehendit,

1934 4234 2108 4317 quod
2134 4252 2357 4299 sensus
2379 4232 2917 4316 apprehendebat,
2952 4233 3072 4296 sub
3099 4232 3288 4297 modo
3320 4250 3489 4296 com·

1935 4341 2250 4423 plexionis
2297 4339 2563 4423 accipit,
2612 4339 2966 4422 praedicans
3015 4339 3138 4404 hoc
3196 4338 3274 4404 de
3319 4338 3443 4404 hoc
3460 4385 3484 4418 ‚

1936 4466 2327 4531 componens
2391 4448 2515 4512 hoc
2564 4446 2656 4510 illi
2679 4495 2698 4527 ,
2768 4450 2833 4511 et
2887 4447 3103 4512 dicens
3159 4447 3283 4511 hoc
3349 4465 3489 4513 esse

1937 4556 2206 4621 album:
2236 4560 2298 4619 et
2330 4555 2421 4619 ita
2456 4554 2866 4637 complexum
2906 4558 2968 4618 et
3007 4548 3488 4637 incomplexam

1937 4681 2069 4727 non
2095 4662 2336 4727 faciunt
2356 4662 2792 4728 diversitatem
2816 4681 2856 4726 a
2882 4666 3060 4745 parte
3087 4662 3181 4726 rei
3206 4679 3493 4743 compre-

1938 4772 2189 4847 hensae,
2219 4770 2330 4834 sed
2356 4789 2395 4833 a
2420 4773 2601 4852 parte
2643 4769 2815 4833 modi
2853 4768 3431 4851 comprehendendi
3465 4789 3483 4833 ε

1941 4879 2096 4961 quia
2120 4895 2352 4956 uuum,
2383 4880 2448 4940 et
2472 4877 2641 4941 idem
2676 4879 2884 4960 potest
2927 4877 3320 4959 apprehendi
3366 4876 3489 4942 sub

1941 4987 2134 5052 modo
2180 4983 2660 5068 complexionis,
2706 4987 2771 5047 et
2813 4984 3362 5067 incomplexionis,
3409 4983 3493 5048 Et

1943 5096 2279 5178 propterea
2306 5109 2439 5157 non
2479 5091 2772 5174 sequitur
2803 5090 2975 5174 quod
3008 5091 3063 5155 si
3090 5091 3255 5156 visio
3285 5094 3382 5156 est
3409 5091 3490 5158 de

1943 5200 2191 5282 eodem,
2214 5199 2294 5266 de
2316 5216 2450 5283 quo
2476 5201 2574 5264 est
2599 5197 2782 5278 fides,
2807 5201 2874 5264 et
2896 5197 3060 5266 visio
3085 5216 3218 5264 non
3244 5202 3340 5265 est
3366 5199 3491 5266 suh

1945 5364 2157 5431 plexum
2182 5346 2249 5413 ob
2283 5374 2395 5413 rem
2422 5361 2699 5424 creditam3
2727 5360 3056 5427 complexum
3082 5366 3255 5414 autem
3290 5363 3359 5414 ob
3386 5377 3496 5416 cre·

1948 5437 2176 5488 dentem.
2196 5457 2257 5472 —
2272 5435 2297 5469 ¹
2317 5434 2430 5486 Dist
2456 5445 2534 5498 111,
2564 5436 2660 5484 art.
2687 5437 2741 5498 13
2771 5431 2886 5485 dist.
2922 5444 3042 5497 vm,
3064 5439 3161 5486 art.
3185 5437 3234 5488 2.
