4185 6288
817 436 939 502 488

816 572 1108 657 respectu
1135 575 1313 638 actus
1326 569 1673 637 voluntatis
1698 573 1793 635 est
1818 569 2182 648 materialis,
2207 586 2357 634 cum

1951 428 2578 500 SENTENTIARUM
2616 429 2768 496 mn.
2813 428 2919 496 111.

2463 566 2615 631 dam
2663 566 2857 632 modo
2897 566 3348 651 smculativus,
3393 585 3649 635 necesse
3700 574 3793 636 est
3826 572 3960 654 quod

817 680 979 747 ratio
1020 679 1366 746 inclinetur
1391 697 1432 743 a
1456 678 1821 756 voluntate3
1854 677 1996 744 ideo
2024 677 2216 741 etiam
2257 677 2358 742 di·
2461 674 2722 739 habitus
2746 675 2894 739 fidei
2920 676 3201 758 quodam
3226 676 3418 741 modo
3448 676 3534 742 sit
3557 678 3625 741 in
3659 678 3960 761 intellectu,

819 792 1077 867 xerunt,
1106 788 1275 872 quod
1298 786 1363 852 in
1391 786 1636 851 ratione
1662 786 1931 850 materia
1956 785 2102 849 fidei
2129 784 2361 867 reperi-

746 910 794 940 ··
821 902 952 977 tur,
994 896 1065 960 in
1117 895 1446 961 affectione
1498 911 1654 958 vero
1706 891 2077 957 substantia.
2129 890 2361 955 Omnes

704 1034 730 1064 a
776 1005 1036 1068 .autem
1090 1000 1160 1066 hi
1214 999 1387 1066 modi
1440 998 1687 1065 dicendi
1738 1017 1778 1063 a
1821 998 2078 1080 magnis
2121 996 2361 1062 clericis

820 1111 1235 1193 sumpserunt
1259 1107 1542 1188 initium,
1574 1112 1635 1170 et
1659 1105 1925 1189 quilibet
1966 1122 2193 1169 eorum
2237 1103 2359 1167 ha-

821 1217 929 1282 bet
984 1216 1137 1282 satis
1183 1216 1561 1282 rationabile
1611 1214 2141 1290 fundamentum,
2198 1214 2262 1275 et
2308 1210 2363 1274 si

820 1322 969 1407 quis
1033 1327 1201 1389 recte
1254 1323 1621 1405 intelligat,
1683 1320 1966 1386 inveniet
2014 1318 2364 1403 quemlibet

820 1448 1044 1496 eorum
1089 1431 1327 1496 habere
1369 1430 1608 1514 aliquid
1655 1429 1960 1495 veritatis.
2023 1428 2107 1493 Ut
2145 1431 2363 1493 autem

820 1537 943 1604 hoc
981 1538 1238 1622 planius
1275 1539 1389 1602 flat
1409 1584 1426 1615 ,
1457 1537 1922 1602 ascendendum
1950 1539 2042 1600 est
2065 1534 2254 1601 altius
2282 1536 2360 1601 ad

820 1644 1172 1710 videndum
1228 1646 1586 1728 subjectum
1638 1643 1893 1710 virtutis
1932 1644 2003 1706 in
2047 1643 2357 1725 generali,

821 1750 993 1834 quod
1038 1750 1299 1834 quidem
1339 1751 1574 1816 intueri
1621 1769 1962 1834 possumus
1995 1751 2149 1815 satis
2176 1754 2362 1835 plane

823 1855 1232 1941 quibusdam,
1256 1858 1750 1941 praesuppositis.
1782 1855 1997 1923 Virtus
2051 1858 2225 1921 enim
2270 1861 2366 1947 est

823 1963 1177 2029 secundum
1203 1982 1400 2048 quam
1441 1964 1728 2029 consistit
1754 1964 1896 2030 laus
1923 1968 1989 2029 et
2014 1965 2319 2031 meritum
2342 1986 2361 2044 ;

825 2069 987 2136 sicut
1009 2071 1215 2154 culpa,
1236 2071 1586 2136 secundnm
1615 2089 1809 2154 quam
1836 2071 2181 2137 attenditur
2198 2073 2367 2139 vitu·

824 2178 1077 2261 perium
1107 2181 1170 2243 et
1195 2177 1600 2243 demeritum.
1640 2177 1860 2244 ‘Virtus
1883 2180 2075 2244 etiam
2117 2184 2211 2246 est
2247 2181 2367 2246 ha-

827 2285 1000 2349 bitus
1048 2284 1315 2350 reddens
1362 2286 1711 2369 potentiam
1767 2286 2019 2351 facilem
2076 2292 2368 2372 respectu

827 2390 1100 2474 alicujus
1139 2395 1342 2456 actus.
1389 2391 1458 2456 Si
1499 2410 1659 2475 ergo
1711 2393 1918 2458 virtus
1974 2395 2366 2478 principium

826 2497 1166 2563 est'laudis
1200 2502 1263 2562 et
1307 2497 1542 2578 meriti,
1594 2499 2026 2565 necessarium
2085 2505 2180 2566 est
2226 2521 2367 2568 eam

826 2604 977 2688 poni
1026 2604 1095 2668 in
1141 2604 1249 2669 illa
1290 2604 1608 2688 potentia,
1638 2624 1784 2689 quae
1842 2611 1936 2671 est
1979 2609 2368 2693 principium

826 2712 1111 2795 primum
1152 2713 1361 2794 operis
1393 2706 1728 2777 laudabilis
1755 2717 1818 2779 et
1841 2717 2173 2781 meritorii.
2206 2717 2368 2782 Nam

828 2821 883 2886 si
923 2822 1268 2903 poneretur
1301 2819 1372 2883 in
1398 2822 1680 2904 potentia
1707 2822 1988 2887 inferiori
2005 2873 2023 2903 ,
2053 2828 2207 2889 tunc
2234 2826 2370 2890 vir-

827 2932 934 2992 tus
960 2925 1258 3010 potentiae
1276 2927 1584 2991 naturalis
1609 2929 1951 3012 imperaret
1975 2930 2199 2996 virtuti
2224 2950 2372 3014 gra-

829 3035 1032 3099 tuitae.
1083 3033 1154 3099 Si
1200 3051 1359 3117 ergo
1411 3035 1690 3100 liberum
1741 3037 2078 3103 arbitrium
2131 3040 2370 3122 princi-

830 3140 1011 3224 pium
1076 3144 1173 3207 est
1228 3142 1440 3208 meriti
1476 3147 1540 3208 et
1584 3143 1923 3224 demeriti,
1972 3164 2224 3212 necesse
2279 3156 2373 3213 est

831 3260 1090 3308 omnem
1115 3245 1418 3311 virtutem
1458 3246 1527 3310 in
1558 3246 1757 3312 libero
1790 3249 1866 3330 (a)
1900 3250 2159 3314 arbitrio
2192 3251 2367 3334 poni.

833 3348 1097 3432 Rursus,
1133 3370 1281 3417 cum
1309 3352 1564 3418 habitus
1584 3354 1754 3419 sitin
1782 3372 1858 3420 ea
1884 3358 2186 3438 potentia,
2207 3359 2374 3423 circa

832 3462 1019 3542 cujus
1044 3463 1254 3524 actum
1282 3459 1554 3543 explicat
1583 3461 2046 3542 difficultatem,
2075 3470 2139 3529 et
2166 3468 2373 3532 virtus

831 3566 914 3630 sit
953 3566 1252 3644 habitus,
1282 3584 1533 3632 necaese
1575 3572 1674 3633 est
1714 3587 1859 3635 eam
1897 3572 2165 3654 reperiri
2201 3575 2269 3638 in
2297 3592 2373 3639 ea

833 3673 1116 3755 potentia
1155 3673 1320 3738 sicut
1357 3675 1426 3738 in
1451 3676 1759 3759 subjecto,
1789 3677 1943 3760 quia
1969 3679 2048 3742 ad
2072 3698 2237 3764 opus
2265 3682 2375 3747 ha-

831 3779 1056 3844 bilitat.
1113 3779 1425 3859 Quoniam
1494 3800 1653 3866 ergo
1692 3786 1711 3821 ¹
1754 3787 2052 3870 quaedam
2105 3789 2375 3856 virtutes

833 3886 1151 3970 explicant
1197 3892 1377 3954 actus
1412 3890 1740 3957 rationalis
1771 3940 1790 3973 ,
1848 3894 2148 3977 quaedam
2197 3899 2376 3961 actus

834 3994 1338 4078 concupiscibilis
1360 4044 1381 4077 ,
1429 3998 1724 4079 quaedam
1783 4003 1963 4065 actus
2017 4002 2370 4083 irascibilis,

833 4100 977 4166 ideo
1002 4101 1311 4185 quasdam
1345 4121 1600 4169 necesse
1635 4108 1733 4170 est
1771 4107 1927 4189 poni
1951 4107 2022 4171 in
2053 4110 2370 4192 rationali,

834 4209 1142 4292 quasdam
1168 4212 1237 4275 in
1264 4213 1760 4295 concupiscibili,
1786 4216 2092 4297 quasdam
2114 4220 2186 4283 in
2211 4221 2374 4287 iras-

834 4315 1028 4381 cibili.
1081 4316 1195 4381 His
1246 4313 1721 4403 praesuppositis
1741 4371 1758 4400 ,
1808 4322 1986 4388 facile
2028 4331 2124 4390 est
2161 4329 2377 4396 videre

834 4422 991 4506 quid
1027 4429 1123 4490 est
1146 4426 1502 4509 subjectum
1546 4428 1719 4494 fidei.
1757 4429 1825 4495 Si
1856 4432 2027 4495 enim
2055 4434 2213 4500 fides
2238 4438 2375 4502 vir-

836 4534 944 4594 tus
982 4534 1078 4596 est
1116 4533 1283 4598 circa
1328 4552 1525 4618 quam
1575 4537 1859 4603 consistit
1901 4539 2045 4604 laus
2076 4544 2140 4605 et
2174 4545 2376 4609 meri-

837 4647 1016 4723 tum,
1041 4661 1294 4710 necesse
1329 4649 1424 4711 est
1466 4647 1637 4729 quod
1679 4648 1820 4731 ipsa
1858 4651 1928 4713 in
1967 4650 2171 4719 libero
2212 4656 2379 4721 arbi-

837 4750 961 4815 trio
1003 4757 1299 4835 ponatur.
1347 4753 1627 4835 Rursus,
1661 4756 1717 4819 si
1755 4756 1913 4822 fides
1933 4845 1936 4848 Ι
1959 4758 2220 4825 habitus
2257 4767 2372 4845 est,

837 4876 954 4941 per
998 4877 1193 4942 quem
1230 4861 1585 4927 intellectus
1624 4864 2033 4947 captivitatur
2067 4867 2137 4932 in
2185 4870 2375 4936 obse-

835 4965 1064 5048 quium
1076 4966 1304 5033 Christi
1325 4972 1388 5033 et
1413 4970 1708 5036 innititur
1727 4972 1980 5038 veritati
1998 4975 2225 5057 primae
2240 4995 2380 5059 pro-

837 5078 977 5154 pter
999 5092 1091 5156 se,
1114 5078 1180 5141 et
1205 5075 1328 5142 hoc
1356 5078 1544 5144 modo
1569 5078 1800 5145 dicitur
1826 5079 2181 5148 intellectus
2214 5099 2378 5167 quo-

901 5250 919 5285 ¹
950 5250 1006 5299 ln
1039 5249 1141 5300 hoc
1167 5253 1222 5303 S.
1252 5251 1473 5303 Thomas
1500 5254 1757 5307 consentit
1800 5257 1853 5307 S.
1900 5258 2294 5311 Bonaventurae.
2317 5285 2378 5298 —-

837 5318 929 5372 ⁸8.
948 5319 1190 5385 Thomas,
1221 5322 1332 5387 l·ll‚
1352 5337 1404 5390 q.
1435 5333 1538 5390 tm,
1577 5327 1675 5376 art.
1695 5327 1745 5391 3,
1772 5329 1929 5391 tenet,
1951 5328 2088 5393 quod
2120 5327 2285 5394 primo
2314 5328 2381 5382 sit

898 5413 968 5484 (a)
994 5412 1134 5464 Edit.
1161 5413 1274 5466 ναι.
1306 5416 1444 5478 ¹7⁸3,
1463 5416 1678 5470 liberum
1702 5418 1984 5472 arbitrium.
2003 5447 2067 5460 —
2085 5421 2152 5486 (ὁ)
2177 5421 2375 5476 effectu.

2466 783 2816 847 secundum
2841 784 3013 865 quod
3047 783 3239 848 habet
3263 785 3580 850 rationem
3603 785 3963 869 speculativi.

2468 888 2545 952 Et
2589 890 2902 972 quoniam
2943 890 3300 955 intellectus
3337 910 3468 957 non
3511 892 3876 957 habilitatur
3908 894 3967 958 ad

2467 996 2938 1061 assentiendum
2964 997 3089 1080 ipsi
3117 999 3368 1064 veritati
3399 1001 3633 1083 primae
3659 999 3969 1064 secundum

2468 1121 2664 1170 suum
2702 1105 3051 1188 judicium,
3095 1107 3205 1172 sed
3256 1107 3614 1173 secundum
3671 1108 3971 1174 voluntatis

2467 1209 2844 1294 imperium3
2875 1212 3016 1277 ideo
3053 1212 3212 1279 fides
3246 1232 3379 1280 non
3422 1216 3685 1301 respicit
3727 1215 3971 1281 intellec-

2469 1320 2610 1382 tum
2631 1322 2940 1403 tanquam
2961 1337 3126 1404 pure
3151 1322 3647 1406 speculativum,
3674 1324 3783 1389 sed
3806 1341 3973 1388 ποωε-

2469 1426 2712 1491 sarium
2750 1430 2847 1491 est
2878 1428 3051 1510 quod
3095 1428 3235 1513 ipsa
3266 1428 3351 1493 sit
3384 1429 3456 1494 in
3489 1429 3635 1512 ipso
3667 1430 3969 1507 intellectu,

2469 1533 2823 1598 secundum
2844 1534 3019 1618 quod
3042 1538 3138 1599 est
3163 1535 3443 1617 quodam
3468 1534 3663 1601 modo
3688 1540 3969 1612 extamus,

2472 1643 2536 1705 et
2551 1639 2633 1705 ab
2653 1641 2886 1706 aflectu
2914 1642 2994 1724 (b)
3017 1640 3390 1707 inclinatur.
3419 1640 3690 1723 Rursus,
3712 1641 3973 1724 quoniam

2474 1747 2688 1831 ipsum
2727 1748 2879 1817 velle
2920 1747 3170 1816 credere
3208 1752 3303 1813 est
3338 1748 3675 1814 essentiale
3699 1750 3817 1833 ipsi
3837 1748 3971 1825 ndei,

2472 1854 2625 1920 hinc
2661 1861 2759 1920 est
2792 1856 2967 1938 quod
2993 1855 3253 1922 habitus
3284 1855 3395 1921 ille
3417 1873 3552 1921 non
3582 1861 3832 1922 tantum
3867 1873 3975 1920 tes·

2470 1961 2624 2044 picit
2639 1963 3055 2040 intellectum,
3082 1966 3158 2026 ut
3176 1962 3545 2046 speculatur
3554 1981 3872 2029 summam
3889 1982 3978 2028 vc-

2471 2069 2748 2151 ritatem,
2780 2088 2899 2136 nec
2937 2069 3130 2135 etiam
3173 2074 3250 2135 ut
3280 2071 3630 2136 inclinatur
3653 2073 3737 2137 ab
3760 2073 3972 2151 affectu,

2473 2176 2583 2241 sed
2625 2177 2816 2242 etiam
2871 2178 3086 2260 ipsum
3134 2177 3459 2243 affectum.
3512 2177 3611 2243 Ex
3671 2180 3773 2244 his
3818 2183 3972 2262 patet,

2473 2284 2646 2367 quod
2687 2302 2817 2349 non
2865 2288 2960 2348 est
2994 2286 3429 2367 repugnantia
3468 2286 3638 2350 inter
3692 2287 3977 2370 praedictas

2474 2391 2850 2473 positiones,
2890 2393 2944 2456 si
2977 2393 3122 2475 quis
3167 2397 3336 2458 recte
3370 2393 3698 2476 intelligat
3734 2413 3750 2455 2
3781 2395 3898 2457 imo
3918 2410 3979 2456 ex

2474 2501 2773 2565 omnibus
2785 2503 2965 2585 quasi
2988 2502 3315 2584 colligitur
3335 2520 3467 2567 una
3478 2502 3723 2567 veritas
3743 2503 3977 2582 integra,

2474 2607 2780 2689 quoniam
2820 2609 3007 2689 fides,
3052 2611 3126 2673 ut
3156 2612 3252 2673 est
3283 2609 3491 2675 virtus
3530 2613 3599 2673 et
3641 2608 3983 2692 principium

2475 2714 2707 2794 meriti,
2737 2715 2995 2798 respicit
3021 2716 3299 2781 liberum
3328 2715 3676 2781 arbitrium
3714 2719 3787 2781 ut
3806 2715 3984 2796 subje-

2474 2825 2681 2903 ctum3
2711 2822 2781 2886 in
2821 2826 3137 2906 quantum
3181 2841 3340 2889 vero
3381 2822 3647 2889 habitus
3689 2830 3814 2903 est,
3850 2840 3984 2906 quo·

2475 2928 2625 2994 dam
2639 2930 2827 2994 modo
2844 2929 3103 3013 respicit
3127 2930 3521 2995 intellectum
3533 2931 3983 3014 speculativum,

2477 3041 2540 3101 ct
2565 3040 2708 3123 ejus
2734 3042 2969 3118 actum,
2999 3036 3114 3122 qui
3141 3042 3235 3103 est
3260 3037 3517 3103 credere
3542 3057 3781 3106 verum
3791 3041 3833 3105 ⁸.
3858 3036 3988 3117 Quia

2478 3163 2633 3211 vero
2663 3149 2757 3209 est
2785 3146 3042 3209 habitus
3068 3164 3342 3230 operans
3360 3160 3482 3229 per
3506 3147 3920 3223 dilectionem,
3943 3146 3987 3208 et

2478 3252 2761 3335 dirigens
2784 3271 2948 3337 opus
2975 3253 3290 3318 mediante
3310 3253 3568 3334 affectu,
3600 3254 3987 3340 respicitquo
4120 3313 4121 3330 ,

2481 3360 2630 3424 dam
2680 3361 2868 3426 modo
2906 3358 3297 3427 intellectum
3340 3365 3689 3428 extensum
3706 3413 3726 3444 ,
3773 3367 3834 3428 et
3877 3364 3986 3444 ejus

2479 3472 2695 3534 actum
2713 3517 2732 3547 ,
2762 3468 2874 3550 qui
2904 3471 3000 3532 est
3026 3467 3281 3534 credere
3306 3470 3675 3538 voluntarie
3691 3520 3713 3552 ,
3735 3471 3865 3536 sive
3886 3485 3987 3534 ae·

2479 3574 2685 3640 dendo
2698 3575 2767 3637 in
2796 3576 2998 3639 Deum
3017 3574 3296 3654 tendere3
3320 3576 3607 3659 quodam
3622 3578 3816 3644 modo
3832 3575 3985 3643 etiam

2480 3683 2693 3765 ipsum
2719 3681 3044 3763 affectum,
3071 3685 3137 3747 et
3161 3686 3305 3767 ejus
3326 3686 3567 3765 actum,
3601 3686 3723 3769 qui
3747 3689 3838 3752 est
3860 3681 3987 3748 velle

2481 3788 2784 3855 assentire
2813 3789 2898 3869 ei,
2933 3790 3012 3854 ad
3049 3790 3226 3872 quod
3250 3791 3414 3855 ratio
3438 3808 3523 3857 ex
3549 3810 3624 3858 se
3659 3811 3796 3858 non
3827 3793 3989 3876 potet

2482 3897 2817 3979 attingere.
2847 3898 2916 3962 Si
2944 3901 3017 3962 tu
3044 3898 3352 3982 objiceres
3377 3899 3554 3982 quod
3582 3899 3711 3966 ista
3734 3919 3861 3967 non
3880 3913 3988 3982 pos·

2481 4009 2635 4070 sunt
2657 4005 2848 4070 simul
2880 4009 3069 4085 stare,
3109 4005 3263 4088 quia
3287 4023 3443 4070 cum
3477 4006 3644 4073 fides
3668 4008 3754 4073 sit
3776 4006 3990 4073 habitus

2483 4112 2778 4196 simplex,
2810 4117 2875 4177 et
2895 4130 3068 4176 unus
3085 4111 3345 4177 habitus
3363 4112 3639 4197 simplex
3676 4113 3853 4181 sitin
3888 4126 3989 4177 una

2483 4221 2768 4305 potentia
2802 4223 3111 4303 tanquam
3149 4219 3221 4283 in
3258 4219 3578 4302 subjecto,
3610 4239 3746 4287 non
3780 4220 3989 4287 videtur

2485 4324 2657 4409 quod
2702 4324 2898 4407 possit
2932 4339 3159 4388 omnes
3190 4322 3330 4388 illas
3357 4325 3678 4406 potentias
3716 4329 3988 4407 <tanquam

2484 4449 2695 4496 unum
2736 4431 3097 4513 subjectum
3132 4429 3443 4513 respicere
3464 4451 3486 4510 ;
3511 4430 3596 4496 ad
3638 4431 3765 4499 hoc
3805 4430 3988 4496 dicen·

2485 4539 2643 4604 dum
2664 4587 2683 4618 ,
2729 4538 2901 4621 qnod
2936 4538 3098 4603 nihil
3126 4538 3393 4621 impedit
3417 4557 3623 4605 unam
3649 4545 3718 4607 et
3739 4539 3989 4607 eamdem

2485 4647 2792 4712 virtutem
2816 4644 3027 4709 dicere
3052 4662 3186 4710 esse
3206 4645 3399 4711 simul
3422 4645 3493 4712 in
3519 4647 3726 4715 libero
3742 4643 3987 4717 urbicio,

2485 4758 2550 4819 et
2594 4753 2870 4831 ratione,
2915 4755 2979 4816 et
3021 4751 3385 4834 voluntate,
3415 4754 3590 4838 quia,
3636 4756 3805 4822 sicut
3825 4755 3889 4819 in
3920 4768 3992 4815 so-

2487 4860 2696 4926 cundo
2738 4859 2901 4923 libro
2923 4859 2947 4896 ⁸
2972 4862 3302 4925 ostensum
3341 4860 3488 4942 fuit,
3538 4862 3818 4929 liberum
3856 4857 3990 4925 arbi·

2486 4969 2687 5034 trium
2729 4984 2862 5029 non
2900 4965 3053 5030 dicit
3085 4967 3440 5049 potentiam
3465 4969 3827 5036 distinctam
3849 4985 3888 5031 a
3908 4982 3993 5029 ra·

2487 5076 2659 5141 tione
2692 5077 2755 5138 et
2788 5071 3117 5138 voluntate
3157 5073 3513 5141 secundum
3549 5093 3693 5143 rem
3723 5079 3790 5142 et
3812 5088 3990 5141 mn·

2486 5183 2681 5262 tiam3
2720 5181 2855 5247 imo
2877 5226 2897 5258 ,
2925 5183 2990 5246 et
3013 5181 3369 5248 secundum
3395 5185 3572 5267 quod
3608 5186 3756 5252 vult
3780 5183 3850 5250 B.
3881 5181 3992 5245 Au-

2487 5351 2542 5403 in
2578 5348 2836 5401 intellectu
2871 5345 3213 5412 speculativo,
3259 5351 3310 5398 et
3347 5350 3651 5403 secundario
3682 5351 3736 5403 in
3774 5346 3993 5401 intellectu

2488 5420 2737 5489 practico.
2770 5445 2831 5458 --
2860 5418 2881 5454 ⁸
2908 5418 3034 5472 nist.
3064 5428 3187 5480 nr,
3206 5422 3336 5483 part.
3366 5433 3405 5485 1,
3434 5433 3484 5486 q.
3514 5432 3574 5473 11.
