4185 6288
1208 446 1426 519 bls'r.
1474 453 1578 520 lV.
1621 454 1805 522 ΛΒΤ.
1849 452 1958 522 111.
2004 453 2304 535 QUAEST.
2346 459 2425 526 11.

275 581 647 662 operari1sie
672 584 850 648 enim
869 584 1093 668 accipit
1109 588 1517 669 Augustinus
1542 589 1633 654 ibi
1665 613 1680 654 :
1707 609 1791 656 ex

272 685 369 750 hoc
391 690 602 753 tamen
644 709 784 756 non
819 691 1179 756 excluditur
1217 694 1375 776 quin
1411 695 1630 779 aliqua
1672 716 1793 780 po-

271 795 438 858 tentia
460 802 703 879 praeter
739 816 988 863 morem
1016 800 1274 864 solitum
1319 800 1629 867 divinitus
1653 803 1796 870 Vir-

267 902 378 984 gini
404 904 484 968 sit
510 905 764 971 collata.
797 905 1113 972 Praeterea
1149 909 1394 974 ratione
1436 910 1647 973 adhuc
1688 927 1796 993 po-

265 1010 452 1074 tentiae
479 1011 671 1076 istius
698 1014 928 1078 aetivae
952 1032 1084 1079 non
1112 1015 1296 1080 debet
1321 1016 1444 1080 dici
1484 1017 1678 1080 fuisse
1704 1016 1795 1080 ibi

264 1118 591 1182 secundum
614 1122 935 1186 rationem
960 1121 1355 1202 seminalem,
1384 1141 1501 1205 pro
1520 1124 1793 1207 eoquod

264 1222 330 1284 ad
350 1228 561 1289 actum
587 1228 949 1309 perfectum
971 1228 1277 1312 perducta
1299 1229 1419 1293 suit
1447 1248 1561 1314 per
1586 1231 1792 1295 virtu·

261 1333 374 1394 tem
395 1350 590 1416 supra
630 1340 935 1401 naturam
965 1354 983 1399 :
1011 1340 1077 1401 et
1105 1342 1399 1419 respectu
1429 1339 1572 1401 talis
1618 1338 1791 1404 modi

263 1441 539 1521 opemndi
570 1443 698 1507 fuit
722 1445 814 1508 ibi
840 1444 1052 1510 solum
1079 1446 1358 1527 potentia
1386 1445 1791 1512 obedientiae.

135 1565 240 1606 aa·
266 1544 331 1609 Et
368 1552 454 1612 est
501 1550 742 1632 simile,
790 1554 844 1616 si
887 1553 1055 1618 Deus
1102 1572 1221 1637 per
1271 1554 1795 1620 commixtionem

134 1637 187 1666 ¹²*
267 1656 436 1720 maris
460 1662 524 1721 et
551 1660 813 1724 seminae
859 1661 932 1725 in
975 1661 1236 1726 instanti
1269 1663 1644 1746 perduceret
1682 1665 1795 1728 soe-

265 1761 405 1825 dum
430 1765 510 1830 ad
537 1769 1083 1851 complementum
1117 1770 1615 1852 organisationis
1651 1789 1797 1854 per-

141 1886 146 1895 ·
264 1868 449 1949 fenim,
480 1874 623 1939 talis
650 1874 948 1941 formatio
973 1895 1104 1941 non
1131 1877 1447 1942 diceretur
1471 1897 1607 1943 oese
1635 1879 1797 1943 sacta

270 1980 603 2046 secundum
653 1984 970 2048 rationem
1032 1984 1443 2065 seminalem,
1499 1986 1823 2083 quamvis·

271 2091 418 2150 efflet
440 2088 527 2153 ibi
568 2092 665 2155 vis
703 2092 914 2158 activa
950 2096 1238 2176 respectu
1279 2094 1426 2158 talis
1456 2094 1798 2177 organiza-

275 2191 443 2258 tionis
479 2199 817 2263 educendae
859 2200 932 2263 in
970 2218 1108 2264 esse
1151 2219 1265 2284 per
1304 2203 1611 2286 temporis
1644 2222 1797 2268 suc—

277 2302 597 2370 cessionem
624 2329 641 2371 ε
667 2307 756 2372 sic
783 2311 848 2372 et
872 2307 942 2371 in
965 2310 1285 2392 proposito
1306 2310 1796 2392 intelligendum

280 2411 378 2471 est.

347 2519 402 2578 4.
427 2516 520 2582 Ad
547 2520 834 2586 ultimam
877 2523 1193 2589 rationem
1222 2523 1587 2606 dicendum,
1625 2525 1796 2609 quod

285 2621 421 2686 ratio
461 2625 567 2690 illa
608 2646 744 2693 non
784 2629 960 2710 cogit
1001 2630 1174 2713 quod
1200 2630 1389 2712 virgo
1437 2629 1637 2696 Maria
1662 2651 1797 2697 non

286 2724 453 2793 luerit
493 2739 818 2815 cooperata
861 2734 1128 2819 Spiritui
1167 2742 1386 2802 sancto
1427 2738 1497 2802 in
1525 2738 1667 2803 Filii
1695 2740 1797 2803 sui

291 2841 656 2920 conceptione
694 2843 911 2926 aliquo
951 2846 1175 2926 modo;
1217 2847 1326 2912 sed
1367 2846 1579 2911 solum
1625 2848 1799 2929 quod

291 2955 398 3005 non
435 2946 616 3011 fuerit
657 2956 993 3034 cooperata
1047 2953 1119 3017 in
1168 2955 1571 3036 perducendo
1621 2955 1798 3018 illam

293 3054 584 3119 materiam
629 3059 709 3124 ad
745 3077 881 3124 esse
922 3061 1314 3147 completum
1365 3085 1382 3126 τ
1430 3067 1494 3127 et
1538 3064 1663 3128 hoc
1704 3068 1801 3129 est

291 3161 440 3237 quod
461 3163 655 3245 primo
682 3168 808 3232 fuit
835 3187 1204 3236 concessum
1240 3194 1257 3236 ι
1287 3175 1353 3237 et
1369 3190 1451 3237 ex
1477 3173 1600 3238 hoc
1626 3177 1800 3256 patet

293 3271 574 3350 responsio
597 3274 676 3339 ad
700 3275 974 3359 objecta.

782 3503 1142 3582 QUAESTIO
1194 3506 1273 3572 11.
1307 3555 1312 3558 -

334 3654 420 3711 An
445 3667 720 3732 cooperatio
752 3665 927 3723 beatae
964 3669 1220 3739 Virginis
1242 3670 1415 3738 merit
1437 3669 1718 3727 nammis
1734 3713 1754 3736 ,

765 3758 855 3814 vel
877 3762 1205 3818 miraculosa
1232 3761 1277 3819 ².

135 3927 182 3974 11
206 3951 282 3996 w
369 3907 567 3980 Utrum
591 3917 696 3983 illa
730 3922 1093 4005 cooperatio
1114 3923 1319 3988 heatae
1343 3923 1627 4007 Virginis
1668 3927 1801 3992 fue-

308 4016 374 4078 rIt
392 4026 687 4108 naturalis,
722 4029 829 4094 vel
859 4029 1267 4109 miraculosa;
1304 4036 1367 4096 et
1392 4032 1565 4114 quod
1600 4039 1796 4099 natu-

305 4125 443 4208 ralis,
469 4132 728 4199 videtur.
763 4135 984 4201 Omnis
1012 4137 1120 4202 illa
1152 4138 1432 4222 operatio
1460 4140 1566 4205 vel
1593 4159 1798 4222 gene-

304 4238 429 4304 ratio
463 4249 549 4309 est
592 4247 931 4327 naturalis,
993 4249 1238 4314 ratione
1291 4252 1478 4334 cujus
1538 4251 1798 4332 genitus

302 4341 488 4414 dieitur
514 4371 641 4419 esse
663 4356 844 4419 filius
870 4357 1182 4422 naturalis
1215 4379 1229 4421 :
1261 4357 1371 4422 sed
1394 4358 1679 4424 Christus
1703 4363 1800 4424 est

301 4448 435 4520 filius
455 4464 752 4528 naturalis
777 4460 1062 4547 Virginis
1089 4465 1293 4530 beatae
1323 4485 1341 4530 ε
1364 4485 1523 4549 ergo
1545 4467 1799 4532 videtur

299 4562 432 4637 quod
453 4565 621 4634 beata
644 4570 848 4653 Virgo
871 4572 938 4634 in
967 4572 1113 4653 ejus
1142 4576 1450 4656 conceptu
1478 4573 1669 4638 fuerit
1687 4592 1801 4638 na-

297 4665 537 4739 turaliter
560 4683 918 4762 cooperata.
1542 4752 1548 4758 .

354 4778 405 4840 2.
424 4777 564 4847 Item
593 4786 854 4869 quando
879 4785 986 4849 vir
1015 4785 1250 4850 excitat
1280 4790 1345 4850 et
1379 4785 1646 4867 adJuvat
1679 4804 1797 4870 po-

294 4878 508 4952 tentiam
532 4894 847 4973 mulieris,
877 4910 1014 4957 non
1037 4893 1332 4975 privatur
1362 4897 1509 4958 actu
1531 4910 1653 4958 suo
1677 4912 1799 4958 na-

293 4987 444 5055 turali
478 5018 492 5060 :
533 5017 682 5084 ergo
709 5002 765 5067 si
795 5001 1009 5067 virtus
1045 4999 1320 5083 Spiritus
1355 5002 1557 5065 sancti
1594 5000 1797 5065 multo

293 5099 570 5172 perfectius
593 5103 1025 5185 foecundavit,
1066 5127 1262 5191 quam
1289 5109 1498 5174 virtus
1531 5108 1799 5173 seminis

293 5201 452 5274 Virilis
472 5213 910 5296 foecundasset‚
949 5234 1110 5297 ergo
1138 5216 1338 5299 ipsius
1360 5217 1570 5280 virtus
1593 5233 1797 5297 gene-

314 5366 427 5447 )οΙ-
445 5377 490 5430 S.
519 5383 710 5445 Thom„
740 5397 799 5449 p.
823 5377 919 5442 ιιι,
946 5392 1000 5443 q.
1031 5389 1221 5440 mm,
1251 5383 1348 5431 art.
1378 5380 1434 5440 4;
1465 5384 1517 5429 et
1541 5379 1606 5428 111
1636 5378 1797 5437 sene„

288 5434 374 5491 ω·
393 5456 530 5518 1¹¹,sp
549 5468 609 5523 ιι,
633 5463 733 5509 art.
764 5458 834 5518 23
857 5455 917 5503 et
940 5447 1092 5513 Quol.
1122 5451 1211 5514 Vl,
1232 5465 1286 5515 q.
1307 5449 1695 5515 x;Franciscus
1718 5447 1796 5499 de

3337 469 3454 530 109

1902 592 2127 658 rativae
2150 596 2370 658 actum
2400 613 2528 658 non
2557 593 2839 670 amum,
2887 593 2998 659 sed
3035 595 3318 677 perfecit.
3372 596 3454 662 Et

1902 697 1956 761 si
1983 698 2105 763 hoc
2131 719 2364 765 verum
2385 705 2501 780 est,
2530 704 2687 765 tunc
2702 699 2903 782 Virgo
2929 702 3303 767 naturaliter
3326 684 3451 769 fuit

1903 812 2260 889 cooperata.

1982 918 2044 979 3.
2077 914 2256 996 item,
2284 917 2337 981 si
2365 917 2595 1002 aliquis
2623 922 2924 1001 operatur
2949 919 3304 983 secundum
3328 937 3454 1003 po-

1904 1021 2169 1086 tentiam
2195 1023 2503 1089 divinitus
2527 1024 2646 1088 sibi
2672 1024 2987 1105 collatam,
3028 1026 3313 1109 operatio
3344 1027 3453 1092 illa

1903 1129 2212 1193 naturalis
2258 1130 2511 1211 dicitur,
2559 1150 2693 1196 non
2745 1131 3147 1211 miraculosa,
3206 1151 3323 1216 pro
3376 1152 3454 1199 eo

1901 1234 2073 1317 quod
2118 1235 2261 1302 licet
2290 1237 2558 1303 virtutes
2594 1237 2915 1303 naturales
2953 1256 3177 1303 omnes
3208 1238 3452 1305 collatae

1901 1342 2028 1405 sint
2053 1342 2114 1406 ei
2141 1343 2469 1423 divinitus,
2502 1348 2717 1408 tamen
2746 1344 3026 1425 operatio
3053 1345 3388 1427 egrediens
3413 1366 3453 1412 a

1902 1449 2187 1530 potentia
2215 1451 2558 1516 intrinseca
2574 1452 2883 1517 naturalis
2895 1455 3013 1534 est,
3034 1456 3099 1517 et
3118 1458 3454 1519 exercetur

1901 1558 2298 1639 naturaliter,
2346 1559 2469 1622 nisi
2504 1559 2872 1642 egrediatur
2896 1559 3259 1625 voluntarie
3293 1580 3311 1626 ε
3342 1561 3454 1627 sed

1902 1665 2186 1746 potentia
2209 1667 2581 1748 generativa
2607 1666 2832 1731 collata
2856 1666 2981 1730 fuit
3010 1667 3069 1731 ei
3088 1713 3107 1744 ,
3146 1686 3266 1733 nec
3306 1687 3456 1734 coo-

1902 1772 2249 1855 perabatur
2294 1774 2414 1857 ipsi
2470 1773 2689 1838 virtuti
2734 1775 2955 1856 agenti
3007 1774 3372 1841 voluntarie
3437 1795 3457 1841 2

1903 1898 2061 1961 ergo
2103 1880 2361 1945 videtur
2417 1880 2589 1963 quod
2650 1885 3099 1964 cooperaretur
3158 1883 3456 1966 potentiae

1907 1987 2209 2067 naturali,
2237 1991 2302 2051 et
2322 1987 2699 2052 naturaliter
2725 1988 2966 2070 agenti.

1983 2094 2045 2153 4.
2091 2088 2250 2154 Item
2290 2092 2499 2173 maj0r
2538 2094 2631 2154 est
2682 2089 3050 2153 inhabilitas
3087 2090 3157 2154 in
3200 2094 3461 2157 mortuo

1902 2196 1985 2260 ad
2011 2215 2230 2279 opera,
2262 2215 2407 2280 quae
2436 2201 2589 2260 sunt
2612 2196 2895 2260 hominis
2919 2196 3233 2277 viventis,
3263 2215 3461 2280 quam

1904 2308 1971 2370 in
2019 2306 2286 2389 Virgine
2335 2311 2627 2390 respectu
2683 2307 2976 2372 mulieris
3036 2308 3457 2391 praegnantis.

1904 2414 2026 2479 Sed
2048 2415 2102 2477 si
2132 2414 2297 2479 Deus
2315 2415 2394 2480 de
2418 2420 2676 2480 mortuo
2706 2414 2892 2479 faciat
2920 2414 3181 2495 vivum,
3225 2433 3460 2499 opera-

1903 2522 2111 2585 tiones
2137 2522 2596 2605 subsequentes
2613 2526 2763 2585 sunt
2773 2521 2897 2585 sibi
2917 2522 3262 2599 naturales,
3295 2522 3461 2586 sicut

1904 2630 1970 2693 in
2023 2628 2283 2702 Lazaro.
2338 2629 2453 2713 qui
2507 2629 2881 2694 naturaliter
2938 2629 3341 2709 comedebat,
3391 2633 3458 2696 et

1904 2736 2029 2801 alia
2055 2736 2322 2801 faciebat
2351 2759 2367 2798 ι
2399 2754 2559 2819 ergo
2595 2737 2735 2819 pari
2776 2738 3022 2801 ratione
3040 2784 3059 2815 ,
3092 2737 3227 2802 imo
3252 2736 3455 2801 multo

1904 2844 2149 2908 fortiori
2186 2844 2441 2910 videtur
2483 2844 2659 2928 quod
2701 2844 2810 2908 illa
2841 2844 3127 2927 operatio
3169 2842 3457 2927 Virginis

1904 2951 2217 3015 naturalis
2253 2952 2466 3032 tuerit,
2495 2956 2837 3036 postquam
2857 2950 3084 3017 collata
3108 2950 3231 3015 fuit
3253 2950 3316 3016 ei
3338 2969 3457 3035 po·

1905 3058 2104 3131 tentia
2130 3059 2507 3141 generandi.

1985 3165 2108 3231 Sed
2139 3170 2405 3231 contra:
2450 3166 2640 3232 Nulla
2679 3169 2962 3251 operatio
3008 3168 3318 3233 naturalis
3357 3171 3453 3232 est
3484 3185 3693 3230 ranam.

1905 3273 2240 3354 mirabilis,
2267 3275 2576 3359 quoniam
2598 3294 2681 3340 ex
2711 3277 2998 3360 opposito
3030 3276 3452 3343 dividuntur:

1902 3382 2014 3446 sed
2042 3383 2371 3467 conceptio
2412 3382 2554 3448 Filii
2588 3382 2698 3449 Dei
2727 3402 2767 3447 a
2793 3383 3057 3467 Virgine
3095 3384 3218 3448 fuit
3247 3384 3455 3448 mira-

1903 3487 2047 3551 bilis
2086 3508 2105 3552 :
2138 3506 2298 3571 ergo
2338 3507 2469 3554 uon
2514 3490 2770 3555 videtur
2803 3491 2978 3574 quod
3013 3490 3207 3556 suerit
3252 3495 3453 3555 natu-

1904 3594 2079 3658 ralis.

1985 3702 2144 3768 Item
2171 3702 2333 3767 nihil
2350 3703 2524 3787 quod
2540 3703 2916 3768 naturaliter
2935 3704 3032 3784 fit,
3054 3706 3150 3768 est
3173 3722 3451 3783 novum,

1906 3829 2022 3895 pro
2048 3830 2126 3876 eo
2153 3810 2327 3894 quod
2351 3829 2543 3876 omne
2570 3811 2694 3875 tale
2737 3810 3061 3894 praecessit
3087 3811 3158 3875 in
3198 3829 3319 3875 suo
3366 3812 3457 3875 si-

1906 3920 2042 3983 mili
2075 3942 2089 3982 :
2123 3919 2231 3985 sed
2258 3921 2584 4003 conceptio
2608 3919 2837 3985 Christi
2856 3940 2896 3985 a
2916 3920 3180 4003 Virgine
3206 3939 3455 3987 novum

1905 4026 2060 4109 quid
2087 4026 2230 4106 fuit,
2264 4031 2337 4091 ut
2364 4026 2596 4092 dicitur
2620 4034 2644 4069 ¹
2675 4046 2692 4092 ε
2724 4029 2975 4096 Novum
3008 4030 3453 4110 11101011)οωὶ-

1904 4150 2032 4200 nus
2057 4150 2251 4217 super
2279 4139 2535 4201 terram.

1988 4242 2148 4308 Item
2193 4242 2484 4308 naturale
2529 4245 2627 4307 est
2670 4242 2827 4308 illud
2845 4291 2864 4320 ‚
2920 4244 3094 4326 quod
3141 4244 3312 4309 idem
3362 4248 3457 4310 est

1905 4351 2078 4435 apud
2105 4368 2332 4416 omnes
2361 4350 2514 4415 :sed
2545 4350 2775 4416 modus
2814 4350 3205 4433 concipiendi
3252 4352 3455 4417 beatae

1904 4457 2193 4539 Virginis
2236 4476 2370 4523 non
2414 4458 2624 4522 solum
2659 4476 2793 4522 non
2833 4456 2956 4522 ruit
2985 4457 3159 4540 apud
3205 4475 3453 4538 omnes,

1905 4565 2017 4630 sed
2046 4583 2369 4648 nusquam
2397 4565 2715 4648 reperitur
2741 4564 2864 4627 nisi
2888 4562 2959 4627 in
2984 4582 3061 4628 ea
3081 4564 3217 4629 sola
3247 4588 3262 4630 z
3295 4585 3457 4648 ergo

1906 4675 2164 4741 videtur
2198 4674 2370 4757 quod
2396 4674 2679 4757 operatio
2712 4672 2824 4736 illa
2854 4690 2987 4736 non
3033 4673 3224 4738 fuerit
3260 4678 3457 4740 natu-

1906 4782 2079 4863 ralis,
2112 4781 2220 4847 sed
2250 4782 2654 4847 miraculosa.

1986 4887 2149 4954 Item
2193 4888 2249 4952 si
2288 4889 2501 4971 aliqua
2555 4890 2766 4955 virtus
2813 4892 3117 4972 operatur
3165 4889 3275 4955 illo
3314 4908 3459 4956 ma-

1907 5000 2124 5074 nente,
2161 4994 2332 5076 quod
2362 4998 2457 5058 est
2490 4995 2550 5059 ei
2594 4995 3100 5079 incompossibile
3125 5015 3241 5079 per
3264 5002 3459 5063 natu-

1908 5122 2072 5181 ram,
2103 5102 2277 5166 illius
2320 5102 2601 5185 operatio
2643 5121 2776 5169 non
2824 5107 2917 5168 est
2956 5105 3295 5186 naturalis,
3346 5108 3458 5172 sed

1910 5208 2292 5274 miraculosa
2341 5227 2359 5271 2
2401 5209 2513 5275 sed
2556 5210 2891 5292 virginitas
2926 5212 3458 5296 incompossibilis

1909 5375 2097 5439 Mayr„
2128 5372 2192 5421 lll
2214 5370 2372 5430 Seni„
2388 5370 2504 5422 dist.
2532 5382 2606 5437 ιν,
2624 5386 2675 5437 q.
2695 5385 2735 5437 1,
2757 5376 2850 5424 art.
2869 5377 2925 5436 43
2950 5365 3203 5425 Μαι-11111118
3219 5376 3456 5444 Inguen„

1911 5449 1976 5499 lll
2008 5446 2175 5507 Seru„
2202 5456 2255 5506 q.
2284 5453 2343 5504 v,
2371 5447 2469 5495 art.
2488 5446 2537 5497 2.
2556 5470 2619 5482 —
2641 5445 2664 5480 ²
2681 5446 2882 5506 lev-em„
2902 5456 3050 5511 xxxx,
3070 5450 3155 5501 22.
