4185 6288
1228 500 1423 570 mST.
1466 499 1623 567 xvl.
1672 496 1856 566 ΛΒΤ.
1906 499 1956 564 1.
1997 498 2298 579 QUAEST.
2342 499 2450 565 111.

251 642 385 705 sitas
418 640 764 706 secundum
791 657 1049 705 causam
1090 637 1481 704 materialem
1495 686 1514 716 ,
1543 653 1766 701 secun·

250 747 388 811 dum
410 766 600 832 quam
622 746 878 827 dicitur,
900 745 1070 829 quod
1089 763 1343 811 necesse
1370 749 1466 810 est
1484 743 1762 808 calidum

250 855 310 917 in
333 874 574 919 summo
613 854 895 920 converti
922 854 992 919 in
1023 854 1263 937 ignem.
1297 853 1408 919 Est
1431 852 1621 918 etiam
1648 871 1765 916 ne-

249 960 479 1025 cessitas
510 962 863 1028 secundum
891 981 1148 1028 causam
1175 961 1576 1037 efficientem,
1621 978 1767 1044 quae

248 1065 460 1131 dicitur
503 1068 837 1135 necessitas
886 1068 1240 1135 secundum
1290 1068 1657 1134 violentiam
1707 1072 1772 1132 et

248 1174 652 1255 coactionem
711 1180 777 1242 et
823 1176 1177 1242 secundum
1229 1177 1397 1241 hanc
1459 1175 1765 1256 dicimus,

247 1282 400 1363 quod
428 1283 700 1367 lapidem
725 1280 968 1350 fortiter
1005 1284 1357 1368 impulsum
1386 1299 1639 1347 necesse
1678 1286 1772 1347 est

246 1389 493 1453 moveri.
526 1389 636 1454 Est
656 1392 852 1456 etiam
876 1391 1216 1457 necessitas
1244 1388 1598 1455 secundum
1623 1407 1772 1453 cau-

247 1510 369 1558 sam
419 1498 715 1576 flnalem,
768 1498 1120 1564 secundum
1186 1516 1382 1581 quam
1453 1496 1767 1577 dicimus,

244 1602 396 1682 quod
420 1621 660 1669 serram
688 1622 941 1670 necesse
968 1608 1063 1670 est
1086 1622 1220 1669 osse
1247 1603 1593 1680 dentatam,
1620 1604 1774 1686 quia

242 1712 327 1772 est
344 1710 419 1774 ad
435 1710 851 1776 dividendum
879 1712 1079 1776 solida
1105 1716 1169 1776 et
1193 1710 1378 1776 dura.
1407 1710 1771 1775 Secundum

243 1816 385 1897 hoc,
411 1838 563 1883 cum
599 1820 1097 1903 quadrupliciter
1137 1821 1385 1885 dicatur
1409 1820 1768 1905 necessitas,

243 1920 361 1985 solo
397 1923 626 2004 quarto
657 1923 845 1986 modo
873 1921 1210 1987 necessitas
1236 1922 1517 2005 patiendi
1559 1922 1679 1986 fuit
1706 1923 1773 1987 in

243 2028 492 2110 Christo,
540 2028 832 2094 videlicet
862 2033 1119 2113 propter
1159 2034 1444 2094 nostram
1488 2031 1774 2115 redemp-

242 2135 484 2200 tionem.
522 2134 847 2213 Quantum
879 2137 1052 2201 enim
1082 2136 1150 2200 in
1178 2155 1244 2201 se
1274 2137 1420 2217 suit,
1449 2138 1776 2202 necessita-

242 2246 357 2307 tem
382 2262 509 2307 non
534 2243 761 2308 habuit
790 2244 869 2308 ad
901 2242 1292 2327 patiendum,
1325 2245 1478 2326 quia
1513 2263 1630 2309 nec
1655 2246 1777 2309 fuit

244 2349 303 2412 in
348 2368 421 2415 eo
483 2351 792 2417 bumanae
840 2352 1214 2416 conditionis
1262 2353 1581 2435 corruptio
1603 2401 1620 2430 ,
1660 2371 1777 2417 nec

245 2459 436 2539 potuit
480 2477 620 2523 esse
664 2458 901 2524 coactio
943 2481 959 2523 ε
1007 2463 1069 2523 et
1114 2459 1255 2524 ideo
1299 2477 1429 2523 non
1470 2464 1675 2543 potest
1717 2460 1774 2525 ei

244 2568 574 2631 convenire
603 2568 938 2632 necessitas
974 2569 1323 2633 secundum
1355 2568 1479 2632 alia
1505 2568 1627 2632 tria
1654 2587 1777 2650 ge-

246 2692 385 2738 nera
439 2692 804 2740 causarum.
855 2675 972 2739 Hic
1019 2678 1234 2738 autem
1288 2675 1518 2739 modus
1561 2675 1778 2739 distin-

248 2782 475 2861 guendi
530 2782 682 2846 satis
730 2781 1119 2846 rationabilis
1171 2787 1264 2846 est
1309 2782 1375 2845 in
1433 2799 1536 2863 se,
1580 2787 1643 2846 et
1698 2782 1775 2847 ad

246 2890 658 2968 quaestionem
685 2888 1066 2971 propositam
1097 2888 1551 2953 rationabiliter
1582 2889 1779 2971 appli-

245 3002 449 3075 catur,
497 2997 555 3060 si
598 3000 930 3079 quaeratur
971 2997 1049 3060 de
1088 2998 1455 3061 necessitate
1501 2995 1780 3080 patiendi

246 3102 305 3165 in
326 3104 597 3184 Christo,
631 3108 819 3184 prout
844 3103 1179 3170 necessitas
1207 3103 1481 3188 patiendi
1511 3105 1577 3168 in
1606 3102 1782 3169 Chri-

245 3214 333 3275 sto
380 3229 518 3276 non
565 3214 820 3276 tantum
866 3212 1134 3277 includit
1188 3217 1441 3297 tempus
1493 3214 1634 3294 post
1684 3231 1778 3275 as-

244 3318 697 3402 sumptionem,
728 3318 837 3383 sed
865 3319 1052 3383 etiam
1081 3322 1226 3383 ante
1253 3320 1777 3401 assumptionem,

244 3422 358 3489 hoc
394 3429 538 3505 est,
584 3427 636 3489 si
696 3430 1025 3509 quaeratur
1086 3431 1307 3491 utrum
1354 3427 1781 3492 necessarium

244 3532 429 3597 ruerit
489 3532 808 3598 Christum
867 3536 1115 3597 nostras
1158 3535 1555 3618 poenalitates
1598 3553 1781 3600 assu·

247 3657 414 3706 mere
460 3662 477 3705 τ
520 3644 675 3704 tunc
719 3641 892 3704 enim
931 3658 1162 3705 verum
1210 3646 1303 3706 est
1341 3642 1569 3722 dicere,
1613 3642 1783 3725 quod

246 3766 368 3812 non
418 3749 542 3813 fuit
581 3750 1006 3815 necessarium
1048 3749 1170 3813 nisi
1207 3751 1573 3816 necessitate
1611 3750 1779 3815 finis.

247 3854 321 3919 Et
373 3858 505 3921 boc
570 3857 761 3922 modo
828 3856 1016 3920 istam
1072 3858 1491 3940 quaestionem
1563 3862 1788 3923 tractat

197 3967 210 3980 ⁶
248 3961 316 4028 B.
378 3963 745 4028 Anselmus.
805 3962 929 4028 Sed
961 3940 1283 4046 'Magister
1338 3965 1520 4030 aliter
1564 3969 1787 4030 tractat

247 4069 434 4135 istam
477 4071 897 4154 quaestionem
938 4069 1009 4135 in
1055 4071 1284 4136 littera.
1330 4071 1570 4150 Quaerit
1614 4072 1787 4137 enlm

248 4181 469 4242 utrum
508 4177 628 4241 iste
664 4176 943 4241 defectus
959 4224 977 4256 ,
1020 4177 1135 4261 qui
1175 4182 1270 4242 est
1307 4178 1639 4243 necessitas
1683 4197 1789 4261 pa-

248 4284 445 4350 tiendi
467 4333 486 4365 ,
514 4301 669 4348 cum
706 4284 788 4348 sit
810 4284 880 4347 in
907 4284 1091 4348 nobis
1132 4303 1246 4369 per
1272 4285 1784 4364 contractionem,

247 4390 443 4457 fuerit
478 4390 550 4454 in
595 4389 840 4456 Christo
878 4410 992 4476 per
1034 4391 1462 4458 voluntariam
1503 4409 1789 4477 assump-

247 4502 514 4566 tionem.
556 4498 638 4564 Et
682 4499 823 4565 ideo
866 4498 945 4564 ad
982 4498 1153 4564 hanc
1196 4500 1614 4582 quaestionem
1664 4518 1790 4565 res·

248 4606 520 4691 ponderi
553 4623 688 4670 non
730 4609 934 4689 potest
973 4623 1087 4689 per
1125 4605 1494 4688 praedictam
1540 4605 1792 4672 distinc-

248 4715 516 4780 tionem.
559 4712 639 4777 Et
677 4711 821 4777 ideo
863 4711 1045 4777 aliter
1084 4715 1331 4797 oportet
1366 4713 1573 4779 dicere
1603 4735 1620 4777 ι
1661 4732 1791 4780 non

251 4824 404 4907 quia
460 4819 803 4905 praedictus
841 4820 1073 4884 modus
1116 4819 1366 4885 dicendi
1411 4821 1494 4884 sit
1535 4820 1785 4903 malus;

252 4932 358 4996 sed
386 4929 544 5014 quia
574 4946 707 4993 non
735 4928 905 4995 valet
945 4928 1027 4994 ad
1052 4932 1343 4994 nostrum
1370 4930 1786 5014 propositum.

252 5026 609 5125 sequentes
629 5037 831 5121 igitur
857 5037 1231 5104 sententiam
1254 5036 1541 5121 Magistri
1577 5039 1649 5104 in
1684 5039 1788 5105 lit-

250 5150 392 5214 tera
450 5146 659 5213 dicere
702 5162 1041 5231 pomumus
1061 5195 1080 5228 ,
1130 5147 1303 5231 quod
1356 5146 1646 5213 Christus
1695 5165 1792 5212 as-

253 5255 535 5339 sumpsit
566 5254 768 5321 istum
794 5254 1106 5321 desectum
1122 5302 1141 5333 ,
1169 5251 1287 5337 qui
1323 5257 1420 5319 est
1456 5253 1791 5319 necessitas

319 5419 334 5453 ¹
364 5421 547 5470 Scotus
566 5418 679 5469 baec
706 5416 990 5480 impugnat,
1015 5416 1132 5466 dist.
1159 5426 1336 5479 xv1,q.
1362 5427 1401 5478 1,
1426 5414 1495 5465 ibi
1524 5428 1537 5462 ε
1563 5414 1791 5465 Rationes

257 5491 367 5539 istoe
387 5505 480 5540 non
506 5486 821 5540 concludunt.
1026 5515 1033 5519 -

3299 511 3414 573 355

1879 636 2155 718 patiendi
2182 638 2222 701 ⁸.
2257 635 2576 717 Quantum
2603 634 2776 702 enim
2802 641 2939 700 erat
2961 636 3040 702 de
3065 638 3208 722 lege
3236 644 3420 706 natu-

1877 760 1992 824 rae,
2024 762 2256 827 corpus
2285 743 2443 809 illud
2471 745 2607 809 erat
2629 742 2972 808 resolubile
3013 750 3078 810 et
3106 749 3370 814 mortale
3395 771 3413 827 ;

1878 854 1941 915 et
1966 850 2090 917 nisi
2116 851 2337 916 ruisset
2379 853 2822 916 conservatum
2855 850 3268 936 miraculose,
3299 854 3419 920 ali-

1877 957 2133 1040 quando
2186 958 2362 1023 senio
2411 957 2754 1024 defecisset.
2808 958 3282 1026 Attendendum
3327 968 3421 1027 est

1876 1067 2088 1128 tamen
2108 1113 2129 1144 ,
2160 1066 2330 1148 quod
2362 1084 2495 1130 non
2521 1066 2701 1131 omni
2727 1065 2918 1131 modo
2946 1066 3065 1131 fuit
3087 1070 3422 1135 necessitas

1878 1172 2159 1255 patiendi
2182 1173 2252 1238 in
2279 1173 2555 1253 Christo,
2582 1192 2696 1256 per
2723 1190 2916 1257 quem
2946 1174 3209 1240 modum
3237 1177 3421 1242 estin

1880 1278 2094 1358 nobis;
2120 1280 2228 1344 sed
2255 1280 2534 1361 quodam
2566 1280 2757 1345 modo
2785 1281 2896 1361 sic,
2925 1280 3202 1364 quodam
3234 1279 3424 1346 modo

1880 1385 2081 1450 aliter.
2114 1385 2318 1452 Habet
2358 1386 2533 1452 enim
2560 1388 2895 1452 necessitas
2937 1387 3214 1470 patiendi
3255 1406 3427 1454 com·

1881 1493 2091 1577 parari
2119 1493 2197 1558 ad
2228 1493 2386 1574 tria,
2414 1493 2705 1560 videlicet
2733 1495 2811 1559 ad
2842 1512 3129 1576 causam,
3159 1497 3241 1562 ad
3268 1496 3427 1561 sub-

1874 1602 2150 1682 jectum,
2181 1603 2259 1668 ad
2301 1602 2607 1669 virtutem
2642 1604 2927 1687 corporis
2962 1604 3326 1684 regitivam.
3359 1605 3428 1671 Si

1882 1709 2314 1773 consideretur
2338 1728 2451 1793 per
2478 1711 3016 1793 comparationem
3038 1711 3117 1776 ad
3146 1730 3425 1794 causam,

1881 1813 1973 1877 sic
2014 1819 2111 1879 est
2149 1815 2217 1879 in
2257 1815 2441 1880 nobis
2480 1835 2561 1881 ex
2601 1815 2839 1899 duplici
2880 1834 3092 1895 causa,
3142 1817 3433 1884 videlicet

1882 1927 2144 2007 propter
2167 1924 2514 1990 l'oeditatem
2535 1925 2960 2007 corruptionis
2986 1926 3339 2009 culpabilis,
3366 1929 3431 1992 et

1884 2034 2142 2112 propter
2167 2030 2537 2114 qualitatem
2566 2032 2877 2096 naturalis
2905 2033 3375 2115 compositionis
3409 2055 3425 2096 t

1883 2135 2025 2200 ideo
2061 2138 2235 2202 enim
2274 2138 2587 2203 habemus
2623 2138 3058 2203 necessitatem
3087 2140 3167 2204 ad
3193 2140 3431 2223 patien-

1885 2242 2038 2308 dum
2064 2291 2081 2320 ,
2128 2245 2282 2327 quia
2320 2248 2570 2310 reatum
2620 2245 2956 2327 originalis
3005 2247 3243 2330 peccati
3285 2266 3432 2313 con·

1884 2350 2229 2429 trahimuS,
2258 2356 2321 2416 et
2345 2354 2496 2436 quia
2525 2371 2607 2417 ex
2635 2353 2969 2417 contrariis
2994 2353 3336 2434 agentibus
3370 2360 3435 2421 et

1885 2457 2266 2539 patientibus
2293 2460 2616 2524 constituti
2645 2478 2893 2540 sumuS,
2926 2460 3013 2524 ita
3039 2461 3211 2543 quod
3239 2463 3435 2527 conti-

1885 2585 2018 2630 nua
2047 2566 2116 2629 in
2146 2585 2415 2650 corpore
2435 2572 2651 2632 nostro
2677 2569 2758 2632 sit
2782 2568 3080 2632 resolutio
3104 2590 3121 2647 ;
3152 2568 3435 2636 Christus

1887 2678 2103 2739 autem
2139 2675 2572 2740 necessitatem
2612 2675 2839 2740 habuit
2865 2675 3076 2739 solum
3116 2694 3197 2740 ex
3238 2677 3435 2742 altera

1887 2799 2078 2845 causa
2113 2804 2127 2846 z
2159 2781 2469 2864 passibilis
2499 2782 2671 2845 enim
2698 2781 2821 2846 fuit
2849 2801 2980 2847 non
3006 2788 3263 2868 propter
3287 2804 3433 2852 rea-

1887 2891 2028 2950 tum
2074 2888 2310 2970 peccati
2337 2888 2701 2969 originaliS,
2730 2890 2834 2954 sed
2875 2893 3132 2974 propter
3169 2891 3433 2958 modum

1888 2992 2030 3057 talis
2070 2995 2563 3077 compositionis,
2606 2995 2914 3061 Similiter
2956 3015 3071 3080 per
3107 3017 3436 3081 compara-

1887 3100 2132 3166 tionem
2161 3102 2241 3167 ad
2268 3101 2651 3185 subjectum,
2680 3102 2805 3168 alio
2833 3105 3024 3170 modo
3054 3109 3148 3171 est
3174 3109 3437 3174 necessi-

1891 3214 1984 3272 tas
2011 3209 2290 3292 patiendi
2318 3210 2389 3273 in
2411 3209 2686 3291 Christe,
2716 3214 2779 3276 et
2800 3212 2867 3275 in
2894 3212 3080 3278 nobis
3112 3232 3129 3278 :
3156 3214 3225 3279 in
3253 3216 3437 3281 nobis

1889 3317 2061 3380 enim
2105 3320 2198 3381 est
2233 3317 2571 3382 necessitas
2610 3318 2926 3400 patiendi,
2957 3320 3092 3387 sive
3116 3340 3232 3405 per
3256 3341 3436 3388 com-

1891 3425 2285 3507 parationem
2313 3426 2394 3490 ad
2423 3430 2750 3506 naturam,
2779 3426 2918 3492 sive
2953 3444 3069 3510 per
3111 3446 3437 3512 compara-

1888 3536 2132 3600 tionem
2173 3537 2252 3601 ad
2294 3555 2630 3620 personam
2659 3558 2676 3615 ;
2709 3537 2776 3600 in
2806 3536 3049 3602 Christo
3080 3542 3296 3604 autem
3321 3557 3439 3604 ne·-

1892 3642 2142 3706 cessitas
2183 3647 2318 3707 erat
2352 3644 2433 3707 ad
2459 3644 2829 3726 patiendum
2857 3663 2991 3710 non
3028 3664 3142 3728 per
3177 3664 3438 3730 compa-

1892 3748 2201 3812 rationem
2240 3749 2320 3813 ad
2365 3768 2699 3833 personam
2717 3798 2736 3830 ,
2780 3750 2930 3834 quia
2973 3752 3152 3816 nulla
3193 3757 3440 3836 poterat

1892 3858 2159 3940 astringi
2215 3859 2584 3924 necessitate
2605 3908 2623 3941 ,
2674 3859 2825 3943 quia
2877 3861 3095 3925 omnia
3144 3866 3327 3928 erant
3377 3863 3438 3928 ei

1893 3966 2214 4049 subjecta3
2243 3966 2353 4031 sed
2398 3985 2512 4050 per
2552 3967 3089 4050 comparationem
3116 3970 3195 4034 ad
3239 3974 3437 4034 natu—

1893 4093 2034 4140 ram
2062 4078 2477 4158 assumptam.
2508 4073 2835 4155 Similiter,
2866 4095 2981 4159 per
3018 4078 3438 4161 comparatio-

1895 4203 2044 4248 nem
2087 4184 2166 4248 ad
2214 4184 2519 4248 virtutem
2566 4183 2910 4267 regitivam
2929 4235 2949 4268 ,
2997 4186 3179 4251 aliter
3222 4190 3317 4252 est
3367 4188 3438 4253 in

1896 4292 2079 4356 nobis
2105 4292 2440 4356 necessitas
2478 4291 2777 4374 patiendi,
2807 4311 3005 4376 quam
3031 4293 3098 4357 in
3141 4293 3385 4361 Christo
3416 4314 3432 4359 ε

1896 4401 1992 4463 est
2026 4397 2298 4463 enimin
2324 4398 2509 4463 nobis
2535 4399 2743 4465 virtus
2781 4401 3058 4484 regitiva
3081 4405 3146 4467 et
3179 4421 3219 4466 a
3258 4406 3438 4486 parte

1896 4509 2146 4572 naturae
2168 4553 2187 4586 ,
2220 4507 2285 4570 et
2326 4525 2367 4570 a
2409 4509 2587 4589 parte
2624 4506 2971 4573 voluntatis
3009 4509 3342 4592 regitivae3
3376 4514 3440 4576 et

1897 4615 2187 4696 respectu
2215 4612 2549 4696 utriusque
2577 4616 2672 4677 est
2696 4615 3032 4679 necessitas
3062 4616 3341 4698 patiendi
3368 4617 3436 4682 in

1897 4720 2102 4785 nobis.
2130 4717 2380 4784 Etenim
2410 4737 2528 4783 nec
2553 4722 2813 4800 natura,
2841 4739 2961 4785 nec
2985 4721 3281 4789 voluntas
3318 4742 3439 4807 po-

1896 4829 2018 4892 test
2054 4827 2124 4890 in
2149 4825 2333 4890 nobis
2353 4826 2715 4909 passionem
2739 4827 3076 4910 probibere
3108 4851 3124 4895 ε
3156 4830 3438 4914 patimur

1897 4934 2104 5012 enim,
2139 4931 2447 5013 nolimus,
2483 4918 2778 4999 'velimus
2811 4934 2885 4999 In
2935 4936 3177 5004 Christo
3217 4944 3435 5006 autem

1898 5039 2235 5108 necessitas
2280 5037 2402 5103 ruit
2446 5041 2733 5121 respectu
2783 5041 3033 5107 virtutis
3086 5046 3394 5112 naturalis
3414 5097 3433 5128 ,

1897 5148 2005 5214 sed
2033 5165 2165 5212 non
2202 5148 2494 5228 respectu
2528 5144 2875 5211 voluntatis
2906 5171 2921 5213 :
2953 5150 3114 5215 nihil
3141 5153 3315 5219 enim
3342 5154 3436 5221 in-

1897 5257 2069 5320 vitus
2106 5252 2443 5330 sustinuit,
2486 5269 2604 5316 nec
2640 5254 2953 5321 sustinere
3003 5261 3237 5341 potuit,
3284 5266 3435 5346 quia

1898 5382 2024 5428 non
2066 5362 2322 5427 meruit.
2370 5359 2449 5425 Et
2494 5360 2585 5425 sic
2632 5365 2840 5444 patet,
2887 5367 3058 5448 quod
3102 5371 3433 5435 necessitas

1898 5470 2174 5553 patiendi
2202 5472 2525 5550 assumpta
2552 5468 2673 5532 fuit
2702 5488 2740 5532 a
2766 5469 3030 5555 Christo,
3060 5480 3125 5540 et
3150 5477 3218 5541 in
3245 5478 3432 5544 chri-
