4185 6288
743 514 862 578 ⁴76
1854 500 2483 571 SENTENTIARUM
2519 502 2670 570 LIB.
2715 502 2824 569 111.

736 645 900 716 foris
925 652 1105 730 sunt,
1136 645 1316 714 intus
1342 652 1438 714 est
1465 642 1653 729 fides,
1684 650 1749 712 et
1775 664 1999 711 rernm
2026 662 2179 733 quae
2208 660 2343 708 non
2366 639 2704 726 videntur,
2726 638 2992 709 videtur
3019 638 3207 726 fides,
3235 645 3302 708 et
3323 639 3469 731 ipsa
3488 640 3921 732 temporaliter

740 764 818 832 fit
840 764 911 832 in
939 762 1245 831 cordibus
1285 761 1661 845 hominum,
1712 768 1779 829 et
1815 758 1872 827 si
1910 781 1992 827 ex
2018 757 2330 826 fidelibus
2372 756 2678 827 infideles
2719 756 2919 843 fiant,
2964 756 3133 849 perit
3173 756 3255 826 ab
3296 757 3414 825 eis.
3466 782 3501 822 »
3551 756 3675 826 His
3729 756 3924 825 verbis

739 881 1073 948 evidenter
1098 877 1405 964 traditur,
1430 877 1629 947 fidem
1656 877 1868 968 ipsam
1895 876 1965 944 in
1993 883 2188 944 corde
2217 874 2506 944 hominis
2529 875 2615 943 ab
2638 874 2778 968 ipso
2805 874 3075 943 homine
3098 873 3309 942 videri
3337 895 3471 943 non
3487 874 3922 967 corporaliter,

736 1019 873 1065 non
912 995 1341 1084 imaginarie,
1384 994 1495 1063 sed
1534 992 2097 1078 intellectualiter;
2144 999 2210 1060 et
2250 992 2461 1083 ipsam
2505 1000 2727 1060 tamen
2764 990 3172 1076 absentium,
3231 998 3296 1058 et
3342 1012 3575 1059 eorum
3618 1013 3769 1083 quae
3808 1012 3928 1059 non

737 1112 1075 1196 videntur,
1131 1133 1288 1179 esse.
1351 1110 1439 1178 Ut
1494 1109 1672 1178 enim
1713 1110 2133 1199 Augustinus
2187 1107 2348 1177 alibi
2401 1108 2495 1177 ait
2518 1113 2538 1148 ¹
2580 1132 2595 1175 :
2653 1132 2688 1173 α
2729 1107 3075 1176 Credimus
3125 1114 3203 1175 ut
3243 1128 3716 1195 cognoscamus
3739 1158 3759 1194 ,
3809 1129 3928 1176 nou

736 1228 1189 1318 cognoscimus
1215 1236 1290 1296 ut
1315 1227 1679 1295 credamus,
1713 1226 1889 1307 Quid
1919 1225 2098 1294 enim
2141 1233 2238 1293 est
2275 1223 2439 1293 fides
2463 1276 2483 1312 ,
2537 1223 2668 1292 nisi
2702 1223 2965 1292 credere
3005 1223 3184 1314 quod
3230 1246 3365 1291 non
3408 1223 3632 1292 vides?
3673 1250 3711 1289 n
3754 1222 3931 1292 Fides

736 1367 895 1436 ergo
922 1343 1222 1435 estquod
1252 1367 1385 1411 non
1414 1343 1597 1411 vides
1623 1342 1907 1430 credere3
1941 1341 2208 1429 veritas,
2239 1342 2417 1434 quod
2444 1340 2777 1409 credidisti
2803 1340 3050 1409 videre.
3084 1340 3276 1408 Unde
3313 1347 3485 1409 recte
3510 1339 3679 1409 fides
3707 1340 3931 1409 dicitur

738 1470 1206 1553 argumentum
1234 1460 1337 1528 vel
1367 1459 1689 1528 convictio
1720 1481 1943 1528 rerum
1970 1481 2106 1527 non
2140 1457 2597 1550 apparentium
2634 1481 2650 1524 ς
2683 1457 2844 1548 quia
2871 1457 2926 1524 si
2956 1455 3118 1525 fides
3159 1464 3276 1536 est,
3316 1479 3398 1525 ex
3425 1478 3504 1525 co
3527 1457 3932 1539 convincitur

739 1586 805 1647 et
828 1580 1173 1670 probatur,
1204 1577 1429 1668 aliqua
1456 1599 1592 1645 esse
1617 1598 1751 1644 non
1779 1575 2186 1667 apparentia,
2217 1596 2371 1642 cum
2400 1573 2566 1642 fides
2587 1594 2723 1642 non
2750 1573 2835 1640 sit
2861 1571 2990 1641 nisi
3016 1572 3097 1640 de
3125 1595 3260 1641 non
3287 1571 3784 1664 apparentibus

827 1695 942 1763 Ait
970 1694 1147 1762 enim
1195 1693 1551 1785 Apostolus
1575 1692 1597 1725 ’
1632 1718 1647 1759 ε
1681 1691 1875 1761 Fides
1918 1703 2016 1761 est
2049 1692 2427 1761 substantia
2463 1715 2686 1760 rerum
2730 1689 3251 1782 sperandarum,
3302 1703 3804 1782 arqumentum,
3833 1692 3927 1761 vel
3986 1714 4088 1758 nem

741 1810 1093 1895 convictio,
1123 1833 1258 1879 non
1284 1810 1780 1902 apparentium,
1812 1809 1964 1902 quia
1997 1832 2114 1901 per
2141 1809 2341 1878 fidem
2376 1809 2743 1878 subsistunt
2767 1807 2839 1874 in
2885 1806 3074 1875 nobis
3112 1806 3309 1876 etiam
3352 1807 3548 1876 modo
3592 1806 3926 1900 speranda,

739 1936 806 1996 et
830 1927 1197 1995 subsistunt
1223 1927 1295 1995 in
1334 1927 1562 1995 futuro
1607 1949 1723 2019 per
1768 1926 2265 2018 experientiam.
2315 1925 2397 1994 Et
2432 1925 2574 2017 ipsa
2614 1932 2711 1993 est
2752 1923 3051 2016 probatio
3099 1932 3164 1992 et
3203 1924 3526 1994 convictio
3562 1947 3706 1995 non
3750 1949 3932 2019 appa-

743 2043 1058 2129 rentium,
1090 2044 1251 2135 quia
1276 2043 1332 2111 si
1359 2043 1514 2135 quis
1539 2044 1620 2111 de
1659 2043 1763 2112 his
1807 2042 2085 2129 dubitet,
2136 2066 2255 2135 per
2288 2041 2487 2111 fidem
2535 2041 2929 2132 probantur,
2986 2049 3063 2109 ut
3098 2040 3314 2109 adhuc
3355 2041 3676 2132 probatur
3726 2043 3935 2113 futura

744 2160 1164 2244 resurrectio,
1196 2159 1354 2253 quia
1381 2160 1473 2229 ita
1499 2159 1919 2228 crediderunt
1949 2159 2327 2252 patriarchae
2356 2167 2420 2228 et
2455 2158 2572 2226 alii
2613 2157 2860 2244 sancti3
2894 2157 2999 2226 vel
3039 2157 3336 2250 probatio
3381 2166 3481 2226 est
3517 2167 3582 2227 et
3620 2160 3933 2231 certitudo

744 2277 923 2369 quod
965 2277 1098 2345 sint
1133 2277 1360 2369 aliqua
1395 2298 1527 2345 non
1578 2276 1993 2368 apparentia,
2039 2285 2118 2344 ut
2157 2297 2358 2368 supra
2404 2275 2654 2343 dictum
2700 2282 2819 2342 est.
2867 2274 3144 2366 Proprie
3202 2282 3425 2343 tamen
3486 2274 3651 2345 fides
3710 2276 3935 2346 dicitur

745 2394 1112 2463 substantia
1160 2416 1384 2462 rerum
1414 2393 1915 2486 sperandarum,
1978 2392 2140 2486 quia
2190 2390 2530 2484 sperandis
2606 2391 2885 2478 substat,
2948 2399 3015 2459 et
3068 2390 3228 2483 qnia
3283 2390 3799 2462 fundamentum
3849 2401 3934 2461 cst

745 2510 1100 2596 bonorum,
1132 2510 1310 2603 quod
1339 2533 1534 2579 nemo
1560 2518 1816 2579 mutare
1842 2518 2075 2602 potest.

832 2627 906 2695 Si
932 2649 1090 2695 vero
1116 2627 1441 2718 quaeritur
1471 2650 1555 2694 an
1593 2626 1732 2696 haec
1777 2626 2126 2719 descriptio
2165 2627 2303 2720 spei
2347 2625 2719 2712 conveniat,
2768 2648 2925 2695 sane
2968 2626 3234 2695 concedi
3273 2634 3484 2719 potest
3522 2628 3926 2697 utrumlibet.

3948 1778 4087 1834 „aaa

3990 2635 4087 2678 Anah

3950 2699 4087 2749 «lawr

742 2744 814 2812 Si
842 2751 1061 2812 autem
1093 2743 1348 2811 dicatur
1374 2743 1752 2829 convenire,
1783 2752 1939 2811 sunt
1967 2751 2033 2811 ct
2058 2744 2189 2812 alia
2214 2743 2433 2835 plura,
2473 2742 2719 2836 quibus
2754 2742 3072 2811 differunt
3114 2742 3277 2811 fides
3314 2750 3379 2811 et
3421 2765 3592 2834 spes.
3633 2743 3769 2813 Sed
3811 2767 3931 2812 non
3963 2760 4075 2811 time

740 2860 1038 2953 improbe
1064 2860 1191 2928 dici
1220 2867 1431 2951 potest
1457 2860 1582 2929 soli
1610 2860 1767 2928 fidei
1794 2860 2170 2948 convenire,
2207 2882 2340 2928 non
2364 2859 2527 2952 spei,
2560 2860 2721 2951 quia
2747 2858 2911 2928 fides
2939 2860 3079 2928 sola
3117 2858 3629 2929 fundamentum
3678 2861 3927 2948 dicitur,

741 3000 877 3046 non
931 2977 1089 3068 quia
1140 2976 1302 3044 fides
1352 2977 1567 3045 virtus
1614 2977 1816 3068 possit
1854 3000 1990 3045 esse
2036 2977 2177 3046 sine
2219 3000 2332 3069 spe
2385 2986 2449 3045 et
2502 2977 2841 3054 charitate.
2895 2976 3087 3045 Unde
3138 2976 3557 3066 Augustinus
3585 2979 3656 3045 ⁸:
3698 2978 3932 3046 «Fides

744 3116 1022 3188 operans
1047 3115 1165 3186 per
1190 3093 1605 3163 dilectionem
1635 3094 1868 3186 utique
1907 3094 2048 3164 sine
2086 3117 2199 3188 spe
2244 3116 2380 3164 esse
2425 3117 2560 3163 non
2600 3100 2808 3187 potest
2821 3120 2839 3181 ;
2889 3115 3010 3163 nec
3050 3116 3237 3163 amor
3280 3093 3422 3162 sine
3461 3116 3608 3187 spe;
3651 3117 3775 3166 nec
3809 3096 3932 3164 sine

741 3232 968 3279 amore
993 3232 1175 3302 spes3
1205 3233 1324 3278 nec
1352 3219 1715 3303 utrumque
1743 3212 1883 3280 sine
1912 3210 2078 3298 fide3
2112 3219 2177 3280 et
2203 3211 2368 3281 fides
2396 3211 2538 3280 sine
2585 3233 2807 3280 amore
2849 3210 3018 3278 nihil
3068 3209 3352 3302 prodest.
3401 3238 3435 3276 »
3468 3211 3694 3280 Potest
3734 3219 3934 3281 tamen

739 3326 917 3395 credi
971 3325 1259 3419 aliquid,
1306 3326 1484 3418 quod
1533 3349 1666 3396 non
1714 3337 2052 3419 speratur3
2111 3327 2281 3396 nihil
2325 3337 2551 3397 autem
2607 3335 2814 3420 potest
2868 3326 3152 3420 sperari,
3207 3328 3384 3420 quod
3443 3351 3582 3396 non
3634 3328 3929 3398 creditur.

736 3443 1027 3534 Ideoque
1052 3442 1336 3528 credere,
1376 3444 1557 3536 quod
1587 3453 1683 3512 est
1709 3452 1893 3513 actus
1918 3444 2098 3532 fidei,
2131 3444 2523 3514 naturaliter
2552 3443 2858 3536 praecedit
2886 3466 3170 3535 sperare,
3202 3443 3377 3535 quod
3423 3453 3521 3512 est
3558 3453 3746 3513 actus
3786 3444 3929 3537 spei,

738 3559 896 3651 quia
949 3559 1079 3628 nisi
1135 3559 1392 3651 aliquid
1455 3560 1783 3646 credatur,
1839 3584 1974 3629 non
2018 3568 2230 3652 potest
2284 3560 2554 3653 sperari.
2615 3560 2926 3629 Creditur
2977 3561 3154 3628 enim
3209 3559 3463 3653 aliquid
3490 3614 3509 3646 ,
3581 3562 3765 3654 quod
3815 3583 3933 3629 non

736 3683 1062 3768 speratur.
1094 3675 1257 3743 Inde
1287 3676 1585 3768 estquod
1614 3676 1684 3744 in
1711 3677 2037 3769 scriptura
2063 3677 2458 3770 plerumque
2488 3676 2837 3769 reperitur,
2870 3676 3050 3768 quod
3080 3676 3243 3745 fides
3290 3677 3591 3767 praecedit
3628 3702 3837 3771 spem,
3878 3685 3936 3746 et

736 3815 884 3884 spes
910 3791 1213 3885 sequitur
1240 3790 1442 3859 fidem
1479 3816 1496 3858 ε
1529 3815 1663 3861 non
1689 3793 1870 3885 quod
1898 3793 2110 3863 virtus
2140 3794 2297 3863 fidei
2338 3792 2664 3886 praecedat
2704 3792 3014 3861 virtutem
3057 3792 3195 3883 spei
3242 3800 3540 3885 tempore
3574 3796 3682 3863 vel
3724 3817 3927 3884 causa,

737 3908 848 3976 sed
881 3907 1041 3999 quia
1071 3915 1254 3975 actus
1282 3908 1435 3976 fidei
1478 3910 1865 3978 naturaliter
1905 3910 2211 4002 praecedit
2250 3918 2470 3979 actum
2499 3909 2638 4002 spei
2665 3933 2680 3976 ε
2715 3907 2895 4001 quod
2932 3908 3128 3976 etiam
3157 3908 3429 4001 quidam
3457 3911 3824 3982 concedunt
3863 3912 3930 3980 de

738 4025 878 4116 ipsa
907 4023 1153 4092 virtute
1202 4023 1385 4111 fidei,
1428 4032 1506 4093 ut
1545 4027 1936 4096 naturaliter
1982 4028 2305 4119 praecedat
2345 4050 2553 4119 spem,
2592 4049 2726 4096 non
2767 4035 3078 4118 tempore.
3138 4027 3321 4097 Unde
3360 4036 3425 4097 et
3472 4037 3646 4099 recte
3693 4054 3772 4101 ea
3810 4029 3930 4100 sola

737 4140 983 4210 dicitur
1009 4141 1519 4211 fundamentum
1547 4144 1850 4212 omnium
1876 4144 2203 4213 virtutum
2233 4153 2298 4213 et
2322 4145 2648 4213 bonorum
2677 4166 2976 4237 operum.
3010 4143 3159 4214 Non
3188 4154 3409 4215 autem
3433 4147 3929 4218 fundamentum

738 4264 835 4324 est
895 4256 1272 4344 charitatiS,
1325 4259 1486 4351 quia
1540 4283 1676 4329 non
1722 4262 1863 4351 ipsa
1905 4260 2275 4349 charitatis,
2322 4262 2434 4330 sed
2471 4260 2753 4330 charitas
2795 4260 3003 4352 ipsius
3046 4261 3310 4330 virtutis
3367 4262 3523 4332 fidei
3578 4287 3780 4335 causa
3819 4272 3923 4335 est.

735 4372 1041 4442 Charitas
1093 4375 1270 4443 enim
1312 4398 1509 4445 causa
1535 4385 1631 4445 est
1671 4386 1735 4447 et
1783 4386 1991 4447 mater
2040 4378 2343 4448 omnium
2378 4378 2738 4447 virtutum:
2784 4399 2933 4469 quae
2977 4377 3033 4445 si
3078 4377 3278 4465 desit,
3325 4379 3569 4449 frustra
3613 4381 3927 4453 habentur

735 4499 1000 4577 caetera3
1062 4491 1119 4559 si
1173 4499 1395 4561 autem
1451 4493 1656 4579 adsit,
1719 4494 2051 4564 hahentur
2104 4494 2328 4564 omnia
2364 4493 2416 4563 ⁸.
2491 4494 2789 4564 Charitas
2862 4494 3039 4563 enim
3117 4495 3405 4587 Spiritus
3474 4507 3742 4570 sanctus
3804 4508 3922 4586 est,

738 4614 814 4676 ut
872 4608 943 4675 in
1013 4610 1466 4701 superioribus
1492 4611 1515 4645 ⁸
1564 4619 1997 4703 praetaxatum
2043 4622 2163 4681 est.
2221 4614 2369 4705 Ipsa
2417 4619 2513 4680 est
2564 4634 2722 4701 ergo
2769 4634 2966 4680 causa
3017 4612 3315 4681 omnium
3380 4613 3748 4706 virtutum3
3809 4640 3927 4686 non

734 4723 946 4815 ipsius
994 4724 1220 4817 aliqua
1272 4726 1600 4797 virtutum
1635 4751 1832 4798 causa
1867 4738 2003 4817 est,
2055 4729 2217 4822 quia
2258 4728 2483 4798 omnia
2537 4750 2816 4797 munera
2868 4728 3151 4797 excellit.
3190 4729 3381 4798 Unde
3421 4732 3921 4821 Augustinus⁸z

746 4866 781 4906 α
820 4841 1095 4935 Respice
1139 4843 1224 4912 ad
1267 4866 1547 4913 munera
1597 4845 1928 4936 Ecclesiae,
1971 4855 2034 4916 et
2064 4846 2394 4916 universis
2428 4844 2853 4915 excellentius
2884 4844 3218 4915 charitatis
3260 4870 3509 4918 munus
3541 4871 3918 4942 cognosces:

737 4980 914 5051 quae,
970 4967 1049 5028 ut
1113 4960 1374 5048 oleum,
1447 4984 1576 5031 non
1635 4962 1864 5056 ‘potest
1930 4965 2143 5058 premi
2186 4964 2478 5049 inimo,
2535 4963 2648 5032 sed
2699 4962 3156 5054 superebullit.
3238 4987 3273 5027 ι)
3345 4962 3494 5034 Non
3564 4989 3721 5058 ergo
3795 4971 3920 5062 ejus

736 5097 934 5144 causa
997 5077 1106 5145 vel
1172 5077 1685 5149 fundamentum
1756 5080 1920 5151 fides
1981 5090 2101 5151 est.
2173 5080 2529 5172 Gregorius
2580 5087 2800 5149 tamen
2827 5131 2847 5167 ,
2898 5102 3088 5172 super
3135 5080 3549 5152 Ezechielem
3610 5090 3666 5170 ⁷,
3734 5086 3915 5171 dicit,

736 5191 897 5283 quia
959 5217 995 5258 α
1049 5192 1178 5261 nisi
1230 5194 1416 5287 prius
1483 5195 1648 5267 fides
1705 5206 2035 5288 teneatur,
2117 5200 2499 5270 nullatenus
2559 5197 2643 5266 ad
2714 5197 3126 5290 spiritualem
3190 5221 3484 5270 amorem
3564 5202 3913 5296 attingitur.

799 5363 818 5398 ¹
847 5365 1001 5427 Aug„
1027 5363 1082 5412 in
1105 5365 1246 5415 Joan.
1279 5368 1493 5434 Evanq„
1523 5372 1671 5421 tract.
1702 5382 1790 5434 XL,
1818 5386 1871 5422 n.
1898 5375 1959 5435 93
1984 5376 2133 5424 tract.
2159 5383 2326 5438 xxvu,
2346 5384 2403 5423 n.
2430 5374 2479 5422 9.
2496 5397 2561 5410 --
2578 5371 2601 5406 ¹
2619 5368 2793 5434 Helm,
2813 5382 2885 5428 xl,
2914 5376 2960 5422 1.
2983 5370 3082 5409 —⁸
3108 5371 3258 5433 Aug„
3284 5370 3511 5432 nncht‘r„
3535 5387 3576 5422 c.
3600 5385 3715 5433 vm,
3742 5389 3793 5426 n.
3815 5379 3916 5427 2.-

736 5431 759 5467 ⁸
785 5434 858 5484 ld.
876 5433 957 5498 ,de
984 5434 1139 5483 leuel.
1165 5436 1370 5500 char-ft„
1399 5439 1450 5490 iu
1470 5441 1669 5503 princ.;
1698 5442 1751 5489 in
1769 5444 1909 5493 Joan.
1936 5444 2151 5507 Evanq„
2178 5448 2324 5494 tract.
2356 5453 2524 5502 xxxlt,
2555 5454 2608 5492 n.
2638 5443 2695 5505 83
2717 5445 3094 5501 tractuum,
3116 5455 3171 5491 n.
3202 5447 3250 5505 35
3283 5443 3333 5490 in
3360 5442 3444 5491 Ps.
3473 5456 3616 5507 cxxl,
3645 5449 3693 5510 6,
3724 5447 3913 5510 Eam-m,

735 5518 791 5566 Β·
817 5509 895 5557 1⁰·
918 5532 983 5546 —
1002 5505 1150 5558 ‘Lib·
1183 5509 1222 5580 Ι,
1253 5509 1366 5562 dist.
1397 5523 1532 5563 xvu.
1559 5539 1619 5557 —2
1641 5512 1662 5546 ⁸
1684 5514 1836 5579 Aug„
1864 5514 1925 5564 de
1950 5515 2105 5565 Laud.
2128 5515 2335 5579 charit,
2361 5515 2415 5567 in
2444 5514 2608 5580 princ.
2637 5536 2697 5550 -
2715 5512 2737 5549 '¹
2767 5515 2942 5577 Greg„
2971 5513 3023 5562 in
3048 5511 3247 5578 Enoch„
3273 5512 3418 5564 hom.
3454 5526 3565 5579 rvr,
3589 5520 3708 5569 ante
3731 5518 3864 5572 med.

3970 2836 4067 2871 πῖθ’

3990 2891 4058 2934 Bm·
