4185 6288
1604 450 1983 519 msrmc'r.
2025 451 2131 519 111.

277 589 510 654 animal
549 589 812 666 album;
840 610 872 648 n
904 589 994 653 ita
1029 588 1381 654 necessario
1419 586 1601 670 sequi
1640 585 1818 652 vide-

277 701 428 761 tur:
463 720 494 757 c
522 696 631 761 Est
665 697 1022 762 substantia
1056 715 1190 761 non
1216 695 1439 760 divina
1458 741 1477 772 ,
1508 713 1669 777 ergo
1697 694 1820 759 ali-

279 804 428 888 quid
457 823 589 869 non
615 804 934 868 divinum.
972 827 1004 864 »

358 911 540 996 Raep.
606 912 957 979 Dicendum
1020 912 1189 995 quod
1243 912 1383 976 haec
1447 914 1541 975 est
1598 929 1754 975 vera
1801 930 1816 972 ε

286 1045 318 1079 α
343 1021 629 1085 Christus
659 1026 754 1084 est
779 1020 1016 1104 aliquid
1043 1020 1337 1085 divinum
1364 1042 1380 1099 ;
1406 1042 1437 1079 »
1476 1024 1539 1083 31
1563 1019 1703 1083 haec
1731 1021 1826 1081 est

273 1127 430 1190 falsa
457 1151 471 1192 :
511 1151 543 1185 «
570 1127 860 1191 Christus
886 1131 981 1191 est
1008 1126 1249 1210 aliquid
1279 1144 1410 1191 non
1440 1126 1755 1191 divinum.
1784 1149 1814 1185 ι)

278 1231 402 1297 Nec
429 1239 525 1298 est
553 1233 764 1298 simile
790 1234 870 1299 de
897 1234 1020 1298 hoc
1046 1234 1306 1298 nomine
1335 1235 1637 1313 Divinus,
1662 1235 1824 1299 etde

275 1338 396 1402 hoc
423 1340 688 1403 nomine
722 1340 1116 1424 Dominicu&
1151 1337 1314 1403 Nam
1336 1340 1450 1404 etsi
1477 1344 1826 1420 utrumque

277 1446 356 1508 sit
381 1446 849 1528 possessorium
866 1493 884 1523 ,
930 1449 1144 1510 tamen
1185 1447 1562 1512 Dominicus
1587 1446 1827 1530 impor-

279 1557 366 1616 tat
393 1554 558 1617 circa
583 1553 742 1617 illud
762 1603 779 1630 ‚
822 1553 901 1617 de
931 1572 1060 1636 quo
1087 1553 1342 1634 dicitur,
1370 1555 1822 1637 possessionem

277 1678 391 1743 per
421 1661 689 1750 modum
735 1661 1045 1744 passionis
1086 1684 1102 1725 ε
1136 1662 1367 1726 dicitur
1406 1662 1579 1725 enim
1610 1662 1824 1727 Domi-

280 1769 467 1832 m'cus
495 1787 537 1831 a
566 1766 839 1831 Domino
865 1768 1156 1847 babituS,
1190 1768 1289 1832 vel
1330 1787 1673 1851 possessus,
1706 1767 1830 1832 Sed

277 1875 583 1940 divinum
613 1875 847 1939 dicitur
879 1877 956 1957 (a)
991 1894 1121 1940 non
1166 1876 1374 1940 solum
1409 1894 1523 1959 per
1562 1877 1828 1940 modum

281 1983 612 2065 passionis,
645 1983 753 2047 sed
782 1991 844 2047 et
874 2001 987 2066 per
1014 1983 1273 2048 modum
1315 1982 1581 2047 actionis
1622 2006 1637 2046 z
1679 1983 1834 2064 quia

279 2090 576 2153 divinum
634 2091 867 2155 dicitur
929 2091 1097 2173 quod
1147 2091 1338 2155 habet
1396 2090 1790 2154 divinitatem
1812 2140 1828 2166 ,

281 2216 397 2280 per
449 2216 648 2281 quem
700 2197 962 2262 modum
1017 2198 1348 2263 consuevit
1388 2198 1512 2262 dici
1567 2216 1834 2280 persona

282 2305 528 2367 divina.
565 2304 638 2367 Et
679 2308 941 2387 propter
980 2305 1100 2368 hoc
1143 2306 1505 2369 conceditur
1532 2305 1651 2367 ista
1691 2309 1830 2367 tan-

282 2435 481 2499 quam
531 2434 687 2479 vera
736 2438 750 2479 ε
808 2438 842 2473 a
886 2415 1171 2480 Christus
1232 2419 1325 2479 est
1382 2414 1621 2496 aliquid
1668 2415 1837 2477 divi-

283 2542 485 2600 num,
536 2547 568 2582 n
625 2524 779 2606 quia
824 2528 918 2587 est
961 2543 1235 2607 persona
1285 2524 1521 2587 divina.
1577 2527 1647 2585 Et
1696 2523 1836 2586 ideo

285 2630 590 2713 Magister
615 2630 785 2694 hanc
825 2636 1018 2712 negat
1053 2653 1067 2696 ε
1111 2654 1142 2690 α
1172 2630 1454 2696 Christus
1481 2635 1573 2693 est
1598 2631 1835 2714 aliquid

285 2757 416 2802 non
459 2737 796 2817 divinum;
828 2761 858 2797 n
906 2743 970 2803 et
1015 2738 1168 2803 dicit
1208 2739 1378 2821 quod
1422 2739 1563 2803 baec
1609 2757 1837 2802 conse-

285 2846 550 2927 quentia
593 2863 727 2908 1103
757 2849 941 2910 -tenet
991 2868 1006 2908 :
1073 2868 1102 2905 α
1150 2845 1434 2910 Christus
1484 2847 1836 2910 secundum

286 2954 460 3035 quod
499 2956 835 3032 creatura,
881 2958 975 3017 est
1020 2952 1258 3036 aliquid
1302 2972 1434 3018 non
1477 2954 1771 3019 divinum
1817 2972 1832 3014 t

289 3078 451 3142 3130
494 3065 593 3125 351
632 3059 873 3144 aliquid
913 3078 1044 3125 303
1090 3059 1386 3125 divinum
1433 3081 1449 3124 ε
1497 3084 1529 3122 n
1575 3060 1727 3144 quia
1771 3062 1839 3124 in

287 3171 500 3253 prima
541 3173 830 3233 removet
854 3167 1112 3252 negatio
1139 3169 1534 3233 divinitatem
1565 3188 1605 3233 a
1632 3173 1841 3233 creata

290 3280 559 3355 natura,
589 3276 698 3340 sed
725 3276 794 3339 in
835 3275 1240 3339 conclusione
1283 3281 1570 3340 removet
1618 3295 1657 3340 3
1689 3294 1840 3358 per-

289 3402 448 3448 sona
477 3386 738 3447 aeterna.
769 3380 837 3446 Si
862 3384 1080 3446 autem
1108 3383 1426 3464 quaeritur
1453 3388 1671 3447 utrum
1701 3384 1840 3448 baec

290 3492 371 3554 sit
414 3488 861 3554 concedenda:
912 3511 944 3548 a
978 3487 1263 3555 Christus
1304 3494 1398 3554 351
1430 3490 1626 3555 110130
1669 3490 1840 3555 divi-

293 3617 454 3677 nus,
483 3620 517 3657 1>
563 3595 902 3660 dicendum
946 3591 1118 3678 quo‘d
1155 3614 1285 3660 non
1316 3619 1332 3660 ι
1368 3615 1520 3661 3331
1564 3616 1712 3661 cum
1751 3599 1841 3661 sic

287 3705 527 3768 dicitur
549 3752 566 3783 ‚
597 3703 867 3769 divinus
894 3721 1028 3767 non
1060 3708 1267 3786 potest
1300 3704 1508 3769 dicere
1536 3704 1840 3769 divinita-

295 3818 425 3878 tem
450 3830 570 3895 per
596 3811 864 3883 modum
891 3810 1319 3891 informantiS,
1352 3829 1466 3877 nec
1500 3813 1839 3896 possessio·

293 3936 445 3984 nem
493 3935 611 4001 per
661 3918 930 3981 modum
976 3917 1278 3996 33110315,
1325 3918 1435 3982 sed
1478 3918 1687 3982 solum
1729 3936 1842 4001 per

293 4025 562 4090 modum
595 4023 924 4107 passionis,
955 4041 1069 4107 per
1094 4042 1287 4107 quem
1316 4026 1582 4090 modum
1611 4025 1842 4089 dicitur

293 4132 741 4200 divinissimus
767 4131 1024 4208 Paulus,
1056 4130 1159 4199 vel
1185 4131 1624 4197 divinissimus
1646 4132 1680 4196 J
1684 4151 1837 4197 oan-

292 4259 426 4305 nes.
471 4239 655 4304 Unde
689 4237 1059 4322 impropriae
1102 4243 1256 4303 sunt
1296 4239 1474 4304 tales·
1492 4237 1843 4305 locutiones

292 4349 369 4414 de
412 4347 685 4414 Christo.
716 4345 1057 4430 Propterea
1082 4346 1384 4430 Magister
1420 4348 1707 4413 concedit
1732 4369 1842 4413 ea-

292 4475 445 4522 rum
466 4457 811 4542 oppositas,
842 4472 992 4520 cnm
1021 4454 1171 4520 dicit
1201 4477 1216 4519 ε
1254 4478 1284 4515 «
1313 4454 1597 4522 Christus
1623 4473 1844 4521 secun-

294 4564 453 4628 dum
477 4562 815 4627 hominem
840 4563 936 4624 oet
965 4561 1177 4644 aliqua
1206 4561 1559 4627 substantia
1578 4582 1709 4628 non
1741 4565 1839 4629 di-

296 4673 452 4738 vina
476 4720 501 4753 ,
535 4696 569 4733 »
625 4671 692 4736 111
737 4671 832 4734 351
877 4688 1008 4734 303
1070 4669 1409 4735 informata
1468 4670 1798 4737 divinitate
1820 4718 1839 4747 ,

297 4779 452 4864 quia
476 4783 571 4843 351
595 4776 951 4841 substantia
977 4781 1187 4841 creata
1217 4798 1233 4840 ε
1261 4776 1404 4841 ideo
1432 4795 1586 4841 sane
1617 4794 1845 4842 conce-

299 4890 396 4955 dit
437 4887 824 4972 praemissas,
871 4891 936 4950 31
974 4890 1168 4967 negat
1210 4885 1706 4968 conclusionem,
1755 4886 1845 4951 di-

297 5014 450 5061 cens
472 4999 805 5079 peccatum
832 5009 968 5058 3553
992 4990 1062 5056 13
1085 4991 1198 5057 1311
1222 4992 1561 5059 1031111033.

932 5184 1074 5232 mm.
1110 5183 1203 5229 IV.

657 5303 734 5356 Ex
758 5299 978 5367 tropicis
1000 5298 1370 5363 locutionibus,
1394 5301 1494 5351 etc.

375 5430 638 5499 Videtur
657 5430 837 5517 quod
863 5428 1141 5495 verbnm
1170 5427 1330 5492 illud
1356 5426 1517 5493 nihil
1544 5425 1736 5493 133131
1757 5425 1838 5491 ad

3340 462 3461 523 243

1929 587 2348 670 propositum,
2376 588 2532 670 quia
2570 588 2750 654 311113
2770 589 3038 654 istarum
3077 590 3472 657 locutionum

1930 698 2023 757 est
2047 694 2325 776 tropica:
2350 695 2527 759 nulla
2550 696 2723 760 enim
2751 696 2839 759 ibi
2868 701 2962 761 est
2986 701 3469 783 transsumptiO,

1930 801 2061 864 imo
2108 801 2460 867 secundum
2511 804 2961 888 proprietatem
3017 808 3328 870 sermonis
3372 808 3475 872 di-

1930 911 2189 971 cuntur.
2223 907 2381 972 Item
2421 910 2678 975 videtur
2716 930 2853 976 3553
2889 911 3157 992 falsum,
3186 915 3358 996 quod
3394 933 3477 979 33

1931 1017 2187 1098 tropicis
2212 1017 2638 1083 locutionibus
2661 1038 2793 1083 non
2818 1023 2912 1084 est
2942 1026 3113 1084 13313
3137 1038 3478 1102 argumen-

1932 1123 2187 1186 tationis
2213 1124 2526 1205 processio
2551 1147 2568 1203 ;
2601 1125 2756 1209 quia
2779 1130 2893 1191 aut
2929 1131 3083 1191 sunt
3125 1145 3295 1191 verae
3320 1176 3338 1207 ‚
3367 1131 3479 1191 aut

1931 1228 2106 1293 falsae
2153 1253 2168 1292 z
2213 1229 2266 1293 si
2317 1249 2517 1308 verae,
2567 1251 2650 1297 ex
2690 1233 2860 1298 veris
2908 1235 3206 1299 convenit
3248 1235 3479 1300 inferre

1935 1351 2164 1398 verum
2212 1352 2231 1397 ε
2274 1355 2435 1419 3130
2466 1342 2638 1403 13313
2675 1342 2881 1422 ρο1351
2920 1358 3004 1405 33
3030 1340 3264 1404 talibus
3300 1340 3480 1405 locu-

1935 1443 2219 1507 tionibus
2266 1448 2740 1527 argumentatio
2787 1448 2951 1511 fleri.
3004 1446 3072 1511 Si
3116 1446 3331 1524 falsae;
3371 1448 3480 1511 sed

1936 1569 2018 1616 ex
2054 1550 2224 1614 131515
2263 1555 2469 1635 ρο1351
2509 1559 2674 1618 13313
2722 1554 2940 1618 inferri
2981 1553 3237 1633 falsum,
3280 1558 3485 1636 potest

1938 1656 2129 1721 etiam
2178 1663 2240 1722 31
2283 1677 2514 1722 verum
2560 1682 2575 1723 ε
2609 1677 2766 1742 3130
2806 1660 3060 1725 videtur
3106 1661 3280 1742 quod
3323 1659 3484 1725 nihil

1936 1765 2017 1828 sit
2060 1766 2303 1830 dictum
2351 1768 2474 1831 hoc
2495 1816 2512 1844 ‚
2559 1767 2730 1850 quod
2779 1766 3083 1849 Magister
3139 1768 3309 1831 dicit.
3372 1767 3487 1830 Hic

1939 1871 2132 1936 etiam
2198 1874 2429 1938 modus
2472 1874 2758 1939 solvendi
2814 1875 3068 1940 videtur
3114 1874 3442 1939 inauditus
3465 1922 3483 1952 ,

1940 1980 2092 2061 quia
2136 1999 2267 2045 non
2315 1985 2408 2044 est
2451 1999 2566 2064 per
2597 1982 3185 2065 interemptionem,
3218 2001 3335 2047 nec
3376 2001 3491 2066 per

1941 2083 2383 2153 diffinitionem
2418 2108 2435 2152 :
2463 2089 2679 2153 nullus
2706 2090 2879 2154 enim
2910 2091 3086 2155 locus
3108 2089 3491 2172 sophisticus

1942 2200 2064 2270 est,
2097 2214 2215 2259 nec
2244 2197 2309 2259 in
2342 2196 2617 2261 dictione
2638 2245 2659 2275 ,
2688 2215 2805 2260 nec
2833 2200 3050 2275 extra,
3080 2201 3265 2278 cujus
3292 2197 3493 2262 disso-

1941 2305 2101 2369 lutio
2129 2310 2344 2371 currat
2370 2309 2724 2372 secundum
2753 2307 2918 2372 113113
2947 2309 3146 2372 viam.

2023 2410 2209 2497 Resp.
2240 2414 2591 2480 Dicendum
2619 2415 2792 2498 quod
2819 2415 3101 2497 tropicus
3138 2432 3348 2478 sermo
3371 2415 3495 2480 du-

1943 2521 2187 2602 pliciter
2233 2528 2439 2605 potest
2465 2524 2611 2588 dici.
2647 2522 2786 2588 Uno
2823 2541 3105 2606 namque
3146 2523 3334 2587 modo
3362 2527 3495 2587 tro·-

1945 2629 2126 2710 picus
2165 2629 2396 2693 dicitur
2422 2648 2633 2694 sermo
2652 2679 2669 2710 ,
2701 2631 2770 2693 13
2797 2648 2927 2712 quo
2964 2632 3059 2694 351
3087 2628 3345 2712 aliquod
3390 2629 3495 2692 vi-

1943 2736 2108 2798 tium
2160 2735 2374 2819 aliquo
2437 2741 2621 2820 tropo
2689 2742 3086 2802 excusatum.
3146 2737 3257 2802 Est
3321 2737 3495 2801 enim

1944 2845 2167 2925 tropus
2204 2845 2455 2924 figura,
2490 2849 2554 2908 31
2589 2845 2807 2925 figura
2852 2848 2946 2910 est
2979 2844 3214 2909 vitium
3253 2844 3497 2908 ratione

1945 2954 2346 3013 excusatum.
2384 2951 2526 3016 Alio
2565 2952 2753 3018 modo
2781 2953 3014 3018 dicitur
3056 2971 3270 3017 sermo
3298 2952 3499 3034 tropi·-

1946 3072 2059 3118 cus
2099 3056 2370 3138 quilibet
2412 3077 2653 3138 sermn,
2687 3059 2801 3141 qui
2836 3058 3030 3124 habet
3063 3059 3345 3142 aliquam
3373 3061 3499 3124 im-

1946 3164 2431 3247 proprietatem,
2463 3167 2573 3232 sed
2606 3171 2822 3231 tamen
2850 3172 3197 3233 excusatur
3226 3186 3340 3250 per
3378 3167 3493 3231 ali·

1948 3289 2146 3353 quam
2211 3273 2832 3339 determinationem.
2896 3274 3058 3339 Cum
3125 3294 3282 3357 ergo
3351 3275 3503 3340 dicit

1947 3377 2287 3460 Magister,
2333 3380 2503 3463 quod
2545 3380 2664 3446 iste
2704 3400 2949 3460 5311110,
3002 3405 3035 3441 α
3080 3381 3367 3447 Christus
3408 3387 3501 3447 est

1950 3490 2243 3550 creatura
2288 3487 2640 3551 secundum
2682 3488 3014 3553 hominem
3029 3536 3050 3567 ,
3092 3512 3121 3547 n
3171 3494 3266 3553 est
3302 3490 3502 3573 tropi·-

1947 3610 2092 3672 cus;
2128 3592 2250 3657 hoc
2289 3593 2472 3672 dicit,
2504 3594 2655 3678 quia
2703 3595 2986 3677 aliquam
3026 3594 3218 3661 habet
3255 3597 3501 3680 impro-

1947 3698 2281 3781 prietatem
2309 3704 2806 3781 consurgentem
2833 3719 2915 3765 ex
2943 3704 3373 3784 repugnantia
3403 3703 3498 3766 in-

1947 3806 2344 3886 tellectuum,
2376 3824 2523 3890 quae
2567 3811 2936 3872 removetur
2964 3826 3076 3890 per
3105 3809 3500 3874 determina-

1948 3913 2186 3977 tionem
2227 3914 2619 3994 adjunctam.
2669 3912 2746 3978 Et
2777 3933 2896 3997 pro
2933 3919 3108 3980 tanto
3137 3921 3323 3981 vocat
3360 3917 3501 3981 Ma-

1945 4019 2146 4100 gister
2185 4020 2523 4102 praedictas
2558 4021 2907 4086 locutiones
2944 4023 3241 4105 tropicas.
3287 4023 3505 4090 Posset

1947 4127 2145 4191 etiam
2165 4127 2289 4191 dici
2306 4127 2476 4212 quod
2498 4130 2683 4194 vocat
2707 4146 2814 4193 335
2841 4129 3114 4211 11ορ1335
3135 4130 3499 4213 accipiendo

1945 4238 2207 4318 tropum
2243 4252 2362 4317 pro
2386 4221 2605 4315 figura
2638 4255 2655 4297 ι
2685 4240 2952 4317 possunt
2979 4235 3156 4301 enim
3186 4237 3311 4301 dici
3342 4238 3498 4303 tales

1945 4340 2293 4406 locutiones
2317 4340 2813 4426 synecdochicae‚
2852 4343 3004 4425 quia
3029 4344 3204 4426 quod
3231 4348 3325 4408 est
3352 4363 3496 4427 par-

1945 4453 2047 4533 tis,
2077 4453 2450 4517 attribuitur
2477 4452 2633 4532 toti,
2664 4457 2727 4515 31
2753 4453 3061 4536 accipitur
3087 4456 3270 4536 largo
3308 4457 3500 4523 modo

1943 4579 2100 4647 pars
2141 4568 2206 4628 et
2253 4570 2456 4632 totum
2474 4611 2494 4643 ,
2530 4568 2605 4627 ut
2647 4563 2896 4628 dicatur
2935 4565 3222 4630 humana
3265 4572 3499 4633 natura

1947 4670 2228 4752 quodam
2278 4670 2465 4735 modo
2508 4687 2657 4752 pars
2706 4674 2995 4753 respectu
3044 4671 3303 4752 Christi,
3348 4674 3498 4738 licet

1948 4796 2082 4842 non
2132 4779 2409 4862 proprie.
2460 4777 2540 4841 Et
2577 4778 2667 4842 sic
2709 4782 2911 4860 potest
2960 4779 3083 4844 dici
3126 4784 3295 4862 quod
3340 4782 3495 4847 tales

1947 4887 2300 4952 locutiones
2324 4886 2583 4969 tropicae
2611 4891 2761 4971 sunt
2773 4934 2796 4967 ‚
2840 4892 2903 4951 et
2929 4889 3098 4970 quod
3125 4889 3494 4970 figurativae

1919 4999 2102 5059 ‘sunt
2134 5013 2249 5078 per
2287 4994 2731 5078 synecdochen
2751 5041 2767 5073 ,
2798 4996 3150 5060 secundum
3186 5000 3358 5081 quod
3384 5019 3492 5083 sy·-

1949 5101 2269 5166 necdochc
2311 5106 2411 5166 est
2447 5102 2666 5183 flgura
2709 5100 3068 5168 locutionis.
3110 5103 3287 5175 Sicut
3320 5108 3495 5172 enim

1948 5208 2174 5273 dicunt
2225 5208 2417 5292 periti
2464 5208 2535 5271 in
2587 5208 3007 5288 grammatica
3032 5259 3053 5290 ‚
3098 5213 3494 5296 synecdoche

1950 5317 2292 5400 aliquando
2334 5304 2436 5382 351
2475 5317 2691 5399 figura
2734 5316 3072 5385 locutionis
3085 5367 3108 5400 ‚
3147 5322 3492 5407 aliquando

2017 5442 2207 5507 13)οα
2226 5442 2369 5496 Edit.
2393 5442 2528 5494 deest
2544 5441 2744 5495 dicitur.
