4185 6288
52 1043 287 1088 Fundam.

35 4853 124 4900 Ad
163 4865 275 4910 opp.

1201 465 1577 533 DISTINCT.
1622 466 1833 535 xxlv.
1877 469 2061 537 ΛΒΤ.
2108 472 2157 537 Ι.
2199 473 2499 551 QUAEST.
2548 478 2623 542 11.

846 706 1205 786 QUAESTIO
1247 708 1325 775 11.

320 867 414 923 An
438 868 567 941 fides
591 871 667 926 sit
694 872 838 926 circa
862 870 1054 928 bonum
1081 876 1350 942 creatum,
1377 873 1461 929 vel
1487 875 1787 931 increatum
1821 881 1862 930 ¹.

400 1025 629 1093 Utrum
666 1030 822 1095 fides
851 1031 933 1096 sit
977 1032 1144 1097 circa
1183 1051 1415 1099 verum
1461 1036 1768 1113 creatum,
1799 1037 1864 1099 et

318 1134 697 1217 increatum,
729 1156 813 1202 an
839 1138 1005 1205 circa
1050 1141 1404 1205 increatum
1433 1144 1686 1206 tantum
1710 1146 1861 1213 tan-

316 1264 514 1330 quam
541 1248 710 1311 circa
738 1249 1060 1332 objectum
1081 1252 1435 1335 proprium.
1462 1253 1541 1318 Et
1561 1253 1732 1336 quod
1752 1270 1862 1316 so-

316 1352 457 1417 lum
496 1354 578 1418 sit
629 1356 794 1421 circa
848 1376 1078 1422 verum
1133 1361 1491 1425 increatum
1508 1410 1527 1441 ,
1582 1362 1854 1427 videtur.

318 1458 534 1525 Primo
565 1480 675 1545 per
697 1464 839 1543 hoc,
871 1466 1042 1547 quod
1069 1467 1227 1531 fides
1254 1473 1348 1532 est
1391 1469 1596 1533 virtus
1623 1469 1862 1534 theolo-

317 1568 484 1650 gica.
528 1569 747 1635 Omnis
798 1573 970 1637 enim
1013 1574 1219 1639 virtus
1260 1576 1621 1658 theologica
1664 1578 1862 1643 habet

316 1674 519 1741 Deum
548 1696 662 1760 pro
688 1679 957 1761 objecto,
997 1686 1060 1744 et
1084 1683 1210 1746 fine
1244 1701 1262 1745 t
1294 1683 1349 1746 si
1377 1701 1537 1765 ergo
1565 1685 1713 1749 finis
1733 1686 1861 1749 vir-

316 1787 533 1850 tutum
560 1804 693 1850 non
718 1792 810 1851 est
833 1788 990 1870 quid
1016 1794 1325 1870 creatum,
1344 1791 1452 1855 sed
1475 1792 1853 1874 increatum,

314 1890 590 1969 videtur,
620 1896 738 1957 etc.

398 1997 558 2062 Item
577 1998 702 2065 hoc
729 2001 941 2084 ipsum
969 2002 1224 2069 videtur
1248 2024 1360 2088 per
1384 2005 1530 2086 hoc,
1565 2009 1738 2090 quod
1765 2014 1860 2072 est

313 2104 523 2170 virtus
550 2125 721 2173 una:
752 2109 905 2191 quia
922 2111 1112 2174 unica
1133 2112 1340 2176 virtus
1368 2115 1634 2178 unicum
1672 2115 1858 2180 debet

303 2213 551 2277 -habere
582 2215 903 2298 objectum
944 2240 960 2281 :
1000 2219 1052 2281 si
1095 2236 1253 2301 ergo
1278 2219 1436 2283 fides
1478 2222 1682 2286 virtus
1724 2241 1858 2287 una

314 2328 430 2400 esu
482 2326 544 2387 et
598 2328 879 2387 creatum
919 2329 981 2388 et
1017 2325 1373 2391 increatum
1410 2333 1564 2391 sunt
1608 2329 1858 2395 diversa

312 2428 598 2508 omnino;
629 2448 807 2511 ergo,
854 2430 906 2493 si
948 2431 1106 2496 fides
1148 2434 1338 2498 habet
1371 2453 1508 2499 esse
1543 2437 1707 2501 circa
1742 2457 1854 2504 ve-

312 2554 463 2600 rum
503 2536 881 2618 increatum,
903 2557 1034 2603 non
1063 2541 1257 2605 habet
1273 2560 1409 2607 esse
1437 2542 1604 2608 circa
1622 2562 1854 2612 verum

310 2645 620 2719 creatum,
647 2642 813 2706 sicut
836 2643 1003 2707 circa
1027 2644 1367 2727 objectum.

392 2748 553 2814 Item
594 2749 717 2814 hoc
741 2750 954 2834 ipsum
976 2751 1229 2817 videtur
1255 2771 1369 2835 per
1396 2753 1541 2833 hoc,
1572 2757 1745 2838 quod
1769 2758 1850 2821 fi-

310 2856 422 2922 des
447 2860 543 2921 est
567 2857 771 2922 virtus
792 2859 1162 2923 evacuanda
1179 2876 1292 2940 per
1311 2860 1538 2942 objecti
1566 2864 1665 2927 sui
1692 2883 1854 2947 prae·

308 2965 604 3045 sentiam,
634 2968 701 3029 et
722 2969 1009 3048 apertam
1036 2966 1371 3031 notitiam:
1396 2969 1503 3033 sed
1534 2970 1667 3035 sola
1688 2972 1853 3038 visio

310 3071 449 3136 veri
502 3072 776 3146 increati,
808 3078 903 3137 est
935 3073 1066 3151 illa,
1119 3091 1270 3157 quae
1317 3076 1653 3142 veritatem
1703 3080 1851 3146 fidei

310 3184 578 3246 evacuat
606 3182 800 3247 :tides
825 3182 999 3247 enim
1022 3201 1155 3248 non
1189 3189 1536 3250 evacuatur
1577 3186 1648 3251 in
1690 3189 1797 3253 via
1829 3211 1845 3253 x

312 3306 472 3371 ergo
490 3289 744 3354 videtur
766 3289 937 3371 quod
965 3288 1121 3355 fides
1156 3291 1364 3355 solum
1392 3291 1470 3355 sit
1517 3293 1586 3356 in
1617 3311 1851 3359 verum

310 3398 667 3463 increatum
697 3379 1005 3481 tanquam
1033 3399 1102 3462 in
1127 3398 1474 3482 objectum.

389 3505 546 3569 Item
596 3505 755 3570 fides
798 3511 889 3570 est
933 3506 1138 3571 virtus
1177 3526 1309 3589 qua
1354 3511 1696 3575 assentitur
1729 3512 1852 3596 ipsi

305 3613 545 3678 credito
573 3619 829 3695 propter
855 3631 924 3676 se
946 3617 1008 3676 et
1033 3631 1225 3696 super
1261 3616 1480 3680 omnia
1509 3639 1523 3681 ε
1557 3619 1665 3682 sed
1689 3618 1851 3683 nulli

301 3738 459 3785 vero
505 3724 598 3784 est
629 3723 889 3803 propter
931 3739 1000 3784 se
1042 3726 1106 3784 et
1143 3740 1337 3804 super
1372 3724 1588 3789 omnia
1631 3745 1851 3791 assen-

302 3828 621 3908 tiendum,
652 3829 774 3893 nisi
801 3829 973 3911 quod
1001 3833 1097 3893 est
1128 3847 1458 3894 summum
1487 3850 1742 3911 verum,
1787 3842 1851 3900 et

302 3954 537 4002 verum
587 3938 939 4001 increatum
971 3959 986 4002 ε
1018 3943 1188 4019 :ergo
1236 3938 1638 4006 solummodo
1683 3941 1851 4007 circa

302 4043 464 4110 illud
490 4044 771 4108 consistit
800 4043 949 4108 fidei
975 4044 1323 4126 objectum.

386 4150 545 4216 Item
579 4152 702 4216 hoc
730 4152 943 4235 ipsum
973 4150 1228 4215 videtur
1260 4170 1373 4234 per
1402 4153 1846 4220 diffinitionem

302 4260 552 4324 articuli
581 4279 618 4323 a
645 4259 955 4324 Richardo
982 4261 1219 4337 datam,
1250 4279 1380 4342 qua
1399 4260 1550 4325 dicit
1567 4263 1737 4344 quod
1752 4281 1849 4327 ar-

299 4367 534 4431 ticulus
562 4370 656 4432 est
682 4367 1084 4432 indivisibilis
1124 4368 1360 4434 veritas
1396 4368 1474 4432 de
1517 4368 1666 4449 Deo,
1703 4388 1841 4434 arc-

299 4479 442 4539 tans
465 4491 586 4537 nos
611 4473 688 4537 ad
723 4474 1111 4538 credendum
1137 4492 1334 4556 :ergo
1357 4475 1406 4537 si
1426 4475 1733 4540 articulus
1752 4482 1847 4542 est

299 4578 450 4642 fldei
475 4577 819 4659 objectum,
846 4577 1100 4643 videtur
1125 4578 1298 4660 quod
1320 4578 1478 4643 fides
1505 4580 1586 4643 sit
1633 4579 1844 4645 solum

301 4687 469 4750 circa
494 4703 723 4749 verum
750 4685 1128 4762 increatum,
1158 4691 1221 4751 et
1251 4686 1418 4751 circa
1445 4686 1667 4751 Deum.

383 4791 505 4858 Sed
524 4796 745 4857 contra
776 4814 793 4858 ι
818 4798 877 4857 1.
913 4791 1089 4859 Circa
1114 4793 1447 4860 veritatem
1465 4794 1534 4858 in
1553 4795 1844 4877 symbolo

303 4901 584 4966 consistit
622 4900 781 4965 fides
805 4904 1112 4982 tanquam
1141 4901 1309 4966 circa
1334 4900 1653 4983 objectum
1693 4921 1842 4985 pro·

299 5010 518 5092 prium
548 5027 567 5073 :
599 5009 710 5073 sed
746 5008 816 5072 in
841 5008 1130 5090 symbolo
1158 5027 1290 5073 non
1318 5008 1527 5072 solum
1553 5014 1706 5074 sunt
1729 5029 1839 5075 ar-

296 5117 472 5182 ticuli
518 5120 870 5200 spectantes
922 5115 1003 5179 ad
1057 5115 1357 5183 deitatem
1382 5164 1402 5196 ,
1460 5117 1592 5182 imo
1645 5118 1842 5182 etiam

360 5318 377 5353 ²
400 5316 482 5381 Cf.
510 5316 652 5368 Alex.
674 5315 867 5376 Alens„
892 5327 944 5378 p.
978 5314 1065 5376 ΙΙΙ,
1083 5327 1135 5378 q.
1156 5325 1340 5379 vam,
1362 5315 1553 5367 memb.
1579 5318 1628 5380 7,
1657 5320 1753 5368 art.
1784 5319 1811 5369 6
1821 5333 1839 5382 ;

296 5392 352 5440 S.
380 5389 582 5446 Thom..
618 5387 756 5449 11-11,
784 5400 837 5451 q.
866 5396 920 5448 1,
945 5389 1039 5434 art.
1068 5388 1126 5447 1;
1159 5388 1212 5437 ct
1247 5388 1312 5437 lu
1344 5386 1503 5451 Sene„
1535 5387 1650 5438 dist.
1682 5400 1837 5451 xx1v,

295 5474 349 5530 q.
373 5473 428 5532 1,
458 5463 555 5514 art.
585 5462 638 5520 t;
687 5460 740 5508 et
766 5456 828 5506 de
857 5455 1034 5532 Ver-it„
1068 5469 1120 5534 q.
1151 5467 1260 5520 xiv,
1305 5463 1400 5511 art.
1430 5461 1495 5521 83
1526 5459 1806 5516 Richardus
1827 5497 1844 5522 ,

3393 486 3506 545 521

1970 611 2325 689 spectantes
2366 610 2446 675 ad
2473 611 2942 678 humanitatem
2969 637 2985 678 ε
3015 632 3176 696 ergo
3197 616 3253 679 si
3276 616 3516 682 huma-

1969 711 2137 775 nitas
2163 729 2259 777 est
2276 714 2430 796 quid
2455 718 2766 797 creatum,
2796 718 2955 782 fides
2968 737 3100 783 non
3127 719 3336 785 solum
3358 739 3515 807 cou5

1969 815 2133 881 sistit
2158 819 2324 883 circa
2337 821 2671 886 veritatem
2684 823 3055 904 increatam,
3075 843 3306 891 verum
3320 827 3512 893 etiam

1970 924 2139 989 circa
2160 932 2458 993 creatam.

2050 1036 2114 1097 2.
2148 1031 2305 1098 Item
2330 1038 2526 1100 tantae
2558 1037 2996 1120 amplitudinis
3015 1043 3111 1103 est
3138 1042 3318 1120 fides,
3348 1041 3515 1107 sicut

1968 1144 2032 1205 et
2066 1141 2360 1218 charitas,
2404 1143 2509 1209 vel
2548 1145 2812 1226 majoris
2846 1167 2861 1209 :
2909 1146 3021 1211 sed
3064 1148 3339 1213 charitas
3379 1167 3515 1215 non

1967 1247 2410 1310 tantummodo
2463 1246 2676 1328 diligit
2718 1247 2968 1313 bonum
2994 1250 3371 1331 increatum,
3403 1253 3515 1318 sed

1966 1354 2161 1418 etiam
2194 1360 2501 1434 creatum,
2532 1356 2685 1437 quia
2725 1373 2859 1420 non
2886 1359 3330 1425 tantummodo
3364 1358 3518 1422 dili-

1967 1463 2064 1543 git
2085 1460 2311 1543 Deum,
2339 1463 2447 1528 sed
2489 1465 2685 1528 etiam
2722 1466 3095 1548 proximum
3125 1486 3141 1531 ε
3171 1486 3331 1549 ergo
3359 1468 3516 1533 fides

1965 1590 2095 1636 non
2128 1576 2376 1637 tantum
2402 1577 2499 1637 est
2525 1574 2594 1637 in
2615 1592 2848 1639 verum
2875 1577 3231 1641 increatum
3257 1577 3424 1640 sicut
3443 1577 3514 1642 in

1965 1679 2319 1761 objectum,
2356 1699 2583 1746 verum
2619 1682 2812 1745 etiam
2847 1683 2915 1746 iu
2939 1701 3169 1747 verum
3199 1687 3508 1748 creatum.

2046 1789 2109 1849 3.
2139 1785 2296 1850 Item
2318 1787 2571 1852 nullum
2596 1806 2828 1854 verum
2854 1790 3146 1854 futurum
3168 1794 3264 1854 est
3282 1808 3513 1856 verum

1964 1875 2345 1974 increatum,
2362 1895 2516 1978 quia
2538 1914 2773 1959 verum
2796 1896 3148 1962 increatum
3168 1899 3263 1961 est
3279 1915 3513 1962 verum

1964 2001 2281 2063 aeternum
2311 2022 2329 2063 ε
2361 2000 2470 2065 sed
2507 2001 2664 2065 fides
2690 2007 2906 2066 nostra
2946 2005 3043 2068 est
3080 2004 3247 2068 circa
3282 2021 3512 2069 verum

1961 2104 2279 2187 futurum,
2310 2109 2464 2191 quia
2489 2109 2808 2176 credimus
2835 2111 3043 2175 carnis
3097 2112 3512 2177 resurrectio·-

1964 2229 2138 2291 nem,
2169 2231 2317 2295 quae
2346 2233 2464 2279 nec
2508 2218 2625 2293 est,
2658 2234 2773 2281 nec
2808 2217 2950 2297 fuit,
2982 2218 3089 2281 sed
3117 2219 3336 2283 futura
3363 2221 3458 2282 est
3488 2240 3505 2283 ε

1962 2335 2123 2401 ergo
2143 2320 2401 2405 ⁸videtur
2426 2323 2600 2405 quod
2627 2324 2786 2389 fldes
2800 2343 2931 2389 non
2961 2328 3217 2389 tantum
3234 2326 3317 2390 sit
3342 2326 3511 2390 circa

1963 2442 2195 2490 verum
2240 2428 2621 2509 increatum,
2649 2430 2762 2496 sed
2815 2430 3010 2495 etiam
3059 2431 3229 2495 circa
3278 2448 3509 2496 verum

1961 2536 2269 2597 creatum.

2041 2644 2107 2704 4.
2132 2639 2313 2720 Item,
2344 2642 2399 2705 si
2427 2642 2576 2724 quis
2596 2644 3000 2727 pertinaciter
3027 2648 3331 2709 assereret
3366 2660 3503 2710 esse

1959 2745 2192 2812 falsum
2234 2749 2403 2831 quod
2444 2769 2624 2816 sacra
2670 2752 3001 2834 Scriptura
3049 2752 3200 2817 dicit
3224 2770 3361 2816 esse
3390 2770 3501 2816 ve-

1958 2871 2134 2932 rum,
2170 2861 2335 2921 esset
2378 2858 2719 2924 haereticus
2758 2876 2776 2924 ς
2827 2876 2986 2940 ergo
3030 2859 3285 2924 videtur
3329 2858 3503 2942 quod

1957 2962 2281 3044 objectum
2306 2964 2453 3029 fldei
2475 2965 2858 3032 extendatur
2883 2966 2964 3030 ad
2991 2967 3235 3046 omnia,
3264 2984 3412 3049 quae
3431 2967 3503 3031 in

1957 3087 2139 3134 sacra
2189 3071 2518 3155 Scriptura
2560 3060 2930 3140 scribuntui¹
2974 3097 2988 3138 :
3037 3074 3147 3139 sed
3199 3074 3271 3139 in
3324 3092 3505 3140 sacra

1959 3178 2287 3261 Scriptura
2313 3180 2516 3244 multo
2553 3180 2735 3262 plura
2760 3182 3129 3248 scribuntur
3149 3182 3227 3249 de
3250 3185 3500 3265 tempo-

1958 3286 2222 3365 ralibus,
2247 3306 2445 3368 quam
2476 3288 2756 3367 aeterniS,
2791 3289 2872 3354 de
2906 3290 3151 3369 creatis,
3180 3307 3378 3372 quam
3406 3289 3504 3353 in-

1957 3394 2220 3472 creatis;
2250 3395 2413 3458 sicut
2446 3395 2620 3477 quod
2650 3395 2977 3462 Abraham
3026 3396 3258 3478 genuit
3307 3396 3502 3476 Isaac,

1956 3505 2021 3563 et
2038 3501 2399 3565 consimilia
2427 3522 2443 3566 :
2469 3507 2639 3584 jergo
2686 3502 2942 3569 videtur
2985 3504 3155 3585 quod
3182 3503 3506 3585 objectum

1955 3606 2105 3671 fidei
2134 3607 2348 3687 magis
2376 3608 2677 3672 consistat
2696 3609 2766 3673 ln
2788 3627 2946 3675 vero
2964 3613 3196 3688 creat0,
3224 3626 3423 3692 quam
3435 3609 3506 3674 in

1955 3732 2111 3779 vero
2138 3713 2444 3779 increato.

2035 3826 2096 3886 5.
2132 3821 2287 3886 Item
2315 3822 2699 3887 illuminatio
2738 3823 2883 3890 fidei
2912 3824 3204 3906 sequitur
3232 3824 3336 3890 vel
3359 3840 3505 3888 con-

1955 3931 2296 3995 comitatur
2352 3931 2890 3997 illuminationem
2941 3931 3297 4016 prophetiae
3345 3949 3363 3995 ε
3395 3930 3506 3996 sed

1956 4038 2288 4122 prophetia
2358 4039 2640 4104 maxime
2707 4044 2771 4104 et
2837 4040 3162 4124 praecipue
3223 4038 3506 4104 consistit

1955 4147 2122 4211 circa
2153 4165 2383 4211 verum
2410 4149 2722 4227 creatum,
2751 4165 2901 4212 cum
2930 4148 3011 4211 sit
3037 4147 3506 4230 praenunciatio

1953 4257 2321 4320 futurorum
2351 4276 2366 4320 ι
2398 4272 2557 4336 ergo
2584 4255 2723 4338 pari
2771 4255 3021 4320 ratione
3049 4254 3303 4319 videtur
3332 4253 3504 4336 quod

1953 4362 2186 4445 etipsa
2202 4362 2388 4429 fides.

2505 4551 2960 4622 CONCLUSIO.

1951 4687 2107 4744 Fidei
2163 4686 2426 4761 objectum
2467 4688 2753 4759 proprium
2778 4727 2796 4756 ,
2843 4683 3126 4742 secundum
3166 4685 3311 4757 quod
3341 4685 3503 4743 habet

2020 4779 2291 4834 rationem
2318 4778 2513 4832 motivi
2526 4816 2544 4845 ,
2576 4779 2653 4832 est
2673 4791 2856 4832 verum
2880 4777 3179 4831 increatum
3199 4791 3218 4828 ε
3240 4773 3502 4844 obJ'ectum

2021 4882 2147 4924 vero
2169 4869 2314 4924 circa
2337 4864 2480 4937 quod
2501 4870 2767 4936 versatur,
2796 4869 3057 4935 tanquam
3078 4863 3140 4920 id
3163 4864 3307 4935 quod
3328 4864 3501 4922 credit

2021 4972 2129 5014 esse
2153 4972 2337 5012 verum
2356 4996 2372 5024 ,
2399 4959 2574 5028 potest
2601 4970 2704 5011 esse
2731 4971 2915 5011 verum
2943 4959 3200 5011 creatum.

2030 5118 2218 5202 Resp.
2251 5118 2330 5183 ad
2373 5134 2517 5199 arg.
2566 5116 2916 5182 Dicendum
2953 5116 3127 5200 quod
3176 5116 3499 5200 objectum

1949 5225 2226 5308 alicujus
2271 5224 2531 5289 habitus
2578 5222 2889 5305 cognitivi
2930 5222 3266 5307 dupliciter
3307 5223 3501 5289 hahet

1953 5389 2013 5438 111
2034 5388 2195 5446 Seni„
2214 5386 2331 5438 dist.
2360 5397 2570 5451 xxw,q.
2595 5384 2844 5452 13Thom.
2865 5386 3097 5456 argent„
3115 5386 3175 5436 ΙΙΙ
3201 5384 3362 5450 Sene„
3380 5384 3495 5438 dist.

1950 5472 2098 5524 μιν,
2114 5474 2166 5532 q.
2189 5472 2226 5524 t,
2256 5462 2352 5510 art.
2376 5462 2425 5511 1.
3126 5507 3127 5510 ,
