4185 6288
513 1997 584 2041 Ad
602 2009 707 2053 opp.

764 578 975 662 magis
1007 580 1102 642 est
1126 576 1352 658 gratus
1387 571 1525 648 alii,
1557 567 1765 651 magis
1797 566 2012 649 ipsum
2042 561 2297 642 diligit:

763 704 922 769 ergo
948 684 1243 768 parentes
1266 679 1335 744 in
1363 678 1590 743 ordine
1620 671 1944 740 charitatis
1970 672 2123 736 sunt
2147 667 2302 733 ssliis

760 791 1194 879 praeponendi.

839 901 1000 966 ltem
1035 894 1488 983 principiatum
1530 892 1674 976 plus
1714 889 1943 973 pendet
1983 905 2024 949 a
2049 884 2297 968 princi-

757 1001 893 1085 pio,
925 1016 1122 1082 quam
1147 1015 1185 1060 e
1219 1010 1526 1059 converso
1572 1014 1588 1057 :
1637 990 1747 1055 sed
1788 988 1902 1053 ubi
1949 990 2044 1051 est
2089 985 2300 1065 major

757 1105 1196 1191 dependentia,
1221 1101 1308 1167 ibi
1331 1104 1426 1166 est
1450 1101 1659 1182 major
1684 1095 2012 1161 inclinatio
2046 1116 2062 1157 ι
2095 1097 2157 1156 et
2183 1089 2297 1155 ubi

755 1215 964 1295 major
1013 1209 1338 1274 inclinatio
1366 1255 1384 1282 ,
1431 1206 1517 1270 ibi
1572 1206 1782 1287 major
1842 1198 2079 1264 amoris
2144 1214 2297 1260 con-

756 1324 965 1392 versio
994 1346 1009 1387 :
1045 1305 1195 1387 cum
1221 1337 1380 1401 ergo
1415 1319 1657 1382 habens
1684 1319 1930 1397 patrem
1963 1315 2025 1374 et
2059 1310 2295 1386 fllium,

755 1433 834 1497 ad
878 1434 1126 1514 patrem
1170 1430 1577 1508 comparatur
1623 1422 1788 1486 sicut
1837 1418 2296 1502 principiatum

753 1539 836 1605 ad
862 1536 1250 1622 principium
1270 1580 1289 1610 ‚
1318 1535 1400 1597 ad
1433 1533 1638 1596 filium
1667 1547 1819 1593 vero
1856 1525 2024 1591 sicut
2050 1523 2296 1608 princi-

754 1649 937 1732 pium
965 1645 1045 1710 ad
1071 1641 1522 1726 principiatum
1540 1687 1562 1718 ,
1591 1636 1843 1702 videtur
1868 1632 2037 1717 quod
2068 1650 2296 1696 secun-

755 1755 915 1821 dum
939 1750 1233 1834 regulam
1272 1746 1511 1811 amoris
1550 1742 1762 1825 magis
1791 1741 1977 1805 debet
2011 1737 2297 1804 converti

755 1862 837 1927 ad
865 1865 1133 1944 patrem,
1165 1874 1362 1940 quam
1389 1853 1470 1917 ad
1494 1852 1726 1916 fllium.

835 1968 962 2034 Sed
987 1969 1228 2040 contra,
1262 1968 1334 2027 1¹
1372 1984 1388 2024 ε
1420 1961 1563 2026 Non
1600 1958 1820 2023 debent
1864 1952 1998 2034 filii
2036 1952 2297 2018 thesau-

755 2079 975 2144 rizare
998 2070 1413 2156 parentibus,
1451 2065 1569 2132 sed
1605 2067 1903 2147 parentes
1948 2059 2156 2138 filiis:
2187 2056 2299 2121 sed

756 2201 950 2249 nemo
976 2182 1162 2247 debet
1191 2176 1613 2243 thesaurizare
1638 2171 1760 2235 nisi
1795 2170 1892 2248 ei,
1921 2184 2116 2250 quem
2153 2164 2298 2228 dili-

755 2310 910 2375 gere
935 2287 1119 2356 debet
1148 2306 1166 2351 ι
1195 2285 1251 2350 si
1287 2301 1446 2365 ergo
1478 2280 1687 2361 magis
1715 2277 1945 2343 debent
1978 2272 2297 2362 thesauri-

757 2416 901 2466 zare
924 2397 1219 2481 parentes
1245 2392 1393 2456 filiis
1419 2405 1618 2473 quam
1638 2406 1675 2452 e
1701 2401 2006 2450 converso
2025 2429 2043 2459 ,
2084 2379 2300 2461 magis

754 2506 985 2572 debent
1015 2501 1370 2568 secundum
1401 2493 1725 2561 charitatis
1755 2490 2043 2557 ordinem
2067 2504 2300 2571 paren-

754 2619 851 2679 toe
881 2612 1047 2678 sslios
1080 2608 1344 2691 diligere
1362 2655 1379 2685 ‚
1411 2619 1608 2687 quam
1637 2600 1751 2664 filii
1783 2600 2095 2682 parentes,

836 2725 898 2785 2.
922 2719 1079 2783 Item
1100 2712 1453 2780 secundum
1477 2708 1767 2773 ordinem
1787 2707 2036 2767 naturae
2059 2700 2301 2763 humor

757 2826 1039 2911 procedit
1074 2842 1115 2887 a
1152 2820 1362 2886 radice
1404 2817 1483 2881 ad
1527 2832 1740 2880 ramos
1761 2860 1778 2891 ,
1809 2814 1873 2874 et
1912 2825 2046 2873 non
2072 2826 2108 2871 e
2142 2823 2296 2869 con-

761 2951 949 3001 verso
979 2952 995 2995 :
1025 2931 1080 2993 si
1108 2944 1264 3009 ergo
1292 2922 1622 2990 conversio
1657 2918 1895 2984 amoris
1920 2917 1991 2979 in
2020 2914 2298 2977 rationa-

758 3043 927 3107 libus
944 3037 1170 3103 similis
1192 3039 1287 3097 est
1303 3027 1679 3096 derivationi
1699 3023 1992 3089 humoris
2010 3022 2078 3084 in
2098 3038 2301 3101 vege-

760 3150 1080 3225 tabilibuS,
1105 3149 1168 3210 et
1194 3147 1373 3227 pater
1412 3140 1818 3219 comparatur
1839 3131 1920 3196 ad
1948 3129 2111 3194 [ilios
2134 3127 2304 3192 sicut

759 3256 942 3321 radix
960 3254 1038 3318 ad
1065 3268 1300 3326 rumne,
1323 3247 1578 3312 videtur
1604 3241 1775 3325 quod
1798 3238 2152 3304 secundum
2172 3253 2303 3299 rec-

760 3370 901 3430 tum
944 3361 1236 3427 ordinem
1280 3354 1559 3437 amplius
1609 3350 1739 3414 sint
1787 3343 2096 3426 diligendi
2145 3343 2261 3406 filii
2280 3389 2303 3422 ,

762 3491 962 3558 quam
990 3474 1308 3556 parentes.

847 3585 911 3646 3.
942 3579 1102 3645 Item
1137 3575 1411 3642 charitas
1452 3568 1707 3653 respicit
1748 3566 1900 3631 boni
1935 3562 2305 3628 communi-

766 3691 1081 3758 cationem
1107 3683 1463 3751 secundum
1506 3673 2020 3743 convenientiam
2057 3675 2122 3734 et
2152 3687 2306 3733 con-

766 3796 1149 3866 formitatem
1193 3814 1211 3856 :
1258 3790 1370 3855 sed
1426 3786 1573 3872 plus
1627 3780 1777 3848 boni
1831 3777 2309 3844 communicant

766 3907 1061 3990 parentes
1102 3902 1252 3966 filiis
1269 3946 1288 3976 ‚
1334 3914 1534 3981 quam
1561 3911 1598 3958 e
1625 3906 1934 3955 converso
1966 3910 1984 3950 ι
2021 3904 2180 3969 ergo
2207 3886 2305 3950 vi·

769 4015 959 4079 detur
985 4008 1154 4094 quod
1182 4024 1364 4072 amor
1401 3998 1725 4069 charitatis
1767 3994 2124 4061 secundum
2168 4010 2306 4058 rec-

768 4127 912 4189 tum
953 4120 1246 4186 ordinem
1288 4114 1470 4199 prius
1517 4114 1581 4175 et
1618 4104 2048 4172 abundantius
2087 4102 2311 4167 reddat

768 4228 1050 4296 habilem
1098 4224 1178 4290 ad
1229 4220 1628 4304 diligendum
1677 4216 1885 4290 filios,
1938 4228 2137 4295 quam
2193 4227 2307 4293 pa-

767 4341 1102 4510 tellit-{em
1141 4438 1350 4521 gratia
1389 4438 1486 4498 est
1525 4428 1822 4515 perfectio
1864 4427 2114 4490 naturae
2149 4442 2166 4486 ε
2197 4421 2308 4486 sed

767 4553 1063 4618 videmus
1087 4545 1261 4631 quod
1299 4541 1677 4609 naturaliter
1716 4533 2015 4600 homines
2038 4531 2184 4613 plus
2210 4530 2305 4593 di-

764 4662 981 4743 ligunt
1019 4656 1215 4734 filios,
1247 4668 1460 4737 quam·
1485 4649 1777 4733 parentes
1805 4664 1821 4708 t
1865 4657 2025 4722 ergo
2052 4638 2307 4703 videtur

767 4765 939 4850 quod
978 4760 1328 4829 consimilis
1366 4755 1520 4821 ordo
1567 4752 1792 4818 debeat
1826 4764 1964 4812 esse
1991 4746 2060 4807 in
2083 4761 2308 4809 amore

1865 433 2488 505 SENTENTIARUM
2532 436 2679 503 LIB.
2720 437 2829 502 ΙΙΙ.

2959 610 3409 680 CONCLUSIO.

2411 765 2707 822 Secundam
2724 765 3013 821 charitatis
3028 765 3267 822 ordinem
3284 767 3538 837 parentes
3551 763 3682 835 plus
3693 761 3936 831 cleliam&

2480 861 2606 911 stant
2642 871 2803 926 quam
2829 857 2941 925 tilii
2961 894 2981 923 ,
3011 856 3135 911 licet
3162 855 3439 911 naturalis
3464 857 3614 910 ratio
3656 855 3933 926 oppositum

2481 943 2734 1000 videatur
2753 943 2979 1000 dictare.

2490 1101 2677 1184 Roep.
2705 1102 2786 1166 ad
2812 1120 2955 1184 arg.
2985 1101 3337 1168 Dicendum
3363 1103 3568 1185 quod,
3607 1103 3773 1166 sicut
3801 1101 3936 1166 dicit

2409 1209 2787 1275 Ambrosius
2813 1259 2830 1288 ‚
2873 1210 3229 1275 secundum
3283 1210 3581 1274 ordinem
3630 1209 3934 1273 charitatis

2409 1322 2701 1401 parentes
2731 1317 3140 1401 praeponendi
3171 1320 3325 1382 sunt
3364 1317 3542 1391 filiis,
3583 1323 3649 1381 et
3694 1317 3816 1382 hoc
3852 1317 3937 1379 in·

2407 1424 2834 1506 telligendum
2860 1431 2957 1490 est
2982 1425 3226 1490 caeteris
3253 1425 3513 1508 paribus
3534 1472 3551 1500 ‚
3582 1425 3751 1488 sicut
3782 1424 3932 1488 infra

2410 1532 2936 1597 manifestabitur.
2980 1532 3161 1598 Ratio
3203 1533 3379 1596 enim
3407 1532 3609 1614 hujus
3639 1536 3770 1610 est,
3798 1533 3934 1614 quia

2408 1657 2591 1703 arnor
2630 1641 2953 1721 gratuitus
2985 1641 3131 1706 facit
3155 1658 3507 1704 memorem
3537 1658 3677 1704 esse
3700 1659 3935 1722 percep-

2407 1750 2621 1810 tomm
2650 1747 3146 1826 beneficiorum3
3176 1751 3433 1830 propter
3472 1747 3648 1829 quod
3673 1751 3739 1811 et
3773 1765 3935 1810 sacra

2409 1855 2734 1938 Scriptura
2760 1854 3183 1937 praecipiendo
3223 1859 3288 1919 et
3330 1855 3739 1920 admonendo
3765 1854 3933 1918 indu·

2407 1962 2493 2026 cit
2532 1981 2649 2027 nos
2691 1963 2772 2028 ad
2810 1968 3073 2045 paterna
3117 1963 3425 2026 beneficia
3467 1962 3848 2027 recolenda:
3882 1965 3937 2024 et

2407 2070 2563 2152 quia
2588 2071 2773 2153 plura
2798 2069 3104 2134 beneficia
3124 2070 3467 2151 recipimus
3491 2088 3533 2131 a
3558 2068 3933 2151 parentibus,

2407 2195 2603 2258 quam
2631 2196 2671 2241 a
2709 2178 2884 2254 filiis,
2915 2176 3060 2241 ideo
3103 2177 3464 2241 secundum
3506 2178 3616 2257 jus
3653 2175 3937 2240 divinum

2407 2284 2551 2367 plus
2576 2284 2665 2347 eis
2694 2288 2995 2348 tenemur
3016 2332 3033 2363 ,
3063 2287 3129 2348 et
3162 2283 3373 2364 magis
3414 2300 3646 2347 eorum
3681 2282 3937 2346 salutem

2407 2389 2678 2471 diligere
2728 2394 2795 2455 et
2834 2408 3180 2472 procurare
3223 2390 3553 2454 debemus.
3599 2389 3683 2454 Et
3724 2405 3938 2453 conce-

2406 2496 2631 2562 dendae
2657 2500 2808 2562 sunt
2828 2499 3104 2562 rationes
3132 2514 3281 2580 quae
3311 2497 3432 2561 hoc
3456 2496 3829 2561 ostendunt.

2488 2611 2548 2682 1,
2580 2611 2621 2669 2
2660 2608 2723 2668 et
2748 2608 2811 2670 3.
2841 2604 2937 2668 Ad
2986 2604 3264 2670 rationes
3305 2609 3522 2669 autem
3551 2622 3703 2686 quae
3732 2604 3801 2668 in
3833 2621 3937 2684 op—

2408 2712 2690 2794 positum
2740 2711 3149 2776 adducuntur
3171 2760 3189 2790 ‚
3246 2711 3768 2795 respondendum
3818 2715 3940 2787 est,

2408 2819 2582 2902 quod
2608 2819 2734 2884 illae
2764 2819 3041 2884 rationes
3071 2822 3343 2883 currunt
3367 2819 3447 2882 de
3472 2818 3815 2883 dilectione
3839 2835 3941 2881 na·

2409 2925 2602 2989 turali
2620 2974 2644 3004 ‚
2691 2925 3045 2990 secundum
3089 2944 3287 3008 quam
3341 2925 3555 3006 magis
3610 2924 3947 2989 inclinatur

2409 3033 2671 3096 affectus
2695 3032 2978 3096 hominis
3003 3032 3081 3095 ad
3107 3032 3273 3096 filios
3294 3081 3313 3111 ,
3342 3050 3545 3115 quam
3570 3031 3651 3095 ad
3680 3038 3943 3113 patrem.

2409 3138 2488 3205 Et
2515 3139 2675 3204 ratio
2705 3139 2907 3222 hujus
2932 3142 3057 3220 est,
3084 3140 3237 3223 quia
3266 3146 3499 3205 natura
3531 3141 3779 3222 appetit
3810 3157 3949 3203 con·

2411 3248 2655 3311 servari
2680 3247 2750 3310 in
2776 3266 2897 3312 suo
2924 3247 3117 3312 simili
3136 3295 3153 3328 ,
3188 3252 3252 3312 et
3278 3248 3489 3329 magis
3517 3247 3733 3328 diligit
3756 3245 3909 3310 illud
3928 3292 3945 3321 ‚

2411 3354 2480 3417 in
2519 3371 2649 3435 quo
2684 3353 2876 3418 habet
2904 3354 3317 3438 principalius
3351 3354 3583 3418 salvari
3618 3375 3635 3418 ε
3678 3360 3745 3419 et
3786 3372 3949 3437 quo-

2410 3461 2590 3525 niam
2644 3466 2821 3544 pater
2876 3462 3073 3527 habet
3123 3463 3354 3527 salvari
3405 3464 3474 3527 in
3530 3462 3670 3527 filio
3723 3482 3949 3529 secun·

2411 3569 2568 3632 dum
2605 3570 2897 3635 ordinem
2932 3575 3216 3650 naturae,
3259 3574 3326 3634 et
3366 3589 3497 3635 non
3541 3590 3578 3635 e
3618 3588 3945 3646 eonverw,

2410 3674 2561 3739 hinc
2587 3681 2683 3740 est
2707 3677 2911 3759 quod,
2940 3678 3290 3741 secundum
3328 3681 3580 3741 naturae
3614 3677 3910 3741 ordinem
3929 3721 3946 3751 ,

2414 3785 2723 3865 majorem
2782 3784 2976 3849 habet
3029 3783 3111 3851 ad
3162 3785 3367 3849 filium
3426 3783 3908 3850 inclinationem
3932 3830 3950 3861 ,

2413 3885 2566 3967 quia
2588 3885 2800 3968 magis
2826 3886 2968 3950 vult
2992 3887 3236 3971 ipsum,
3265 3905 3464 3970 quam
3504 3888 3761 3969 patrem
3780 3934 3799 3965 ,
3837 3885 3955 3948 ha-

2413 3988 2563 4057 bere
2613 3995 3039 4076 superstitem.
3096 3995 3357 4060 Dilectio
3397 3997 3620 4059 autem
3672 3993 3958 4074 gratuita

2415 4100 2626 4180 magis
2651 4102 2909 4184 respicit
2934 4103 3391 4167 beneficiorum
3421 4100 3833 4166 collationem
3855 4149 3872 4177 ,
3896 4104 3956 4162 et

2413 4224 2843 4290 supernorum
2861 4210 3104 4274 civium
3127 4209 3640 4292 completionem,
3655 4207 3741 4271 ad
3761 4223 3956 4291 quam

2413 4313 2846 4382 indifferenter
2886 4321 3180 4400 parentes
3203 4320 3270 4382 et
3292 4317 3410 4381 filii
3447 4318 3955 4399 comparantur:

2414 4426 2477 4486 et
2503 4440 2618 4505 per
2638 4423 2764 4490 hoc
2790 4428 2963 4507 patet
2987 4425 3313 4508 responsio
3339 4423 3421 4488 ad
3457 4422 3570 4487 illa
3607 4422 3781 4503 tria,
3814 4436 3957 4505 quae

2415 4530 2623 4611 primo
2650 4531 3133 4615 objiciebantur.

2494 4643 2556 4702 4.
2585 4638 2684 4703 Ad
2702 4638 2860 4703 illud
2888 4658 3043 4706 vero
3070 4640 3241 4723 quod
3260 4638 3584 4722 objicitur,
3610 4637 3788 4719 quod
3812 4652 3962 4718 gra-

2414 4744 2505 4809 tia
2533 4745 2718 4811 debet
2739 4765 2876 4811 esse
2908 4747 3253 4812 conformis
3280 4749 3528 4809 naturae
3551 4791 3572 4823 ‚
3610 4742 3961 4809 dicendum

2412 4852 2587 4936 quod
2614 4856 2843 4918 natura
2884 4853 2953 4917 in
2993 4852 3378 4936 quibusdam
3414 4850 3621 4914 currit
3653 4849 3768 4916 via
3808 4868 3959 4915 eon·

2414 4978 2571 5025 sona
2594 4979 2747 5026 cum
2785 4960 3037 5041 gratia,
3083 4961 3152 5024 in
3189 4958 3581 5043 quibusdam
3620 4959 3837 5024 currit
3862 4958 3966 5024 via

2413 5067 2738 5153 opposita,
2781 5067 2850 5132 in
2902 5067 3285 5150 quibusdam
3331 5065 3440 5131 via
3480 5064 3841 5148 disparata.
3896 5063 3965 5130 ln

2413 5174 2537 5238 hoc
2570 5175 2745 5239 enim
2777 5174 2951 5257 quod
2978 5173 3175 5239 homo
3208 5174 3353 5257 plus
3394 5172 3611 5254 diligit
3649 5191 3725 5239 se
3766 5192 3968 5257 quam

2415 5280 2781 5362 proximum
2797 5329 2816 5359 ,
2844 5286 3079 5346 natura
3121 5280 3347 5364 gratiae
3380 5279 3728 5346 concordat
3748 5331 3770 5360 ,
3802 5282 3970 5346 sicut

2415 5405 2611 5470 supra
2635 5391 2963 5454 ostensum
2988 5392 3103 5453 est.
3135 5387 3211 5451 In
3236 5389 3360 5454 hoc
3397 5392 3618 5452 autem
3659 5389 3847 5471 quod
3882 5388 3971 5453 di-
