4185 6288
1607 446 1985 516 DISTINC'I'.
2017 448 2188 517 XXI.

290 587 509 653 minus
541 584 788 651 bonum
820 604 842 677 ².
879 586 944 648 et
976 581 1142 648 Deus
1182 582 1440 650 adducit
1484 584 1728 667 optima
1765 584 1838 648 in

290 710 529 778 genere
561 714 578 785 ς
608 692 674 758 et
713 689 859 756 ideo
898 689 988 753 sic
1022 690 1172 755 facit
1200 691 1439 774 optima
1460 739 1479 771 ,
1527 694 1603 756 ut
1646 690 1839 756 etiam

291 803 488 889 possit
531 803 738 866 facere
764 799 1031 866 meliora
1046 847 1064 878 ,
1104 803 1168 864 et
1207 800 1425 866 minus
1466 801 1659 865 bona.
1688 799 1837 865 Ideo

291 910 592 996 quamvis
622 909 742 973 iste
788 906 1018 973 modus
1063 912 1226 973 esset
1265 912 1498 974 nostrae
1559 908 1834 973 miseriae

289 1020 773 1087 convenientior
805 1040 823 1097 ;
864 1037 995 1083 non
1038 1021 1251 1083 tamen
1296 1018 1618 1102 oportuit,
1663 1019 1837 1103 quod

287 1127 379 1193 ita
418 1127 683 1209 eligeret
718 1127 914 1190 istum
967 1125 1259 1204 modum,
1299 1126 1473 1210 quod
1511 1143 1644 1190 non
1688 1143 1837 1209 pos-

288 1235 371 1300 sit
396 1234 638 1317 eligere
662 1233 864 1298 alium
895 1232 1184 1297 modum.

368 1346 429 1407 4.
462 1341 560 1407 Ad
586 1341 745 1406 illud
762 1341 933 1424 quod
963 1341 1287 1424 objicitur,
1311 1344 1483 1426 quod
1509 1343 1676 1409 Deus
1701 1360 1835 1408 non

287 1451 496 1534 potest
515 1448 720 1513 iacere
747 1450 968 1514 contra
995 1466 1180 1513 suam
1199 1449 1542 1532 justitiam,
1572 1454 1636 1516 et
1650 1451 1835 1535 justi-

286 1557 378 1622 tia
416 1573 549 1621 non
576 1558 778 1640 potest
804 1559 1039 1639 praeter
1061 1556 1548 1623 satisfactionem
1579 1559 1833 1643 culpam

287 1665 632 1745 dimittere,
654 1664 1020 1748 responderi
1039 1668 1245 1748 potest
1269 1664 1383 1749 per
1401 1666 1833 1751 interemptio·

282 1791 439 1840 nem
466 1771 744 1863 duarum
762 1772 1294 1857 propositionum,
1315 1791 1475 1858 quas
1498 1776 1828 1858 proponit:

284 1899 569 1967 quarum
596 1882 807 1966 prima
847 1885 943 1947 est
968 1883 1134 1965 haec,
1161 1886 1330 1968 quod
1357 1904 1489 1950 non
1512 1887 1722 1969 potuit
1751 1887 1834 1951 li-

279 1990 494 2056 berari
522 2008 731 2073 genus
756 1991 1121 2057 humanum
1149 1994 1273 2058 nisi
1302 2012 1416 2077 per
1441 1996 1616 2059 viam
1642 1995 1835 2077 ‚iusti-

279 2099 390 2164 tiae
408 2121 426 2178 ;
456 2098 666 2182 potuit
704 2099 879 2164 enim
919 2099 1180 2165 liberari
1215 2119 1329 2185 per
1375 2102 1550 2166 viam
1581 2102 1832 2167 miseri-

278 2206 558 2287 cordiae3
589 2207 801 2272 necin
828 2206 952 2272 hoc
978 2207 1197 2274 ruisset
1240 2211 1478 2273 factum
1526 2209 1830 2291 praejudi-

283 2315 458 2380 cium
484 2314 753 2398 justitiae
776 2363 794 2394 ,
827 2315 880 2378 si
910 2314 1034 2381 hoc
1071 2317 1276 2382 iacere
1322 2317 1652 2383 voluisset.
1706 2316 1826 2384 Po·

280 2423 512 2488 tuisset
560 2422 737 2487 enim
792 2423 1013 2488 omnia
1080 2424 1389 2490 demerita
1447 2424 1656 2490 delere
1685 2474 1704 2506 ,
1768 2430 1832 2491 et

281 2525 616 2590 hominem
660 2526 729 2590 in
782 2525 980 2610 priori
1038 2529 1205 2592 statu
1250 2527 1634 2593 constituere
1654 2577 1672 2608 ,
1711 2546 1829 2594 nec

280 2632 688 2698 remansisset
702 2633 943 2717 aliquid
963 2634 1399 2700 inordinatum
1417 2635 1486 2699 in
1502 2636 1823 2717 universo,

279 2758 400 2806 nec
431 2741 623 2806 etiam
654 2739 1069 2826 impunitum.
1109 2739 1445 2808 Peccatum
1490 2742 1665 2809 enim
1707 2743 1829 2809 sert

279 2866 539 2931 poenam
570 2866 758 2914 suam
800 2866 1043 2931 secum,
1074 2868 1189 2937 per
1212 2868 1410 2935 quam
1438 2851 1770 2918 ordinatur
1801 2869 1815 2912 ε

3375 455 3498 523 639

1945 588 2011 649 et
2035 585 2124 650 ita
2150 585 2204 650 si
2228 585 2367 652 sine
2407 586 2827 652 satisfactione
2859 603 3071 669 genus
3129 588 3494 655 humanum

1944 691 2294 773 liberasset,
2334 711 2469 761 non
2496 695 2756 778 propter
2781 694 2906 759 hoc
2933 696 3155 760 contra
3174 696 3495 779 justitiam

1948 801 2215 867 iecisset.
2252 800 2462 867 Potest
2502 802 2694 867 etiam
2733 802 3103 888 responderi
3131 820 3247 886 per
3290 803 3490 870 inter-

1947 909 2339 993 emptionem
2384 909 2557 975 illius
2583 959 2600 991 ,
2645 909 2817 992 quod
2881 908 3060 974 nullo
3108 910 3234 975 alio
3304 910 3493 979 modo

1945 1020 2153 1099 potest
2181 1017 2567 1094 satisfacere,
2599 1017 2724 1082 nisi
2750 1035 2864 1100 per
2897 1020 3171 1082 mortem
3207 1035 3223 1079 ε
3256 1036 3493 1101 quam-

1945 1124 2046 1189 vis
2072 1124 2248 1189 enim
2275 1127 2398 1191 hoc
2424 1129 2586 1191 esset
2606 1125 2815 1208 magis
2838 1144 3230 1208 congruum,
3260 1126 3492 1192 sortas-

1944 1231 2032 1295 sis
2079 1233 2398 1299 modicum
2443 1233 2829 1318 supplicium
2859 1233 2927 1297 in
2951 1236 3084 1298 tam
3114 1233 3309 1299 nobili
3339 1250 3489 1318 per·

1943 1359 2101 1406 sona
2149 1341 2498 1407 suffecisset
2530 1342 2610 1407 ad
2640 1340 2910 1407 humani
2936 1341 3193 1423 generis
3225 1360 3490 1426 repara-

1941 1450 2226 1532 tionem;
2260 1451 2369 1516 sed
2407 1450 2716 1516 Dominus
2754 1450 2826 1514 in
2863 1450 3194 1515 liberando
3227 1467 3489 1533 supere-

1943 1557 2201 1639 rogavit
2235 1580 2250 1621 :
2299 1560 2557 1641 propter
2600 1557 2774 1640 quod
2826 1557 3057 1621 dicitur
3095 1558 3114 1594 ¹
3158 1579 3174 1623 :
3220 1556 3489 1640 copiosa

1943 1662 2125 1748 apud
2152 1681 2291 1731 eum
2331 1664 2700 1749 redemptio.
2744 1664 2895 1729 Esto
2923 1668 3141 1730 tamen
3166 1665 3340 1749 quod
3357 1682 3489 1730 non

1942 1772 2067 1835 alio
2095 1772 2284 1835 modo
2311 1773 2616 1856 potuisset
2640 1772 2932 1837 satisfieri
2959 1790 3076 1855 pro
3099 1790 3335 1854 genere
3357 1771 3483 1837 hu-

1942 1897 2160 1958 mano,
2203 1899 2322 1945 nec
2357 1899 2565 1963 genus
2596 1882 2959 1945 humanum
3002 1880 3186 1945 aliter
3227 1880 3482 1959 redimi,

1937 1988 2108 2053 sicut
2150 1988 2337 2053 multi
2382 1988 2733 2053 concedunt
2764 2005 2781 2053 ε
2812 1991 3030 2054 tamen
3075 2006 3160 2053 ex
3196 1989 3320 2053 hoc
3351 2006 3485 2054 non

1941 2094 2253 2178 sequitur,
2300 2095 2470 2179 quod
2511 2095 2637 2160 alio
2688 2096 2878 2161 modo
2922 2114 3056 2160 non
3100 2095 3377 2199 potuerit
3402 2095 3483 2160 li·-

1940 2205 2174 2270 berari.
2219 2204 2308 2269 De
2346 2204 2721 2270 liberatione
2765 2204 2938 2269 enim
2975 2205 3245 2270 firmiter
3271 2204 3482 2285 crede,

1940 2312 2113 2396 quod
2154 2312 2288 2392 alio„
2327 2312 2516 2376 modo
2557 2313 2765 2395 potuit
2802 2311 3097 2391 liberari;
3136 2312 3216 2377 de
3244 2311 3487 2378 redem-

1939 2420 2157 2504 ptione
2183 2438 2338 2486 vero
2364 2438 2482 2485 nec
2507 2437 2701 2501 nego,
2733 2437 2851 2484 nec
2892 2419 3096 2486 audeo
3135 2420 3480 2502 affirmare,

1937 2529 2095 2611 quia
2120 2529 2533 2594 temerarium
2560 2531 2676 2608 est,
2695 2546 2846 2596 eum
2872 2528 2951 2593 de
2973 2526 3191 2594 divina
3205 2530 3480 2612 potentia

1938 2637 2192 2719 agitur,
2249 2636 2600 2701 terminum
2645 2635 2990 2720 praefigere
3051 2636 3132 2700 ei.
3186 2637 3483 2721 Amplius

1937 2743 2111 2809 enim
2165 2745 2404 2828 potest,
2457 2760 2653 2827 quam
2717 2760 2837 2808 nos
2887 2759 3229 2826 possumus
3295 2743 3482 2830 cogi-

1939 2854 2100 2916 tare.

1276 3193 2121 3291 DISTINCTIO
2207 3191 2465 3289 XXI

716 3473 801 3522 m
827 3472 893 3523 m
919 3471 1178 3524 cnars‘ro
1202 3474 1432 3526 nmsro
1458 3477 1523 3524 m
1547 3475 1752 3525 noa-rs
1787 3474 2006 3525 rmrr
2043 3474 2254 3522 Amnis
2274 3505 2294 3542 ,
2323 3473 2444 3523 vm,
2471 3472 2708 3542 mama,
2737 3475 2781 3525 A
2805 3473 3029 3524 naso.

358 3693 518 3765 Post
544 3693 854 3788 praedicta
876 3695 1428 3767 considerandum
1458 3704 1575 3780 est,
1608 3705 1835 3766 utrum
1862 3696 1936 3765 in
1960 3702 2171 3766 morte
2199 3694 2440 3766 Christi
2467 3720 2507 3766 a
2526 3696 2747 3768 Verbo
2773 3697 2859 3766 sit
2882 3701 3179 3790 separata
3204 3697 3449 3786 anima,

268 3810 379 3880 vel
402 3832 577 3881 caro.
626 3811 913 3894 Quidam
937 3820 1339 3906 putaverunt
1375 3818 1535 3883 tunc
1580 3835 1869 3901 carnem,
1912 3812 2082 3881 sicut
2125 3812 2209 3881 ab
2253 3813 2498 3901 anima,
2546 3812 2640 3882 ita
2685 3837 2723 3882 a
2760 3811 3104 3883 divinitate
3141 3810 3216 3883 in
3241 3822 3452 3885 morte

267 3925 470 3997 fuisse
510 3927 819 4000 divisam.
870 3928 942 3999 Si
987 3931 1194 4018 enim,
1241 3930 1585 4022 inquiunt,
1642 3930 1865 3999 anima
1908 3927 2126 3998 media
2162 3928 2474 3998 divinitas
2514 3929 2641 3998 sibi
2679 3952 2946 3999 carnem
2982 3928 3225 4020 univit,
3281 3929 3484 4001 sicut⁴

267 4043 570 4136 superius
594 4056 619 4090 ²
658 4051 1092 4137 praetaxatum
1133 4054 1266 4133 est3
1318 4068 1474 4136 ergo
1510 4045 1778 4139 quando
1815 4045 2028 4115 divisa
2062 4053 2159 4114 est
2197 4068 2347 4115 caro
2382 4046 2465 4114 ab
2512 4045 2757 4134 anima,
2800 4045 3014 4116 divisa
3051 4054 3148 4116 est
3182 4046 3378 4118 etiam
3406 4069 3447 4118 a

263 4153 636 4249 divinitate,
690 4163 851 4255 quia
893 4186 1029 4232 non
1070 4163 1285 4255 potuit
1328 4163 1411 4233 ab
1463 4162 1684 4232 anima
1728 4162 2012 4255 sejungi,
2064 4184 2179 4255 per
2218 4186 2420 4255 quam
2468 4163 2690 4236 Verbo
2739 4168 2879 4233 erat
2924 4163 3135 4251 unita,
3179 4162 3346 4256 quin
3406 4186 3448 4234 a

263 4276 487 4348 Verbo
529 4277 957 4351 divideretur.
995 4278 1152 4348 Fuit
1186 4287 1407 4349 autem
1442 4279 1654 4349 divisa
1686 4278 1770 4348 ab
1804 4280 2025 4349 anima
2060 4278 2133 4349 in
2172 4287 2406 4368 morte,
2456 4280 2755 4373 alioquin
2802 4301 2958 4350 vero
2985 4302 3162 4350 mors
3187 4280 3282 4350 ibi
3309 4301 3445 4352 non

237 4393 518 4482 fuisset,
548 4395 732 4488 quia,
783 4403 859 4464 ut
884 4396 978 4465 ait
1001 4397 1422 4486 Augustinus
1444 4405 1491 4484 ⁸,
1534 4418 1710 4465 mors
1759 4419 1963 4488 quam
2017 4397 2250 4466 timent
2288 4394 2611 4485 homineS,
2652 4396 2974 4489 separatio
3006 4404 3104 4466 est
3138 4396 3381 4467 animae
3405 4420 3446 4469 a

231 4533 481 4594 earne.
512 4511 690 4582 Mors
723 4522 946 4582 autem
983 4535 1185 4604 quam
1221 4536 1356 4582 non
1387 4513 1643 4601 timent,
1686 4513 2007 4605 separatio
2034 4522 2132 4583 est
2153 4513 2393 4583 animae
2420 4537 2460 4583 a
2487 4513 2645 4584 Deo.
2677 4513 2972 4608 Utraque
3000 4536 3157 4584 vero
3184 4513 3436 4585 diaboli

259 4650 463 4697 suasu
486 4627 745 4698 homini
788 4628 1134 4722 propinata
1177 4636 1296 4698 est.
1349 4627 1423 4699 Si
1465 4651 1622 4721 ergo
1661 4629 1736 4698 in
1779 4628 2038 4699 Christo
2079 4630 2347 4699 homine
2392 4651 2549 4699 vera
2579 4650 2757 4700 mors
2794 4630 2948 4718 fuit,
2998 4628 3210 4701 divisa
3234 4637 3331 4700 est
3348 4629 3444 4702 ihi

260 4745 484 4813 anima
507 4767 547 4813 a
570 4767 789 4833 carne,
834 4767 910 4816 ac
935 4767 1052 4837 per
1077 4745 1201 4815 hoc
1224 4745 1539 4815 divinitas
1575 4768 1618 4814 a
1657 4766 1876 4814 carne.
1920 4746 2096 4815 Huic
2120 4768 2255 4817 suae
2283 4745 2730 4838 probabilitati
2758 4745 3012 4816 addunt
3036 4745 3441 4816 auctoritatis

256 4860 732 4931 testimonium.
763 4860 1154 4932 Ambrosius
1185 4861 1365 4930 enim
1387 4868 1670 4931 tractans
1695 4861 1775 4930 de
1802 4859 2045 4932 Christi
2071 4861 2520 4948 derelictione,
2552 4863 2670 4954 qui
2698 4862 2772 4930 in
2798 4883 2989 4933 cruce
3015 4884 3171 4932 voce
3198 4884 3441 4953 magna

254 4975 547 5046 clamans
599 4975 766 5046 dixit
812 4987 836 5025 δ
894 5000 913 5045 :
969 4972 1168 5065 Deus,
1215 4980 1391 5047 Deus
1429 5000 1637 5065 meus,
1681 4989 1757 5048 ut
1797 4977 1959 5071 quid
1989 5001 2098 5049 me
2138 4977 2582 5070 dereliquisti?
2625 4978 2716 5047 ait
2746 4984 2817 5047 ⁸:
2868 5003 2905 5045 α
2942 4977 3198 5049 Clamat
3238 4976 3438 5050 homo

254 5091 662 5184 separatione
695 5091 1058 5163 divinitatis
1096 5093 1481 5164 moriturus.
1528 5094 1697 5164 Nam
1728 5117 1882 5165 cum
1921 5095 2233 5165 divinitas
2283 5095 2510 5164 mortis
2547 5094 2756 5164 libera
2796 5094 2921 5183 sit,
2968 5095 3201 5188 utique
3258 5116 3438 5166 mors

253 5207 350 5280 ibi
378 5230 518 5278 esse
542 5230 679 5280 non
713 5215 1002 5303 poterat,
1046 5209 1176 5280 nisi
1215 5208 1356 5283 vita
1393 5210 1782 5303 discederet,
1829 5212 1990 5307 quia
2026 5212 2165 5282 vita
2199 5210 2512 5281 divinitas
2548 5222 2664 5282 est.
2694 5235 2732 5278 »
2764 5211 2891 5281 Hic
2922 5211 3191 5282 videtur
3234 5210 3431 5301 tradi,

323 5378 492 5431 Ῥεαι.
514 5390 693 5442 cxxxx,
709 5381 755 5432 Ἰ.
771 5405 832 5418 -
851 5379 876 5415 ¹
891 5380 1019 5432 Dist.
1045 5393 1178 5433 u.—
1198 5382 1219 5417 ⁸
1237 5383 1390 5449 Aug„
1419 5383 1606 5436 Enarr.
1635 5384 1688 5434 in
1724 5385 1806 5437 Ps.
1836 5395 1988 5449 11111,
2010 5386 2091 5448 15,
2107 5396 2263 5435 serm.
2291 5394 2347 5447 ιι,
2370 5395 2424 5433 n.
2440 5384 2550 5436 2.-
2574 5381 2816 5453 matth„
2840 5393 3007 5448 xxm,
3032 5384 3175 5442 46.-
3192 5385 3215 5421 ⁸
3233 5381 3432 5456 Amba,

251 5451 309 5503 in
335 5450 477 5514 Luc„
496 5449 585 5504 lib.
605 5451 669 5518 x,
691 5464 744 5504 n.
771 5452 878 5517 ¹27,
906 5450 978 5503 ibi
1007 5466 1021 5505 z
1049 5453 1218 5519 Pater,
1246 5455 1304 5504 in
1321 5467 1499 5509 manus
1527 5456 1639 5508 tuas
1664 5455 1946 5512 comendo
1967 5455 2222 5521 spiritum,
