4185 6288
734 466 851 525 374

731 596 1113 662 formitatem
1160 592 1230 655 in
1267 589 1461 656 volito
1503 589 1671 669 dico,
1711 587 1967 672 qnando
1996 587 2265 656 diversae

732 702 1091 767 voluntates
1115 715 1321 763 unum
1348 701 1411 761 et
1437 696 1603 761 idem
1633 696 1878 761 volunt.
1907 696 2266 763 Conformi-

732 811 927 872 tatem
953 805 1020 868 in
1045 804 1290 870 ratione
1319 802 1575 868 volendi
1600 802 1768 883 dico,
1807 802 2061 885 quando
2097 802 2265 868 idem

733 915 955 979 eodem
998 912 1187 977 modo
1213 912 1476 991 volunt,
1507 911 1610 976 vel
1637 911 1832 975 altera
1867 928 2092 974 earum
2126 910 2269 975 vult

732 1021 893 1086 illud
940 1020 1161 1084 eodem
1202 1019 1413 1096 mod0,
1455 1036 1586 1100 quo
1625 1017 1917 1100 superior
1960 1017 2101 1082 vult
2125 1036 2268 1081 eam

733 1128 919 1193 velle.
971 1125 1129 1191 Cum
1172 1142 1330 1206 ergo
1368 1125 1446 1189 ad
1489 1124 1826 1207 perfectam
1862 1125 2271 1189 conformita-

732 1239 862 1299 tem
890 1234 1010 1297 ista
1035 1234 1164 1298 duo
1189 1236 1596 1311 concurrant,
1625 1230 1899 1295 alterum
1925 1250 2150 1297 eorum
2176 1239 2271 1298 est

734 1341 813 1406 de
856 1340 1219 1405 necessitate
1259 1338 1738 1417 conformitatis,
1780 1338 2071 1405 videlicet
2115 1358 2270 1404 con-

732 1448 1021 1512 formitas
1054 1447 1122 1510 in
1160 1446 1388 1524 mod03
1420 1446 1692 1510 alterum
1738 1463 1889 1510 vero
1930 1445 2271 1528 aliquando

734 1555 813 1620 de
865 1553 1231 1617 necessitate
1251 1600 1268 1629 ,
1323 1552 1664 1634 aliquando
1713 1551 1791 1616 de
1835 1553 2268 1634 congruitate,

735 1662 1079 1745 aliquando
1106 1663 1336 1742 praeter
1360 1660 1792 1724 necessitatem
1821 1662 1885 1724 et
1909 1662 2273 1741 congruita-

737 1773 867 1833 tem
882 1816 899 1846 ,
931 1767 1220 1833 videlicet
1259 1768 1663 1831 conformitas
1706 1767 1775 1829 in
1817 1767 2032 1832 volito.
2067 1768 2272 1832 Possi-

737 1876 863 1941 bile
890 1880 985 1939 est
1030 1876 1202 1940 enim
1235 1875 1407 1956 quod
1448 1875 1806 1940 voluntates
1850 1875 1979 1938 sint
2021 1878 2272 1940 confor-

739 2000 895 2061 mes,
938 1982 1025 2045 ita
1064 1981 1236 2064 quod
1280 2001 1411 2046 una
1448 1982 1655 2047 subsit
1696 1982 1911 2061 alteri3
1954 1987 2018 2047 et
2057 1987 2273 2047 tamen

738 2107 871 2153 non
897 2088 1093 2154 velint
1119 2089 1311 2168 idem,
1334 2089 1488 2171 quia
1512 2089 1808 2154 voluntas
1828 2090 2119 2173 superior
2141 2108 2274 2155 non

737 2196 879 2260 vult
916 2196 1277 2261 inferiorem
1325 2196 1489 2260 velle
1544 2198 1713 2280 quod
1762 2197 1900 2279 ipsa
1941 2198 2118 2273 vult,
2166 2197 2273 2262 sed

737 2303 946 2384 magis
970 2302 1133 2368 velle
1158 2304 1568 2367 contrarium.
1599 2302 1913 2381 Quoniam
1940 2324 2098 2387 ergo
2127 2324 2277 2370 con-

738 2411 1021 2475 formitas
1059 2410 1131 2474 in
1155 2410 1399 2476 ratione
1425 2411 1681 2476 volendi
1706 2413 1827 2477 fuit
1866 2414 1934 2475 in
1975 2413 2274 2477 omnibus

738 2517 1174 2583 voluntatibus
1218 2518 1469 2596 Christi,
1517 2520 1672 2602 quia
1706 2521 1796 2584 sic
1836 2519 2087 2585 volebat
2125 2540 2269 2585 sen·

737 2625 1016 2705 sualitas,
1055 2626 1216 2690 sicut
1259 2625 1511 2690 volebat
1552 2627 1713 2691 ratio
1754 2646 1896 2691 eam
1944 2628 2130 2708 velle,
2183 2629 2275 2693 sic

738 2732 988 2797 volebat
1009 2734 1202 2797 etiam
1227 2734 1389 2798 ratio
1416 2733 1686 2810 Christi,
1717 2735 1880 2824 sicut
1904 2735 2124 2800 divina
2149 2754 2271 2800 vo—

737 2839 949 2905 luntas
974 2842 1225 2908 volebat
1258 2842 1473 2925 ipsum
1494 2842 1696 2933 pvelle.
1744 2841 1890 2907 Ideo
1926 2844 2275 2908 conceden-

737 2950 896 3014 dum
936 2950 1107 3032 quod
1144 2949 1212 3014 in
1248 2949 1490 3016 Christo
1530 2949 1651 3015 fuit
1687 2951 2089 3017 voluntatum
2120 2970 2269 3017 con-

738 3055 952 3120 cordia
1003 3061 1067 3120 et
1117 3056 1523 3121 consonantia
1541 3105 1559 3134 ,
1616 3058 1914 3139 quamvis
1966 3077 2049 3122 ex
2096 3063 2274 3142 parte

738 3163 920 3229 voliti
954 3181 1084 3228 non
1116 3167 1278 3227 esset
1316 3163 1640 3243 identitas,
1674 3165 1826 3246 quia
1865 3183 2274 3249 unaquaeque

739 3270 1038 3334 voluntas
1085 3271 1255 3354 quod
1297 3289 1491 3335 suum
1533 3274 1690 3347 erat,
1728 3273 1997 3337 volebat.
2042 3274 2122 3338 Et
2154 3274 2275 3340 hoc

738 3379 1029 3461 estquod
1065 3379 1214 3442 dicit
1239 3379 1542 3460 magister
1569 3378 1760 3460 Hugo
1792 3402 1807 3442 :
1848 3403 1879 3441 α
1906 3380 2271 3446 Secundum

736 3485 1023 3550 divinam
1046 3486 1464 3565 voluntatem,
1493 3487 1667 3569 quod
1687 3488 1942 3568 justum
1968 3494 2125 3569 erat,
2157 3509 2272 3555 vo-

735 3598 856 3662 luit
877 3617 899 3679 ;
926 3600 1280 3664 secundum
1305 3600 1697 3664 voluntatem
1723 3601 1986 3665 rationis
2003 3604 2272 3686 justitiae

737 3707 1052 3769 consensit
1067 3753 1085 3783 ,
1132 3711 1196 3770 et
1235 3707 1548 3788 justitiam
1587 3708 1995 3790 approbavit;
2042 3727 2274 3776 secun-

737 3812 893 3877 dum
938 3818 1155 3883 autem
1197 3813 1591 3880 voluntatem
1634 3814 1902 3897 pietatis,
1942 3816 2079 3879 sine
2123 3817 2274 3897 odio

735 3920 959 3983 intime
999 3920 1320 3990 condoluit
1366 3922 1640 3986 miseriae
1662 3971 1680 4002 ,
1732 3923 2272 4005 quemadmodum

735 4026 1086 4090 secundum
1110 4028 1509 4092 voluntatem
1547 4029 1755 4093 carnis
1790 4031 2105 4112 justitiam
2143 4050 2274 4097 non

735 4134 1098 4211 accusabat,
1129 4133 1235 4198 sed
1262 4152 1516 4216 poenam
1558 4136 1906 4200 recusabat.
1950 4136 2273 4220 Unaquae-

735 4260 862 4323 que
889 4241 1184 4305 voluntas
1207 4241 1380 4323 quod
1405 4259 1596 4304 suum
1621 4246 1756 4305 erat
1776 4243 2178 4323 operabatur,
2212 4251 2277 4310 et

734 4350 904 4432 quod
933 4349 1012 4414 ad
1037 4368 1105 4415 se
1130 4348 1502 4432 pertinebat,
1527 4349 1942 4432 sequebatur:
1974 4352 2271 4417 voluntas

734 4457 977 4534 divina,
993 4459 1346 4540 justitiam;
1393 4457 1688 4523 voluntas
1740 4459 2083 4539 rationalis,
2114 4460 2269 4526 obe-

650 4644 653 4649 ,
734 4563 1074 4643 dientiam3
1120 4564 1415 4628 voluntas
1438 4562 1874 4644 humanitatiS,
1905 4565 2272 4631 misericor-

735 4671 941 4751 diam;
972 4672 1272 4736 voluntas
1296 4672 1526 4752 carnis,
1555 4675 1854 4737 naturam
1886 4694 1901 4738 ε
1935 4691 2147 4757 neque
2173 4676 2273 4739 al-

732 4783 870 4844 tera
892 4779 1074 4844 alteri
1099 4779 1413 4843 contraria
1437 4783 1593 4844 erat.
1624 4778 1801 4845 Sicut
1826 4781 1998 4845 enim
2025 4781 2275 4846 deitatis

732 4886 1034 4951 intererat
1063 4886 1378 4969 ,iustitiam
1415 4905 1547 4952 non
1583 4888 1870 4953 deserere
1887 4937 1905 4968 ,
1935 4890 2025 4953 sic
2066 4889 2274 4953 carnis

733 4993 1033 5059 intererat
1074 4999 1373 5059 naturam
1420 5012 1695 5075 servare,
1725 4999 1789 5060 et
1830 4996 2077 5077 pietatis
2117 4996 2273 5059 alie-

734 5118 886 5164 nam
912 5101 1235 5165 miseriam
1262 5119 1393 5166 non
1429 5120 1667 5167 amare.
1695 5124 1727 5163 ι»
1761 5102 1794 5167 J
1798 5107 2016 5167 ustum
2057 5104 2273 5186 itaque

734 5210 907 5273 carni
931 5214 1067 5274 erat
1092 5210 1262 5291 quod
1285 5210 1643 5292 passionem
1660 5228 1846 5275 suam
1869 5212 2098 5292 noluit,
2120 5213 2275 5295 quia

734 5314 854 5378 hoc
880 5319 1016 5379 erat
1041 5316 1394 5381 secundum
1421 5322 1747 5397 naturam3
1781 5324 1846 5384 et
1863 5321 2119 5402 justum
2149 5319 2274 5383 Deo

733 5430 868 5489 erat
910 5423 1081 5509 quod
1108 5423 1463 5507 passionem
1491 5425 1663 5491 illius
1694 5426 1931 5503 voluit,
1959 5426 2117 5513 quia
2153 5426 2273 5494 hoc

1835 452 2454 521 SENTENTIARUM
2495 454 2640 520 LlB.
2685 453 2793 519 111.

2372 595 2508 655 erat
2539 589 2890 655 secundum
2926 589 3264 673 justitiam.
3306 588 3382 655 Et
3410 585 3501 653 sic
3538 591 3710 673 patet
3736 591 3912 674 quod

2371 695 2517 761 licet
2542 697 2793 761 diversa
2820 698 3027 761 essent
3050 696 3247 762 volita
3260 743 3278 774 ,
3311 696 3671 760 voluntates
3695 699 3916 762 tamen

2374 803 2446 867 in
2473 802 2715 867 Christo
2751 803 3115 870 babuerunt
3149 803 3647 869 consonantiam.
3678 803 3913 869 Conce-

2373 910 2595 976 dendae
2631 915 2783 974 sunt
2808 930 2966 992 ergo
3008 911 3284 977 rationes
3317 909 3713 976 ostendentes
3741 910 3917 994 quod

2375 1020 2735 1085 voluntates
2781 1021 2853 1083 in
2889 1020 3135 1087 Christo
3182 1038 3315 1085 non
3359 1020 3622 1084 fuerunt
3661 1037 3915 1102 repug-

2376 1131 2620 1204 nanteS,
2662 1146 2781 1192 nec
2817 1129 3103 1193 humana
3144 1127 3441 1192 voluntas
3479 1126 3715 1191 divinae
3730 1174 3748 1206 ,
3789 1143 3918 1190 nec

2375 1233 2685 1299 sensualis
2727 1234 3020 1299 rationali
3059 1256 3076 1299 t
3120 1234 3400 1317 alioquin
3446 1233 3815 1316 sequeretur
3840 1232 3918 1296 in

2378 1340 2622 1406 Christo
2663 1342 2855 1406 fuisse
2899 1347 3228 1423 peccatum
3271 1340 3809 1422 transgressionis,
3848 1343 3919 1404 et

2377 1449 2608 1515 vitium
2659 1451 3082 1533 corruptionis
3098 1498 3115 1526 ,
3171 1449 3336 1513 sicut
3380 1446 3702 1531 objectum
3743 1447 3914 1524 fuit;

2378 1574 2658 1642 quorum
2687 1551 3030 1640 utrumque
3055 1561 3149 1621 est
3173 1556 3455 1621 alienum
3482 1575 3523 1619 a
3549 1554 3814 1634 Christo,
3841 1555 3922 1618 in

2379 1682 2510 1747 quo
2554 1664 2814 1729 fuerunt
2852 1682 3073 1730 omnes
3112 1668 3324 1728 motus
3360 1661 3699 1727 rationales
3719 1662 3917 1741 recti,

2379 1777 2443 1837 et
2481 1791 2704 1838 omnes
2743 1777 2954 1837 motus
3000 1771 3421 1840 sensualitatis
3458 1769 3685 1852 pacati,
3721 1770 3926 1851 juxta

2377 1879 2537 1944 illud
2562 1880 2729 1961 quod
2758 1879 2908 1942 dicit
2932 1877 3336 1960 Augustinus
3361 1877 3686 1958 signatum
3723 1876 3926 1939 fuisse

2378 2003 2493 2069 per
2558 1986 2857 2050 animalia
2877 2034 2895 2065 ,
2950 2003 3096 2068 quae
3151 1985 3412 2049 fuerunt
3461 1984 3528 2046 in
3584 2000 3732 2046 arca
3781 1980 3924 2046 Noe

2379 2094 2595 2176 quieta
2614 2098 2675 2157 et
2700 2095 2942 2177 pacata.

2464 2209 2492 2264 1
2508 2249 2523 2264 .
2561 2199 2660 2264 Ad
2685 2200 2844 2264 illud
2872 2217 3024 2264 vero
3049 2199 3221 2282 quod
3247 2197 3589 2281 opponitur
3614 2196 3820 2279 primo
3846 2197 3922 2260 in

2380 2291 2768 2374 contrarium
2808 2308 2885 2372 de
2926 2308 3208 2371 oratione
3244 2304 3490 2370 Domini
3521 2324 3539 2368 z
3572 2305 3715 2371 Non
3749 2305 3928 2372 sicut

2381 2432 2488 2499 eqo
2511 2417 2673 2495 volo,
2702 2414 2817 2482 sed
2841 2416 3008 2481 sicut
3039 2420 3110 2480 tu
3135 2417 3261 2491 vis,
3291 2412 3670 2496 respondent
3694 2411 3923 2494 aliqui,

2381 2525 2553 2608 quod
2580 2542 2663 2589 ex
2688 2524 2810 2587 hoc
2833 2540 2966 2586 non
2992 2520 3388 2586 concluditur
3413 2518 3927 2585 contrarietatem

2380 2633 2787 2700 voluntatum
2823 2631 3018 2696 fuisse
3054 2630 3122 2693 in
3165 2627 3408 2694 Christo
3425 2674 3445 2707 ,
3485 2645 3602 2712 pro
3643 2646 3717 2692 eo
3743 2627 3920 2710 quod

2381 2740 2544 2804 alius
2584 2743 2648 2804 et
2684 2739 2847 2803 alius
2890 2736 3118 2803 modus
3162 2734 3414 2800 volendi
3443 2753 3573 2799 non
3608 2733 3929 2798 inducunt

2383 2846 2884 2910 contrarietatem
2898 2892 2917 2923 ,
2947 2844 3072 2908 nisi
3099 2846 3286 2926 prout
3314 2842 3790 2907 considerantur
3816 2859 3924 2905 se-

2380 2952 2668 3017 cundum
2695 2953 2883 3016 idem.
2912 2951 3111 3030 Unde,
3140 2951 3292 3033 quia
3317 2950 3482 3013 alius
3508 2953 3571 3012 et
3599 2949 3759 3013 alius
3783 2966 3926 3013 mo-

2381 3063 2501 3126 dus
2527 3060 2958 3125 consideratur
2983 3059 3150 3122 circa
3175 3057 3366 3121 aliam
3393 3061 3457 3120 et
3477 3055 3666 3120 aliam
3692 3055 3924 3122 volun-

2380 3172 2576 3233 tatem
2593 3218 2611 3248 ,
2671 3186 2804 3233 non
2862 3167 3178 3231 inducunt
3240 3165 3745 3230 contrarietatem
3796 3183 3924 3229 nec

2381 3276 2899 3359 repugnantiam.
2935 3273 3058 3338 Sed
3099 3274 3215 3338 iste
3242 3272 3469 3337 modus
3502 3270 3920 3355 respondendi

2380 3401 2511 3448 non
2548 3383 2824 3447 sufficit:
2858 3381 3164 3464 quoniam
3207 3381 3261 3444 si
3304 3380 3500 3462 aliqui
3538 3379 3668 3443 duo
3705 3378 3920 3442 homi-

2378 3508 2515 3569 nes,
2545 3490 2658 3572 qui
2686 3488 2921 3553 hahent
2949 3487 3228 3552 diversas
3247 3487 3631 3564 voluntates,
3663 3490 3918 3551 contra-

2379 3597 2477 3661 rio
2502 3595 2692 3661 modo
2718 3614 2786 3660 se
2812 3595 3092 3660 habeant
3131 3596 3297 3659 circa
3321 3594 3577 3678 aliquod
3601 3591 3874 3658 volitum
3894 3641 3912 3669 ,

2381 3703 2681 3768 dicuntur
2727 3703 2962 3767 habere
3016 3702 3369 3767 voluntates
3420 3700 3783 3765 contrarias,
3837 3699 3918 3764 Et

2380 3814 2712 3893 propterea
2736 3790 2942 3892 potest
2967 3808 3148 3873 aliter
3181 3807 3301 3873 dici
3321 3857 3338 3887 ,
3371 3808 3543 3890 quod
3569 3807 3916 3872 conformi-

2379 3922 2475 3982 tas
2503 3918 2850 3984 voluntatis
2884 3918 2963 3981 ad
3004 3918 3398 3982 voluntatem
3440 3916 3775 3999 dupliciter
3815 3922 3917 3979 at-

2381 4026 2661 4089 tenditur
2716 4044 2734 4088 :
2791 4028 2903 4089 aut
2952 4021 3306 4089 secundum
3356 4022 3873 4088 assimilationem
3892 4071 3914 4102 ‚

2381 4137 2494 4197 aut
2540 4132 2889 4196 secundum
2933 4131 3410 4214 subjectionem.
3448 4129 3751 4195 Dominus
3793 4148 3914 4194 au-

2383 4245 2513 4305 tem
2555 4259 2595 4304 a
2627 4238 3048 4303 sensualitatis
3091 4239 3417 4303 voluntate
3451 4256 3582 4302 non
3625 4240 3916 4322 require·

2382 4348 2492 4411 bat
2535 4345 3035 4411 conformitatem
3081 4344 3548 4410 assimilationis
3564 4393 3583 4424 ,
3625 4350 3701 4410 ut
3746 4345 3919 4411 idem

2381 4454 2599 4530 vellet,
2634 4454 2805 4537 quod
2840 4453 2977 4536 ipsa
3005 4451 3232 4531 vellet;
3265 4453 3374 4517 sed
3412 4453 3920 4520 conformitatem

2381 4560 2808 4645 subjectionis,
2840 4562 2915 4623 ut
2937 4559 3000 4624 id
3029 4559 3238 4639 vellet,
3268 4559 3438 4643 quod
3473 4560 3637 4624 Deus
3661 4560 3922 4626 ordina-

2381 4672 2475 4737 vit
2501 4687 2643 4734 eam
2669 4668 2831 4733 velle
2861 4690 2879 4731 ι
2910 4674 2974 4732 et
2995 4667 3301 4732 Dominus
3323 4668 3396 4731 in
3422 4668 3718 4750 praedicta
3742 4667 3922 4733 locu-

2382 4779 2555 4845 tione
2618 4776 2780 4842 tollit
2845 4776 3349 4840 conformitatem
3413 4775 3880 4841 assimilationis
3896 4825 3917 4856 ,

2383 4904 2533 4952 cum
2558 4885 2709 4950 dicit
2739 4906 2755 4949 ι
2787 4885 2929 4951 Νοη
2950 4884 3120 4950 sicut
3146 4898 3256 4965 390
3286 4883 3421 4950 volo
3431 4901 3461 4965 ;
3485 4887 3547 4947 et
3570 4885 3750 4966 ponit
3774 4901 3922 4949 con-

2382 4990 2767 5054 formitatem
2791 4986 3202 5070 subjectionis
3229 4987 3297 5051 in
3322 4986 3446 5051 hoc
3459 5034 3478 5065 ,
3508 4986 3679 5069 quod
3709 4990 3923 5050 osten-

2382 5097 2474 5161 dit
2512 5115 2581 5160 se
2608 5096 2772 5162 velle
2804 5094 3039 5160 divinae
3084 5093 3395 5158 voluntati
3435 5093 3711 5157 subesse.
3742 5091 3920 5157 Unde

2382 5203 2454 5268 in
2480 5202 2781 5285 praedicto
2806 5200 3002 5264 verbo
3038 5200 3393 5264 insinuatur
3418 5199 3659 5283 duplex
3685 5199 3920 5263 volun·

2382 5319 2478 5378 tas
2517 5313 2587 5377 in
2632 5312 2875 5379 Christo
2906 5334 2921 5375 :
2952 5331 3086 5376 una
3128 5312 3417 5376 videlicet
3456 5312 3743 5390 rationis,
3772 5329 3923 5394 quae

2382 5425 2518 5489 erat
2558 5420 2804 5499 similis,
2847 5424 2911 5483 et
2951 5418 3235 5500 subjecta
3277 5418 3515 5484 divinae
3560 5418 3918 5493 voluntati;
