4185 6288
690 446 813 507 15⁵3

1799 431 2424 501 sssN‘rEN'rIARuM
2466 431 2614 496 Lm.
2661 431 2771 497 ln.

687 574 918 655 tutelis,
944 575 1097 659 qui¹
1125 573 1352 640 dividit
1371 590 1581 637 unum
1608 572 1679 636 in
1708 574 1935 654 prima
1957 570 2237 655 philoso-
2351 574 2451 633 tas
2475 570 2624 648 ista,
2654 568 3090 651 quaVerbum
3115 570 3228 638 Dei
3252 573 3516 639 unitum
3555 578 3649 640 est
3687 572 3907 659 carni,

687 682 854 764 phia
876 681 948 745 in
976 699 1185 746 unum
1210 698 1324 763 per
1363 697 1432 744 se
1447 727 1467 757 ,
1496 683 1560 743 et
1586 678 1656 742 in
1699 695 1907 742 unum
1939 695 2053 760 per
2082 677 2250 740 acci-
2355 676 2612 760 speciali
2641 676 2998 742 differentia
3023 679 3260 744 dicitur
3285 679 3503 745 unitas
3543 680 3908 762 dignativa,

689 791 867 856 dens.
900 788 1113 854 Unum
1139 806 1254 871 per
1280 786 1573 851 accidens
1603 785 1838 850 dicitur
1874 786 2039 849 sicut
2070 785 2246 848 acci-
2356 783 2614 848 videtur
2652 800 2813 864 ergo
2852 784 3023 866 quod
3059 786 3221 851 unio
3266 786 3571 868 praedicta
3605 788 3908 870 singula-

690 897 848 962 dens
874 896 943 959 in
974 913 1094 959 suo
1117 895 1436 974 subjecto,
1468 892 1572 957 vel
1599 894 1766 957 sicut
1796 893 1926 958 dno
1951 893 2250 957 acciden-

691 1003 780 1068 tia
824 1003 896 1066 in
937 1019 1071 1066 uno
1124 1000 1436 1082 subjecte.
1484 1000 1699 1065 Unum
1749 1005 1967 1063 autem
2020 1018 2138 1082 per
2183 1018 2252 1063 se

693 1111 922 1175 dicitur
949 1125 1187 1172 novem
1215 1108 1444 1187 modiS‚
1479 1108 1714 1171 scilicet
1742 1108 1957 1171 contin
1967 1107 2247 1185 natione,

691 1236 971 1301 quorum
1018 1216 1334 1281 terminus
1367 1234 1580 1294 unus;
1614 1231 1823 1279 unum
1866 1214 2105 1297 specie,
2147 1211 2253 1278 vel

691 1326 926 1400 forma,
962 1328 1039 1387 ut
1079 1323 1367 1389 Socratoe
1395 1323 1474 1406 (a)
1512 1326 1577 1386 ει
1619 1322 1795 1386 Plato
1835 1323 1902 1385 in
1944 1321 2248 1403 homine;

689 1450 899 1497 unum
929 1449 1197 1513 genere,
1224 1434 1300 1494 ιιι
1324 1430 1553 1505 homo,
1586 1433 1652 1494 et
1678 1430 1795 1493 bos
1826 1429 1893 1492 in
1939 1428 2205 1494 animali
2229 1449 2246 1505 ;

688 1557 899 1604 unum
927 1538 1334 1617 diffinitione,
1366 1543 1439 1601 ut
1468 1538 1576 1602 illa
1603 1554 1753 1619 quae
1795 1537 2039 1600 habent
2077 1553 2257 1599 eam-

690 1642 838 1706 dem
885 1641 1329 1707 diffinitionem
1350 1689 1368 1717 ,
1413 1640 1520 1705 vel
1575 1657 1859 1723 quorum
1901 1658 2113 1703 unum
2162 1641 2260 1702 ost

692 1748 985 1814 diffinitio
1028 1748 1324 1826 alterius3
1358 1767 1564 1812 unum
1598 1747 2110 1811 indivisibilitate
2130 1794 2148 1821 ,
2185 1749 2261 1809 ut

693 1862 1013 1939 punctus;
1080 1873 1290 1918 unum
1358 1872 1631 1918 numero
1654 1903 1673 1935 ,
1746 1857 1819 1917 ut
1885 1853 2254 1937 singulare3

694 1981 903 2028 unum
942 1962 1374 2045 simplicitate,
1408 1965 1482 2026 ut
1508 1961 1817 2041 essentia,
1850 1961 1955 2026 vel
1983 1962 2261 2026 univer-

694 2070 866 2149 sale3
916 2088 1127 2135 unum
1177 2069 1480 2133 totalitate
1499 2115 1521 2147 ,
1566 2068 1669 2132 vel
1718 2068 2104 2152 perfectione
2129 2116 2148 2147 ,
2189 2071 2265 2132 ut

695 2178 1013 2265 circulum
1043 2194 1255 2240 unum
1295 2176 1703 2259 proportione
1724 2225 1742 2255 ,
1775 2180 1852 2239 ut
1893 2175 2157 2256 auriga,
2202 2178 2266 2238 ει

698 2288 933 2363 nauta3
966 2302 1176 2348 unum
1205 2284 1503 2363 materia,
1536 2288 1611 2346 ut
1633 2283 1851 2347 omnia
1882 2283 2262 2367 corporalia.

700 2391 826 2456 Sed
851 2392 1030 2456 nullo
1056 2392 1325 2456 istorum
1355 2389 1697 2455 modorum
1726 2394 1821 2454 est
1839 2390 1997 2454 unio
2024 2391 2095 2453 in
2129 2409 2266 2472 per-

701 2517 860 2564 sona
894 2500 964 2563 in
992 2498 1220 2563 Christi
1252 2521 1267 2563 :
1302 2516 1462 2579 ergo
1501 2497 1758 2562 videtur
1793 2497 1965 2581 quod
1999 2498 2083 2560 sit
2113 2497 2267 2562 unio

701 2607 896 2674 modo
924 2605 1242 2689 singulari
1273 2610 1337 2669 ει
1362 2606 1641 2688 proprio.

787 2714 944 2779 Item
989 2715 1114 2777 hoc
1150 2714 1361 2797 ipsum
1403 2712 1658 2777 videtur
1693 2711 2068 2776 auctoritate
2109 2709 2266 2775 Ber·

705 2822 929 2901 nardi,
958 2820 1048 2887 ad
1086 2820 1486 2904 Euqenium,
1523 2819 1594 2882 in
1621 2819 1787 2883 libro
1813 2817 2040 2901 quinto
2071 2826 2117 2896 ²,
2152 2812 2269 2883 ubi

710 2929 1050 3010 distinguit
1082 2946 1295 2993 unum
1323 2945 1557 2992 novem
1597 2926 1837 3003 modiS,
1864 2925 1979 2990 ubi
2005 2924 2095 2990 ait
2122 2926 2211 2990 sic
2244 2944 2263 2992 t

720 3058 751 3097 ι
781 3036 890 3101 Εει
917 3035 1134 3099 unitas
1161 3034 1507 3114 collectiva,
1536 3039 1612 3098 ut
1637 3033 1933 3098 videlicet
1962 3032 2151 3097 multi
2179 3034 2267 3097 la·

711 3143 889 3227 pides
931 3142 1172 3207 faciunt
1236 3160 1444 3206 unum
1507 3158 1837 3207 acervum.
1892 3140 2002 3205 Est
2049 3141 2267 3207 unitas

712 3251 1122 3315 constitutiva
1142 3298 1160 3327 ,
1209 3253 1283 3314 ιιι
1319 3266 1469 3314 cum
1524 3248 1747 3313 multae
1793 3251 2007 3331 partes
2051 3267 2262 3314 unum

711 3360 923 3423 totum
962 3355 1381 3422 constituunt.
1423 3354 1534 3419 Est
1575 3355 1786 3419 unitas
1815 3356 2259 3438 conjugativa,

712 3484 840 3550 qua
861 3466 935 3548 (b)
964 3467 1060 3544 tit,
1087 3467 1161 3529 ut
1177 3464 1305 3528 duo
1328 3466 1465 3546 jam
1485 3481 1616 3527 non
1642 3464 1794 3543 due,
1815 3463 1924 3528 sed
1952 3481 2085 3528 una
2115 3482 2266 3529 caro

711 3576 884 3637 sunt.
913 3572 1026 3637 Est
1049 3571 1261 3636 unitas
1286 3572 1505 3635 nativa
1521 3617 1538 3648 ,
1568 3588 1698 3653 qua
1721 3570 1939 3634 anima
1964 3575 2028 3635 et
2071 3590 2265 3636 carne

711 3697 883 3744 unus
908 3678 1100 3743 homo
1126 3678 1430 3742 nascitur.
1464 3676 1573 3742 Est
1606 3677 1821 3742 unitas
1848 3679 2260 3761 potestativa,

711 3806 842 3870 qua
864 3787 1061 3851 homo
1089 3787 1344 3853 virtutis
1371 3804 1505 3851 non
1533 3786 1876 3866 instabilia,
1909 3804 2039 3851 non
2070 3785 2263 3850 dissi-

710 3895 912 3973 milis,
939 3895 1050 3959 sed
1086 3914 1257 3960 unus
1285 3894 1538 3959 sibimet
1562 3894 1790 3961 nititur
1819 3894 2120 3959 inveniri.
2152 3893 2264 3960 Est

709 4001 921 4065 unitas
950 4005 1400 4081 consentanea,
1428 4005 1502 4067 ιιι
1544 4019 1695 4066 cum
1729 4019 1845 4085 per
1884 4001 2260 4065 charitatem

710 4107 1063 4172 multorum
1089 4109 1429 4173 hominum
1452 4113 1546 4174 est
1571 4128 1681 4173 cor
1700 4126 1930 4188 unum,
1955 4112 2018 4173 et
2041 4108 2262 4172 anima

710 4233 865 4280 una.
907 4213 1017 4281 Est
1043 4215 1258 4280 unitas
1296 4216 1547 4295 votiva,
1592 4234 1742 4281 cum
1780 4216 1998 4280 anima
2043 4215 2261 4280 omni-

709 4323 831 4388 bus
882 4322 1049 4387 votis
1100 4321 1228 4387 Deo
1265 4322 1600 4388 adhaerens
1647 4340 1821 4387 unus
1864 4322 2127 4407 spiritus
2166 4327 2263 4388 est

711 4449 862 4497 cum
904 4449 1005 4496 eo.
1052 4430 1162 4496 Est
1209 4431 1424 4495 unitas
1465 4430 1831 4512 dignativa,
1883 4449 2016 4514 qua
2063 4431 2262 4496 limus

712 4546 927 4605 noster
966 4559 1006 4605 a
1038 4539 1164 4605 Deo
1192 4538 1400 4605 Verbo
1436 4540 1507 4603 in
1535 4558 1737 4604 unam
1771 4543 2140 4623 assumptus
2166 4542 2259 4604 εει

714 4665 1073 4730 personam.
1102 4667 1133 4705 n
1168 4646 1280 4712 Est
1305 4650 1368 4711 et
1393 4651 1713 4730 postremo
1737 4647 1951 4712 unitas
1975 4647 2259 4712 Trinita-

713 4754 818 4833 tis,
848 4755 926 4819 de
942 4773 1072 4838 qua
1089 4754 1222 4837 ipse
1237 4752 1601 4820 Bernartius
1612 4755 1866 4820 subdit·
1889 4776 1907 4819 ε
1940 4776 1971 4816 «1
1988 4754 2254 4836 Verum,

713 4866 777 4926 et
801 4861 958 4945 quid
994 4866 1146 4927 sunt
1171 4862 1250 4927 ad
1285 4861 1443 4927 illud
1470 4880 1681 4928 unum
1697 4864 1729 4928 Ἰ
1754 4885 1787 4924 ι
1821 4861 1994 4945 Ergo
2020 4864 2077 4929 si
2107 4864 2259 4929 uni-

777 5046 982 5111 ¹Arist.,
1011 5048 1250 5113 Metaph,
1278 5047 1366 5098 lib.
1402 5050 1465 5111 V,
1490 5053 1629 5100 cont.
1652 5051 1683 5100 7
1702 5053 1754 5100 ει
1775 5050 2037 5116 deinceps;
2068 5052 2159 5102 lib.
2192 5053 2254 5117 x,

713 5120 853 5167 cont.
882 5128 918 5167 ι.
944 5143 1008 5155 —-
1028 5119 1052 5154 ¹
1079 5119 1252 5183 Rern„
1273 5119 1335 5170 de
1360 5117 1642 5184 Consider„
1667 5120 1757 5171 lib.
1792 5123 1857 5183 V,
1884 5126 2005 5188 post
2027 5123 2170 5175 med.
2193 5148 2257 5162 -·

779 5193 847 5256 (a)
873 5191 996 5243 Cat.
1031 5193 1155 5245 edit.
1177 5196 1374 5246 Sortes.
1404 5223 1461 5234 —
1489 5195 1563 5261 (h)
1590 5197 1714 5247 Item
1740 5211 1863 5262 quo.

2358 908 2497 956 rem
2525 890 2793 955 modum
2819 890 3071 956 habeat.

2440 997 2596 1062 Item
2629 998 2753 1061 hoc
2788 999 3002 1081 ipsum
3043 1000 3298 1065 videtur
3337 1001 3720 1066 auctoritate
3762 1019 3909 1085 pro-

2358 1106 2593 1190 phetici
2623 1108 2841 1185 verbi3
2873 1106 3107 1172 dicitur
3133 1108 3352 1173 enim*
3381 1128 3399 1172 ε
3430 1108 3691 1174 Novum
3719 1110 3918 1188 saciet

2360 1215 2668 1280 Dominus
2698 1231 2891 1297 super
2917 1220 3156 1283 terram
3171 1262 3193 1294 ,
3219 1215 3457 1299 mulier
3484 1216 3916 1285 circumdabit

2361 1324 2577 1388 virum
2594 1343 2623 1402 ,·
2648 1322 2769 1386 hoc
2787 1375 2802 1400 ,
2831 1322 3099 1405 inquam
3119 1369 3138 1398 ,
3167 1322 3403 1387 dicItur
3431 1323 3509 1387 de
3535 1322 3648 1387 illa
3673 1325 3913 1390 unione

2363 1434 2573 1494 creata
2606 1452 2621 1494 ε
2652 1430 2760 1495 sed
2796 1447 2928 1494 non
2962 1434 3125 1493 esset
3157 1446 3409 1493 novum
3426 1478 3445 1509 ,
3474 1429 3529 1493 si
3556 1429 3769 1494 simile
3793 1430 3917 1494 ha-

2363 1536 2541 1601 beret
2572 1556 2590 1602 z
2617 1537 2868 1601 videtur
2895 1553 3053 1618 ergo
3079 1535 3253 1619 quod
3279 1537 3446 1600 inter
3471 1554 3698 1601 omnes
3723 1537 3914 1603 unio-

2364 1662 2482 1708 nes
2507 1645 2589 1708 sit
2612 1646 2772 1709 unio
2803 1645 2922 1708 ista
2946 1645 3317 1726 singularis.

2446 1750 2570 1816 Sed
2613 1752 3179 1819 contra⁸213runt
3218 1752 3348 1819 duo
3377 1754 3455 1817 in
3495 1767 3692 1819 came
3722 1769 3860 1817 una
3889 1773 3906 1816 ε
3935 1785 4097 1840 um,

2366 1866 2835 1928 sacramentum
2872 1859 2988 1926 hoc
3024 1876 3327 1942 maenum
3366 1864 3459 1926 est
3490 1881 3514 1923 .·
3553 1876 3666 1942 eqo
3704 1867 3912 1926 autem

2367 1966 2550 2048 dice,
2605 1969 2683 2033 in
2730 1967 2975 2033 ctu-isto
3021 1971 3082 2033 et
3127 1969 3203 2032 in
3253 1967 3592 2049 120de
3631 1965 3847 2031 Glossa
3892 1989 3909 2032 ε

2379 2097 2412 2136 α
2439 2073 2601 2151 Quia
2625 2073 2931 2152 Christus,
2953 2074 3062 2157 qui
3091 2073 3259 2139 Deus
3276 2078 3414 2139 erat
3437 2074 3615 2158 apud
3642 2073 3913 2152 Patrem,

2370 2201 2487 2266 per
2512 2200 2711 2265 quem
2736 2186 2801 2247 et
2829 2182 2976 2246 facti
3001 2199 3258 2261 sumne,
3291 2182 3496 2247 Iactus
3522 2186 3622 2246 est
3649 2200 3766 2266 per
3790 2199 3918 2247 car-

2372 2306 2524 2353 nem
2560 2289 2874 2371 particeps
2908 2292 3159 2369 noster,
3200 2295 3274 2355 ut
3299 2289 3473 2355 illius
3514 2290 3743 2373 capitis
3781 2308 3912 2355 cor·

2372 2413 2496 2480 pus
2530 2414 2893 2461 essemus...
2923 2418 2953 2457 n
2988 2396 3163 2480 Ergo
3199 2397 3456 2462 videtur
3495 2398 3672 2480 quod
3713 2398 3918 2463 unitas

2371 2502 2501 2581 illa,
2526 2520 2676 2586 quae
2705 2506 2800 2567 est
2824 2501 3015 2568 Verbi
3037 2504 3116 2568 ad
3144 2521 3404 2568 carnem
3421 2551 3440 2581 ‚
3465 2504 3549 2568 sit
3577 2504 3920 2570 consimilis

2370 2610 2496 2690 illi,
2527 2630 2674 2694 quae
2711 2615 2805 2676 est
2843 2611 2968 2676 viri
3006 2611 3087 2676 ad
3113 2629 3386 2677 uxorem
3419 2634 3437 2678 z
3479 2630 3619 2678 non
3648 2630 3805 2695 ergo
3827 2613 3918 2677 est

2373 2718 2584 2783 unitas
2607 2718 2981 2800 singularia.

2453 2829 2516 2890 2.
2548 2824 2708 2890 Item
2742 2826 2852 2890 illa
2878 2827 3128 2907 unitas,
3157 2846 3292 2910 qua
3315 2825 3606 2893 Verbum
3641 2830 3735 2893 est
3771 2826 3911 2892 uni·

2372 2937 2514 2997 tum
2561 2934 2778 3014 carni,
2810 2938 2907 2999 est
2949 2937 3160 2999 unitas
3199 2936 3575 3019 personalis,
3598 2936 3776 3000 sicut
3801 2953 3907 3001 su·

2374 3042 2530 3122 pra⁸
2575 3045 2896 3107 ostensum
2954 3046 3048 3106 est
3092 3060 3110 3107 :
3161 3043 3274 3107 sed
3326 3038 3536 3108 unitas
3592 3042 3732 3124 illa,
3791 3060 3912 3125 qua

2374 3151 2595 3216 anima
2622 3153 2849 3216 unitur
2873 3151 3050 3216 carni
3067 3197 3087 3229 ,
3129 3170 3277 3235 quae
3303 3155 3399 3217 est
3425 3152 3640 3217 unitas
3665 3153 3905 3229 nativa,

2373 3262 2468 3322 est
2493 3259 2707 3323 unitas
2735 3259 3082 3341 personans
3113 3282 3129 3324 :
3156 3277 3315 3340 ergo
3337 3260 3596 3326 videtur
3618 3260 3786 3344 quod
3810 3258 3912 3324 illa

2371 3364 2587 3430 unitas
2613 3367 3039 3431 communicet
3063 3385 3214 3432 cum
3240 3366 3382 3430 aliis
3407 3367 3740 3433 creaturis.

2453 3481 2512 3540 3.
2546 3474 2706 3541 Item
2728 3478 2942 3541 unitas
2967 3476 3095 3556 illa,
3127 3495 3257 3559 qua
3274 3475 3440 3541 Deus
3466 3477 3694 3541 unitur
3718 3473 3904 3551 carni,

2371 3586 2466 3646 est
2495 3601 2578 3647 ex
2602 3600 2859 3646 summa
2896 3587 3200 3666 potestate
3236 3582 3390 3663 Dei;
3435 3583 3609 3650 unde
3651 3584 3719 3647 in
3757 3600 3908 3665 qua-

2371 3690 2519 3754 dam
2559 3691 2889 3773 sequentia
2922 3713 2940 3756 2
2969 3692 3319 3773 potestate,
3358 3708 3491 3759 non
3530 3699 3773 3760 natura
3791 3738 3812 3770 ,
3837 3690 3910 3770 fit

2375 3796 2636 3865 Creator
2657 3808 2958 3866 creatura
2984 3822 3009 3865 .·
3035 3817 3193 3881 ergo
3224 3799 3479 3864 videtur
3507 3800 3681 3883 quod
3702 3797 3806 3862 illa
3832 3794 3908 3859 sit

2370 3904 2583 3969 unitas
2607 3908 2983 3988 potestatiVa
3012 3925 3030 3970 ε
3061 3907 3170 3972 sed
3198 3907 3304 3972 ille
3326 3905 3563 3971 modus
3582 3903 3867 3989 competit
3881 3948 3898 3980 ‚

2369 4014 2433 4075 ει
2457 4013 2777 4095 reperitur
2799 4014 2867 4078 in
2893 4019 3187 4079 creatura
3215 4035 3234 4079 ι
3265 4032 3450 4096 ergo,
3478 4018 3601 4079 etc.

2449 4126 2513 4185 Δ.
2544 4120 2705 4186 Item
2731 4128 2844 4188 aut
2869 4124 2977 4187 illa
3003 4125 3181 4201 unio,
3212 4142 3345 4207 qua
3370 4123 3670 4189 divinitas
3692 4118 3900 4188 unitur

2368 4228 2783 4311 humanitati,
2827 4234 2922 4296 εει
2965 4232 3275 4296 naturalis
3291 4281 3309 4313 ,
3352 4235 3465 4298 aut
3501 4231 3778 4315 gratuita
3805 4247 3823 4294 z
3848 4224 3897 4291 si

2367 4338 2675 4402 naturalis
2691 4387 2710 4419 ,
2739 4356 2899 4421 ergo
2945 4340 3309 4405 continetur
3349 4341 3471 4406 sub
3516 4337 3897 4407 naturalibus

2369 4444 2722 4511 unitatibus
2749 4446 2893 4525 illis,
2919 4465 3071 4530 quae
3092 4468 3132 4512 a
3162 4445 3549 4533 Philosopho
3576 4447 3894 4530 assignan-

2366 4555 2513 4631 tur3
2543 4553 2595 4615 si
2637 4555 2949 4635 gratuita,
2982 4573 3139 4638 ergo
3186 4574 3336 4623 cum
3380 4558 3594 4622 unitas
3631 4551 3896 4638 gratuita

2365 4659 2449 4722 sit
2472 4660 2690 4724 unitas
2713 4662 2952 4742 votiva,
2985 4663 3150 4728 sicut
3173 4663 3324 4729 dicit
3348 4664 3703 4730 Bet-nardus
3718 4661 3769 4741 ',
3797 4657 3890 4722 vi·

2365 4763 2552 4829 detur
2587 4767 2759 4850 quod
2796 4769 2914 4835 iste
2947 4771 3180 4836 modus
3204 4771 3467 4837 unitatis
3499 4770 3734 4837 divinae
3771 4779 3890 4832 non

2364 4872 2553 4938 faciat
2575 4878 2914 4959 specialem
2935 4880 3202 4946 unitatis
3224 4880 3668 4947 differentiam.

2365 5035 2389 5071 ⁸
2412 5033 2624 5085 lbid.-
2643 5037 2665 5072 ⁸
2684 5039 2888 5104 lev-em„
2915 5052 3061 5106 1111,
3085 5044 3164 5093 22.
3193 5042 3294 5080 —⁸
3311 5042 3514 5106 Eploee„
3541 5056 3596 5106 v,
3625 5043 3703 5102 31,
3731 5039 3807 5088 32.
3831 5059 3888 5074 -

2365 5107 2388 5143 ⁸
2400 5108 2926 5176 Quin-t.prae00‹1.-v
2941 5114 3117 5177 Ber-n..
3136 5116 3197 5165 ae
3213 5113 3437 5176 consa„
3450 5114 3538 5166 ub.
3552 5115 3614 5177 v,
3632 5104 3884 5178 pannea.
