4185 6288
342 1362 523 1411 mvi-io.

587 442 709 505 384

1679 441 2292 514 SENTENTIARUM
2333 448 2481 515 LlB.
2528 449 2634 516 111.

581 573 908 667 pontilicis
936 583 981 660 ¹,
1035 578 1140 648 his
1189 581 1306 671 qui
1365 580 1449 650 ad
1511 580 1837 651 civitatem
1883 583 2125 672 refugii
2171 573 2640 676 confugerant,
2701 613 2926 662 secure
2977 592 3062 662 ad
3117 590 3382 685 propria
3440 603 3763 662 remeare:

582 687 744 759 Ecce
785 691 1200 784 aliquatenus
1251 700 1587 766 ostensum
1644 705 1764 783 est,
1820 698 2106 790 qualiter
2156 721 2276 792 per
2321 701 2562 774 Christi
2610 714 2886 778 mortem
2942 708 3161 778 aditus
3212 707 3400 797 regni
3445 707 3531 777 sit
3577 707 3766 778 nobis

582 816 870 897 paratus.

958 1001 1365 1071 EXPOSITIO
1405 1004 1733 1074 TEXTUS.

583 1162 658 1213 De
679 1162 860 1214 merito
883 1163 1038 1215 etiam
1060 1163 1247 1216 Christi
1259 1167 1752 1229 praetermittendum
1771 1180 1879 1218 non
1902 1171 2000 1230 est,
2018 1171 2120 1220 etc.

662 1321 869 1405 Supra
895 1323 1034 1406 egit
1060 1325 1363 1407 magister
1383 1327 1462 1392 de
1486 1328 1815 1394 voluntate
1843 1329 2074 1394 Christi
2098 1349 2118 1410 3

583 1430 652 1493 in
676 1430 798 1495 hac
824 1436 1001 1514 parte
1029 1433 1166 1515 agit
1192 1434 1271 1499 de
1293 1454 1418 1500 usu
1445 1436 1813 1518 voluntem,
1835 1439 1946 1521 qni
1976 1456 2123 1502 con-

580 1536 740 1602 sistit
766 1538 832 1602 in
861 1541 1162 1606 exercitio
1208 1544 1518 1608 merendi.
1560 1544 1879 1610 Dividitur
1905 1549 2120 1610 autem

579 1662 727 1726 pars
754 1644 874 1709 ista
911 1647 978 1710 in
1005 1647 1164 1711 duas
1204 1652 1448 1730 partes,
1499 1650 1569 1714 in
1596 1670 1871 1734 quarum
1914 1653 2124 1734 prima

580 1750 719 1831 agit
746 1751 825 1815 de
844 1753 1071 1817 merito
1098 1753 1325 1818 Christi
1353 1756 1423 1819 in
1453 1775 1550 1835 se;
1577 1757 1647 1821 in
1671 1759 1942 1822 secunda
1969 1776 2122 1824 vero

579 1858 719 1939 agit
735 1859 814 1923 de
842 1859 981 1942 ipso
1027 1860 1108 1926 ad
1131 1865 1414 1927 nostram
1446 1864 1779 1928 utilitatem
1807 1865 2119 1946 ordinato,

579 1964 668 2028 ibi
699 1986 716 2030 ε
755 1966 864 2032 Ad
909 1967 1070 2050 quid
1093 1985 1239 2051 erqo
1265 1969 1470 2037 voluit
1494 1973 1662 2052 pati,
1695 1977 1754 2039 et
1778 1975 1968 2051 mori,
2003 1979 2116 2039 etc.

581 2072 799 2139 Prima
822 2094 970 2160 pars
1022 2076 1331 2142 dividitur
1355 2077 1424 2140 in
1451 2081 1728 2160 quatuor
1756 2083 1991 2162 parteS,
2020 2098 2118 2145 se·

580 2183 867 2246 cundum
889 2186 1164 2265 quatuor
1196 2184 1580 2264 quaestiones
1626 2203 1787 2266 quas
1831 2185 2124 2250 determi-

579 2289 712 2351 nat.
740 2286 812 2351 In
840 2288 1046 2371 prima
1078 2288 1457 2354 determinat
1501 2289 1822 2371 Magister,
1854 2291 1958 2356 cui
1983 2309 2120 2356 me-

582 2394 783 2458 ruerit
825 2394 1273 2477 principaliter,
1305 2395 1639 2460 ostendens
1681 2396 1852 2478 quod
1882 2399 2123 2480 aliquid

577 2502 815 2566 meruit
844 2502 998 2581 sibi;
1048 2503 1116 2566 in
1142 2502 1421 2596 secunda
1464 2502 1844 2567 determinat
1867 2507 2124 2586 quando

575 2609 809 2674 mereri
835 2609 1115 2693 incoepit,
1174 2610 1509 2674 ostendens
1549 2611 1720 2693 quod
1752 2610 1834 2674 ab
1862 2610 2122 2675 instanti

576 2715 1003 2798 conceptionis
1029 2764 1048 2792 ,
1101 2716 1190 2779 ibi
1239 2738 1254 2780 ε
1311 2716 1434 2781 Nec
1480 2716 1559 2783 id
1612 2717 1813 2783 solum
1863 2720 2121 2799 meruit,

577 2824 735 2901 etc.;
769 2821 843 2885 in
868 2821 1060 2888 tertia
1083 2840 1239 2888 vero
1268 2822 1647 2887 determinat
1674 2823 1832 2905 quid
1859 2841 2146 2889 merue-

576 2927 683 3005 rit,
711 2928 1050 2993 ostendens
1065 2929 1236 3011 quod
1252 2947 1383 2994 non
1411 2933 1662 2994 tantum
1689 2929 1961 3012 gloriam
1990 2931 2123 2995 im-

575 3032 1023 3116 passibilitatis,
1054 3034 1164 3099 sed
1210 3036 1406 3099 etiam
1424 3035 1877 3100 exaltationem
1905 3036 2120 3101 n‘omi-

576 3138 701 3217 nis,
728 3139 821 3204 ibi
852 3139 1019 3208 :Nec
1044 3146 1298 3209 tantum
1314 3143 1590 3224 aleriam
1613 3141 2121 3226 impassibilita-

574 3246 691 3325 tia,
719 3250 839 3311 etc.
862 3268 882 3325 ;
911 3246 982 3311 in
1006 3250 1233 3329 quarta
1268 3265 1422 3325 vero
1449 3247 1827 3312 determinat
1851 3268 1982 3331 qua
2002 3267 2117 3315 ne·

577 3348 861 3415 cessitate
886 3350 1007 3415 ista
1032 3350 1362 3430 meruerit,
1410 3350 1499 3414 ibi
1539 3369 1556 3414 t
1592 3350 1672 3417 Si
1707 3367 1854 3418 vero
1880 3355 2119 3435 quoeri-

577 3460 684 3522 tur
708 3461 946 3533 utrum,
976 3460 1094 3519 etc.
1126 3455 1418 3521 Secunda
1445 3474 1601 3522 vero
1627 3476 1775 3541 pars
1794 3459 2120 3544 principa-

576 3561 654 3627 lis
679 3562 985 3629 dividitur
1011 3562 1081 3626 in
1106 3562 1266 3628 duas
1296 3566 1528 3645 partes,
1574 3563 1644 3627 in
1676 3581 1953 3647 quarum
1981 3566 2118 3648 pri-

578 3692 686 3738 ma
722 3673 1023 3757 proponit
1059 3673 1403 3737 efficaciam
1454 3673 1665 3738 meriti
1706 3674 1934 3739 Christi
1984 3695 2117 3741 res-

577 3785 765 3865 pectu
790 3780 992 3847 nostri
1008 3831 1025 3859 ‚
1054 3781 1125 3845 in
1152 3783 1430 3846 secunda
1441 3800 1597 3847 vero
1624 3781 1955 3865 multiplici
1990 3803 2113 3848 au-

578 3890 863 3954 ctoritate
912 3888 1267 3969 confirmat,
1314 3888 1403 3953 ihi
1431 3907 1449 3953 t
1482 3888 1607 3955 Sed
1647 3890 1955 3973 quomodo
1996 3907 2114 3973 per

577 3997 839 4061 mortem
888 4008 1006 4060 noe
1058 4010 1102 4059 a
1152 3992 1403 4060 diabolo
1436 3992 1737 4072 redemit,
1774 3998 1896 4059 etc.
1940 3992 2111 4059 Sub-

578 4100 923 4168 divisiones
962 4100 1241 4184 partium
1292 4101 1642 4168 manifestae
1694 4106 1848 4167 sunt
1892 4102 1963 4165 in
2005 4103 2117 4166 lit-

577 4211 738 4275 tera.

1233 4404 1369 4451 mm.
1416 4404 1461 4450 1.

624 4543 811 4598 Metuit
829 4556 950 4610 ergo
970 4556 1005 4595 a
1029 4542 1364 4608 conceptione
1388 4555 1497 4593 non
1519 4542 1676 4593 modo
1703 4541 1916 4608 gloriam
1935 4581 1951 4606 ,
1980 4547 2082 4596 etc.

658 4731 886 4797 Contra
920 4753 934 4794 ε
967 4730 1127 4809 Quia
1150 4730 1264 4794 ubi
1290 4748 1497 4794 unum
1526 4735 1782 4814 propter
1806 4730 2110 4813 alterum,

577 4831 668 4898 ihi
692 4852 901 4898 unum
919 4837 1172 4897 tantum
1201 4852 1219 4896 ε
1250 4832 1358 4897 sed
1383 4832 1827 4898 immortalitas
1854 4853 1988 4899 non
2013 4837 2112 4898 est

577 4940 648 5004 in
673 4958 932 5024 corpore
959 4941 1081 5004 nisi
1114 4957 1229 5024 per
1262 4939 1570 5016 animam,
1615 4939 1782 5005 sicut
1808 4959 1925 5005 nec
1954 4941 2110 5008 vita.

579 5042 961 5112 Passibilitas
985 5047 1177 5112 etiam
1226 5064 1355 5110 non
1383 5049 1478 5111 est
1502 5046 1571 5110 in
1605 5046 1820 5111 anima
1844 5047 1972 5111 nisi
2000 5067 2120 5131 per

645 5219 665 5253 ¹
682 5219 805 5283 loe„
833 5229 923 5283 xx,
945 5222 994 5270 6.
1034 5202 1039 5207 ¹

644 5313 710 5377 (α)
744 5312 866 5366 Cat.
898 5312 1021 5366 edit.
1048 5311 1359 5378 quod—(12)
1396 5312 1518 5363 Coet.
1547 5311 1667 5362 edit.
1695 5312 2019 5377 passibilitas.

2226 1033 2479 1098 corpus»,
2507 1036 2657 1083 cum
2685 1019 2901 1083 anima
2923 1020 3006 1084 sit
3031 1020 3387 1084 substantia
3403 1020 3775 1102 incorpora-

2225 1119 2304 1184 lis
2336 1126 2568 1187 :restat
2593 1143 2751 1205 ergo
2791 1126 2963 1208 quod
3006 1126 3177 1191 idem
3213 1131 3308 1191 est
3347 1127 3611 1191 omnino
3635 1145 3772 1192 me-

2226 1228 2352 1292 reri
2378 1228 2946 1313 impassibilitatem
2975 1236 3282 1318 corporis,
3321 1239 3386 1300 et
3409 1235 3773 1318 impassibi-

2225 1334 2462 1399 litatem
2491 1339 2746 1404 animae.
2796 1338 3133 1418 Praeterea,
3178 1358 3439 1425 corpore
3466 1342 3775 1407 existente

2226 1440 2619 1525 impassibili,
2647 1466 2896 1513 necesse
2923 1452 3017 1514 est
3043 1450 3330 1514 animam
3362 1468 3498 1515 esse
3539 1450 3775 1533 impas-

2225 1548 2471 1614 sibilem
2498 1571 2515 1616 ε
2546 1571 2703 1635 ergo
2726 1573 2855 1619 non
2888 1555 3143 1621 videtur
3167 1556 3340 1639 quod
3364 1556 3773 1639 impassibili-

2226 1661 2324 1721 tas
2349 1661 2630 1742 corporis
2653 1661 2877 1726 debeat
2901 1664 3354 1728 connumerari
3370 1664 3779 1746 impassibili-

2226 1765 2340 1829 tati
2380 1767 2635 1832 animae.
2670 1768 2866 1834 Juxta
2916 1770 3040 1834 hoc
3082 1771 3396 1853 quaeritur
3440 1772 3548 1834 cui
3596 1772 3776 1854 prius

2226 1871 2390 1936 inest
2416 1873 2889 1955 impassibilitas
2922 1899 2937 1939 z
2967 1883 3032 1941 et
3056 1878 3228 1959 quod
3259 1879 3463 1957 carni,
3493 1879 3771 1958 videtur,

2226 1977 2380 2060 quia
2428 1979 2896 2063 impassibilitas
2943 1987 3040 2047 est
3082 1987 3197 2048 dos
3244 1984 3567 2066 corporis;
3600 1984 3775 2066 quod

2225 2089 2443 2149 autem
2474 2088 2731 2169 animae,
2777 2089 3033 2154 videtur
3055 2138 3072 2171 ,
3102 2089 3256 2173 quia
3280 2091 3486 2172 gloria
3538 2095 3635 2155 est
3660 2109 3777 2175 per

2226 2190 2627 2259 influentiam
2656 2195 2891 2259 animae
2918 2195 2986 2259 in
3013 2214 3296 2261 carnem.

2306 2295 2492 2382 Resp.
2525 2300 2867 2365 Dicendum
2917 2302 3089 2384 quod
3129 2302 3199 2365 in
3225 2302 3444 2366 anima
3490 2301 3776 2385 passibili

2226 2401 2463 2484 duplex
2518 2406 2615 2468 est
2662 2421 2870 2484 genus
2923 2404 3338 2487 passionum:
3391 2422 3598 2468 unum
3639 2423 3771 2487 quo

2230 2510 2311 2587 (α)
2337 2510 2578 2591 patitur
2606 2509 2675 2573 in
2701 2528 2768 2573 se
2797 2527 2911 2592 per
2953 2510 3356 2590 affectiones;
3389 2510 3589 2587 aliud,
3638 2529 3774 2593 quo

2226 2615 2609 2696 compatitur
2634 2616 2881 2699 corpori
2931 2620 3187 2698 propter
3231 2616 3512 2699 corporis
3559 2616 3760 2681 laesio·

2227 2737 2363 2784 nes.
2422 2720 2519 2784 Ad
2561 2721 2685 2785 hoc
2729 2725 2944 2785 autem
2971 2721 3145 2804 quod
3194 2722 3409 2786 anima
3457 2722 3771 2788 efficiatur

2227 2823 2497 2906 perfecte
2521 2823 2949 2906 impassibilis,
2996 2824 3419 2888 necessarium
3472 2825 3770 2907 estquod

2225 2929 2311 2993 ab
2358 2934 2635 3013 utraque
2670 2930 2961 3013 passione
2995 2931 3308 2995 efficiatur
3335 2931 3608 3013 perfecte
3632 2932 3760 2996 im-

2227 3036 2444 3099 munis
2467 3058 2481 3099 :
2511 3037 2683 3118 etita
2707 3036 2948 3119 duplex
2971 3037 3445 3120 impassibilitas
3458 3039 3777 3120 reperitur

2227 3143 2295 3207 in
2321 3143 2582 3208 anima:
2613 3162 2768 3224 una,
2797 3161 2946 3228 quae
2989 3149 3086 3210 est
3124 3144 3384 3228 proprie
3408 3143 3608 3228 ipsius
3632 3146 3780 3211 ani-

2227 3267 2387 3329 mae3
2416 3250 2633 3328 altera,
2679 3268 2877 3334 quam
2929 3252 3357 3316 communicat
3412 3270 3565 3317 cum
3619 3269 3776 3318 cor-

2225 3374 2378 3441 pore
2410 3380 2425 3420 :
2456 3362 2520 3422 et
2540 3358 2691 3423 istas
2728 3358 2887 3421 duas
2930 3358 3202 3423 intendit
3245 3358 3553 3441 Magister
3581 3360 3650 3425 in
3672 3360 3779 3425 lit-

2223 3468 2361 3529 tera
2382 3482 2864 3531 connumerare.
2893 3466 2972 3530 Et
3024 3467 3115 3531 sic
3141 3470 3312 3550 patet
3335 3468 3672 3550 responsio
3697 3468 3779 3533 ad

2222 3572 2432 3656 primo
2460 3573 2836 3655 quaesitum.
2861 3572 2960 3637 Ad
2988 3573 3147 3637 illud
3168 3591 3322 3639 vero
3350 3574 3523 3657 quod
3547 3573 3781 3656 quaeri-

2221 3690 2329 3750 tur
2370 3681 2668 3759 secund0‚
2699 3679 2803 3744 cui
2830 3697 2943 3762 per
2968 3679 3147 3763 prius
3181 3678 3332 3743 insit
3376 3679 3784 3762 impassibili-

2220 3788 2315 3849 tas
2348 3786 2449 3869 (b),
2477 3785 2817 3851 dicendum
2855 3787 3027 3869 quod
3072 3804 3186 3868 per
3227 3787 3406 3869 prius
3444 3786 3609 3850 inest
3649 3786 3781 3851 ani-

2220 3911 2367 3970 mae,
2389 3893 2552 3958 sicut
2574 3898 2639 3958 et
2676 3893 3058 3976 passibilitas
3083 3898 3402 3978 quantum
3428 3894 3778 3959 adcausam

2227 4001 2523 4084 primam,
2552 4004 2778 4084 utpote
2830 4002 2899 4064 in
2953 4002 3213 4067 homine
3252 4003 3484 4085 primo,
3529 4002 3601 4065 in
3640 4020 3775 4085 quo

2227 4126 2342 4192 per
2370 4108 2842 4190 corruptionem
2858 4107 3093 4172 animae
3119 4108 3284 4172 facta
3308 4113 3403 4173 est
3439 4108 3779 4190 corruptio

2226 4216 2530 4298 corporis,
2560 4215 2858 4299 quamvis
2916 4216 2988 4278 in
3041 4214 3184 4279 aliis
3227 4216 3441 4279 anima
3467 4214 3780 4279 efficiatur

2227 4323 2538 4406 passibilis
2589 4328 2844 4406 propter
2897 4323 3416 4405 conjunctionem
3469 4321 3571 4387 sui
3626 4339 3779 4386 cum

2225 4448 2418 4495 carne
2442 4433 2764 4512 corrupta.
2817 4429 2869 4494 E
2895 4429 3211 4494 contrario
3238 4448 3394 4496 vero
3429 4433 3525 4494 est
3568 4427 3779 4510 gloria

2225 4536 2769 4620 impassibilitatis,
2797 4553 2948 4619 quae
2963 4535 3238 4619 'quidem
3257 4541 3354 4601 est
3376 4554 3417 4600 a
3440 4535 3773 4619 superiori,

2225 4648 2291 4710 et
2313 4643 2524 4726 magis
2548 4643 2714 4707 inest
2737 4643 2986 4726 corpori
3016 4643 3260 4709 ratione
3285 4644 3547 4724 animm,
3574 4661 3773 4727 quam

2226 4774 2263 4820 e
2288 4772 2614 4820 converse.
2646 4753 2831 4831 Quod
2886 4772 3050 4836 ergo
3095 4755 3416 4837 objicitur,
3442 4754 3615 4839 quod
3658 4754 3777 4819 im-

2226 4862 2602 4946 passibilitas
2645 4866 2737 4926 est
2763 4862 2878 4927 dos
2897 4863 3203 4945 corporis,
3231 4862 3572 4941 dicendum
3600 4860 3777 4944 quod

2224 4970 2337 5035 dos
2382 4969 2664 5052 corporis
2709 4973 2842 5051 est;
2888 4969 2997 5034 sed
3035 4986 3166 5032 non
3215 4970 3306 5033 sic
3360 4968 3623 5052 praecise
3681 4986 3777 5050 est

2224 5076 2524 5160 corporis,
2556 5075 2727 5159 quod
2775 5092 2903 5140 non
2934 5075 3020 5139 sit
3067 5076 3300 5139 animae
3344 5097 3359 5139 t
3408 5074 3639 5140 dicitnr
3682 5080 3775 5141 ta·

2225 5201 2374 5248 men
2418 5182 2626 5264 magis
2675 5181 2789 5246 dos
2838 5182 3142 5265 corporiS,
3188 5182 3342 5265 quia
3391 5182 3609 5246 anima
3643 5182 3775 5247 ha-

2222 5288 2329 5355 bet
2351 5289 2527 5354 dotes
2549 5286 2899 5353 secundum
2923 5302 2993 5352 se
3033 5288 3233 5352 multo
3254 5287 3768 5355 excellentiores.
