4185 6288
793 449 913 510 61⁴

792 578 930 643 sive
973 581 1186 645 motus
1241 576 1388 642 fidei
1427 595 1540 660 per
1580 575 1759 660 prius
1803 577 1884 641 sit
1926 577 2330 655 meritorius,

793 702 988 769 quam
1019 688 1230 749 motus
1255 683 1598 748 charitatis,

1332 856 1780 923 CONCLUSIO.

799 1009 1100 1067 charitatis
1127 1012 1319 1074 motus,
1351 1007 1529 1079 quoad
1561 1008 1929 1080 completionis
1962 1009 2231 1077 ordinem,
2263 1016 2339 1068 cst

859 1100 1018 1170 prius
1043 1099 1371 1164 meritorius,
1401 1113 1561 1168 quam
1585 1101 1756 1152 motm
1783 1098 2023 1155 aliarum
2048 1103 2337 1171 virtutum,

866 1202 1174 1258 quanquam
1200 1191 1372 1241 motus
1397 1186 1632 1241 aliarum
1669 1189 1874 1258 possint
1901 1188 2092 1244 habere
2131 1192 2339 1261 priori-

869 1280 1034 1333 tatem
1055 1277 1301 1345 oriqinis.

495 1447 502 1464 ’
559 1479 714 1537 Opinio
733 1479 768 1522 ι.
879 1439 1065 1524 Resp-
1095 1440 1174 1505 ad
1203 1459 1346 1523 arg.
1374 1440 1470 1505 Ad
1497 1439 1946 1523 praedictorum
1973 1441 2342 1523 intelligen-

803 1548 955 1612 tiam
1000 1552 1094 1612 est
1123 1548 1475 1613 notandum
1491 1596 1511 1626 ‚
1549 1547 1722 1631 quod
1763 1548 1961 1631 aliqui
1998 1549 2346 1614 voluerunt

801 1655 1030 1732 dicere,
1060 1655 1228 1738 quod
1261 1656 1560 1720 meritum
1584 1657 1794 1737 primo
1820 1661 1884 1720 et
1913 1656 2342 1738 principaliter

803 1763 1082 1828 consistit
1107 1764 1272 1827 circa
1296 1768 1512 1828 actum
1534 1764 1669 1828 sive
1697 1767 1954 1839 motum
1983 1765 2130 1829 fidei
2146 1813 2163 1845 ,
2192 1783 2343 1830 cum

803 1871 939 1954 ipsa
962 1871 1045 1934 sit
1072 1871 1278 1953 prima
1304 1872 1618 1936 virtutum
1637 1920 1656 1950 ‚
1686 1881 1750 1935 et
1786 1874 1929 1954 ejus
1955 1875 2133 1937 actus
2158 1872 2345 1955 prin-

565 1995 760 2053 opm.2.
806 1979 1043 2061 cipium
1088 1976 1382 2041 aliorum.
1430 1977 1557 2041 Alii
1603 1994 1758 2042 vero
1800 1995 1836 2042 e
1877 1983 2098 2042 contra
2139 1980 2347 2047 dicere

807 2084 1184 2160 voluerunt,
1230 2082 1402 2165 quod
1443 2086 1620 2147 actus
1660 2083 1984 2148 charitatis
2032 2085 2241 2168 primo
2285 2089 2349 2149 et

808 2192 1232 2277 principaliter
1275 2192 1356 2255 sit
1400 2191 1795 2270 meritoriae,
1839 2210 1989 2254 cum
2029 2192 2198 2275 ipsa,
2243 2212 2347 2257 se-

808 2299 1091 2364 cundum
1128 2297 1511 2379 Gregorium
1552 2302 1617 2361 et
1658 2297 2104 2377 Ambrosium,
2135 2299 2216 2363 sit
2242 2319 2346 2364 ca-

810 2410 930 2489 put
957 2411 1020 2470 et
1052 2407 1235 2471 radix
1278 2407 1574 2470 omnium
1613 2405 1954 2470 bonorum.
1985 2404 2064 2470 Et
2103 2410 2351 2470 utram-

811 2532 934 2597 que
959 2513 1194 2578 harum
1227 2513 1620 2596 positionum
1648 2513 1871 2594 magni
1899 2512 2109 2576 clerici
2149 2513 2347 2577 susti-

809 2624 1111 2685 nuerunt.
1163 2619 1242 2684 Et
1285 2619 1339 2682 si
1393 2620 1699 2684 volumus
1752 2637 1907 2684 sane
1952 2619 2348 2700 intelligere,

811 2728 932 2791 sibi
958 2729 1038 2792 ad
1064 2728 1341 2792 invicem
1372 2745 1502 2791 non
1534 2726 1996 2805 contradicunt,
2024 2726 2157 2791 imo
2184 2726 2351 2791 utri-

810 2855 938 2919 que
966 2855 1194 2900 verum
1221 2837 1456 2901 sentire
1483 2838 1850 2919 potuemnt.
1881 2834 2144 2918 Propter
2179 2834 2352 2917 quod

810 2945 1188 3024 notandum,
1220 2945 1391 3026 quod
1419 2944 1774 3009 secundum
1816 2943 1989 3025 quod
2027 2942 2169 3007 vult
2200 2941 2354 3006 Phi-

810 3053 1148 3137 Iosophus,
1203 3052 1538 3135 dupliciter
1592 3051 1825 3115 dicitur
1871 3049 2112 3133 aliquid
2156 3050 2355 3116 altero

813 3163 1014 3246 prius.
1045 3160 1155 3225 Est
1187 3161 1361 3225 enim
1404 3161 1586 3243 prius
1610 3158 1807 3223 altero
1836 3158 2088 3239 origine
2107 3206 2125 3237 ,
2156 3164 2220 3222 et
2262 3164 2358 3223 est

815 3270 991 3351 prius
1013 3266 1477 3350 complemento
1504 3270 1569 3330 et
1593 3265 1996 3330 diffinitione.
2030 3264 2101 3329 Si
2128 3266 2353 3348 loqua-

809 3395 954 3442 mur
997 3376 1076 3441 de
1127 3375 1451 3457 prioritate
1499 3371 1814 3453 originis,
1858 3372 2020 3436 ratio
2070 3370 2358 3436 merendi

808 3486 986 3568 prius
1029 3482 1312 3546 consistit
1358 3481 1425 3544 in
1464 3485 1612 3544 actu
1653 3478 1824 3557 fidei,
1870 3478 2181 3560 quoniam
2224 3477 2357 3560 ipse

809 3594 903 3656 est
953 3591 1140 3672 origo
1187 3593 1484 3653 motuum
1532 3586 1804 3651 aliarum
1860 3586 2178 3651 virtutum
2229 3607 2244 3649 ε
2292 3591 2359 3653 et

806 3717 955 3764 cum
997 3697 1281 3780 procedit
1320 3714 1360 3760 a
1397 3696 1635 3760 virtute
1675 3695 1970 3769 formata,
2019 3693 2224 3758 dicere
2266 3697 2359 3757 est

809 3809 1022 3891 ipsum
1063 3824 1200 3870 esse
1227 3804 1655 3869 meritorium.
1686 3803 1752 3866 Si
1780 3820 1937 3884 ergo
1964 3806 2180 3867 motus
2208 3801 2357 3867 fidei

805 3917 1096 3979 formatae
1149 3915 1249 3976 est
1299 3911 1665 3975 meritorius
1690 3958 1707 3987 ‚
1762 3914 1826 3973 et
1875 3908 2049 3992 prior
2103 3909 2358 3991 origine

808 4038 1004 4103 quam
1049 4024 1261 4083 motus
1304 4017 1579 4081 aliarum
1626 4016 1941 4081 virtutum
1974 4066 1989 4094 ,
2033 4016 2352 4098 loquendo

807 4128 885 4193 de
927 4127 1253 4209 prioritate
1285 4123 1583 4206 originis,
1612 4124 1890 4188 efficacia
1929 4123 2215 4189 merendi
2252 4142 2356 4189 se-

808 4235 1095 4300 cundum
1147 4234 1329 4316 prius
1383 4231 1790 4321 attribuenda
1842 4236 1935 4295 est
1986 4233 2156 4296 actui
2217 4234 2356 4299 sive

810 4341 1018 4406 motui
1073 4341 1275 4423 ipsius
1331 4339 1498 4403 fidei.
1554 4338 1619 4403 Si
1674 4358 1830 4404 vero
1880 4340 2224 4423 loquamur
2275 4343 2353 4407 de

812 4449 1132 4532 prioritate
1160 4446 1617 4532 completioniS,
1645 4446 1734 4509 sic
1759 4447 2037 4511 efficacia
2062 4449 2353 4514 merendi

810 4579 926 4643 per
966 4558 1143 4643 prius
1187 4558 1587 4622 attribuenda
1633 4561 1727 4621 est
1769 4557 1939 4621 actui
1985 4558 2308 4623 charitatis
2331 4606 2349 4636 ,

810 4686 956 4733 cum
984 4668 1122 4750 ipsa
1148 4667 1421 4731 charitas
1446 4665 1936 4748 completissima
1952 4665 2033 4730 sit
2058 4666 2352 4730 omnium

809 4776 1147 4853 virtutum,
1201 4777 1265 4838 et
1307 4775 1376 4838 in
1423 4774 1622 4856 ipsius
1676 4777 1823 4837 actu
1868 4784 2352 4838 consummetur

808 4886 1020 4969 ipsum
1044 4882 1369 4949 meritum.
1396 4883 1577 4949 Ratio
1594 4888 1836 4964 autem,
1857 4902 2056 4967 quare
2079 4884 2352 4949 charitas

809 4992 1214 5060 excellentior
1256 4992 1337 5056 sit
1380 4991 1541 5072 aliis,
1584 4996 1680 5057 est
1706 4992 1862 5075 quia
1907 4992 2189 5057 maxime
2233 5010 2352 5056 nos

809 5101 1003 5167 efficit
1027 5100 1383 5179 deiformes,
1417 5105 1557 5164 tum
1586 5099 1831 5164 ratione
1858 5099 2135 5164 liberalis
2159 5099 2348 5164 exhi-

810 5207 1069 5273 bitionis
1091 5255 1108 5284 ,
1165 5212 1305 5272 tum
1357 5207 1602 5272 ratione
1650 5207 1993 5272 conformis
2046 5206 2308 5272 unionis
2325 5255 2344 5287 ‚

810 5316 948 5378 tum
976 5316 1220 5378 ratione
1255 5314 1461 5378 finalis
1496 5314 1904 5397 quietationis
1934 5334 1951 5379 ε
1982 5316 2228 5379 ratione
2264 5315 2346 5378 li-

874 5443 891 5479 ¹
919 5441 1082 5503 loom,
1102 5451 1231 5502 xvn,
1260 5442 1339 5493 23.

1931 440 2554 510 SENTENTIARUM
2591 443 2740 512 LIB.
2784 444 2893 512 111.

2447 578 2677 644 beralis
2741 579 3148 646 exhibitionis
3164 630 3184 660 ‚
3237 580 3387 665 quia
3450 581 3619 646 sicut
3679 581 3847 648 Deus
3906 603 3982 649 ex

2447 706 2666 752 amore
2694 688 2915 753 tribuit
2938 690 3159 754 omnia
3185 689 3374 766 dona,
3407 688 3501 754 sic
3528 691 3808 755 charitas
3833 691 3983 755 lihe-

2447 795 2663 860 raliter
2705 796 3046 878 exequitur
3089 796 3306 861 omnia
3343 797 3653 879 obsequia
3695 803 3763 862 et
3805 817 3980 862 man-

2449 903 2637 980 data;
2681 902 2927 967 ratione
2971 904 3315 968 conformis
3361 905 3646 982 unionis,
3682 906 3984 987 quoniam

2447 1010 2612 1075 sicut
2638 1010 2822 1075 Pater
2841 1015 2904 1074 et
2930 1009 3129 1075 Filius
3155 1015 3499 1076 nectuntur
3523 1030 3699 1077 nexu
3725 1015 3983 1092 amoris,

2450 1122 2512 1182 et
2538 1117 2891 1197 uniuntur,
2921 1118 3011 1182 sic
3053 1118 3282 1198 home,
3314 1137 3430 1200 per
3452 1120 3831 1184 charitatem
3878 1121 3986 1185 ad·

2451 1226 2753 1291 haerendo
2783 1224 2936 1304 DeO,
2971 1226 3246 1291 efficitur
3273 1244 3445 1290 unus
3480 1227 3764 1309 spiritus.
3796 1225 3987 1312 Prop-

2448 1339 2548 1397 ter
2594 1335 2766 1417 quod
2799 1335 3029 1399 dicitur
3051 1335 3070 1367 ¹
3103 1355 3120 1398 ι
3162 1335 3237 1400 Ut
3271 1335 3410 1400 sint
3448 1338 3883 1402 consummati
3922 1339 3989 1401 in

2451 1459 2676 1522 unum,
2721 1445 2890 1509 sicut
2934 1450 2993 1509 et
3038 1458 3157 1508 nos
3201 1458 3403 1508 wtwn
3443 1458 3711 1520 sumu-33
3753 1446 3990 1508 ratione

2452 1550 2660 1615 finalis
2686 1550 3095 1634 quietationis
3112 1598 3130 1629 ,
3158 1549 3311 1632 quia
3339 1568 3490 1614 cum
3516 1567 3702 1613 amor
3726 1551 3807 1613 sit
3837 1569 3991 1633 pon·

2452 1659 2594 1738 due,
2625 1657 2773 1721 facit
2802 1658 2871 1721 in
2896 1658 3098 1722 Deum
3125 1657 3416 1734 tendere;
3446 1660 3512 1720 et
3533 1656 3608 1719 in
3634 1655 3839 1721 Deum
3867 1663 3993 1722 ten·

2453 1765 2603 1829 dere
2647 1769 2740 1829 est
2781 1765 2853 1829 in
2891 1765 3018 1857 Deo
3049 1765 3412 1847 quiescere;
3439 1764 3608 1828 sicut
3650 1765 3994 1846 corporalia

2455 1893 2570 1959 per
2595 1891 2713 1938 sua
2738 1873 3018 1956 pondera
3043 1873 3115 1937 in
3142 1872 3418 1955 propriis
3440 1871 3598 1937 locis
3628 1873 3853 1937 situati
3881 1873 3992 1936 ha-

2456 1983 2610 2047 bent
2636 1985 2700 2046 et
2723 1965 3007 2045 stabiliri.
3040 1979 3152 2044 His
3176 1997 3336 2061 ergo
3359 1979 3440 2044 de
3466 1980 3681 2044 causis
3706 1998 3823 2062 per
3845 1981 3990 2044 cha-

2456 2089 2711 2154 ritatem
2738 2089 3010 2172 efficitur
3038 2088 3234 2152 homo
3262 2087 3545 2151 maxime
3598 2086 3724 2150 Deo
3751 2088 3992 2154 contor-

2458 2197 2581 2261 mis
2608 2195 2961 2261 secundum
2987 2196 3219 2277 triplex
3259 2213 3468 2275 genus
3497 2213 3748 2274 causae,
3778 2212 3989 2259 seeun-

2458 2304 2614 2369 dum
2675 2304 2846 2388 quod
2913 2308 3205 2367 creatura
3266 2301 3459 2365 hahet
3509 2302 3594 2365 ad
3658 2307 3993 2366 creatorem

2458 2413 2702 2492 referri,
2732 2411 3024 2476 videlicet
3049 2408 3400 2476 secundum
3430 2409 3755 2473 rationem
3786 2409 3995 2491 princi·

2459 2521 2546 2603 pii
2599 2520 2936 2599 moventis,
2984 2518 3208 2582 formae
3248 2516 3675 2598 exemplantis
3694 2565 3717 2596 ,
3761 2523 3830 2582 et
3867 2518 3995 2580 θιὼ

2461 2628 2800 2711 quietantis
2826 2648 2841 2690 ε
2871 2632 2932 2690 et
2959 2626 3202 2690 ratione
3226 2625 3343 2706 huj
3353 2642 3425 2688 us
3451 2624 3819 2705 primatum
3845 2629 3997 2688 tenet

2460 2736 2627 2800 inter
2654 2737 2912 2800 caeteras
2938 2733 3243 2812 virtutes,
3272 2730 3634 2796 secundum
3660 2731 3838 2813 quod
3865 2732 3999 2795 dicit

2463 2841 2817 2924 Apostolus.
2877 2839 2954 2904 Et
3008 2842 3374 2922 propterea,
3402 2836 3477 2901 ·si
3530 2838 3886 2921 loquamur
3930 2838 3997 2902 de

2464 2949 2786 3033 prioritate
2813 2945 3269 3030 completioniS‚
3300 2950 3513 3009 motus
3540 2947 3689 3028 ejus
3715 2947 3926 3028 primo
3946 2950 3999 3009 et

2464 3056 2893 3142 principaliter
2918 3059 3014 3120 est
3038 3053 3403 3120 meritorius
3421 3103 3439 3133 ‚
3468 3054 3639 3118 sicut
3664 3055 3991 3119 ostendunt

2465 3164 2895 3241 auctoritateS‚
2928 3182 3075 3247 quae
3101 3162 3181 3226 ad
3218 3162 3493 3245 primam
3536 3166 3795 3244 partem
3818 3162 3989 3227 indu·

2466 3276 2702 3336 cuntur
2723 3293 2740 3349 ;
2768 3274 2831 3334 et
2856 3270 2997 3335 ideo
3019 3269 3433 3337 concedendae
3463 3274 3639 3332 sunt.

2549 3385 2578 3442 1
2603 3427 2625 3459 ‚
2656 3384 2695 3444 2
2722 3382 2786 3443 et
2811 3383 2871 3443 3.
2901 3378 3000 3442 Ad
3026 3377 3181 3441 illud
3220 3394 3373 3441 vero
3408 3376 3580 3459 quod
3618 3376 3918 3458 obiicitur
3936 3376 3995 3439 in

2467 3487 2861 3554 contrarium
2887 3486 3118 3568 prime,
3148 3486 3212 3547 et
3236 3482 3538 3561 secundO,
3568 3487 3637 3547 et
3664 3486 3873 3563 tertio,
3905 3502 3999 3566 pa-

2467 3601 2556 3662 tet
2580 3594 2905 3678 responsio
2936 3615 2952 3656 :
2983 3592 3138 3675 quia
3169 3607 3392 3655 omnes
3422 3588 3550 3653 iuae
3576 3593 3710 3653 tres
3735 3591 3999 3655 rationes

2468 3703 2719 3786 primae‚
2748 3702 2912 3765 sicut
2936 3698 3212 3763 intuenti
3238 3701 3524 3779 apparet,
3554 3697 3908 3779 procedunt
3928 3697 3999 3760 de

2467 3809 2737 3890 originis
2761 3807 3163 3891 proprietate,
3192 3809 3256 3868 et
3285 3805 3373 3868 ita
3397 3821 3530 3867 non
3556 3803 3828 3867 obviant
3853 3803 4003 3867 veri-

2466 3915 2601 3994 tati,
2631 3933 2750 3980 nec
2787 3914 3166 3993 rationibus„
3198 3929 3345 3994 quae
3384 3911 3464 3975 ad
3492 3911 3862 3993 oppositum
3886 3912 3999 3975 ha-

2464 4024 2617 4089 bent
2655 4022 2901 4088 adduci.
2934 4020 3175 4085 Verum
3199 4019 3374 4083 enim
3421 4021 3536 4093 est,
3566 4017 3742 4099 quod
3792 4023 3993 4082 motus

2464 4131 2610 4197 fidei
2638 4130 2815 4213 prius
2842 4128 2976 4195 exit
3001 4146 3039 4190 a
3061 4126 3262 4191 libero
3296 4124 3526 4189 arbitio
3565 4125 3783 4205 gratia
3809 4126 3996 4190 intor-

2466 4244 2668 4318 mat0,
2703 4255 2899 4321 quam
2945 4238 3158 4299 motus
3196 4231 3468 4297 aliarum
3504 4231 3867 4308 virtutum3
3899 4230 4001 4294 sed

2464 4353 2681 4413 tamen
2707 4363 2837 4409 non
2871 4342 3065 4407 habet
3091 4341 3344 4424 plenam
3371 4342 3435 4404 et
3478 4338 3824 4421 perfectam
3868 4344 4004 4403 ten-

2463 4455 2764 4531 dentiam‚
2813 4455 2877 4515 et
2917 4450 3209 4515 ordinem
3254 4447 3333 4511 ad
3377 4446 3575 4510 finem
3596 4494 3617 4525 ,
3672 4464 4005 4529 quousque

2463 4564 2853 4645 adjungatur
2892 4559 2949 4622 ei
2990 4560 3199 4643 motus
3241 4554 3585 4632 charitatiS,
3631 4555 3746 4636 qui
3800 4555 3907 4618 dat
3947 4552 4003 4615 ei

2462 4672 2710 4756 pondus
2747 4672 2811 4733 et
2856 4665 3350 4732 inclinationem.
3381 4661 3560 4727 Unde
3600 4679 3685 4725 ex
3729 4652 4019 4727 arimini?

2461 4779 2608 4845 culo
2633 4775 2955 4843 charitatis
2982 4774 3147 4838 inest
3185 4772 3306 4854 ipsi
3331 4770 3480 4836 fidei
3524 4770 3826 4853 perfectio
3868 4789 4004 4834 me-

2460 4887 2566 4952 riti
2600 4909 2614 4950 :
2646 4889 2710 4950 et
2752 4886 3086 4967 propterea
3126 4879 3335 4961 magis
3374 4876 3731 4943 mensurari
3778 4876 4004 4941 dicitur

2459 4992 2780 5077 quantitas
2803 4988 3012 5055 meriti
3030 4984 3382 5053 secundum
3410 4982 3836 5066 quantitatem
3864 4984 4008 5047 cha-

2460 5100 2683 5177 ritatis,
2705 5115 2900 5181 quam
2924 5093 3275 5160 secundum
3301 5091 3723 5175 quantitatem
3744 5088 4008 5153 alterius

2461 5206 2736 5271 virtutis.

2538 5318 2601 5378 4.
2630 5312 2729 5378 Ad
2754 5310 2912 5375 illud
2939 5307 3110 5391 quod
3138 5306 3238 5388 obj
3249 5304 3464 5385 icitur,
3490 5304 3667 5388 quod
3691 5305 3857 5371 fides
3879 5320 4008 5369 me-

2458 5425 2636 5487 retur
2667 5417 3099 5505 operationem
3143 5411 3631 5491 miraculorum,
3659 5412 4003 5479 dicendum
4089 5450 4096 5459 -
