4185 6288
749 478 830 541 ‘1⁸
1871 470 2497 538 smssnmlmn
2535 471 2685 537 us.
2731 472 2839 537 m.

748 605 2295 690 oente‚nondiciturChristuspecoesseinAdam:

748 735 908 799 ergo
935 716 1074 801 pm
1097 712 1422 780 rationein
1445 712 1772 778 Abraham
1794 713 1985 779 dante
2019 714 2301 780 decimas

749 844 884 893 non
902 826 1201 907 arguitur
1223 822 1602 888 decimatus.

821 936 976 1001 item
999 935 1332 999 decimatio
1359 934 1460 998 vel
1489 936 1626 997 erat
1652 932 1898 997 curatio
1917 982 1939 1011 ‚
1983 932 2088 997 vel
2116 951 2299 997 cura·

747 1043 938 1108 tionis
965 1042 1401 1126 praefiguratio
1431 1064 1449 1105 ε
1475 1040 1586 1105 sed
1613 1039 1896 1103 Christus
1925 1058 2042 1104 nec
2071 1040 2161 1103 ibi
2188 1058 2299 1103 cn·

747 1151 1031 1229 uitiatur,
1077 1168 1195 1213 nec
1245 1149 1458 1215 curari
1505 1148 2048 1230 praeflgurahatur
2083 1167 2104 1210 t
2135 1164 2298 1226 ergo

745 1255 1001 1323 videtur
1027 1254 1196 1339 quod
1229 1255 1321 1320 ibi
1349 1253 1701 1318 decimatus
1725 1271 1858 1318 non
1885 1253 2101 1329 suerit,
2128 1252 2297 1318 scili-

745 1368 843 1429 cet
869 1364 938 1429 in
965 1364 1207 1429 lumbis
1231 1362 1531 1441 Abrahae,
1561 1362 1731 1426 sieut
1757 1364 1820 1426 et
1849 1360 2025 1426 Levi.

831 1470 1015 1549 Item,
1047 1472 1100 1536 si
1129 1469 1412 1536 Christus
1435 1469 1787 1534 decimatus
1812 1468 1934 1532 ruit
1961 1468 2028 1531 in
2057 1466 2300 1531 lumbis

744 1578 1024 1644 Abrahae
1054 1577 1220 1643 sicut
1240 1580 1305 1642 et
1328 1575 1479 1641 Levi
1498 1625 1518 1654 ‚
1547 1594 1707 1657 ergo
1731 1574 1913 1639 nulla
1955 1576 2051 1639 ast
2094 1592 2299 1655 argn-

747 1685 1053 1751 mentatio
1102 1683 1386 1767 Apostoli
1422 1689 1439 1725 ¹
1467 1732 1485 1761 ‚
1530 1701 1662 1765 qua
1721 1681 2032 1764 probatur
2085 1684 2300 1763 majus

746 1810 882 1857 esse
940 1791 1361 1857 sacerdotium
1429 1788 1886 1855 Melchisedech
1948 1787 2299 1852 sacerdotio

747 1898 1037 1977 levitice,
1071 1917 1184 1982 per
1223 1898 1346 1962 hoc
1385 1896 1557 1980 quod
1595 1894 1743 1961 Levi
1784 1895 2137 1960 decimatus
2177 1894 2297 1959 suit

748 2005 815 2071 in
859 2005 1204 2071 Abraham.
1246 2003 1426 2082 Quod
1468 2004 1521 2066 si
1570 2003 1967 2067 ratiocinatio
2012 2001 2299 2085 Apostoli

747 2117 920 2177 recta
946 2117 1078 2190 est,
1109 2116 1302 2177 restat
1331 2129 1490 2191 ergo
1519 2110 1690 2193 quod
1718 2109 2003 2174 Christus
2027 2126 2160 2173 non
2187 2107 2298 2173 de·

754 2220 1031 2283 cimatus
1070 2219 1192 2283 tuit
1221 2219 1286 2283 in
1329 2218 1677 2283 Abraham.

835 2325 940 2391 Est
957 2343 1116 2407 ergo
1132 2325 1403 2409 quaestio
1417 2327 1609 2407 juxta
1627 2324 1775 2402 hoc,
1797 2323 1972 2388 unde
1995 2326 2171 2388 tenet
2194 2323 2300 2388 illa

752 2434 1240 2517 consequentia,
1270 2450 1401 2514 qua
1445 2433 1671 2515 probat
1709 2429 2048 2513 Apostolus
2086 2433 2300 2512 majus

748 2558 884 2605 esee
902 2540 1327 2606 sacerdotium
1355 2537 1813 2604 Melchisedech
1839 2537 2190 2602 sacerdotio
2214 2536 2299 2600 le·

758 2647 945 2714 vitico
970 2696 989 2726 ‚
1039 2665 1157 2730 pro
1201 2665 1279 2713 eo
1314 2645 1487 2730 quod
1537 2644 1688 2710 Levi
1741 2644 1973 2709 obtulit
2022 2643 2301 2707 decimas

757 2752 1208 2819 Melchisedech
1235 2754 1536 2818 :videtur
1557 2752 1726 2836 quod
1756 2769 1885 2816 non
1914 2754 2125 2831 cogat,
2146 2749 2301 2833 quia

755 2862 1107 2927 secundum
1127 2860 1304 2926 illam
1331 2861 1643 2927 rationem
1663 2862 1872 2943 posset
1895 2857 2111 2939 argui,
2126 2857 2298 2941 quod

757 2972 961 3053 major
981 2975 1077 3034 est
1101 2969 1384 3051 dignitas
1408 2969 1602 3033 unius
1620 2966 1961 3033 sacerdotis
1974 2963 2295 3048 pauperia,

753 3094 948 3160 quam
980 3073 1167 3160 Pnpae
1186 3124 1204 3158 ,
1249 3080 1383 3141 esto
1424 3076 1595 3160 quod
1628 3080 1806 3160 pater
1835 3073 2026 3157 Papae
2058 3071 2301 3138 dederit

753 3183 1029 3250 decimas
1054 3184 1331 3268 simplici
1357 3184 1686 3251 sacerdoti.

1296 3422 1747 3494 CONCLUSIO.

755 3599 993 3660 clamem
1013 3616 1119 3657 non
1145 3602 1261 3671 tuit
1275 3600 1583 3666 decimam,
1607 3614 1724 3655 cum
1746 3597 2033 3654 decimatio
2050 3599 2300 3667 futuram

827 3691 1158 3746 curationem
1184 3693 1446 3762 fiquraret
1476 3707 1492 3744 ε
1523 3689 1764 3746 Christus
1791 3691 1971 3745 autem
2008 3689 2068 3743 in
2105 3686 2300 3743 lumbis

825 3779 1062 3837 Abram
1088 3782 1200 3852 suit
1225 3779 1308 3837 ibi
1333 3784 1473 3838 sicut
1499 3780 1786 3838 medicina.

836 3939 1021 4024 Resp.
1055 3940 1134 4007 ad
1161 3959 1303 4022 arg.
1338 3941 1686 4006 Dicendum
1719 3939 1928 4024 quod,
1959 3939 2129 4006 sicut
2151 3938 2301 4004 dicit

756 4046 1058 4131 Magister
1088 4048 1155 4113 in
1181 4048 1411 4128 littera,
1443 4049 1642 4113 immo
1660 4047 2087 4131 Augustinus,
2108 4062 2301 4129 super

761 4158 1052 4226 Genesim
1105 4155 1195 4222 ad
1224 4156 1502 4223 litteram
1533 4154 1578 4235 ⁸,
1608 4154 1889 4221 Christus
1941 4154 2010 4219 in
2057 4153 2307 4219 lumbis

758 4263 1033 4330 Abrahae
1072 4281 1205 4328 non
1242 4262 1364 4326 fuit
1389 4261 1759 4328 decimatus.
1789 4259 1866 4327 Et
1893 4262 2055 4326 ratio
2099 4260 2301 4345 hujus

757 4376 883 4448 est,
935 4369 1090 4454 qula
1133 4369 1465 4434 decimatio
1514 4369 1973 4452 praessgurabat
2012 4369 2300 4434 futuram

757 4477 1174 4543 curationem.
1227 4476 1392 4552 Quia
1425 4493 1584 4557 ergo
1628 4476 1912 4541 Christus
1950 4476 2019 4542 in
2059 4475 2301 4541 lumbis

755 4584 1028 4650 Abrahae
1057 4601 1188 4648 non
1233 4588 1372 4648 erat
1396 4583 1561 4648 sicut
1595 4585 1920 4649 curatione
1959 4583 2256 4664 indigens
2276 4635 2296 4666 ‚

753 4692 860 4758 sed
891 4692 1101 4776 potius
1125 4690 1290 4755 sicut
1314 4690 1659 4768 medicina;
1688 4689 1839 4754 hinc
1867 4689 2162 4773 estquod
2188 4690 2298 4755 de·

753 4798 1008 4862 cimatio
1060 4798 1139 4862 ad
1209 4797 1422 4880 ipsum
1488 4815 1620 4860 non
1689 4797 2062 4879 pertinebat.
2124 4796 2302 4863 Sicut

753 4904 946 4969 etiam
975 4904 1042 4969 in
1068 4903 1274 4971 Adam
1306 4902 1400 4967 illi
1433 4903 1549 4967 soli
1576 4910 2023 4987 peccaverunt,
2052 4903 2170 4988 qui
2205 4923 2302 4970 se·

753 5010 1036 5076 cundum
1065 5011 1384 5076 carnalem
1416 5010 1898 5090 generationem
1918 5059 1937 5092 ‚
1966 5014 2030 5077 et
2054 5029 2299 5077 concu-

756 5117 1127 5201 piscentiam
1174 5117 1581 5193 seminalem,
1624 5117 1709 5182 ab
1756 5117 1897 5200 ipso
1949 5118 2303 5202 procedunt

755 5223 860 5290 vel
903 5228 1390 5308 processerunt:
1433 5222 1523 5287 ita
1561 5222 1653 5287 illi
1693 5224 1811 5288 soli
1856 5224 1927 5288 in
1970 5224 2299 5291 Abraham

755 5329 1049 5398 decimati
1079 5331 1268 5406 sunt,
1294 5329 1410 5412 qui
1436 5327 1518 5392 ab
1546 5329 1685 5413 ipso
1720 5329 2075 5397 secundum
2103 5332 2301 5398 ratio·

827 5453 1039 5516 tueor..
1070 5464 1227 5506 vu.—
1251 5452 1270 5484 ²
1301 5457 1455 5519 Aug„
1485 5453 1601 5506 loco
1626 5453 1998 5520 cit—mom„
2017 5467 2070 5522 v,
2100 5459 2173 5509 12.

2410 626 2561 672 nem
2588 609 2959 673 seminalem
2996 610 3393 693 modinum.
3422 610 3503 676 Et
3546 611 3691 677 ideo
3730 613 3813 678 ah
3846 614 3950 678 illa

2408 716 2827 796 generalitate
2870 718 3237 782 excluditur
3280 718 3592 799 Christus,
3640 738 3771 802 qua
3807 719 3953 785 dici·

2405 822 2989 889 tur-‘zomnesin
3036 823 3950 911 Ampeoeoeoerm;quia

2406 947 2535 993 non
2561 934 2973 1012 processitab
3002 933 3523 1015 ipsosecundum
3550 934 3951 1000 libidinisar-

2404 1037 2649 1114 dorem,
2680 1039 2789 1102 sed
2816 1041 3173 1104 secundum
3200 1041 3475 1123 Spiritus
3499 1044 3703 1107 sancti
3730 1062 3946 1126 opera-

2406 1138 2647 1203 tionem
2679 1163 2695 1204 :
2728 1141 2819 1205 sic
2852 1147 2949 1205 eet
2988 1143 3059 1206 in
3102 1145 3427 1226 proposito
3464 1144 3947 1226 intelligendum

2404 1245 2485 1311 de
2510 1246 2953 1313 decimatione.

2488 1352 3235 1438 1.Etperhocpatet
3292 1359 3950 1441 responsioadillud

2405 1461 2576 1543 qnod
2605 1462 2815 1544 primo
2840 1463 3191 1546 opponitur
3229 1464 3299 1528 in
3326 1467 3731 1532 contrarium
3748 1515 3766 1546 ,
3796 1486 3950 1550 quo-

2406 1567 2582 1630 niam
2642 1568 2930 1633 Christus
2973 1571 3044 1634 in
3086 1571 3326 1636 lumbis
3366 1572 3650 1638 Abrahae
3700 1574 3849 1653 ruit,
3890 1578 3949 1638 et

2404 1673 2599 1753 Levi3
2638 1675 2751 1740 scd
2789 1694 2922 1740 non
2966 1678 3194 1743 eodem
3233 1679 3425 1745 modo
3466 1703 3483 1742 ι
3518 1684 3584 1744 et
3630 1685 3949 1764 propterea

2406 1799 2537 1844 non
2568 1783 2856 1865 sequitur
2873 1831 2892 1861 ‚
2923 1784 3096 1867 quod
3122 1787 3287 1850 sicut
3314 1788 3429 1852 uni
3457 1788 3763 1871 competit
3788 1788 3945 1853 deci-

2406 1888 2594 1965 mari,
2641 1890 2733 1953 ita
2775 1892 3113 1956 conveniat
3146 1893 3353 1958 alteri.
3385 1893 3737 1961 Decimatio
3780 1895 3945 1960 enlm

2406 2016 2539 2062 non
2594 2002 2849 2063 tantum
2901 2000 3160 2082 respicit
3212 2020 3349 2066 esse
3386 2003 3459 2067 in
3510 2004 3786 2083 lumbis,
3846 2001 3945 2067 sed

2403 2104 2601 2169 etiam
2630 2106 2900 2171 modum
2926 2108 3176 2173 essendi
3211 2110 3571 2175 secundum
3613 2110 3941 2177 traductio-

2406 2231 2556 2277 nem
2586 2214 2918 2295 originalis
2945 2216 3206 2298 peccati.

2487 2327 2548 2385 2.
2578 2321 2673 2387 Ad
2704 2320 2860 2385 illud
2888 2323 3061 2405 quod
3088 2325 3456 2407 opponitur,
3475 2326 3649 2408 quod
3680 2325 3945 2391 Christus

2406 2430 2727 2510 figuratur
2754 2449 2869 2513 per
2896 2431 3210 2495 decimam
3239 2432 3558 2513 oblatam3
3606 2433 3944 2517 respondeo

2406 2539 2750 2604 dicendum
2774 2540 3067 2606 :Decima
3090 2542 3304 2608 oblata
3328 2562 3462 2609 non
3483 2545 3939 2622 decimabatur3

2407 2646 2515 2710 sed
2560 2645 2898 2712 decimatio
2938 2649 3153 2732 potius
3180 2651 3437 2733 respicit
3468 2651 3631 2718 illud
3658 2652 3825 2735 quod
3848 2669 3943 2716 re-

2407 2759 2623 2818 manet
2650 2754 2720 2817 in
2746 2755 2895 2834 alio,
2929 2756 3090 2820 sicut
3118 2758 3268 2823 dicit
3297 2758 3538 2842 Hugo:
3571 2761 3721 2844 quia
3746 2779 3941 2826 rema-

2408 2864 2516 2924 net
2543 2861 2957 2945 imperfectio,
2986 2863 3198 2928 ablata
3223 2866 3494 2947 unitate,
3515 2886 3663 2950 quae
3690 2871 3780 2932 est
3813 2884 3937 2949 per-

2407 2966 2591 3030 fectio
2624 2967 2890 3050 denarii,
2932 2989 3049 3053 per
3073 2973 3246 3054 quod
3273 2973 3577 3055 signatur
3602 2976 3813 3040 futura
3837 2993 3940 3038 cu·
3999 3018 4011 3032 .

2406 3075 2589 3139 ratio.
2645 3073 2823 3142 Unde
2891 3078 3055 3143 sieut
3114 3079 3224 3142 alii
3287 3080 3663 3164 figurantur
3724 3083 3791 3147 in
3844 3080 3938 3146 illa

2408 3182 2825 3250 decimatione
2868 3188 3081 3251 curari
3098 3235 3118 3267 ,
3167 3187 3257 3252 sic
3308 3187 3598 3255 Christus
3634 3190 3939 3273 figuratur

2407 3292 2573 3355 ratio
2597 3310 2735 3356 esse
2762 3293 3232 3359 medicamenti.

2490 3403 2548 3462 3.
2593 3399 2690 3464 Ad
2720 3399 2876 3464 illud
2903 3401 3076 3483 quod
3120 3404 3469 3485 opponitur
3489 3454 3507 3486 ,
3539 3404 3710 3488 quod
3735 3403 3802 3467 in
3839 3400 3937 3465 illa

2407 3501 2824 3572 decimatione
2863 3508 3160 3590 signatur
3186 3511 3422 3577 oblatio
3453 3511 3678 3578 Christi
3697 3561 3716 3591 ,
3746 3509 3939 3575 dicen-

2408 3605 2567 3672 dum
2611 3609 2785 3691 quod
2841 3629 3068 3675 verum
3113 3616 3208 3678 est
3249 3635 3265 3678 ε
3320 3614 3434 3679 sed
3478 3633 3611 3681 non
3661 3614 3937 3696 signatur

2410 3711 2636 3779 Christi
2664 3715 2898 3781 oblatio
2924 3720 3234 3801 tanquam
3268 3737 3387 3803 pro
3415 3740 3548 3804 quo
3575 3722 3750 3786 fleret
3773 3717 3935 3784 obla-

2410 3823 2520 3902 tio,
2554 3824 2663 3889 sed
2688 3828 2997 3909 tanquam
3037 3846 3184 3910 quae
3220 3829 3495 3895 offertur
3529 3849 3646 3915 pro
3686 3827 3839 3893 aliis.
3865 3823 3938 3889 Et

2408 3933 2717 4016 quoniam
2754 3935 3057 4001 decimari
3096 3938 3328 4004 dicitur
3364 3940 3475 4006 ille
3492 3988 3511 4020 ,
3543 3958 3659 4022 pro
3686 3955 3809 4023 quo
3846 3933 3931 3999 of-

2408 4042 2611 4107 fertur
2647 4044 2884 4110 oblatio
2911 4044 3175 4112 decimae
3189 4096 3207 4128 ,
3254 4047 3410 4112 hinc
3447 4051 3543 4114 est
3581 4045 3751 4131 quod
3774 4046 3935 4108 actus

2410 4148 2845 4217 decimationis
2871 4171 3006 4219 non
3032 4153 3219 4219 debet
3244 4153 3493 4220 Christo
3519 4150 3774 4219 attribui
3788 4172 3806 4229 ;
3827 4145 3931 4212 ali·

2409 4259 2508 4322 ter
2534 4256 2711 4323 enim
2739 4258 2830 4323 ihi
2856 4260 3402 4344 praefigurabatur
3430 4261 3709 4328 Christus
3727 4306 3745 4337 ‚
3771 4254 3939 4322 aliter

2490 4478 2551 4538 4.
2604 4474 2702 4540 Ad
2749 4473 2904 4541 illud
2942 4476 3115 4559 quod
3163 4476 3549 4560 opponitur,
3594 4473 3757 4559 quod
3801 4484 3936 4534 caro

2412 4577 2641 4644 Christi
2667 4580 2788 4646 fuit
2812 4581 2881 4647 in
2908 4582 3093 4648 beata
3116 4582 3383 4666 Virgine
3403 4632 3424 4665 ,
3457 4589 3524 4648 et
3565 4598 3709 4647 caro
3735 4573 3931 4657 Virgi-

2412 4687 2512 4752 nis
2540 4686 2610 4752 in
2646 4688 2995 4768 Abraham,
3028 4689 3371 4756 dicendum
3397 4690 3571 4775 quod
3605 4688 3690 4753 ihi
3717 4689 3807 4751 est
3838 4700 3930 4746 so·

2412 4793 2665 4878 phisma
2709 4796 3065 4861 secundum
3106 4797 3395 4864 accidens
3412 4845 3433 4876 ‚
3473 4796 3626 4881 quia
3667 4790 3936 4859 variatur

2412 4901 2643 4966 modus
2699 4904 2946 4968 essendi
3004 4903 3158 4970 hinc
3226 4909 3291 4971 et
3344 4905 3516 4970 inde.
3586 4902 3726 4969 Alio
3775 4897 3930 4965 enim

2412 5010 2602 5074 modo
2631 5010 2753 5075 ruit
2778 5029 2925 5075 caro
2952 5011 3156 5077 beatae
3184 5011 3473 5095 Virginis
3495 5013 3565 5076 in
3589 5006 3896 5076 Abraham
3911 5048 3928 5078 ¹

2411 5119 2594 5184 aliter
2622 5137 2769 5185 caro
2809 5120 3036 5185 Christi
3066 5121 3137 5187 in
3166 5125 3372 5186 matre
3396 5139 3552 5200 sua,
3580 5118 3730 5202 quia
3768 5115 3931 5180 beata

2411 5223 2612 5306 Virgo
2647 5228 2950 5310 processit
2982 5228 3344 5294 secundum
3380 5230 3593 5311 legem
3621 5219 3928 5303 concupis·

2411 5333 2659 5413 oentiae,
2689 5331 2976 5400 Christus
3001 5353 3156 5401 vero
3178 5334 3468 5401 minime.

2495 5445 2555 5506 5.
2587 5441 2688 5507 Ad
2725 5441 2884 5508 illud
2923 5443 3094 5525 quod
3133 5445 3545 5527 quaerebatur
3570 5442 3648 5506 de
3671 5430 3927 5504 auctori-
