4185 6288
481 5401 504 5507 ’ται

751 514 869 577 170

676 653 681 658 ’
749 650 1018 714 cessario
1047 650 1291 732 oportet
1311 646 1651 712 concedere
1681 645 1878 710 Deum
1903 660 2038 707 esse
2070 637 2284 704 homi-

747 773 922 832 nem,
952 759 1017 821 et
1032 756 1360 821 hominem
1381 774 1517 820 esse
1541 761 1758 819 Deum.
1783 752 1860 816 Et
1877 752 1997 815 hoc
2023 747 2284 831 quidem

748 865 1124 928 attestantur
1146 866 1511 927 sanctorum
1558 860 1983 937 auctoritates,
2016 862 2079 921 et
2106 872 2283 918 com-

746 970 1027 1034 muniter
1050 970 1331 1034 fatentur
1351 969 1635 1035 doctores
1651 966 1956 1047 theologi.
1984 964 2069 1028 De
2096 960 2284 1026 modo

745 1095 902 1141 vero
944 1076 1328 1160 praedicandi
1380 1076 1611 1141 diversi
1658 1072 2083 1139 diversimode
2137 1087 2284 1133 sen-

581 1199 665 1242 ·ιιῑο
706 1229 719 1244 .
747 1183 937 1248 tiunt.
965 1182 1235 1260 Quidam
1260 1184 1432 1246 enim
1463 1183 1668 1246 dicere
1706 1181 2083 1257 voluerunt,
2112 1175 2283 1259 quod

508 1537 701 1594 Improb-

507 2398 663 2455 Opinio
676 2401 717 2442 Ξ.

505 2925 698 2984 Improb.

746 1291 887 1356 haec
913 1290 1273 1375 praedicatio
1299 1308 1427 1354 non
1459 1292 1541 1354 sit
1565 1290 1630 1352 in
1659 1292 1855 1365 recto,
1886 1286 1996 1350 sed
2027 1285 2097 1348 in
2126 1282 2286 1347 obli-

748 1416 896 1480 qu0,
924 1402 998 1463 ut
1027 1399 1110 1462 sit
1130 1417 1353 1463 sensus
1383 1416 1399 1461 ε
1433 1421 1462 1459 «ι
1481 1397 1647 1462 Deus
1671 1403 1765 1461 est
1784 1398 2003 1473 homo,
2021 1417 2051 1453 n
2078 1393 2142 1457 id
2167 1395 2280 1471 est,

738 1506 911 1570 =Deus
937 1507 1129 1572 habet
1159 1507 1508 1572 hominem.
1541 1506 1614 1571 Et
1642 1507 1750 1569 hic
1772 1503 2001 1569 modus
2036 1501 2285 1567 dicendi

748 1614 1050 1680 relabitur
1086 1616 1166 1679 ad
1201 1616 1451 1679 tertiam
1493 1615 1889 1697 opinionem,
1936 1628 2085 1694 quae
2126 1607 2287 1672 dixit

743 1723 1073 1786 hominem
1104 1723 1443 1805 praedicari‘
1461 1723 1540 1787 de
1569 1722 1695 1786 Deo
1724 1719 2077 1784 secundum
2108 1715 2287 1781 habi·

749 1833 914 1908 tum3
938 1848 1085 1913 quae
1111 1830 1301 1894 etiam
1318 1831 1622 1914 superius
1639 1828 1999 1911 improbata
2012 1830 2127 1890 est.
2151 1823 2286 1888 Ma-

744 1932 1044 1995 nifestum
1087 1934 1282 1996 etiam
1308 1932 1588 2014 estquod
1634 1931 1787 1994 illud
1815 1948 1949 1994 non
1970 1933 2064 1992 est
2103 1928 2286 1991 suffl-

746 2039 981 2103 cienter
1007 2041 1244 2104 dictum
1265 2089 1281 2116 ,
1318 2040 1471 2123 quia
1516 2040 1568 2102 si
1604 2038 1922 2102 diceretur
1956 2035 2124 2101 Deus
2152 2053 2286 2098 esse

745 2146 963 2223 homo,
995 2146 1059 2211 id
1104 2151 1198 2210 est
1240 2147 1481 2211 habens
1516 2128 1872 2221 bominem,
1920 2143 2143 2208 eadem
2187 2161 2288 2207 rae

744 2255 918 2320 tione
940 2256 1256 2321 diceretur
1278 2274 1443 2334 caro,
1487 2255 1642 2337 quia
1667 2254 1859 2318 habet
1893 2271 2179 2331 carnem3
2225 2257 2289 2315 et

748 2382 878 2445 peS,
909 2364 1062 2446 quia
1087 2365 1277 2429 habet
1317 2365 1566 2447 pedem.
1612 2362 1758 2428 Ideo
1796 2363 1904 2427 alii
1930 2363 2138 2427 dicere
2165 2379 2285 2424 vo-

744 2473 1027 2551 luerunt,
1058 2473 1229 2556 quod
1255 2472 1399 2536 talis
1422 2471 1788 2555 praedicatio
1816 2470 2006 2535 estin
2029 2473 2199 2533 recto
2218 2470 2236 2506 ¹
2266 2487 2282 2529 ε

743 2585 1190 2645 verumtamen
1251 2599 1369 2644 nec
1424 2584 1516 2644 est
1568 2578 1932 2661 praedicatio
1975 2576 2283 2655 formaliS,

743 2707 862 2754 nec
887 2688 1176 2767 causaliS‚
1214 2706 1331 2753 nec
1358 2686 1790 2767 accidentaliS,
1819 2687 1929 2751 sed
1964 2705 2074 2770 per
2105 2686 2288 2752 iden-

745 2796 1012 2874 titatem,
1039 2799 1103 2860 et
1124 2813 1347 2860 sensus
1371 2799 1463 2859 est
1492 2817 1507 2859 ε
1544 2818 1574 2855 α
1604 2794 1767 2858 Deus
1784 2797 1878 2857 est
1904 2795 2122 2873 homo,
2154 2816 2184 2853 n
2223 2794 2288 2858 id

745 2909 860 2982 est,
892 2903 1059 2968 Deus
1082 2906 1177 2968 est
1212 2904 1317 2968 ille
1358 2903 1472 2985 qui
1514 2908 1609 2968 est
1634 2903 1828 2967 homo
1863 2925 1877 2967 :
1918 2903 2025 2966 ille
2066 2907 2285 2967 autem

744 3012 1217 3094 quiesthomo,
1250 3011 1315 3075 id
1344 3014 1440 3075 est
1465 3010 1661 3075 Filius
1696 3010 1820 3089 Dei,
1854 3011 1933 3076 de
1960 3011 2087 3076 D‘eo
2115 3029 2287 3093 prae-

743 3119 990 3184 dicatur
1030 3136 1144 3201 per
1188 3118 1698 3201 praedicationem
1747 3117 2115 3184 identitatis,
2163 3119 2288 3185 Sed

744 3246 863 3293 nec
888 3228 1098 3292 adhuc
1120 3227 1277 3292 illud
1303 3229 1488 3308 plene
1520 3227 1709 3291 solvit
1743 3247 1760 3291 ε
1796 3227 1949 3310 quia
1983 3228 2287 3311 quaelibet

745 3335 1088 3418 implicatio
1131 3334 1370 3399 claudit
1407 3335 1478 3398 in
1518 3353 1586 3399 se
1613 3335 2130 3417 praedicationem
2165 3336 2288 3400 ali-

744 3461 975 3526 quam3
1002 3447 1065 3506 et
1091 3442 1233 3507 ideo
1260 3461 1409 3506 cum
1435 3441 1667 3505 dicitur
1695 3460 1711 3504 :
1749 3466 1780 3503 «
1815 3442 1981 3506 Deus
2025 3446 2120 3506 est
2155 3444 2283 3523 ille,

744 3550 858 3634 qui
884 3554 978 3615 est
1000 3550 1217 3628 homo,
1243 3571 1273 3608 n
1307 3549 1520 3613 adhuc
1546 3549 1861 3631 contingit
1888 3567 2180 3632 quaerere
2209 3552 2289 3616 de

742 3659 852 3722 illa
879 3658 1325 3741 implicatione,
1350 3673 1498 3739 quae
1527 3661 1719 3720 estex
1746 3660 1925 3739 parte
1939 3659 2286 3740 praedicati,

743 3767 823 3831 ad
853 3784 1049 3849 quam
1098 3764 1614 3847 praedicationem
1653 3764 1847 3828 habet
1886 3765 2104 3829 reduci
2159 3789 2173 3829 :
2227 3771 2292 3830 et

742 3876 895 3936 tunc
922 3872 1024 3935 vel
1049 3876 1297 3953 oportet
1321 3872 1415 3935 ire
1442 3871 1509 3934 in
1532 3871 1861 3935 infinitum
1876 3873 2286 3954 implicandO,

745 3981 848 4044 vel
882 3980 1195 4062 oportebit
1247 3996 1575 4043 recurrere
1625 3978 1706 4042 ad
1761 3978 1963 4043 alium
2019 3980 2286 4044 modum

746 4087 1149 4170 praedicandi.
1182 4085 1262 4151 Et
1293 4091 1627 4168 propterea
1665 4091 1760 4150 est
1798 4086 2022 4150 tertius
2062 4089 2291 4152 modus

578 4218 663 4261 nmo
705 4249 716 4261 .
746 4193 1017 4272 dicendi,
1046 4197 1124 4257 ut
1149 4211 1300 4257 cum
1326 4192 1558 4257 dicitur
1586 4211 1602 4256 ε
1644 4215 1675 4252 «
1700 4191 1863 4256 Deus
1886 4196 1982 4256 est
2001 4194 2222 4270 homo,
2250 4215 2279 4254 n

745 4302 850 4396 hic
890 4307 984 4366 est
1018 4300 1363 4382 singularis
1404 4299 1634 4363 modus
1687 4298 2095 4381 praedicandi.
2149 4299 2291 4365 Non

745 4413 916 4500 eni-m
943 4417 1035 4476 est
1064 4412 1206 4475 talis
1234 4411 1596 4494 praedicatio
1626 4428 1740 4492 per
1765 4410 2123 4489 essentiam,
2173 4430 2292 4476 nec

745 4539 860 4603 per
886 4537 1167 4598 causam,
1190 4535 1309 4583 nec
1337 4537 1452 4600 per
1478 4517 1947 4596 inhaerentiam,
1979 4519 2142 4582 sicut
2185 4537 2293 4583 os-

745 4632 1042 4697 tendebat
1086 4631 1249 4694 ratio
1294 4628 1559 4706 ultima;
1613 4630 1720 4692 sed
1775 4634 1870 4693 est
1925 4629 2293 4711 praedicatio

745 4758 862 4823 per
888 4741 1221 4804 unionem.
1271 4737 1417 4802 Ideo
1457 4737 1633 4801 enim
1670 4737 1866 4802 homo
1907 4739 2293 4820 praedicatur

745 4847 825 4911 de
852 4846 999 4925 Deo,
1030 4847 1184 4928 quia
1208 4845 1435 4909 unitur
1451 4845 1511 4909 ei
1538 4846 1609 4908 in
1625 4846 1940 4910 unitatem
1977 4863 2287 4927 personae.

747 4952 826 5017 Et
851 4952 1155 5036 quoniam
1175 4952 1318 5016 haec
1343 4953 1503 5016 unio
1526 4955 1621 5016 est
1645 4953 2010 5034 singulariS,
2035 4970 2171 5016 non
2199 4959 2292 5017 est

749 5061 988 5124 mirum
1016 5062 1070 5123 si
1096 5060 1496 5141 singularem
1530 5060 1794 5125 modum
1820 5061 2024 5142 exigit
2054 5060 2292 5143 praedi-

748 5167 955 5233 candi.
987 5167 1063 5231 Et
1088 5184 1204 5250 per
1241 5167 1365 5230 hoc
1392 5171 1565 5249 patet
1601 5167 1760 5232 illud
1784 5217 1803 5247 ,
1850 5168 2021 5249 quod
2065 5167 2292 5232 ultimo

749 5273 1177 5358 quaerebatur,
1208 5273 1359 5355 quia
1382 5274 1527 5337 talis
1554 5273 1917 5356 praedicatio
1939 5291 2072 5338 non
2100 5274 2293 5339 redu-

810 5428 833 5463 1
856 5426 1048 5477 Contra
1072 5426 1207 5475 banc
1229 5424 1445 5490 insurgit
1468 5428 1651 5477 scotus
1660 5463 1677 5490 ,
1706 5427 1823 5477 dist.
1844 5426 2081 5491 praesenti
2101 5463 2118 5489 ,
2158 5441 2208 5491 q.
2237 5437 2290 5492 1,

748 5497 823 5551 ihi
850 5513 864 5549 :
897 5499 1060 5550 Tertio
1084 5496 1368 5548 videndum.

1855 492 2474 574 SENTENTIARUM
2514 497 2661 564 Ll'B.
2709 494 2815 564 111.

2396 635 2563 699 citur
2589 634 2668 699 ad
2705 635 2864 700 alios
2899 634 3121 699 modos
3147 637 3534 718 praedicandi
3569 647 3921 723 consuetos3

2390 742 2581 806 habet
2606 747 2822 808 tamen
2838 744 2908 807 in
2927 762 2993 807 se
3017 742 3380 825 veritatem,
3411 748 3577 812 sicut
3602 752 3929 816 ostendunt

2389 850 2669 913 rationes
2697 850 2776 913 ad
2805 851 2973 914 hanc
3003 856 3248 932 partem
3280 853 3581 919 inductae.

2474 963 2533 1020 l.
2563 958 2682 1042 ‚Ad
2739 958 2902 1021 illud
2946 976 3100 1021 vero
3144 958 3317 1040 quod
3361 962 3727 1043 opponitur,
3767 965 3926 1044 quod

2391 1069 2650 1147 propter
2672 1066 2977 1130 unionem
2997 1065 3066 1128 in
3096 1072 3326 1131 natura
3349 1086 3482 1131 una
3508 1086 3778 1150 persona
3802 1087 3924 1133 non

2390 1173 2773 1254 praedicatur
2796 1172 2874 1235 de
2900 1173 3054 1250 alia,
3072 1176 3373 1256 quamvis
3397 1176 3508 1239 illa
3535 1178 3690 1240 unio
3716 1178 3796 1240 sit
3819 1196 3926 1241 ex-

2393 1281 2739 1358 cellentior,
2787 1299 2945 1363 ergo
2973 1283 3062 1345 sic
3106 1287 3172 1347 et
3218 1284 3287 1347 in
3320 1285 3641 1367 proposito
3653 1307 3671 1363 ;
3723 1286 3927 1351 dicen-

2392 1387 2548 1452 dum
2570 1388 2744 1470 quod
2765 1406 2895 1452 non
2924 1390 3238 1472 sequitur.
3271 1390 3496 1456 Unitas
3524 1394 3696 1455 enim
3722 1392 3926 1457 Trini·
3967 1387 3979 1401 '

2391 1495 2538 1559 tatis
2565 1497 2775 1577 major
2799 1501 2894 1559 est
2916 1501 3235 1577 quantum
3258 1500 3337 1562 ad
3364 1500 3676 1563 rationem
3703 1501 3927 1565 simili-

2392 1603 2632 1667 tudinis
2650 1609 2713 1666 et
2734 1603 3214 1684 conformitatiS,
3235 1623 3365 1669 non
3384 1610 3599 1671 autem
3619 1614 3928 1691 quantum

2393 1712 2467 1775 ad
2498 1712 2811 1775 rationem
2858 1715 3106 1775 mutuae
3139 1713 3605 1794 praedicationis
3628 1762 3646 1792 ,
3697 1735 3814 1799 pro
3858 1736 3928 1781 eo

2392 1820 2564 1903 quod
2589 1821 2698 1884 illa
2711 1838 2862 1903 quae
2881 1822 3275 1885 conveniunt
3295 1822 3366 1886 in
3387 1841 3522 1887 una
3537 1829 3790 1905 natura,
3809 1844 3931 1890 non

2393 1929 2826 2011 praedicantur
2850 1929 2930 1993 de
2956 1947 3023 1992 se
3053 1929 3144 1992 ita
3166 1935 3394 1994 mutuo
3409 1979 3425 2010 ,
3455 1932 3621 1996 sicut
3645 1932 3759 1998 illa
3790 1952 3931 2017 quae

2393 2040 2786 2100 concurrunt
2814 2036 2882 2099 in
2909 2054 3112 2100 unam
3130 2055 3490 2118 personam,
3523 2058 3642 2121 pro
3665 2059 3746 2106 eo
3772 2042 3932 2124 quod

2393 2149 2634 2207 natura
2658 2142 2808 2205 dicit
2831 2142 2989 2224 quid
3013 2160 3382 2222 commune,
3405 2142 3769 2229 hypostasis
3790 2149 3937 2214 dicit

2393 2250 2796 2333 suppositum
2863 2250 3200 2333 proprium
3251 2273 3267 2316 z
3315 2256 3770 2336 consequentia
3831 2275 3936 2320 au-

2394 2363 2523 2423 tem
2548 2357 2936 2422 affirmativa
2973 2363 3148 2423 tenet
3185 2359 3266 2422 ab
3308 2360 3593 2427 inferiori
3631 2364 3716 2426 ad
3755 2381 3933 2446 supe-

2392 2467 2549 2546 riuS,
2582 2484 2711 2531 non
2739 2483 2776 2530 e
2804 2484 3134 2530 converso.
3164 2466 3341 2531 Unde
3369 2469 3757 2553 cuicumque
3788 2472 3935 2535 sub-

2390 2575 2613 2657 Jicitur
2637 2574 2755 2639 iste
2785 2574 3121 2652 terminuS,
3144 2576 3357 2656 homo,
3390 2583 3593 2660 potest
3617 2580 3847 2663 subjici
3879 2584 3938 2645 et

2393 2687 2499 2750 ille
2520 2686 2857 2764 terminuS,
2880 2685 3134 2757 animal
3154 2689 3299 2751 :sed
3317 2707 3353 2753 e
3372 2707 3683 2755 converso
3703 2711 3830 2756 non
3843 2711 3940 2756 se—

2395 2794 2617 2876 quitur
2644 2815 2659 2857 ε
2681 2817 2712 2854 α
2731 2794 2819 2857 De
2844 2811 3255 2876 quocumque
3274 2796 3656 2878 praedicatur
3673 2801 3936 2878 animal,

2395 2901 2776 2983 praedicatur
2805 2905 2870 2964 et
2901 2899 3082 2965 homo
3113 2919 3132 2963 ε
3164 2922 3195 2960 n
3232 2901 3323 2966 ibi
3363 2909 3457 2967 est
3505 2905 3683 2969 enim
3728 2924 3940 2971 conse-

2395 3024 2620 3089 quens.
2654 3006 2823 3085 Ideo,
2866 3007 3125 3088 quando
3173 3026 3305 3073 una
3350 3010 3710 3093 hypostasis
3748 3012 3941 3095 subji-

2394 3115 2562 3179 citur
2606 3115 2886 3195 duobuS,
2931 3131 3186 3180 necesse
3220 3120 3314 3180 est
3347 3117 3459 3182 illa
3498 3117 3621 3184 sibi
3671 3120 3941 3186 invicem

2396 3222 2627 3304 suinci
2648 3271 2665 3301 ,
2709 3227 2774 3286 et
2812 3222 2902 3285 sic
2961 3240 3074 3303 per
3131 3240 3529 3310 consequens
3583 3228 3932 3309 praedIcari.

2396 3327 2664 3406 Quando
2691 3333 2910 3393 autem
2943 3345 3075 3391 una
3115 3334 3350 3394 natura
3379 3331 3614 3396 dicitur
3637 3335 3719 3398 de
3746 3333 3940 3418 pluri-

2396 3437 2539 3513 buS,
2570 3454 2704 3501 non
2731 3443 2826 3502 est
2850 3455 3104 3502 necesse
3136 3438 3244 3503 illa
3269 3439 3348 3504 de
3375 3459 3443 3505 se
3467 3441 3751 3508 invicem
3783 3458 3941 3527 prae·

2394 3543 2616 3606 dicari.

2479 3655 2543 3714 2.
2574 3652 2671 3714 Ad
2700 3651 2858 3718 illud
2885 3654 3056 3736 quod
3082 3654 3402 3738 oincitur,
3427 3654 3598 3736 quod
3632 3656 3852 3720 anima
3886 3659 3946 3720 et

2397 3777 2543 3823 caro
2579 3765 2970 3823 concurrunt
2991 3761 3061 3824 in
3085 3780 3284 3826 unam
3312 3780 3656 3845 personam
3679 3768 3744 3827 et
3767 3768 3947 3827 natu-

2395 3886 2559 3947 ram,
2592 3886 2723 3932 non
2742 3874 2957 3933 tamen
2989 3870 3418 3952 praedicantur
3455 3871 3534 3934 de
3575 3890 3648 3936 se
3673 3872 3944 3938 invicem

2401 3975 2626 4036 mutua
2653 3972 3101 4055 praedicatione
3143 3996 3159 4036 ε
3213 3973 3555 4038 dicendum
3599 3975 3776 4058 quod
3817 3992 3942 4037 non

2396 4085 2491 4144 est
2519 4080 2728 4144 simile
2758 4080 2996 4163 duplici
3027 4099 3111 4144 ex
3156 4098 3368 4144 causa.
3414 4080 3635 4147 Primo
3661 4082 3938 4166 quidem,

2397 4187 2552 4269 quia
2579 4192 2973 4251 concurrunt
3012 4187 3077 4250 in
3116 4188 3432 4251 unitatem
3474 4193 3730 4254 naturae
3759 4193 3944 4270 atque

2398 4312 2686 4376 personae
2722 4299 3032 4377 tanquam
3056 4298 3266 4376 partes
3295 4296 3752 4375 constitutivae,
3781 4313 3944 4378 qua·

2399 4419 2549 4464 rum
2581 4420 2712 4465 non
2738 4407 2832 4466 est
2856 4401 3187 4484 praedicari
3219 4401 3297 4466 de
3326 4407 3480 4483 toto,
3507 4421 3629 4467 nec
3655 4421 3772 4486 per
3794 4419 3945 4466 con-

2399 4527 2672 4591 sequens
2694 4509 2772 4574 de
2795 4528 2864 4574 se
2879 4508 3159 4573 invicem
3187 4532 3203 4573 2
3229 4528 3361 4574 non
3377 4510 3469 4574 sic
3482 4512 3704 4578 divina
3723 4515 3946 4574 natura

2399 4620 2464 4680 et
2500 4617 2816 4693 humana,
2863 4616 3027 4680 sicut
3071 4615 3140 4679 in
3181 4618 3692 4699 praecedentibus
3737 4618 3945 4682 visum

2399 4729 2516 4789 est.
2538 4726 2679 4789 Alia
2699 4729 2793 4789 est
2820 4725 3014 4788 etiam
3042 4724 3246 4788 ratio:
3279 4725 3432 4807 quia
3461 4726 3683 4790 anima
3706 4730 3770 4790 et
3805 4741 3944 4788 caro

2399 4833 2762 4914 significant
2808 4836 3017 4914 partes
3067 4830 3504 4895 constitutivas
3548 4833 3620 4896 in
3672 4834 3942 4897 abstrac-

2397 4937 2612 5001 tione:
2640 4936 2805 5000 Deus
2829 4939 3043 4999 autem
3072 4938 3136 4998 et
3160 4934 3379 5009 hom0,
3411 4936 3638 4999 nonin
3664 4938 3935 5000 abstrac-

2397 5051 2570 5112 tione
2588 5097 2606 5127 ,
2636 5048 2745 5112 sed
2775 5047 2844 5110 in
2867 5045 3261 5110 concretione
3288 5045 3660 5128 significant
3688 5071 3703 5111 ε
3740 5053 3804 5113 et
3829 5046 3942 5110 hac

2398 5157 2477 5220 de
2491 5174 2683 5220 causa
2701 5156 2965 5237 possunt
2991 5153 3069 5218 de
3086 5171 3154 5216 se
3170 5152 3448 5216 invicem
3473 5153 3625 5230 dici,
3649 5152 3942 5237 quamvis

2398 5263 2469 5327 in
2492 5261 2910 5342 abstractione
2936 5261 3016 5324 de
3041 5278 3109 5324 se
3138 5259 3417 5324 invicem
3439 5278 3569 5324 non
3594 5263 3941 5344 praedicen-

2400 5374 2529 5434 tur.
2560 5369 2712 5434 Haec
2737 5369 2913 5434 enim
2940 5373 3034 5433 est
3052 5368 3209 5433 falsa
3237 5389 3254 5430 ε
3293 5390 3326 5428 ιι
3352 5366 3558 5433 Deitas
3585 5373 3686 5435 est
3718 5370 3938 5435 huma·

2401 5479 2585 5558 uitae,
2635 5503 2664 5542 n
2717 5478 2880 5544 sicut
2924 5478 3064 5541 haec
3105 5495 3122 5539 z
3185 5499 3214 5536 α
3237 5475 3395 5540 Caro
3443 5480 3537 5542 est
3591 5478 3855 5556 anima3
3898 5495 3930 5534 ι
