4185 6288
579 466 696 528 302

559 598 763 680 potest
804 595 1085 660 infinitas
1130 594 1337 659 lineas
1384 592 1750 660 terminare.
1809 594 1932 660 Sed
1984 610 2105 657 nec

558 705 769 769 adhuc
793 709 887 768 est
910 703 1066 768 illud
1095 703 1301 768 simile
1334 723 1349 766 ε
1385 703 1539 784 quia
1564 703 1633 766 in
1660 707 1902 785 puncto
1930 701 2106 767 aliud

559 816 655 876 est
677 812 906 890 virtus,
934 810 1108 875 aliud
1131 809 1439 887 essentia;
1472 828 1605 874 non
1634 810 1724 874 sic
1752 811 1823 874 in
1860 810 2008 888 Deo,
2037 811 2104 873 in

440 937 495 1026 οἳ.
515 943 535 957 ·
560 937 690 1002 quo
716 923 811 983 est
836 918 1101 983 omnino
1126 918 1319 982 idem.
1353 916 1428 981 Et
1455 916 1594 981 ideo
1611 918 1870 980 tertium
1886 934 2108 981 exem-—

562 1026 740 1108 plum
768 1025 1139 1108 ponendum
1164 1029 1260 1090 est
1299 1023 1372 1088 in
1395 1023 1748 1088 substantia
1768 1023 2102 1106 spirituali,

560 1152 706 1216 quae
732 1137 828 1197 est
853 1133 1070 1215 imago
1094 1133 1204 1214 Dei
1234 1154 1249 1195 ε
1281 1130 1434 1213 quia
1459 1131 1599 1213 ipsa
1624 1135 1755 1195 tota
1775 1131 1953 1195 estin
1971 1149 2106 1195 una

559 1245 736 1323 parte
763 1241 1045 1325 corporis
1071 1289 1090 1320 ,
1125 1244 1188 1304 et
1215 1243 1428 1304 tamen
1464 1240 1535 1303 in
1577 1239 1686 1302 illa
1709 1257 1841 1304 non
1869 1239 2107 1304 diffini-

557 1354 664 1413 tur
681 1398 699 1429 ,
759 1350 913 1431 quia
953 1349 1200 1414 ratione
1236 1366 1371 1413 suae
1416 1346 1834 1429 simplicitatis
1865 1347 1958 1410 sic
2009 1351 2108 1411 est

557 1462 686 1521 tota
699 1459 767 1522 in
796 1459 925 1536 illa,
949 1457 1121 1540 quod
1150 1462 1281 1522 tota
1311 1459 1493 1521 extra
1522 1454 1783 1519 illamin
1809 1459 1991 1537 parte
2009 1456 2104 1519 al-

555 1570 710 1628 tera.
744 1563 847 1629 Sic
874 1570 938 1629 et
957 1565 1123 1629 Deus
1148 1564 1219 1628 in
1246 1582 1379 1630 una
1404 1566 1697 1628 creatura
1718 1566 1913 1640 totuS‚
1934 1567 1996 1625 et
2015 1566 2105 1625 to-

555 1676 661 1736 tus
688 1677 888 1736 extra.
938 1671 1059 1736 Per
1094 1672 1270 1736 hunc
1295 1671 1489 1735 etiam
1538 1670 1807 1734 modum
1859 1673 2107 1751 oportet

559 1767 920 1862 intelligere¹
956 1782 1122 1846 circa
1175 1781 1524 1863 potentiam
1574 1777 2023 1843 intellectivam
2083 1797 2102 1842 τ

557 1889 665 1952 sed
709 1889 833 1953 hoc
867 1889 1095 1953 melius
1148 1886 1530 1968 intelligitur
1583 1885 2061 1950 ratiocinatione
2082 1933 2101 1962 ,

450 1998 529 2105 ³⁰:-
558 2014 753 2078 quam
807 1995 1249 2076 exemplorum
1306 1992 1761 2075 suppositione.
1830 1990 1897 2056 Si
1959 1993 2106 2075 quis

318 2136 339 2166 r
459 2139 480 2168 ο
557 2104 732 2167 enim
765 2103 956 2181 videt,
986 2102 1155 2184 quod
1185 2102 1248 2164 in
1279 2101 1407 2165 Deo
1436 2100 1804 2182 simplicitas
1834 2118 1968 2165 non
1987 2119 2106 2182 op-

554 2204 814 2297 ponitur
865 2213 1186 2286 infinitati,
1246 2212 1462 2276 videre
1519 2214 1725 2292 potest
1781 2210 2106 2292 quomodo

502 2347 506 2352 ·
552 2321 717 2385 Deus
769 2325 972 2404 potest
999 2320 1294 2401 cognosci
1335 2323 1530 2397 totuS,
1574 2323 1637 2382 et
1689 2322 1904 2382 tamen
1949 2327 2103 2382 con-

550 2429 878 2511 prehendi.
929 2429 1196 2510 Propter
1223 2428 1390 2510 quod
1439 2431 1619 2504 nota,
1667 2426 1839 2508 quod
1882 2426 2107 2489 infini-

551 2540 692 2600 tum
722 2536 1033 2618 accipitur
1058 2536 1410 2598 secundum
1427 2532 1869 2615 quantitatem,
1901 2536 1974 2597 ut
2000 2533 2106 2596 di-

554 2643 639 2707 cit
680 2642 1102 2725 Philosophus
1128 2645 1145 2679 ¹
1160 2690 1176 2706 .
1219 2641 1625 2722 Augustinus
1643 2644 1860 2704 autem
1878 2639 2033 2704 dicit
2057 2638 2102 2712 ¹,

551 2751 723 2833 quod
767 2755 862 2815 est
897 2750 1218 2833 quantitas
1265 2749 1475 2824 molis,
1507 2752 1569 2813 et
1593 2749 1914 2831 quantitas
1972 2747 2106 2811 vir-

554 2857 705 2921 tutis
746 2875 762 2920 ε
807 2858 984 2921 etita
1009 2856 1364 2921 secundum
1397 2858 1745 2936 utrumque
1772 2858 1977 2937 potest
2000 2873 2108 2919 ac-

553 2963 679 3046 cipi
700 2964 1050 3042 infinitum,
1072 2963 1182 3027 sed
1195 2962 1579 3027 differenter.
1602 2961 1918 3038 Quoniam
1932 2963 2107 3026 enim

552 3071 875 3153 quantitas
900 3071 1086 3135 molis
1127 3074 1222 3136 est
1268 3069 1579 3155 partibilis
1602 3118 1619 3149 ,
1648 3073 1711 3134 et
1738 3087 1930 3152 super
1958 3088 2107 3153 par·-

555 3177 734 3241 tibile
781 3178 1078 3256 tundata3

555 3283 723 3348 hanc
776 3287 1196 3367 quantitatem
1248 3284 1717 3367 oppositionem
1776 3285 1969 3349 habet
2025 3286 2107 3349 ad

556 3391 863 3474 simple13
934 3397 1000 3457 et
1067 3392 1452 3475 impomibile
1503 3396 1598 3456 est
1651 3392 1820 3475 quod
1865 3392 2107 3475 aliquid

560 3499 751 3580 idem,
781 3503 845 3565 et
870 3500 1226 3565 secundum
1252 3501 1445 3579 idem,
1478 3500 1560 3565 sit
1586 3500 1864 3583 simplex
1893 3505 1955 3565 et
2002 3502 2103 3565 in-

557 3607 834 3672 finitum.
862 3607 1176 3685 Quoniam
1197 3627 1350 3673 vero
1366 3608 1687 3691 quantitas
1714 3608 1972 3674 virtutis
2011 3626 2111 3673 re-

558 3715 806 3797 peritur
832 3716 903 3778 in
940 3714 1359 3799 simplicibus,
1412 3716 1544 3780 imo
1597 3719 1838 3799 quanto
1864 3717 2108 3798 aliquid

558 3824 933 3907 simplicius,
976 3831 1152 3893 tanto
1203 3827 1572 3910 potentius;
1604 3827 1759 3891 hinc
1802 3831 1896 3892 est
1935 3828 2110 3910 quod

480 3954 486 3960 ·
558 3934 883 4003 infinitum
901 3936 1254 4001 secundum
1274 3936 1440 4000 hanc
1463 3954 1594 4000 non
1623 3940 1946 4017 repugnat
1959 3936 2109 4000 sim-

558 4042 704 4124 plici
719 4062 737 4121 ;
755 4042 888 4108 imo
901 4045 1254 4109 necessario
1268 4044 1576 4126 sequitur,
1599 4045 1772 4127 quod
1795 4045 1848 4107 si
1866 4044 2109 4128 aliquid

557 4155 652 4215 est
677 4152 1249 4234 simplicissimum,
1295 4153 1468 4234 quod
1496 4152 1740 4233 aliquid
1784 4152 1866 4215 sit
1903 4152 2110 4216 influi-

556 4259 898 4325 tissimum.
956 4260 1132 4325 Clare
1159 4278 1315 4341 ergo
1346 4263 1550 4342 potest
1576 4259 1805 4334 videri,
1837 4259 2010 4341 quod
2038 4259 2110 4321 in

559 4368 685 4432 Deo
707 4368 1065 4433 secundum
1092 4368 1262 4432 idem
1289 4371 1493 4449 potest
1519 4384 1652 4431 esse
1681 4384 1937 4431 summa
1961 4367 2111 4430 sim-

558 4474 824 4558 plicitas,
856 4479 920 4540 et
945 4493 1204 4539 summa
1228 4463 1509 4539 infinitas
1541 4476 1642 4537 :et
1667 4472 1809 4537 ideo
1838 4491 1991 4538 vera
2015 4477 2112 4537 est

555 4581 860 4665 praedicta
893 4582 1119 4664 positio
1138 4630 1156 4661 ‚
1209 4581 1382 4664 quod
1417 4581 1582 4645 Deus
1620 4583 1788 4645 totus
1830 4580 2105 4659 videtur,

558 4691 670 4754 sed
714 4694 925 4754 tamen
978 4707 1108 4754 non
1159 4687 1728 4770 comprehenditur
1772 4687 1853 4750 ab
1895 4687 2111 4770 aliqua

559 4800 872 4876 creatura,
897 4814 1016 4861 nec
1043 4796 1247 4874 unita,
1279 4813 1398 4859 nec
1428 4797 1738 4878 separata.
1775 4793 1853 4858 Et
1878 4812 2107 4859 conce·-

559 4906 785 4970 dendae
814 4909 969 4969 sunt
993 4906 1271 4969 rationes
1297 4904 1377 4968 ad
1406 4908 1652 4986 partem
1682 4903 1892 4968 istam.

640 5023 669 5080 1
685 5064 701 5081 .
721 5017 821 5081 Ad
839 5017 995 5081 illud
1023 5017 1195 5100 quod
1223 5016 1544 5099 objicitur,
1573 5016 1750 5100 quod
1781 5016 2108 5098 plenitudo

559 5124 906 5191 divinitatis
931 5125 1262 5189 habitatin
1312 5123 1559 5189 Christo
1578 5173 1598 5204 ,
1632 5128 1694 5188 et
1739 5123 1819 5188 de
1845 5123 2105 5187 Damas-

558 5249 716 5295 ceno
735 5279 755 5310 ,
815 5232 986 5315 quod
1034 5236 1166 5297 tota
1213 5235 1309 5296 est
1361 5232 1711 5309 incarnata,
1766 5232 2107 5297 dicendum

626 5395 642 5430 ¹
682 5394 857 5457 Arist„
883 5392 1105 5457 Phyxia,
1135 5393 1221 5445 lib.
1273 5394 1337 5444 111
1359 5430 1376 5456 ,
1417 5397 1559 5445 cont.
1591 5397 1669 5444 03.
1705 5419 1766 5431 -
1805 5394 1826 5428 ²
1865 5395 2016 5459 Aug„
2047 5394 2108 5444 ‹Ie

562 5468 785 5532 quantit.
810 5466 1013 5527 animoe,
1043 5480 1091 5515 c.
1121 5477 1181 5516 ιιι
1204 5468 1257 5516 et
1283 5479 1392 5530 seq.

1161 3177 1302 3243 ideo
1365 3178 1695 3242 infinitum
1749 3177 2105 3242 secundum
2138 3172 2141 3179 ’

1694 453 2319 525 ΒΕΝΤΒΝΤΙΑΒῘΙΜ
2358 454 2508 523 LIB.
2554 456 2661 522 111.

2217 591 2386 674 quod
2416 592 2758 675 Apostolus
2799 592 2869 655 in
2903 590 3012 654 illo
3038 590 3239 655 verbo
3275 592 3417 657 vult
3440 595 3772 661 ostendere

2216 699 2620 780 personalem
2641 699 2965 775 unionem,
2998 715 3146 779 quae
3173 702 3268 762 est
3296 699 3366 763 in
3392 699 3659 782 Christo,
3709 707 3775 767 et

2216 804 2285 867 in
2312 805 2491 869 nullo
2534 805 2660 869 alio
2682 853 2700 884 ,
2733 806 2887 888 quia
2914 823 3186 888 persona
3232 807 3448 872 divina
3491 809 3681 891 plena
3709 817 3775 873 et

2217 913 2491 994 perfecta
2533 930 2662 977 non
2705 913 2914 976 solum
2946 913 3221 988 ammae,
3266 915 3376 979 sed
3403 915 3599 979 etiam
3628 935 3775 981 cor-

2217 1020 2355 1102 pori
2383 1019 2609 1084 Christi
2645 1021 2768 1085 fuit
2814 1020 2997 1084 unita
3032 1041 3047 1083 ε
3098 1027 3164 1086 et
3192 1021 3617 1087 Damascenus
3650 1024 3776 1089 hoc

2216 1127 2428 1209 ipsum
2456 1127 2596 1192 vult
2613 1128 2842 1192 dicere.
2872 1128 2991 1192 Per
3006 1129 3128 1192 hoc
3144 1130 3316 1211 quod
3337 1130 3487 1194 dicit
3498 1147 3768 1211 omnem,

2216 1235 2513 1318 intelligit
2536 1236 2823 1300 divinam
2850 1241 3149 1301 naturam
3173 1243 3248 1301 ut
3276 1239 3652 1320 perfectam3
3688 1259 3773 1304 ex

2215 1345 2337 1411 hoc
2361 1350 2577 1412 tamen
2605 1366 2740 1412 non
2765 1352 2971 1430 potest
2994 1348 3214 1412 inferri
3264 1351 3549 1431 cognitio
3587 1371 3774 1415 com-

2215 1457 2681 1536 prehensionis,
2708 1456 2882 1538 quia,
2926 1456 3091 1521 sicut
3133 1461 3375 1522 tactum
3403 1464 3497 1522 est
3526 1509 3544 1539 ,
3572 1460 3638 1523 in
3665 1459 3775 1524 illa

2216 1563 2611 1644 plenitudine
2638 1568 2733 1628 est
2758 1565 3147 1648 simplicitaS,
3176 1567 3419 1631 ratione
3440 1570 3627 1650 cujus
3655 1588 3775 1652 po-

2216 1672 2337 1733 test
2365 1670 2672 1748 habitare,
2702 1677 2766 1735 et
2795 1672 2970 1735 uniri
3002 1672 3094 1736 rei
3146 1673 3385 1753 finitae3
3419 1678 3512 1738 est
3539 1673 3774 1739 nihilo-

2216 1777 2434 1841 minus
2478 1783 2541 1842 et
2568 1779 2872 1858 infinitas,
2902 1779 3153 1844 ratione
3179 1783 3368 1863 qu‘us
3417 1784 3774 1848 necessario

2215 1884 2406 1949 habet
2431 1887 2756 1965 excedere,
2806 1891 2868 1951 et
2894 1887 3285 1970 impossibile
3335 1893 3432 1953 est
3475 1908 3774 1974 compre-

2214 1991 2432 2057 hendi.
2476 1993 2553 2057 Et
2588 1994 2681 2056 sic
2727 1998 2898 2076 patet
2939 1996 3112 2077 quod
3155 1995 3312 2060 illud
3366 1998 3645 2079 procedit
3688 2017 3774 2064 ex

2217 2098 2622 2163 insufficienti
2650 2123 2665 2163 ε
2694 2101 2841 2183 plus
2865 2102 3037 2165 enim
3085 2103 3235 2167 dicit
3261 2104 3768 2187 comprehensim

2217 2224 2414 2288 quam
2433 2209 2716 2288 cognitio
2741 2209 3179 2291 plenitudinis,
3201 2211 3305 2274 vel
3325 2212 3728 2293 perfectionis
3752 2236 3766 2278 ε

2216 2331 2412 2397 supra
2449 2315 2623 2379 enim
2669 2316 3103 2397 cognitionem
3133 2316 3306 2380 addit
3350 2318 3770 2384 inclusionem

2217 2420 2355 2486 sive
2381 2422 3040 2504 conterminationem,
3069 2425 3172 2489 vel
3196 2405 3772 2492 commensuratio-

2222 2546 2375 2593 nem
2398 2531 2682 2612 quodam
2716 2532 2908 2599 modo
2934 2532 3212 2598 dicendi.

2296 2642 2357 2701 2.
2382 2639 2477 2702 Ad
2498 2639 2657 2705 illud
2678 2641 2852 2723 quod
2877 2641 3178 2722 objicitur
3204 2642 3283 2706 de
3310 2641 3572 2719 Isidoro,
3594 2644 3770 2725 quod

2218 2744 2491 2811 Trinitas
2517 2753 2670 2812 nota
2696 2754 2792 2812 est
2824 2749 2944 2812 sibi
2982 2750 3099 2813 soli
3140 2753 3205 2813 et
3235 2749 3483 2814 homini
3516 2768 3770 2816 assum-

2219 2856 2354 2934 pto,
2386 2854 2732 2919 dicendum
2755 2855 2931 2938 quod
2955 2874 3087 2919 non
3111 2856 3255 2920 vult
3280 2855 3617 2921 excludere
3636 2876 3770 2921 om-

2218 2978 2368 3024 nem
2413 2963 2850 3043 cognitionem
2876 2983 2894 3043 3
2926 2963 3035 3027 sed
3062 2964 3405 3046 perfectam
3450 2964 3768 3045 cognitio-

2218 3087 2366 3133 nem
2436 3070 2546 3134 Dei
2605 3071 2954 3135 attribuere
3007 3071 3127 3135 sibi
3190 3072 3352 3154 ipsi,
3403 3082 3467 3137 et
3516 3076 3769 3136 naturae

2216 3183 2586 3262 assumptae.
2619 3179 2744 3260 Ipsi
2798 3198 3080 3261 namque
3135 3178 3426 3243 Trinitati
3479 3180 3771 3244 attribuit

2217 3287 2559 3367 perfectam
2606 3287 3039 3369 cognitionem
3080 3287 3485 3370 simpliciter;
3516 3288 3623 3351 sed
3649 3288 3771 3351 ho-

2220 3393 2380 3456 mini
2396 3399 2748 3477 assumpto,
2766 3394 2834 3458 in
2855 3413 3094 3475 genere
3111 3399 3441 3460 creaturae.
3465 3395 3576 3460 Illa
3592 3397 3767 3460 enim

2219 3502 2435 3566 anima
2464 3506 2676 3567 creata
2704 3503 2872 3567 inter
2899 3506 3159 3567 caeteras
3185 3508 3509 3569 creaturas
3535 3522 3770 3585 cogno-

2216 3610 2334 3674 scit
2359 3609 2803 3692 limpidissime
2824 3659 2841 3688 ‚
2872 3613 2936 3674 et
2972 3610 3060 3674 ita
3084 3611 3357 3692 perfecte
3375 3659 3397 3690 ,
3427 3610 3591 3676 sicut
3634 3630 3747 3676 un·

2216 3735 2418 3799 quam
2446 3717 2654 3801 potuit
2680 3735 2924 3800 capere.
2978 3716 3156 3782 Unde
3191 3723 3450 3802 propter
3491 3720 3768 3785 familia-

2218 3825 2539 3888 rissimam
2567 3824 3028 3906 cognitionem,
3057 3845 3256 3909 quam
3281 3827 3471 3891 habet
3498 3827 3608 3892 illa
3638 3829 3767 3892 ani·

2219 3950 2326 3996 ma
2372 3931 2540 3995 inter
2581 3935 2905 3997 creaturas
2925 3980 2942 4011 ‚
2970 3932 3122 3996 dicit
3167 3932 3442 3999 Isidorus
3486 3935 3655 4017 quod
3705 3935 3765 3998 ei

2217 4038 2335 4103 soli
2383 4043 2537 4104 nota
2583 4043 2674 4105 est
2712 4039 3028 4115 Trinitas,
3060 4039 3269 4121 magis
3288 4056 3402 4124 per
3425 4041 3768 4106 auctorita-

2219 4150 2350 4211 tem
2372 4144 2676 4229 loquens,
2697 4164 2894 4229 quam
2917 4166 3028 4229 per
3053 4148 3516 4229 praecisionem.

2302 4259 2361 4317 3.
2396 4253 2492 4318 Ad
2521 4253 2674 4318 illud
2703 4256 2871 4337 quod
2902 4255 3242 4337 objicitur,
3274 4257 3447 4339 quod
3491 4257 3766 4339 simplex

2220 4365 2430 4426 totum
2462 4360 2825 4442 attingitur,
2853 4362 3196 4427 dicendum
3214 4364 3388 4445 quod
3415 4382 3646 4429 verum
3671 4369 3767 4429 est

2219 4473 2452 4547 totum,
2481 4469 2546 4534 id
2573 4475 2830 4535 estnon
2859 4471 3211 4535 secundum
3245 4475 3492 4553 pmem
3519 4478 3583 4538 et
3612 4493 3767 4556 par-

2218 4579 2388 4640 tem:
2419 4576 2490 4640 in
2514 4576 2789 4660 simplici
2814 4577 2989 4642 enim
3027 4598 3159 4644 non
3180 4583 3275 4644 est
3299 4580 3508 4646 dicere
3534 4584 3764 4661 totum,

2192 4684 2345 4750 'nisi
2374 4703 2489 4768 per
2517 4685 2941 4767 privationem
2959 4687 3437 4770 compositionis
3457 4689 3764 4771 partium.

2219 4792 2343 4859 Sed
2368 4812 2453 4859 ex
2477 4794 2600 4859 hoc
2628 4812 2762 4858 non
2790 4795 3100 4877 sequitur,
3137 4796 3308 4878 quod
3338 4797 3765 4879 comprehen-

2219 4902 2407 4967 datur
2440 4924 2455 4970 :
2487 4903 2641 4986 quia
2665 4951 2686 4982 ,
2722 4902 2887 4968 sicut
2929 4902 3174 4969 dictum
3212 4907 3306 4968 est
3328 4951 3345 4979 ‚
3377 4903 3569 4970 simul
3615 4924 3766 4972 cum

2217 5009 2618 5091 simplicitate
2663 5015 2788 5075 stat
2820 5010 3106 5077 infinitas
3129 5059 3147 5090 ‚
3182 5028 3331 5093 quae
3365 5028 3498 5077 non
3528 5010 3770 5093 patitur

2216 5116 2455 5199 aliquid
2512 5117 2625 5183 Dei
2665 5119 2931 5183 omnino
2970 5118 3177 5184 videri
3218 5118 3489 5201 perfecte
3527 5136 3568 5183 a
3597 5135 3771 5185 crea-

2214 5228 2381 5290 tura.
2416 5224 2548 5291 Nec
2573 5227 2744 5293 valet
2773 5229 2948 5310 quod
2973 5228 3305 5311 objicitur,
3333 5225 3505 5310 quod
3530 5226 3622 5289 ita
3648 5225 3765 5290 de·
3856 5286 3862 5295 ,

2216 5335 2392 5399 beret
2426 5335 2553 5400 dici
2578 5335 3149 5420 comprehensibile
3173 5340 3434 5418 propter
3458 5332 3769 5416 simplici-

2216 5447 2433 5525 tatem,
2465 5444 2630 5510 sicut
2669 5443 3314 5527 incomprehensibile
3343 5445 3613 5529 propter
3629 5440 3768 5505 im-
