4185 6288
596 458 714 520 176

595 592 925 673 praescitus
938 642 959 673 ‚
1006 596 1118 658 aut
1166 592 1651 676 praedestinatus
1704 614 1721 655 :
1770 591 1880 656 sed
1934 590 2139 657 Filius

595 697 705 763 Dei
741 717 872 765 non
910 703 1004 765 est
1036 700 1231 765 homo
1260 700 1587 783 przescitus
1616 725 1631 764 :
1667 716 1839 782 ergo·
1860 699 2139 782 praedes-

595 809 857 872 tinatus.

677 922 736 980 2.
773 916 960 996 Item,
993 916 1267 999 exceptis
1292 916 1623 981 vocabulis
1653 914 2141 999 importantibus

596 1023 924 1101 unionem,
968 1043 1217 1089 necesse
1252 1029 1346 1089 est
1372 1043 1504 1089 esse
1543 1024 1919 1089 idiomatum
1957 1040 2139 1087 com-

598 1131 1093 1197 municationem
1128 1155 1142 1196 t
1170 1132 1278 1211 sed
1305 1132 1691 1197 vocabulum
1727 1130 2140 1214 praedestina-

596 1240 697 1303 nis
731 1239 1036 1304 unionem
1064 1259 1197 1305 non
1230 1241 1553 1323 importat,
1583 1244 1897 1323 quantum
1930 1242 2026 1303 est
2063 1237 2143 1301 de

598 1366 665 1411 se
695 1369 709 1409 :
744 1364 903 1430 ergo
940 1365 1091 1411 cum
1133 1347 1237 1411 ille
1268 1347 1464 1412 homo
1506 1348 1587 1411 sit
1615 1346 2101 1429 praedestinatus
2119 1395 2138 1426 ,

597 1457 660 1518 et
687 1453 790 1519 ille
815 1454 1012 1519 homo
1040 1454 1119 1519 sit
1146 1453 1341 1519 Filius
1369 1455 1501 1535 Dei,
1532 1454 1884 1519 necessario
1919 1453 2143 1536 sequi-

597 1567 725 1640 tur,
756 1564 928 1646 quod
950 1563 1146 1629 Filius
1171 1564 1276 1628 Dei
1307 1564 1389 1627 sit
1414 1563 1917 1645 praedestinatus.

679 1674 737 1734 3.
770 1670 925 1734 Item
944 1670 1154 1752 magis
1171 1674 1489 1753 repugnat
1513 1669 1861 1752 temporale
1874 1670 2140 1748 aeterne,

598 1796 794 1859 quam
822 1783 1137 1842 aeternum
1165 1782 1404 1841 aeterno
1436 1796 1452 1840 ε
1484 1777 1593 1841 sed
1633 1794 1767 1841 esse
1812 1774 2145 1858 praedesti-

599 1890 826 1949 natum
853 1886 1002 1950 dicit
1030 1887 1179 1969 quid
1208 1890 1568 1965 aeternum;
1600 1903 1735 1950 esse
1767 1889 2146 1967 conceptum

599 1997 663 2057 et
693 1997 947 2073 natum,
981 1994 1135 2076 quid
1171 1994 1516 2076 temporale
1551 2016 1565 2056 ε
1599 1994 1709 2057 sed
1742 1992 1883 2056 haec
1920 2009 2144 2056 conce-

600 2100 819 2165 ditur:
861 2124 890 2160 α
919 2101 1114 2165 Filius
1153 2101 1259 2165 Dei
1291 2106 1385 2165 est
1425 2105 1613 2167 natus
1651 2102 1730 2165 de
1762 2099 2027 2182 Virgine
2057 2120 2074 2163 :
2106 2123 2137 2159 n

600 2228 757 2292 ergo
802 2215 866 2275 et
907 2210 1049 2275 haec
1090 2233 1105 2275 ε
1146 2234 1177 2269 α
1218 2209 1416 2275 Filius
1461 2210 1568 2274 Dei
1606 2212 1700 2273 est
1741 2210 2149 2292 praedestina-

600 2321 726 2380 tUS.
755 2337 785 2375 n

682 2429 744 2488 4.
775 2422 934 2487 Item
963 2423 1130 2487 mitti
1164 2441 1295 2488 non
1333 2422 1633 2488 convenit
1675 2422 1864 2488 alicui
1900 2424 2028 2488 nisi
2066 2443 2150 2488 ex

602 2537 917 2616 tempore,
949 2551 1067 2615 pro
1094 2532 1368 2623 eoquod
1396 2532 1693 2596 effectum
1720 2532 1870 2595 dicit
1896 2536 2148 2615 tempo-

601 2641 800 2705 ralem
837 2664 851 2705 :
884 2640 993 2705 sed
1021 2640 1139 2704 ista
1164 2639 1531 2723 simpliciter
1553 2639 1918 2704 conceditur
1954 2663 1969 2703 ι
2004 2639 2152 2703 «Fi-

600 2747 725 2812 lius
753 2747 861 2813 Dei
888 2749 1073 2821 estin
1100 2767 1359 2814 carnem
1386 2748 1619 2813 missus
1648 2771 1663 2811 :
1697 2771 1728 2808 n
1755 2766 1914 2830 ergo
1942 2749 2149 2813 multo

600 2856 811 2937 magis
852 2856 971 2920 ista
1014 2857 1270 2920 concedi
1306 2856 1492 2921 debet
1530 2879 1545 2919 ε
1589 2878 1621 2916 α
1662 2854 1860 2921 Filius
1900 2856 2009 2922 Dei
2058 2862 2153 2921 est

600 2965 1108 3047 praedestinatus.
1137 2988 1167 3023 ι)

683 3076 741 3135 5.
777 3071 934 3136 Item
960 3072 1432 3157 praedestinatio
1451 3091 1582 3137 non
1605 3077 1701 3138 est
1725 3073 1925 3154 aliud,
1954 3089 2151 3158 quam

603 3180 985 3261 praeparatio
1014 3180 1239 3262 gratiae
1264 3179 1334 3243 in
1367 3182 1697 3264 praesenti,
1727 3186 1798 3246 et
1829 3181 2056 3264 gloriae
2084 3182 2154 3245 in

601 3287 825 3350 futuro
872 3309 887 3350 :
939 3287 1046 3351 sed
1093 3286 1255 3351 Filio
1302 3287 1411 3351 Dei
1465 3287 1709 3352 Christo
1761 3288 1986 3352 collata
2036 3287 2159 3352 fuit

606 3393 817 3476 gratia
885 3398 948 3458 et
1005 3394 1212 3476 gloria
1266 3395 1333 3458 in
1394 3397 1680 3474 tempore
1694 3442 1711 3472 ‚
1769 3399 1832 3459 et
1881 3396 2157 3478 praevisa

604 3500 724 3564 sibi
754 3501 1025 3565 conferri
1058 3501 1139 3565 ab
1160 3505 1401 3567 aeterno
1430 3523 1445 3565 :
1479 3503 1589 3567 sed
1607 3503 1989 3585 cuicumque
2008 3521 2158 3567 con-

604 3608 783 3672 venit
810 3607 1127 3688 diffinitio,
1157 3609 1454 3673 convenit
1480 3615 1543 3674 et
1567 3610 1914 3675 diffinitum
1952 3631 1968 3673 ι
1996 3628 2156 3692 ergo

603 3734 858 3781 necesse
895 3720 990 3780 est
1033 3715 1268 3781 Filium
1296 3717 1409 3782 Dei
1448 3719 1787 3783 concedere
1822 3735 1958 3782 esse
1986 3734 2157 3800 prae-

602 3824 1012 3889 destinatum.

680 3942 741 4001 6.
798 3936 956 3999 Item
1005 3934 1146 3998 haec
1191 3938 1288 3998 est
1323 3953 1478 4001 vera
1518 3959 1533 3999 ε
1589 3961 1620 3997 α
1661 3935 1862 4002 Filius
1911 3936 2018 4001 Dei
2063 3939 2159 4000 est

600 4044 1083 4128 praedestinatus
1112 4043 1472 4107 secundum
1495 4043 1667 4126 quod
1690 4044 1888 4109 homo
1924 4065 1940 4107 ι
1972 4066 2004 4103 ι)
2045 4044 2156 4108 sed

600 4154 720 4216 ista
758 4149 1236 4228 determinatiO,
1267 4149 1477 4230 homo,
1524 4170 1657 4215 non
1694 4150 1995 4214 diminuit
2036 4150 2153 4215 ali-

599 4259 753 4343 quid
781 4259 948 4322 circa
974 4257 1333 4339 subjectum
1368 4280 1383 4321 :
1414 4275 1602 4338 ergo,
1633 4259 1772 4340 ipsa
1799 4259 2154 4335 subtracta,

603 4368 751 4432 licet
776 4366 1008 4429 inferre
1036 4363 1271 4427 Filium
1299 4363 1408 4427 Dei
1433 4364 1803 4448 simpliciter
1825 4382 1958 4429 esse
1986 4384 2157 4448 prae-

599 4476 985 4541 destinatum
1032 4494 1047 4535 ι
1100 4488 1249 4534 cum
1292 4489 1449 4552 ergo
1497 4472 1576 4535 ad
1618 4490 1848 4539 verum
1895 4492 2022 4538 non
2054 4494 2154 4540 se·

601 4586 839 4665 quatur
880 4578 1005 4641 nisi
1049 4595 1281 4642 verum
1303 4579 1322 4614 ¹
1344 4624 1363 4654 ‚
1411 4577 1665 4642 videtur
1703 4580 1874 4661 quod
1918 4580 2156 4646 locutio

602 4687 901 4771 praedicta
917 4733 936 4764 ,
966 4683 1202 4749 scilicet
1235 4703 1253 4747 ε
1284 4707 1315 4742 α
1341 4682 1543 4748 Filius
1561 4684 1672 4749 Dei
1696 4690 1793 4751 est
1817 4688 2157 4769 praedesti-

603 4797 817 4871 natus,
845 4814 876 4850 υ
905 4795 1213 4872 tanquam
1241 4809 1394 4856 vera
1420 4790 1503 4854 sit
1528 4792 1948 4858 concedenda.

365 4927 575 4981 mm,
684 4900 804 4964 Sed
833 4901 1053 4963 contra
1091 4919 1105 4961 :
1150 4895 1457 4979 Origenes
1478 4899 1501 4934 ²
1533 4920 1549 4960 ι
1590 4921 1622 4958 «
1662 4896 2154 4965 praedestinatur

601 5009 717 5092 qui
743 5007 1032 5071 nondum
1056 5010 1149 5070 est
1170 5026 1186 5085 ;
1205 5028 1235 5064 ι)
1261 5005 1402 5070 haec
1422 5006 1614 5071 verba
1640 5006 1943 5071 dicuntur
1959 5026 2154 5091 prop-

600 5120 699 5182 ter
736 5115 878 5179 illos
892 5163 910 5192 ‚
939 5114 1054 5197 qui
1086 5115 1153 5176 in
1181 5113 1596 5195 unigenitum
1624 5112 1736 5178 Dei
1763 5114 2153 5196 impietatem

598 5224 975 5307 loquuntur.
1010 5219 1242 5284 Putant
1269 5221 1443 5283 enim
1473 5239 1626 5284 eum
1650 5221 1817 5284 inter
1842 5221 1982 5286 illos
2010 5235 2155 5288 con-

604 5328 1078 5398 numerandum
1122 5344 1257 5389 esse
1275 5374 1292 5404 ‚
1343 5327 1455 5408 qui
1499 5333 1843 5410 antequam
1889 5315 2151 5411 fierent,

672 5461 690 5496 ι
715 5456 892 5518 Arist„
915 5452 1104 5512 Prior„
1118 5449 1210 5500 lib.
1232 5451 1295 5515 11,
1315 5463 1363 5500 c.
1391 5460 1458 5512 113
1479 5450 1692 5511 Foster„
1715 5451 1804 5502 lib.
1829 5452 1873 5513 1,
1895 5465 1943 5503 c.
1963 5464 2152 5505 xxvm.

1705 450 2330 521 SENTENTIARUM
2366 430 2517 521 Lm?
2565 457 2676 522 111.

2244 593 2675 675 praedestinati
2714 597 2868 658 sunt
2905 595 2981 657 ut
3019 595 3247 657 essent.
3292 591 3464 675 Ergo
3512 592 3790 675 impium

2245 705 2338 764 est
2362 701 2568 766 dicere
2594 700 2827 766 Filium
2860 701 2971 765 Dei
2997 719 3132 765 esse
3162 700 3702 783 praedoetinatum.

2329 807 2487 872 Item
2522 827 2714 892 super
2746 808 2906 873 illud
2923 810 2946 845 ⁸
2978 831 2994 873 ι
3035 809 3128 876 Et
3168 824 3324 891 quos
3360 808 3793 892 praedestina-

2246 916 2345 982 vit
2365 962 2385 993 ‚
2413 916 2527 982 hos
2551 923 2610 983 et
2636 918 2921 997 vocavit,
2954 916 3168 982 Glossa
3199 938 3215 980 :
3254 940 3285 976 (t
3314 914 3795 982 Praedestinavit

2246 1041 2379 1086 non
2422 1024 2761 1088 existentes
2780 1072 2796 1101 ‚
2844 1023 3098 1089 vocavit
3135 1025 3285 1088 ante
3323 1042 3601 1089 aversos.
3642 1045 3673 1084 υ
3724 1021 3795 1088 Si

2248 1147 2406 1211 ergo
2472 1130 2940 1213 praedestinatio
2995 1135 3089 1195 est
3133 1148 3265 1196 non
3319 1130 3644 1195 existentis
3660 1177 3679 1205 ‚
3731 1133 3797 1194 et

2248 1235 2445 1300 Filius
2468 1235 2578 1301 Dei
2611 1255 2861 1321 semper
2886 1237 3129 1315 existit,
3158 1256 3493 1321 nunquam
3535 1236 3797 1302 videtur

2248 1346 2732 1427 praedestinatus
2759 1365 2915 1411 esse.

2330 1453 2488 1517 Item
2549 1454 3020 1536 praedestinatio
3079 1454 3156 1519 de
3217 1452 3461 1518 ratione
3517 1452 3802 1518 nominis

2249 1562 2401 1626 dicit
2434 1561 2930 1626 antecessionem
2965 1560 3470 1644 praedestinantis
3503 1560 3584 1624 ad
3621 1577 3799 1643 prae-

2250 1669 2634 1733 destinatum
2667 1693 2682 1732 ε
2714 1669 2823 1734 sed
2859 1668 3096 1733 Filium
3123 1668 3233 1733 Dei
3257 1667 3426 1732 nihil
3451 1667 3799 1746 antecedit,

2252 1795 2401 1841 cum
2428 1777 2509 1840 sit
2535 1781 2810 1842 aeternus
2839 1799 2854 1839 :
2888 1795 3047 1859 ergo
3072 1777 3252 1841 nullo
3283 1775 3474 1841 modo
3499 1775 3803 1840 convenit

2250 1884 2309 1949 ei
2340 1884 2506 1949 inter
2532 1884 3011 1967 praedestinatos
3037 1884 3509 1950 connumerari.

2334 1991 2492 2056 Item
2541 1993 2760 2058 nullus
2812 1994 3223 2076 semetipsum
3281 1989 3796 2075 praedoetinavit3

2253 2099 2418 2164 sicut
2445 2102 2620 2164 enim
2647 2101 2810 2165 alius
2836 2101 3066 2184 estqui
3088 2105 3362 2179 creatur,
3380 2098 3547 2164 alius
3566 2102 3661 2162 est
3682 2097 3802 2180 qui

2254 2214 2453 2290 creat,
2485 2210 2577 2273 sic
2602 2214 2665 2274 et
2691 2210 2803 2292 qui
2829 2209 3266 2293 praedestinat,
3292 2212 3357 2273 et
3378 2207 3492 2291 qui
3519 2205 3806 2290 praedes-

2253 2317 2498 2381 tinatur
2529 2339 2545 2381 ε
2575 2317 2684 2381 sed
2711 2335 2932 2382 omnes
2947 2366 2964 2397 ,
2996 2320 3306 2400 quotquot
3341 2314 3808 2399 praedestinan-

2255 2428 2393 2504 tur,
2437 2443 2476 2488 a
2519 2423 2681 2489 Filio
2719 2423 2829 2488 Dei
2870 2425 3443 2507 praedestinantur:
3480 2440 3637 2505 ergo
3678 2422 3808 2485 ista

2257 2532 2623 2596 nullatenus
2657 2535 2751 2596 est
2788 2532 3186 2598 concedenda
3217 2552 3234 2596 ι
3278 2554 3310 2592 α
3336 2530 3535 2595 Filius
3569 2529 3677 2593 Dei
3702 2532 3810 2593 est

2258 2640 2764 2723 praedestinatus.
2796 2663 2828 2700 υ

2803 2888 3252 2956 CONCLUSIO.

2267 3073 2466 3128 Filium
2517 3075 2612 3129 Dei
2670 3086 2776 3129 esre
2825 3071 3274 3144 pradestinatum
3340 3086 3449 3128 non
3500 3070 3814 3127 admittunt

2337 3165 2590 3235 theologi,
2620 3168 2848 3237 propter
2873 3166 3296 3237 repuqnantiam
3324 3161 3805 3229 contradictionis,

2335 3256 2760 3320 contrarietatis,
2789 3258 2843 3310 et
2858 3255 3162 3318 relationis,
3184 3255 3286 3310 etsi
3309 3253 3450 3308 hanc
3471 3250 3762 3309 concedant
3783 3269 3822 3306 ε’

2339 3364 2370 3397 α
2401 3343 2638 3401 Christus
2659 3347 2735 3400 est
2747 3342 3188 3416 pachumius,
3209 3344 3271 3399 in
3292 3345 3555 3414 quantum
3577 3341 3753 3398 homo,
3770 3362 3805 3393 ι»

2345 3504 2529 3588 Resp.
2579 3503 2659 3568 ad
2697 3522 2838 3585 arg.
2883 3502 3231 3569 Dicendum
3269 3504 3463 3586 quod,
3508 3505 3817 3588 quamvis

2264 3611 2403 3677 haec
2429 3612 2509 3676 sit
2532 3611 2928 3677 concedenda
2960 3633 2976 3677 ε
3023 3634 3054 3672 α
3078 3610 3362 3676 Christus
3400 3615 3495 3676 est
3525 3612 3820 3695 praedes—

2261 3721 2525 3799 tinetas,
2551 3743 2582 3781 υ
2620 3738 2736 3803 pro
2761 3738 2836 3785 eo
2863 3720 3033 3803 quod
3064 3720 3347 3785 Christus
3372 3722 3659 3786 nominat
3685 3719 3817 3803 hy-

2264 3829 2569 3914 postasim
2602 3830 2672 3892 in
2713 3829 2965 3894 duabus
2993 3830 3272 3910 naturiS,
3300 3833 3366 3894 et
3390 3826 3671 3893 Christus
3710 3834 3817 3893 est

2264 3937 2751 4020 praedestinatus
2766 3984 2785 4015 ,
2826 3935 2896 3999 in
2935 3940 3249 4020 quantum
3287 3935 3483 4001 homo
3499 3983 3518 4013 ‚
3559 3933 3817 4014 ratione

2265 4040 2806 4105 determinationis
2844 4040 3200 4122 adjunctae3
3239 4038 3381 4104 haec
3416 4042 3634 4103 tamen
3671 4054 3816 4103 non

2225 4177 2244 4184 ‚
2266 4146 2570 4229 recipitur
2594 4147 3023 4211 communiter
3052 4168 3068 4209 :
3111 4169 3143 4206 α
3164 4144 3364 4211 Filius
3385 4145 3496 4210 Dei
3525 4149 3621 4210 est
3643 4161 3818 4227 prae-

2266 4254 2635 4319 daetinatus.
2667 4276 2698 4315 ιο
2735 4253 2813 4318 Et
2855 4254 3018 4319 ratio
3056 4254 3256 4337 hujus
3288 4257 3383 4318 est
3416 4257 3671 4338 propter
3692 4270 3817 4316 re-

2267 4361 2694 4444 pugnantiam
2708 4360 3162 4439 intellectuum,
3187 4378 3334 4444 quae
3352 4360 3613 4444 quidem
3631 4358 3818 4424 inve-

2264 4469 2445 4533 nitur
2471 4468 2636 4532 inter
2664 4469 3026 4551 subjectum
3055 4473 3119 4532 et
3143 4468 3580 4551 praedicatum.
3611 4465 3821 4549 Repe—

2265 4577 2429 4641 ritur
2470 4580 2687 4641 autem
2727 4576 2817 4639 ibi
2862 4574 3092 4658 triplex
3140 4576 3590 4658 repugnantia.
3642 4572 3820 4640 Nam

2265 4685 2649 4750 vocabulum
2674 4681 3171 4765 praedestinante
3199 4683 3368 4749 circa
3394 4681 3820 4767 praedestina—

2263 4795 2404 4856 tum
2456 4792 2581 4855 tria
2638 4790 2942 4872 importat
2957 4839 2976 4870 ,
3014 4790 3306 4856 videlicet
3363 4789 3819 4857 habitudinem

2264 4898 2608 4963 effectuum
2660 4903 2949 4979 respectu
3006 4916 3214 4963 causae
3235 4947 3254 4978 ,
3289 4897 3819 4980 acceptationem

2264 5024 2379 5088 per
2416 5006 2659 5070 donum
2700 5006 2928 5087 gratiae
2941 5054 2962 5085 ‚
2998 5010 3063 5070 et
3093 5005 3563 5071 inchoationem
3598 5023 3814 5088 quan-

2263 5119 2404 5177 tum
2433 5113 2514 5178 ad
2542 5131 2677 5178 esse
2699 5118 2971 5178 naturae.
2998 5112 3077 5178 Et
3102 5113 3389 5196 primum
3414 5113 3819 5178 intellectum

2263 5221 2476 5300 habet,
2523 5221 2675 5303 quia
2712 5219 3027 5285 descendit
3069 5239 3108 5284 a
3146 5221 3344 5286 verbo
3384 5220 3671 5305 passiv03
3701 5240 3816 5287 se-

2263 5385 2360 5421 —¹
2386 5383 2618 5505 (grg‘genq
2646 5384 2698 5433 in
2728 5383 2888 5449 Epsst.
2917 5382 2988 5434 ad
3014 5383 3170 5443 Rom„
3203 5397 3250 5433 c.
3280 5395 3301 5434 1
3331 5387 3384 5434 et
3409 5394 3489 5434 111.
3512 5408 3577 5422 —
3597 5383 3620 5419 ⁸
3647 5383 3820 5448 Rom„

2267 5466 2385 5519 vm,
2479 5490 2492 5503 .
