4185 6288
897 445 1016 508 600

896 580 1287 661 praeceptum
1336 576 1658 642 charitatis
1693 576 1913 642 omnia
1955 577 2080 643 alia
2124 579 2438 660 praecepta

896 685 1405 769 comprehendit,
1459 684 1624 749 sicut
1671 685 1901 749 dicitur
1937 692 1951 727 ¹
1989 704 2007 749 ι
2045 687 2170 759 Oui
2215 684 2439 769 diliqit

891 796 1284 878 pro-rimam,
1329 792 1522 877 lcqcm
1566 794 1860 876 implevit
1911 813 1934 856 .·
1975 812 2133 875 ergo
2181 793 2438 858 videtur

895 902 1068 984 quod
1094 901 1349 965 habitus
1375 901 1697 965 charitatis
1741 901 2059 966 contineat
2098 901 2168 964 in
2201 919 2268 964 se
2312 900 2436 964 ha-

894 1009 1066 1073 bitus
1093 1007 1388 1073 omnium
1419 1008 1736 1073 virtutum
1762 1055 1779 1083 ,
1811 1011 1874 1071 et
1908 1026 2037 1072 non
2065 1008 2149 1071 sit
2175 1009 2254 1071 ab
2299 1008 2437 1071 aliis

895 1117 1248 1182 distinctus.

977 1227 1035 1287 5.
1085 1222 1241 1287 Item
1261 1270 1279 1300 ,
1310 1221 1474 1286 sicut
1499 1241 1566 1286 se
1594 1222 1786 1286 habet
1808 1222 2127 1305 objectum
2159 1224 2431 1288 charita·

894 1330 977 1393 tis
1000 1330 1077 1394 ad
1108 1329 1353 1412 objecta
1379 1330 1638 1394 aliarum
1667 1331 2008 1405 virtutum,
2034 1330 2123 1393 ita
2149 1349 2216 1395 se
2245 1330 2435 1394 hahet

893 1436 1148 1501 habitus
1192 1437 1514 1502 charitatis
1546 1438 1627 1502 ad
1663 1437 1818 1501 alios
1846 1438 2105 1501 habitus
2133 1456 2151 1500 ε
2183 1438 2292 1501 sed
2319 1439 2435 1502 ob-

882 1545 1127 1625 jectum
1147 1543 1467 1608 charitatis
1485 1547 1578 1607 est
1599 1543 1842 1608 honum
1870 1543 1990 1608 suh
2015 1544 2257 1608 ratione
2283 1544 2434 1609 honi

892 1649 1259 1731 simpliciter
1290 1671 1305 1714 :
1342 1650 1396 1714 si
1427 1669 1585 1731 ergo
1619 1651 1742 1715 hoc
1784 1657 1878 1714 est
1914 1670 2257 1716 commune
2285 1671 2431 1717 om-

894 1754 1088 1818 nibus
1129 1756 1389 1838 objectis
1438 1757 1733 1820 omnium
1772 1757 2043 1822 aliarum
2088 1758 2430 1835 virtutum,

892 1861 1150 1925 videtur
1185 1863 1356 1945 quod
1396 1863 1648 1927 habitus
1676 1864 1997 1928 charitatis
2030 1866 2111 1930 sit
2136 1883 2428 1929 commu-

893 1968 993 2032 nis
1018 1970 1318 2034 omnibus
1338 1970 1478 2034 aliis
1507 1970 1850 2036 habitibus.

974 2079 1033 2138 6.
1082 2075 1237 2140 Item
1259 2125 1277 2155 ,
1309 2077 1423 2159 qui
1452 2078 1642 2143 habet
1667 2078 2064 2143 dilectionem
2111 2078 2434 2144 charitatis

891 2180 960 2243 in
988 2181 1132 2261 via,
1168 2183 1360 2247 habet
1403 2202 1595 2248 omne
1638 2185 1811 2267 quod
1861 2186 2290 2250 necessarium
2340 2193 2434 2252 est

893 2289 974 2352 ad
1009 2291 1310 2355 meritum
1329 2341 1351 2370 ‚
1381 2293 1535 2375 quia
1565 2292 1716 2357 dicit
1743 2293 2178 2373 Augustinus:
2217 2291 2434 2357 «Tene

892 2396 1264 2462 charitatem
1285 2448 1303 2477 ,
1351 2403 1415 2464 et
1450 2400 1545 2462 fac
1572 2399 1881 2481 quidquid
1908 2401 2031 2463 vis.
2062 2422 2092 2458 n
2134 2400 2434 2465 Similiter

786 2487 795 2500 ⁶
893 2504 1004 2585 qui
1034 2505 1222 2568 habet
1246 2505 1457 2569 dotem
1483 2506 1803 2570 fruitionis
1837 2508 2432 2589 correspondentem

659 3820 865 3865 Fundam.

894 2611 1180 2675 charitati
1222 2612 1290 2675 in
1334 2613 1572 2695 patria,
1602 2613 1795 2677 habet
1824 2613 2431 2678 sufficientissimum

893 2720 1238 2802 praemium
1274 2743 1288 2782 :
1320 2721 1447 2784 frui
1478 2721 1676 2798 enim,
1701 2722 2052 2785 secundum
2080 2721 2250 2803 quod
2282 2722 2435 2786 dicit

891 2821 1296 2902 Augustinus
1322 2829 1369 2901 ¹,
1412 2827 1507 2886 est
1540 2841 1758 2887 amore
1792 2825 2110 2889 inhaerere
2142 2845 2158 2888 :
2190 2844 2348 2909 ergo
2379 2827 2432 2889 si

892 2927 1163 2991 charitas
1210 2928 1500 2993 inchoata
1554 2931 1787 2995 sufficit
1837 2931 1917 2994 ad
1970 2932 2272 2996 meritum
2303 2982 2320 3012 ‚
2371 2939 2434 2998 et

892 3033 1166 3097 charitas
1205 3041 1646 3100 consummata
1695 3038 1927 3100 sufficit
1954 3039 2030 3101 ad
2061 3041 2428 3121 praemium,

892 3140 1145 3205 videtur
1194 3143 1366 3224 quod
1415 3141 1635 3207 habita
1667 3144 1970 3209 charitate
1992 3194 2010 3225 ,
2041 3151 2154 3209 aut
2188 3153 2432 3213 caeterae

893 3247 1163 3310 virtutes
1207 3249 1641 3330 superfluant,
1689 3256 1802 3315 aut
1843 3251 1981 3334 ipsa
2024 3270 2154 3316 non
2185 3254 2434 3320 differat

893 3353 973 3416 ah
998 3352 1319 3418 habitibus
1340 3355 1607 3419 aliarum
1637 3357 1971 3423 virtutum.
1996 3359 2117 3424 Sed
2140 3368 2434 3427 constans

895 3464 987 3524 est
1035 3462 1205 3543 quod
1258 3463 1400 3527 aliae
1452 3465 1723 3529 virtutes
1776 3483 1907 3529 nou
1961 3468 2366 3550 superfluunt
2414 3488 2427 3529 ε

892 3572 1088 3631 restat
1110 3586 1266 3650 ergo
1293 3570 1460 3651 quod
1489 3571 1622 3654 ipsa
1653 3572 1735 3635 ab
1762 3573 1901 3636 aliis
1927 3574 2277 3640 virtutibus
2303 3596 2434 3643 non

895 3674 1332 3757 distinguitur.

975 3780 1098 3846 Sed
1124 3789 1344 3848 contra
1371 3790 1394 3827 ⁸
1427 3807 1441 3850 ε
1474 3786 1664 3852 Nunc
1715 3795 1974 3855 manent
2025 3790 2211 3871 fides,
2268 3808 2430 3875 spes,

894 3888 1202 3969 charitas,
1235 3893 1367 3958 tria
1418 3892 1575 3972 hoec,
1603 3898 1721 3957 etc.
1761 3894 1941 3970 Quod
1968 3901 2136 3961 recte
2184 3917 2434 3964 connu-

895 4001 1179 4060 meratur
1218 4002 1281 4060 et
1323 3999 1709 4081 supponitur
1737 4001 1877 4065 aliis
1901 4002 2267 4084 virtutibuS,
2299 4006 2434 4070 dis-

893 4102 1214 4182 tinguitur
1271 4103 1351 4167 ah
1404 4105 1545 4169 aliis
1579 4106 1922 4172 virtutibus
1954 4131 1969 4174 :
2005 4111 2115 4175 sed
2163 4112 2436 4177 charitas

892 4218 1393 4275 connumeratur
1418 4215 1483 4275 et
1498 4215 1879 4295 supponitur
1895 4216 2036 4279 aliis
2053 4217 2423 4283 virtutihus:

893 4334 1051 4397 ergo
1077 4317 1156 4380 ab
1185 4317 1306 4380 illis
1334 4317 1776 4400 distinguitur.

976 4422 1133 4487 ltem
1174 4424 1297 4488 hoc
1338 4426 1550 4507 ipsum
1593 4428 1945 4492 ostenditur
2009 4431 2090 4494 ab
2144 4433 2390 4513 objecto
2411 4481 2430 4513 ,

893 4532 1253 4615 quia.sicut
1294 4534 1451 4597 fides
1497 4535 1752 4616 respicit
1789 4535 1991 4600 Deum
2034 4538 2155 4601 sub
2192 4540 2436 4604 ratione

893 4639 1031 4702 veri
1051 4687 1067 4717 ,
1118 4643 1183 4703 et
1211 4658 1355 4722 spes
1390 4641 1510 4704 sub
1539 4642 1781 4707 ratione
1810 4644 2017 4724 ardui,
2052 4645 2141 4708 sic
2165 4646 2436 4710 charitas

895 4745 1017 4809 sub
1048 4746 1293 4809 ratione
1316 4747 1488 4810 honi.
1517 4748 1580 4813 Si
1603 4766 1759 4830 ergo
1787 4751 2028 4815 honum
2047 4753 2170 4815 suh
2189 4754 2435 4819 ratione

896 4850 1045 4913 honi
1068 4899 1087 4930 ,
1118 4856 1181 4915 et
1215 4870 1444 4916 verum
1490 4854 1611 4917 suh
1643 4856 1886 4921 ratione
1921 4859 2056 4922 veri
2087 4858 2307 4923 dicunt
2338 4860 2434 4925 di-

962 5009 1148 5069 ¹Rcm.,
1172 5021 1290 5072 1111,
1311 5013 1420 5061 8.-
1442 5015 1463 5049 ³
1486 5015 1637 5079 Aug„
1658 5015 1718 5065 de
1735 5018 1875 5067 Doct.
1899 5018 2096 5082 chm'st.‚
2119 5020 2206 5071 lib.
2228 5023 2266 5082 l,
2287 5037 2331 5072 c.
2359 5033 2430 5086 lv,

895 5093 951 5135 n.
980 5082 1028 5129 4.
1055 5105 1116 5117 -—
1145 5080 1211 5129 ⁸1
1243 5081 1377 5146 Cor„
1407 5096 1521 5145 ιιι),
1556 5089 1629 5137 ¹3.

2016 438 2640 516 SENTENTIARUM
2679 442 2828 509 ΠΒ.
2873 442 2981 509 111.

2547 597 2762 643 versas
2786 581 3061 645 rationes
3086 581 3417 658 movendi;
3442 582 3593 665 quia
3612 585 3902 649 secundum
3917 588 3973 649 di·

2546 687 2911 752 versitatem
2960 688 3227 752 rationis
3275 689 3572 753 movendi
3619 694 3706 754 est
3749 691 3976 758 distinctio

2547 788 2611 851 in
2657 791 2902 855 actibus
2945 796 3009 856 et
3046 792 3392 869 habitibus,
3422 792 3665 857 videtur
3702 812 3836 876 ergo
3863 798 3975 879 quod

2546 895 2822 960 charitas
2850 897 3101 963 differat
3134 898 3214 962 ab
3245 898 3388 961 aliis
3423 900 3775 981 theologicis
3799 902 3979 965 virmti-

2546 999 2667 1064 bus
2700 1023 2715 1065 ε
2745 1019 2901 1084 ergo
2959 1003 3171 1068 multo
3214 1005 3436 1069 fortius
3479 1007 3560 1069 ab
3611 1005 3768 1085 aliis,
3816 1007 3980 1073 scilicet

2545 1108 2989 1174 cardinalibus.

2624 1215 2782 1279 ltem
2829 1216 2952 1282 hoc
2996 1217 3211 1300 ipsum
3255 1218 3609 1283 ostenditur
3638 1220 3712 1296 ab
3743 1225 3862 1285 actu
3880 1239 3979 1303 pro·

2543 1323 2706 1404 prio,
2737 1325 2892 1406 quia
2932 1330 3224 1389 constans
3267 1331 3381 1406 est,
3413 1325 3586 1408 quod
3610 1327 3863 1408 diligere,
3887 1347 3980 1391 cre-

2545 1428 2715 1510 dere,
2745 1435 2808 1494 et
2834 1449 3110 1514 sperare,
3150 1436 3330 1497 actus
3361 1438 3511 1497 sunt
3537 1434 3773 1514 diversi,
3800 1435 3983 1518 loquen-

2542 1534 2624 1600 do
2669 1537 3035 1603 formaliter.
3089 1538 3153 1603 Si
3196 1558 3354 1621 ergo
3405 1559 3600 1623 penes
3651 1542 3981 1606 diversitatem

2543 1648 2804 1709 actuum
2827 1646 3299 1729 principalium,
3327 1665 3583 1713 necesse
3610 1653 3827 1714 estesse
3846 1651 3984 1714 diver·

2543 1752 2789 1816 sitatem
2818 1754 3154 1818 habituum
3181 1773 3197 1833 ;
3230 1753 3487 1818 videtur
3519 1757 3687 1838 quod
3712 1775 3911 1820 necesse
3931 1756 3984 1817 sit

2542 1875 2777 1940 ponere
2809 1858 3097 1925 habitum
3125 1860 3452 1925 charitatis
3468 1862 3555 1925 ab
3584 1863 3864 1928 habitibus
3877 1863 3981 1925 alia·

2541 1982 2690 2029 rum
2715 1966 3031 2031 virtutum
3060 1967 3330 2032 differre.

2623 2071 2778 2136 Item
2820 2091 3014 2155 penes
3051 2075 3482 2143 diversitatem
3533 2079 3907 2161 subjectorum
3925 2082 3985 2140 est

2540 2176 2876 2243 diversitas
2916 2181 3374 2263 proprietatum
3407 2205 3423 2248 z
3455 2185 3572 2249 sed
3600 2169 3752 2249 sicut
3782 2184 3900 2248 fides
3925 2187 3985 2246 ea

2538 2284 2607 2347 in
2633 2287 2946 2366 rationali,
2978 2293 3042 2351 et
3077 2307 3218 2372 spes
3244 2290 3311 2352 in
3339 2291 3663 2369 irascibili,
3689 2293 3768 2356 sic
3789 2290 3982 2354 ehafias

2539 2393 2603 2452 et
2642 2407 2824 2454 amor
2858 2391 2929 2454 in
2970 2393 3488 2476 concupiscibili:
3530 2396 3586 2459 si
3613 2415 3758 2477 ergo
3786 2397 3865 2458 vis
3881 2412 3983 2457 oon-

2541 2495 2918 2578 cupiscibilis
2943 2498 3236 2563 distincta
3269 2503 3367 2564 est
3389 2502 3468 2565 ab
3498 2503 3642 2566 aliis
3663 2502 3883 2577 viribus
3907 2519 3978 2562 ne·

2540 2619 2708 2665 cesse
2751 2608 2846 2667 est
2884 2605 3053 2686 quod
3098 2604 3354 2671 habitus
3391 2608 3716 2674 charitatis
3746 2608 3984 2673 distinctus

2539 2710 2621 2774 sit
2644 2709 2725 2773 ab
2754 2710 2892 2773 aliis
2921 2710 3265 2776 habitibus.

2620 2814 2778 2880 item
2819 2816 2940 2881 hoc
2976 2819 3188 2902 ipsum
3229 2822 3589 2887 ostenditur
3620 2841 3729 2907 per
3750 2838 3988 2903 compara·

2540 2920 2778 2986 tionem
2820 2925 2900 2989 ad
2949 2943 3143 2989 suum
3184 2928 3554 3011 oppositum
3580 2978 3597 3008 ,
3655 2930 3794 3013 quia
3833 2925 3989 2990 vitium

2540 3029 2770 3120 directe
2832 3034 3193 3115 oppositum
3247 3036 3543 3101 charitati
3609 3035 3897 3117 distinguit
3939 3031 3986 3093 ab

2539 3137 2679 3201 aliis
2721 3138 2912 3219 vitiis,
2964 3143 3184 3224 utpote
3219 3143 3444 3208 odium
3493 3146 3579 3209 ab
3625 3144 3929 3210 infidelitate
3954 3143 3990 3201 et

2539 3244 2988 3327 desperatione.
3021 3248 3088 3312 Si
3130 3266 3286 3331 ergo
3325 3251 3652 3317 dictinctio
3678 3252 3933 3316 malorum
3953 3250 3990 3309 et

2539 3353 2846 3419 vitiorum
2873 3361 2967 3420 est
2993 3357 3239 3423 ratione
3267 3360 3597 3425 bonorum
3632 3362 3841 3446 quihus
3861 3373 3992 3439 oppo-

2539 3464 2806 3540 nuntur,
2837 3480 2986 3526 cum
3012 3464 3139 3528 sint
3164 3467 3557 3549 privationes
3581 3516 3599 3548 ,
3630 3467 3853 3533 videtur
3879 3459 3992 3545 quod

2539 3567 2592 3629 si
2620 3569 2848 3633 vitium
2892 3571 3181 3635 charitati
3220 3574 3593 3655 oppositum
3640 3576 3719 3639 ab
3760 3574 3873 3636 aliis
3898 3566 3995 3631 vifis

2545 3675 3024 3758 distinguatur,
3096 3681 3512 3746 consimiliter
3557 3683 3766 3747 -etiam
3817 3674 3996 3743 habitus

2544 3783 2865 3847 charitatis
2890 3786 2970 3849 ah
2996 3787 3136 3849 aliis
3161 3787 3515 3853 habitibus.

2622 3890 2779 3955 Item
2817 3892 2940 3957 hoc
2984 3894 3198 3978 ipsum
3241 3897 3606 3963 ostenditur
3668 3915 3775 3981 per
3818 3906 3999 3971 compa·

2543 3999 2851 4062 rationem
2897 4000 2973 4063 ad
3018 4002 3359 4084 praemium
3383 4050 3401 4079 ,
3446 4004 3758 4086 quoniam
3793 3995 3998 4083 quand&

2543 4125 2820 4189 cumque
2854 4107 3052 4190 aliqui
3080 4111 3169 4174 sic
3213 4129 3279 4174 se
3318 4110 3588 4192 habent,
3643 4102 4000 4194 quodqmindo

2545 4230 2717 4275 unus
2742 4214 3088 4294 perficitur,
3118 4216 3224 4279 alii
3250 4223 3677 4297 evacuantur,
3707 4229 3916 4281 necesse
3941 4210 3999 4270 δῖ

2531 4319 2687 4384 illos
2712 4320 2967 4386 habitus
2995 4341 3107 4405 per
3131 4325 3472 4388 essentiam
3500 4325 3756 4389 differre
3781 4345 3795 4386 ε
3823 4319 3910 4383 sed
3925 4316 4000 4377 ha-

2546 4426 2717 4491 bitus
2743 4429 3064 4508 charitatis
3090 4431 3159 4494 in
3189 4433 3394 4514 patria
3438 4433 3767 4515 perficitur
3784 4479 3801 4509 ‚
3825 4432 3878 4492 et
3900 4439 4001 4487 oon·

2543 4541 2943 4614 summatur;
2975 4537 3232 4602 habitus
3261 4557 3419 4603 vero
3469 4541 3625 4604 fidei
3667 4543 3729 4603 et
3752 4534 3866 4619 spei
3904 4544 4000 4593 en·

2544 4645 2836 4721 cuantur,
2864 4642 3028 4706 sicut
3053 4643 3205 4707 dicit
3231 4643 3566 4724 Magister,
3597 4650 3662 4710 et
3686 4642 3929 4708 habitum
3945 4634 4002 4695 0⁵1

2542 4747 2612 4811 in
2636 4748 3040 4814 distinctione
3065 4750 3446 4832 praecedenti
3485 4773 3503 4815 z
3534 4770 3695 4833 ergo
3721 4740 4002 4814 neccsse&t

2544 4855 2864 4919 charitatis
2880 4856 3170 4921 habitum
3198 4857 3280 4921 ah
3302 4857 3644 4924 habitibus
3670 4857 3903 4922 aliarum
3922 4846 4001 4908 vir*

2542 4963 2757 5025 tutum
2774 4963 3106 5042 distingui.
