4185 6288
1354 497 1547 566 ms'r.
1600 496 1735 564 Vll.
1781 495 1944 562 ΛΒΤ
1988 496 2036 563 Ι.
2081 495 2383 579 QUAEST,
2429 498 2477 564 1.

328 641 526 705 anima
549 642 617 705 et
643 656 887 721 corpus
907 640 1058 703 sunt
1090 635 1160 702 in
1189 653 1427 718 genere
1461 632 1856 714 substantiae,

328 753 388 814 et
407 747 728 813 uniuntur
753 745 824 810 in
846 763 979 811 uno
997 744 1279 823 homine,
1310 743 1423 826 qui
1448 745 1546 807 εει
1572 741 1862 825 ejusdem

327 860 564 921 natm-as
607 859 673 919 et
704 853 907 920 unius
939 869 1256 936 personae3
1302 849 1604 916 divinitas
1643 852 1862 912 autem

328 969 396 1030 et
435 964 803 1030 humanitas
851 980 988 1027 non
1037 966 1189 1026 sunt
1233 958 1522 1042 ejusdem
1582 955 1858 1058 geperiS,

328 1092 441 1138 nec
464 1072 786 1138 uniuntur
815 1070 886 1135 in
902 1068 1214 1134 unitatem
1232 1069 1505 1142 naturae,
1525 1063 1634 1130 sed
1652 1063 1862 1128 solum

326 1179 734 1244 inunitatem
762 1194 1052 1260 personae
1103 1196 1119 1237 ε
1168 1190 1359 1254 ergo,
1403 1188 1553 1236 cum
1598 1169 1739 1234 haec
1780 1169 1865 1232 sit

322 1288 476 1352 falsa
507 1308 523 1350 ε
557 1310 590 1349 ι
617 1284 855 1350 Anima
879 1287 975 1348 est
998 1299 1260 1365 corpus,
1299 1300 1331 1340 n
1366 1283 1432 1344 et
1456 1297 1492 1344 e
1520 1295 1859 1373 converso3

324 1394 732 1477 ergoetbaec
763 1414 779 1458 ε
808 1416 840 1455 ι
869 1390 1078 1456 Homo
1104 1394 1197 1455 εει
1224 1388 1476 1464 Deus,n
1513 1390 1615 1452 et:
1643 1383 1866 1449 «Deus

324 1506 419 1567 est
434 1502 655 1568 bomo.
686 1521 721 1560 n

405 1614 464 1674 3.
495 1609 681 1689 Item,
712 1626 863 1673 cum
887 1607 1118 1672 dicitur
1147 1624 1166 1670 ι
1203 1628 1235 1666 ι
1260 1604 1428 1670 Deus
1458 1606 1553 1667 εει
1577 1602 1796 1679 homo,
1826 1621 1858 1659 a

324 1723 439 1783 aut
475 1718 675 1782 bomo
726 1715 1111 1798 praedicatur
1153 1713 1233 1778 de
1276 1711 1404 1777 Deo
1447 1714 1511 1775 et
1560 1708 1641 1773 de
1680 1707 1866 1773 Petro

325 1826 632 1904 univoce,
679 1828 795 1889 aut
826 1823 1156 1907 aequivoce
1205 1843 1221 1886 ε
1268 1821 1321 1883 si
1366 1818 1658 1896 univoce,
1704 1833 1867 1899 ergo

323 1931 565 2016 aliquid
590 1937 690 1996 est
712 1931 1067 1996 univocum
1111 1926 1386 1992 Creatori
1428 1928 1494 1991 et
1527 1926 1861 2004 creaturae,

323 2040 495 2123 qnod
524 2043 622 2104 εει
640 2037 1062 2121 impossibile;
1092 2036 1145 2100 si
1166 2036 1517 2119 aequivoce,
1548 2049 1707 2112 ergo
1736 2048 1868 2094 non

324 2147 580 2213 videtur
606 2146 898 2211 Christus
922 2145 1119 2209 bomo
1163 2143 1244 2208 ad
1289 2160 1500 2225 genus
1525 2140 1868 2206 hominum

323 2256 666 2339 pertinere,
695 2272 775 2318 ex
803 2271 937 2336 quo
956 2253 1153 2317 bomo
1180 2250 1259 2316 de
1287 2250 1424 2333 ipso
1459 2253 1524 2315 et
1554 2247 1694 2314 aliis
1733 2264 1868 2311 non

324 2363 556 2429 dicitur
582 2363 1015 2428 uniformiter.

404 2476 466 2536 4.
497 2469 683 2551 Item,
714 2487 864 2534 cum
890 2468 1122 2533 dicitur
1153 2488 1171 2532 ι
1200 2491 1230 2528 α
1260 2466 1423 2531 ὓειιε
1461 2470 1557 2530 εει
1580 2463 1799 2543 homo,
1829 2483 1862 2522 ι

321 2583 437 2644 ant
460 2578 658 2643 homo
686 2575 1071 2660 praedicatur
1099 2594 1212 2658 per
1254 2593 1322 2638 se
1341 2621 1358 2650 ,
1404 2576 1517 2638 aut
1541 2590 1655 2655 per
1699 2569 1870 2635 acci-

326 2688 523 2752 dens:
551 2685 607 2750 si
635 2705 750 2770 per
777 2705 844 2751 se
864 2734 883 2766 ,
913 2688 976 2750 et
1001 2683 1178 2768 quod
1204 2681 1587 2766 praedicatur
1616 2699 1732 2763 per
1775 2698 1868 2761 se,

322 2794 555 2860 dicitur
576 2795 658 2859 de
682 2792 967 2877 quolibet
991 2789 1320 2874 supposito
1337 2837 1355 2868 ,
1385 2806 1543 2870 ergo
1569 2787 1873 2871 quaelibet

321 2919 590 2983 persona
616 2894 855 2966 'divina
890 2902 988 2964 est
1020 2899 1238 2962 homo.
1287 2895 1354 2961 Si
1402 2914 1516 2980 per
1557 2894 1868 2973 accidens,

321 3028 479 3093 ergo
502 3010 761 3076 videtur
786 3008 959 3091 quod
984 2990 1228 3090 aliquid
1255 3004 1495 3070 accidat
1521 3003 1670 3081 Deo,
1699 3002 1871 3087 quod

318 3119 586 3184 omnino
635 3117 873 3184 falsum
905 3120 1002 3181 εει
1018 3164 1036 3194 ,
1079 3114 1246 3180 sieut
1284 3114 1633 3198 probatum
1667 3117 1762 3177 est
1802 3111 1871 3176 in

318 3227 534 3309 primo
555 3226 727 3290 libro
751 3233 798 3288 ¹.

404 3335 679 3410 5.1tem,
704 3349 857 3397 cum
882 3330 1112 3396 dicitnr
1141 3349 1159 3393 :
1195 3352 1227 3391 ι
1256 3329 1424 3394 Deus
1457 3332 1553 3393 est
1577 3328 1797 3407 homo,
1832 3349 1864 3386 n

318 3448 435 3507 aut
476 3443 679 3507 homo
716 3439 1098 3525 praedicatur
1138 3438 1216 3502 de
1251 3438 1380 3502 Deo
1420 3436 1728 3515 absolute,
1758 3439 1872 3502 aut

320 3549 583 3614 relative
611 3568 631 3613 ι
660 3548 719 3612 si
743 3546 1054 3626 absolute,
1092 3562 1249 3626 ergo
1273 3544 1507 3609 dicitur
1533 3544 1611 3607 de
1639 3542 1867 3620 tribus,

321 3656 472 3739 quia
503 3656 780 3721 nomina
819 3654 1107 3719 absoluta
1162 3654 1462 3719 dicuntur
1519 3652 1599 3716 de
1640 3651 1868 3730 tribua,

316 3764 486 3830 sicut
504 3764 652 3830 vult
678 3762 1110 3844 Augustiana,
1145 3765 1210 3825 et
1250 3760 1391 3825 haec
1427 3760 1649 3825 dicunt
1692 3761 1872 3824 subs-

320 3872 620 3946 tantiam;
650 3871 711 3934 si
734 3869 1088 3935 secundum
1116 3868 1514 3947 relationem,
1546 3868 1655 3933 sed
1677 3886 1871 3933 omne

322 3979 668 4043 relativum
705 3976 940 4042 dicitnr
982 3981 1275 4059 respectu
1314 3976 1593 4059 ancujus
1643 3997 1658 4040 :
1712 3993 1871 4057 ergo

322 4085 515 4151 homo
540 4086 778 4151 dicitur
806 4086 1096 4165 respectu
1118 4083 1393 4165 alicujus
1425 4104 1440 4147 ι
1477 4082 1589 4146 sed
1618 4082 1740 4147 hoc
1777 4087 1873 4147 est

321 4193 508 4276 plane
535 4193 772 4257 falsum
806 4213 822 4257 ι
854 4208 1011 4272 ergo
1039 4209 1171 4255 non
1199 4190 1451 4255 videtur
1475 4190 1646 4273 quod
1672 4191 1871 4256 homo

321 4300 537 4384 aliquo
568 4300 762 4365 modo
788 4298 1168 4382 praedicetur
1189 4298 1268 4362 de
1292 4297 1440 4362 Deo.

402 4413 463 4473 6.
489 4408 677 4486 Item,
705 4407 760 4471 si
786 4407 982 4471 homo
1012 4405 1395 4488 praedicatur
1436 4404 1515 4469 de
1562 4403 1711 4486 Deo,
1759 4409 1872 4470 aut

328 4522 421 4581 εει
441 4517 508 4581 in
530 4517 702 4600 plns»,
729 4516 940 4580 autin
967 4514 1204 4593 minus,
1224 4514 1431 4578 autin
1458 4530 1644 4597 aeque
1673 4536 1690 4578 ε
1722 4515 1872 4580 siin

331 4625 570 4704 minus,
601 4641 762 4706 ergo
787 4623 1054 4707 quilibet
1078 4622 1274 4689 homo
1295 4626 1391 4687 est
1418 4621 1584 4687 Deus
1600 4670 1618 4702 ,
1649 4627 1710 4686 et
1738 4640 1873 4688 non

331 4735 756 4810 convertitur3
798 4734 851 4794 si
895 4733 966 4795 in
1005 4732 1183 4814 plus,
1235 4747 1394 4811 ergo
1446 4729 1714 4813 quilibet
1756 4730 1871 4812 qui

331 4840 496 4906 Deus
522 4845 637 4919 εει,
667 4839 865 4904 homo
896 4842 1025 4917 oet3
1071 4839 1127 4902 si
1161 4838 1229 4902 in
1260 4856 1473 4922 aeque,
1513 4856 1672 4921 ergo
1708 4839 1871 4905 redit

330 4948 806 5015 inconveniens.

409 5061 471 5120 7.
499 5055 657 5121 Item
691 5056 816 5120 hoc
839 5072 1079 5120 nomen
1094 5103 1115 5135 ,
1158 5056 1327 5122 Deus
1343 5103 1362 5135 ,
1412 5058 1543 5120 aut.
1568 5056 1872 5139 supponit

329 5182 446 5248 pro
469 5182 740 5247 persona
778 5162 953 5242 Filii,
984 5166 1100 5226 aut
1123 5180 1254 5227 non
1289 5184 1311 5227 ι
1335 5161 1389 5225 εἰ
1434 5180 1550 5245 pro
1600 5181 1871 5247 persona

326 5270 470 5336 Filii
499 5271 815 5354 supponit,
846 5269 1071 5335 eadem
1095 5268 1344 5332 ratione
1371 5271 1435 5331 et
1462 5287 1578 5351 pro
1598 5287 1871 5350 persona

394 5432 413 5466 ¹
443 5431 561 5481 Dist.
592 5443 730 5499 xxw,
760 5430 884 5482 dub.
915 5443 957 5484 1.
983 5457 1043 5466 —
1066 5430 1088 5464 ²
1115 5429 1287 5490 Arist„
1318 5429 1503 5490 Prior„
1527 5429 1613 5480 lib.
1649 5432 1687 5490 1,
1718 5432 1865 5483 tract.

318 5514 420 5567 m,
454 5516 498 5554 ε.
522 5514 577 5553 x.

3399 508 3517 570 ¹69

1968 631 2173 698 Patris
2210 653 2228 699 ε
2268 653 2426 717 ergo
2444 684 2462 715 ,
2506 635 2561 699 si
2597 636 2740 701 haec
2775 640 2871 701 est
2897 655 3050 702 vera
3086 656 3204 722 pro
3248 658 3520 724 persona

1969 740 2151 807 Filii:
2176 765 2208 803 ι
2235 742 2401 808 Deus
2425 746 2519 806 est
2543 743 2809 823 hom0,n
2849 747 2913 809 et
2941 744 3081 809 baec
3105 764 3221 829 pro
3249 765 3519 828 persona

1969 847 2170 913 Patris
2204 872 2217 913 :
2258 873 2288 910 c
2316 849 2482 913 Deus
2516 867 2648 915 non
2685 856 2778 915 εει
2804 851 3022 917 hom0.
3054 872 3084 910 n
3116 850 3183 916 Si
3211 870 3362 917 vero
3388 871 3519 917 non

1970 957 2272 1039 supponit
2300 975 2417 1040 pro
2444 975 2716 1040 persona
2744 956 2909 1037 Filii,
2937 976 3091 1040 ergo
3119 977 3269 1023 cum
3308 961 3372 1023 iu
3411 960 3519 1024 illa

1970 1081 2242 1146 persona
2268 1064 2432 1129 tacta
2451 1065 2536 1129 sit
2571 1065 2748 1146 unic,
2781 1065 3080 1148 praedicta
3126 1065 3362 1131 locutio
3399 1068 3520 1132 erit
3608 1056 3615 1063 ’

1971 1169 2344 1254 simpliciter
2366 1171 2544 1237 falsa.

2051 1280 2114 1341 8.
2147 1276 2304 1342 Item
2333 1278 2479 1361 plus
2502 1277 2732 1342 distant
2761 1276 2925 1342 Deus
2955 1283 3020 1342 et
3053 1279 3249 1343 homo
3269 1326 3291 1357 ,
3319 1298 3518 1361 quam

1971 1384 2168 1450 homo
2195 1388 2258 1449 et
2281 1402 2413 1448 non
2439 1384 2637 1449 homo
2669 1405 2685 1449 :
2715 1385 2824 1449 sed
2858 1383 3024 1450 Deus
3047 1404 3383 1470 nunquam
3420 1387 3518 1452 fa-

1971 1494 2059 1557 cit
2082 1494 2257 1577 quod
2278 1494 2474 1559 homo
2500 1494 2582 1558 sit
2610 1512 2744 1559 uon
2770 1495 2966 1559 homo
2999 1517 3014 1559 ε
3048 1513 3208 1577 ergo
3247 1515 3380 1561 uon
3418 1497 3520 1562 vi-

1972 1605 2160 1671 detur
2184 1606 2354 1689 quod
2379 1607 2574 1689 possit
2620 1607 2826 1672 facere
2871 1625 2992 1672 nec
3039 1626 3152 1689 per
3196 1612 3516 1690 naturam,

1974 1732 2092 1778 nec
2135 1732 2249 1797 per
2297 1713 2714 1794 miraculum,
2759 1713 2933 1796 quod
2977 1714 3120 1780 haec
3169 1714 3251 1779 sit
3297 1734 3451 1781 vera
3498 1734 3516 1779 ε

1983 1845 2015 1883 ι
2044 1821 2211 1886 Deus
2236 1825 2333 1886 est
2354 1820 2574 1886 home.
2601 1841 2634 1880 ι

2053 1933 2117 1993 9.
2171 1928 2329 1993 ltem
2395 1928 2627 2013 triplex
2683 1930 2777 1992 εει
2833 1928 3222 2010 praedicandi
3268 1929 3519 1995 modus.

1975 2036 2157 2115 Quod
2182 2037 2358 2101 enim
2385 2036 2771 2120 praedicatur
2799 2036 2880 2100 de
2908 2036 3129 2113 altero,
3158 2042 3273 2102 aut
3297 2038 3524 2121 praedi-

1975 2148 2156 2209 catur
2181 2161 2296 2227 per
2321 2143 2666 2209 essentiam
2686 2192 2705 2223 ,
2735 2148 2848 2211 aut
2891 2161 3007 2227 per
3047 2144 3516 2226 inhaerentiam‚

1975 2254 2089 2315 aut
2114 2269 2230 2333 per
2251 2269 2533 2316 causam.
2569 2250 2727 2316 Cum
2769 2268 2928 2332 ergo
2954 2250 3191 2317 dicitur
3221 2274 3237 2316 ι
3278 2275 3310 2313 ι
3356 2251 3522 2317 Βειιε

1977 2362 2069 2422 εει
2094 2358 2320 2436 homo,
2364 2378 2397 2417 ι
2431 2363 2545 2423 aut
2568 2358 2957 2441 praedicatur
3003 2376 3117 2441 per
3154 2359 3517 2439 essentiam,

1976 2469 2040 2528 et
2065 2465 2160 2528 sic
2186 2464 2353 2530 Deus
2376 2469 2442 2530 et
2480 2466 2675 2530 homo
2717 2466 2836 2530 erit
2875 2467 3163 2550 ejusdem
3204 2470 3519 2549 essentias,

1976 2574 2151 2656 quod
2169 2578 2265 2638 est
2289 2574 2709 2657 impossibile3
2740 2578 2855 2638 aut
2894 2592 3008 2656 per
3047 2574 3517 2658 inhaerentiam,

1978 2684 2041 2745 et
2064 2686 2220 2745 tunc
2245 2681 2472 2746 accidit
2507 2679 2633 2746 Deo
2679 2700 2816 2746 esse
2843 2682 3214 2762 hominem;
3258 2687 3372 2747 aut
3408 2702 3524 2767 per

1979 2804 2263 2867 causam,
2289 2794 2352 2853 et
2373 2794 2527 2853 tunc
2545 2789 2684 2872 pari
2702 2789 2949 2854 ratione
2967 2791 3195 2873 poterit
3207 2791 3328 2856 dici
3348 2792 3522 2874 quod

1980 2892 2147 2959 Deus
2163 2899 2256 2959 est
2280 2895 2462 2978 lapis,
2484 2896 2638 2979 quia
2663 2898 2752 2961 ita
2770 2901 2864 2961 est
2877 2916 3067 2963 causa
3087 2897 3335 2981 lapidis,
3358 2898 3524 2963 sicut

1980 3006 2042 3065 et
2064 3001 2346 3067 hominis
2376 3023 2396 3068 ι
2423 3004 2606 3069 nullo
2631 3022 2788 3087 ergo
2831 3006 3021 3070 modo
3048 3005 3300 3071 videtur
3340 3024 3524 3087 posse

1979 3109 2237 3176 concedi
2258 3110 2587 3177 hominem
2619 3114 2698 3178 de
2724 3112 2849 3178 Deo
2882 3131 3064 3197 posse
3085 3112 3439 3198 praedicari.

2522 3375 2973 3443 CONCLUSIO.

1981 3557 2148 3614 Deum
2173 3573 2278 3615 eoee
2302 3558 2594 3629 hominem,
2624 3562 2675 3614 et
2694 3558 2958 3615 hominem
2984 3573 3089 3615 asse
3116 3560 3310 3628 Deum,
3339 3574 3522 3615 conce-

2052 3654 2284 3712 denam
2310 3660 2415 3722 est,
2452 3659 2586 3726 quia
2614 3655 2733 3712 duoe
2759 3660 2971 3712 natum
2994 3657 3080 3711 ibi
3107 3659 3278 3712 unitoe
3300 3661 3427 3712 aaut
3462 3651 3538 3713 ἐπ’

2052 3761 2221 3802 unam
2244 3751 2550 3817 personam.
2600 3748 2674 3801 Et
2720 3750 2798 3802 est
2827 3746 3151 3818 proedicatio
3187 3747 3520 3817 simulans,

2051 3837 2184 3905 quia
2207 3850 2314 3890 non
2338 3851 2434 3907 per
2454 3838 2767 3903 essentiam,
2789 3852 2883 3892 nec
2902 3851 3004 3908 per
3030 3852 3248 3893 causam
3263 3878 3282 3902 ,
3309 3851 3404 3892 neo
3424 3853 3526 3908 per

2054 3924 2433 3980 inhoerentiam
2453 3969 2474 3997 ‚
2507 3925 2598 3982 sed
2624 3941 2719 3998 per
2743 3928 3015 3982 maionem.

2062 4084 2247 4169 Resp.
2276 4085 2357 4150 ad
2383 4104 2525 4168 arg.
2558 4077 2905 4151 Dicendum
2956 4086 3127 4169 quod
3152 4086 3526 4168 {secundum

1981 4195 2357 4259 catholicam
2385 4194 2718 4259 veritatem
2749 4195 2988 4277 absque
3031 4195 3228 4260 dubio
3272 4213 3527 4259 necesse

1981 4306 2077 4366 εει
2101 4303 2443 4367 concedere
2463 4302 2794 4366 hominem
2822 4321 2957 4368 esse
2994 4301 3219 4382 Deum,
3240 4306 3305 4366 et
3322 4302 3526 4366 Deum

1981 4408 2335 4487 hominem,
2357 4427 2475 4492 pro
2491 4427 2568 4473 eo
2585 4409 2760 4493 quod
2778 4410 2924 4474 duae
2949 4412 3196 4473 naturae
3213 4408 3303 4471 ibi
3323 4408 3525 4472 unitae

1980 4516 2219 4581 suntin
2249 4533 2448 4581 unam
2471 4534 2848 4598 personam:
2876 4533 3024 4599 quae
3053 4519 3272 4579 autem
3298 4515 3367 4578 in
3391 4532 3526 4578 uno

1982 4624 2311 4707 supposito
2333 4623 2651 4687 uniuntur
2663 4670 2680 4701 ,
2698 4622 3054 4687 necessario
3071 4622 3150 4685 de
3163 4639 3231 4685 se
3249 4620 3526 4687 invicem

1982 4731 2433 4816 praedicantur,
2450 4731 2503 4794 si
2523 4731 2916 4814 accipiantur
2933 4734 3246 4807 concrete,
3269 4731 3527 4812 propter

1981 4838 2157 4903 illam
2184 4836 2561 4916 maximam,
2605 4855 2737 4918 qua
2781 4836 3015 4901 dicitur
3041 4854 3059 4898 z
3090 4834 3527 4917 Quaecumque

1983 4946 2102 5013 uni
2116 4950 2178 5010 et
2188 4945 2395 5009 eidem
2408 4947 2561 5008 sunt
2574 4943 2819 5021 eadem,
2832 4942 3001 5007 inter
3013 4960 3080 5006 se
3093 4946 3246 5006 sunt
3259 4942 3484 5007 eadem
3503 4966 3522 5007 ι

1983 5072 2097 5138 ρει·
2118 5070 2313 5136 quam
2331 5051 2525 5114 etiam
2541 5050 2792 5113 fundari
2807 5049 2994 5114 debet
3017 5049 3225 5115 virtus
3236 5049 3528 5134 syllogis-

1982 5163 2072 5226 mi
2087 5157 2459 5244 expositorii
2480 5205 2500 5237 ,
2530 5158 2702 5241 quod
2730 5158 2957 5241 probat
2980 5157 3426 5242 phylosophus
3456 5160 3527 5223 in

1980 5270 2145 5333 libro
2169 5268 2467 5354 Priorum
2491 5266 2536 5344 ’,
2579 5281 2657 5328 ea
2688 5263 2923 5329 scilicet
2948 5284 3096 5350 quae
3123 5266 3422 5332 dicuntur
3447 5267 3527 5331 de

1982 5394 2118 5441 uno
2131 5374 2447 5452 eteodem,
2465 5371 2794 5455 praedicari
2806 5372 2958 5437 dese
2972 5374 3272 5438 invicem.
3289 5374 3352 5438 Si
3368 5392 3526 5454 ergo

1982 5503 2153 5550 unus
2179 5486 2275 5547 εει
2298 5481 2605 5563 Christus„
2636 5481 2743 5568 qui
2770 5484 2864 5546 est
2886 5481 3054 5560 Deus
3075 5487 3138 5547 et
3159 5483 3378 5562 homo,
3408 5499 3525 5552 ne-
