4185 6288
748 386 870 451 530

750 521 950 587 verbo
1002 520 1286 605 Apostoli
1305 568 1325 600 ,
1371 518 1541 602 quod
1587 519 1746 584 fides
1797 525 1892 585 est
1937 537 2285 605 arqumen-

751 634 889 696 tum
934 646 1064 697 non
1122 629 1571 712 apparentium
1627 643 1839 695 rerum
1865 676 1888 708 ,
1947 630 2288 696 dicendum

749 738 920 822 quod
967 738 1308 821 Apostolus
1337 739 1624 802 removet
1653 735 1740 799 ibi
1773 755 1813 800 a
1849 736 2131 801 credibili
2173 756 2287 821 ap-

748 846 1102 929 parentiam
1127 862 1256 908 non
1284 861 1782 926 quamcumque.
1799 841 1943 907 Non
1977 844 2152 907 enim
2181 863 2289 909 re-

750 957 966 1018 movet
987 952 1423 1036 apparentiam
1449 950 1791 1035 probabilis
1814 950 2153 1035 opinionis,
2177 951 2287 1015 sed

749 1060 1206 1125 certitudinalis
1229 1059 1752 1145 apprehensionis
1774 1108 1792 1139 ,
1822 1059 1990 1124 sicut
2027 1061 2288 1143 apparet

748 1167 916 1233 Deus
941 1168 1164 1232 beatis.

829 1279 890 1339 2.
923 1275 1019 1338 Ad
1044 1274 1204 1339 illud
1235 1274 1407 1357 quod
1451 1273 1748 1356 objicitur
1779 1273 1858 1339 de
1883 1272 2081 1338 verbo
2129 1272 2288 1338 Gre-

751 1381 920 1464 gorii
952 1403 969 1445 :
1009 1404 1039 1440 a
1075 1380 1259 1445 Fides
1298 1399 1431 1446 non
1474 1380 1666 1444 babet
1710 1380 2039 1461 meritum,
2071 1401 2102 1439 n
2139 1383 2285 1460 etc„

750 1488 1091 1553 dicendum
1138 1488 1308 1571 quod
1360 1486 1483 1551 hoc
1539 1487 1837 1570 intelligit
1895 1487 2241 1570 Gregorius
2266 1536 2284 1568 ,

751 1595 1004 1679 quando
1031 1594 1368 1659 credulitas
1393 1593 1541 1658 fidei
1561 1595 1825 1659 omnino
1848 1595 2145 1659 innititur
2174 1613 2291 1659 ex·

749 1702 1103 1784 perimento
1131 1699 1395 1765 rationis
1435 1700 1775 1783 probabilis
1804 1724 1820 1764 ε
1852 1705 1916 1765 et
1942 1701 2065 1766 hoc
2102 1701 2292 1766 modo

751 1808 907 1873 fides
932 1826 1089 1874 vera
1125 1827 1256 1873 non
1289 1811 1411 1873 stat
1454 1827 1603 1873 cum
1630 1808 1928 1892 opinione
1950 1857 1969 1889 ,
2000 1808 2091 1872 ita
2115 1807 2288 1892 quod

751 1917 1061 1981 innitatur
1125 1916 1408 1999 opinioni
1469 1920 1779 1999 tanquam
1827 1915 2247 1981 fundamento
2271 1933 2290 1995 ;

752 2023 884 2087 imo
929 2025 1135 2089 multo
1164 2024 1371 2104 magis
1404 2024 1683 2088 assensio
1710 2023 1816 2086 illa
1843 2021 2185 2105 probabilis
2210 2039 2294 2085 ex

754 2131 1104 2195 rationibus
1132 2131 1457 2213 acquisita,
1486 2131 1565 2194 de
1589 2149 1715 2212 qua
1742 2131 1980 2194 dictum
2009 2129 2294 2212 estquod

755 2241 959 2319 potest
1006 2238 1220 2321 opinio
1262 2237 1423 2316 dici,
1454 2238 1752 2303 innititur
1794 2238 1912 2321 ipsi
1959 2239 2103 2302 fidei
2149 2243 2291 2300 tan-

754 2362 952 2427 quam
989 2344 1278 2409 ssrmiori.
1311 2342 1391 2408 Et
1426 2345 1628 2428 hujus
1656 2344 1919 2425 signum
1962 2347 2057 2407 est
2081 2391 2098 2419 ,
2144 2344 2296 2425 quia

757 2452 977 2515 multae
1005 2452 1279 2516 rationes
1303 2451 1602 2517 videntur
1631 2452 1814 2516 nobis
1849 2450 2209 2534 probabiles
2235 2454 2298 2514 et

756 2559 940 2623 valde
979 2558 1384 2622 rationabiles
1430 2559 1599 2622 circa
1624 2559 1839 2637 fldem,
1870 2577 2018 2640 quae
2063 2558 2297 2621 viden-

757 2670 866 2732 tur
891 2683 1025 2728 esse
1050 2666 1386 2730 abusiones
1412 2666 1709 2747 quaedam
1738 2665 2108 2730 hominibus
2148 2666 2300 2728 infl-

758 2771 1026 2837 delihus.
1060 2771 1205 2836 Ideo
1230 2772 1439 2854 magis
1464 2773 1574 2837 illa
1602 2773 1879 2838 assensio
1903 2772 2202 2836 innititur
2227 2772 2300 2834 fl-

761 2879 892 2957 dei,
924 2896 1118 2961 quam
1142 2898 1177 2942 e
1204 2898 1540 2958 converso,
1569 2879 1713 2943 licet
1739 2880 1955 2963 aliquo
1974 2880 2166 2944 modo
2193 2866 2302 2943 illa

762 2985 954 3050 fldem
978 2986 1056 3068 (α)
1082 2986 1288 3049 foveat
1315 2990 1378 3048 et
1400 2984 1684 3064 delectet,
1724 2988 1890 3049 sicut
1914 2985 2156 3051 dictum
2180 2990 2296 3049 est.

843 3096 881 3157 3
903 3097 968 3157 et
988 3097 1044 3157 4.
1070 3092 1168 3156 Ad
1192 3093 1352 3158 duas
1366 3092 1627 3157 ultimas
1646 3093 1923 3157 rationes
1949 3111 2080 3159 non
2108 3110 2298 3175 opor-

762 3205 853 3265 tet
875 3200 1252 3284 respondere
1269 3248 1286 3278 ,
1317 3200 1470 3283 quia
1495 3200 1845 3283 procedunt
1877 3200 1953 3266 de
1989 3201 2130 3284 ipsa
2163 3202 2300 3284 opi-

764 3310 955 3374 nione
999 3308 1353 3373 secundum
1403 3308 1677 3374 alterum
1722 3309 1988 3374 modum
2026 3309 2299 3387 dicendi,

765 3416 1119 3481 secundum
1147 3434 1340 3499 quem
1368 3433 1498 3480 non
1526 3419 1729 3498 potest
1757 3416 1945 3480 simul
1968 3421 2135 3482 stare
2152 3434 2303 3482 cum

769 3523 914 3603 fide,
943 3523 1106 3588 sicut
1132 3524 1314 3606 prius
1336 3526 1574 3588 tactum
1603 3527 1721 3588 est.

1288 3763 1641 3843 QUAESTIO
1684 3764 1794 3829 111.

839 3926 934 3980 An
958 3923 1086 3994 fides
1110 3925 1182 3981 sit
1202 3919 1266 3977 de
1289 3921 1401 3990 his,
1430 3920 1494 3977 de
1518 3920 1711 3993 quibus
1735 3921 1963 3978 habetur
1988 3922 2224 3992 counitio

1363 4013 1661 4069 mentiatis
1692 4016 1731 4064 ¹.

534 4216 748 4265 mm
855 4124 1085 4242 utrum
1108 4174 1264 4239 ssdes
1288 4174 1369 4237 sit
1400 4173 1479 4237 de
1503 4173 1630 4250 his,
1656 4172 1735 4237 de
1763 4171 1998 4254 quibus
2038 4171 2314 4236 hahetur

776 4288 1057 4370 cognitio
1084 4284 1458 4363 scientialis3
1487 4287 1550 4349 et
1578 4282 1750 4367 quod
1774 4282 1885 4361 sic,
1920 4282 2175 4347 videtur
2203 4281 2316 4346 tali

775 4397 1018 4461 ratione
1044 4417 1061 4459 :
1092 4392 1519 4476 Philosophus
1543 4390 1779 4474 aliquis
1815 4390 2020 4456 sciens
2046 4389 2318 4454 rationi·

778 4505 897 4567 bus
918 4501 1292 4584 cogentibus
1319 4499 1518 4563 Deum
1550 4516 1684 4562 esse
1719 4515 1930 4569 unum
1956 4496 2316 4562 Creatorem

777 4610 1069 4675 omnium
1094 4656 1109 4684 ‚
1144 4610 1350 4691 potest
1386 4606 1608 4673 venire
1636 4605 1719 4669 ad
1751 4605 1945 4698 iidem
1963 4652 1981 4684 ,
2009 4604 2102 4668 ita
2143 4603 2316 4686 quod

777 4734 910 4782 non
973 4715 1386 4782 obliviscatur
1449 4712 1708 4777 illarum
1774 4712 2100 4777 rationum
2151 4733 2166 4776 ε
2207 4711 2318 4776 sed

778 4826 984 4889 sciens
1025 4824 1166 4887 illas
1204 4820 1481 4886 rationes
1523 4820 1718 4886 habet
1751 4819 2078 4885 scientiam
2110 4840 2127 4883 ε
2158 4836 2318 4902 ergo

779 4931 1030 4998 videtur
1071 4928 1245 5013 quod
1280 4927 1476 5010 possit
1501 4927 1581 4993 de
1605 4926 1830 4994 eodem
1860 4926 2056 4992 simul
2081 4926 2317 4992 habere

780 5037 972 5101 fldem
998 5039 1063 5102 et
1089 5035 1441 5100 scientiam.

863 5142 1021 5208 Item
1060 5137 1290 5224 aliquis
1329 5157 1720 5222 cognoscens
1762 5139 2001 5223 aliquid
2055 5158 2171 5225 per
2209 5141 2317 5207 de·

850 5308 866 5341 ¹
883 5305 965 5366 Cf.
983 5305 1126 5354 Alcx.
1148 5303 1364 5366 Mensis,
1386 5303 1552 5363 Com„
1582 5316 1634 5366 p.
1657 5304 1742 5363 111,
1774 5303 1889 5353 coll.
1930 5315 2122 5367 xxxm,
2141 5307 2239 5356 art.
2260 5307 2288 5356 8
2297 5321 2315 5370 3

788 5376 841 5426 S.
861 5375 1181 5435 Thomas,p.
1206 5374 1245 5435 1,
1269 5387 1321 5435 q.
1342 5383 1438 5433 xu,
1456 5377 1551 5423 art.
1584 5375 1660 5433 1³,
1685 5374 1750 5424 ad
1766 5376 1828 5436 33
1853 5375 2053 5436 Scotus,
2073 5377 2139 5424 ΙΙΙ
2159 5376 2321 5437 Sem„

1864 382 2488 454 SENTENTIARUM
2526 389 2677 459 LIB.
2725 394 2834 461 111.

2400 530 2924 597 monstrationem
2971 535 3146 618 quia,
3175 539 3308 604 sive
3352 557 3469 625 per
3494 542 3795 609 effectum
3810 593 3828 620 ‚
3879 545 3933 609 si

2398 633 2658 718 incipiat
2682 656 2867 705 nosse
2893 660 3009 724 per
3037 661 3317 729 causam,
3332 648 3469 714 sive
3497 668 3613 733 per
3648 651 3934 716 demons-

2400 742 2736 809 trationem
2789 753 3046 832 propter
3101 753 3277 835 quid,
3330 773 3460 820 non
3515 763 3771 840 propter
3818 759 3934 823 hoc

2399 849 2634 914 amittit
2701 853 2982 935 priorem
3063 859 3503 939 cognitionem
3547 912 3566 943 ,
3642 865 3931 946 quamvis

2399 953 2542 1019 haec
2569 960 2846 1025 secunda
2890 963 2976 1026 sit
3013 966 3250 1045 notior,
3280 967 3385 1034 vel
3421 970 3702 1035 nobilior
3751 971 3859 1034 illa
3910 995 3928 1037 :

2399 1079 2559 1143 ergo
2613 1065 2759 1132 duae
2821 1070 3219 1152 cognitiones
3273 1082 3541 1158 possunt
3590 1078 3817 1143 haberi
3860 1079 3933 1145 de

2408 1170 2631 1236 eodem
2651 1220 2668 1250 ‚
2724 1193 3005 1257 quarum
3072 1198 3205 1244 una
3259 1182 3529 1248 nobilior
3601 1188 3698 1249 est
3744 1204 3933 1268 quam

2401 1278 2557 1360 alia,
2590 1285 2653 1345 et
2698 1300 2829 1346 una
2873 1304 3002 1350 non
3046 1289 3307 1371 expellit
3346 1290 3561 1372 aliam,
3619 1311 3738 1358 nec
3789 1311 3934 1358 eva-

2403 1389 2568 1449 cuat.
2626 1386 2705 1451 Et
2756 1389 2810 1452 si
2861 1391 2983 1458 hoc
3035 1413 3265 1459 verum
3313 1400 3445 1476 est,
3496 1400 3652 1463 tunc
3692 1399 3940 1463 videtur

2402 1495 2574 1575 quod
2600 1495 2792 1561 simul
2818 1500 3015 1580 possit
3053 1500 3297 1585 aliquid
3334 1507 3636 1586 cognosci
3685 1508 3939 1572 ratioci-

2402 1600 2658 1665 natione
2687 1605 2996 1686 acquisita
3015 1655 3033 1686 ,
3077 1612 3141 1671 et
3179 1609 3642 1678 illuminatione
3685 1614 3934 1678 infusa:

2403 1724 2562 1789 ergo
2603 1709 2682 1773 de
2712 1711 2933 1776 eodem
2973 1714 3167 1782 simul
3191 1721 3396 1801 potest
3421 1719 3646 1786 haberi
3678 1721 3854 1802 fidem
3881 1726 3944 1788 et

2403 1814 2686 1880 scientia.

2484 1921 2644 1987 Item
2678 1926 2957 2007 cognitio
2993 1929 3373 1998 intellectiva
3414 1935 3944 2016 superadveniens

2403 2048 2534 2095 non
2558 2031 2719 2097 tollit
2742 2036 3176 2116 cognitionem
3220 2041 3618 2123 sensitivam,
3649 2042 3796 2107 licet
3819 2063 3943 2110 una

2406 2137 2666 2204 illarum
2688 2142 2769 2205 sit
2794 2144 3073 2226 dignior,
3104 2151 3167 2210 et
3191 2149 3558 2231 perfectior,
3591 2156 3656 2216 et
3680 2153 3944 2218 nobilior

2404 2244 2643 2311 altera:
2673 2266 2832 2332 ergo
2878 2252 3016 2332 pari
3060 2255 3304 2320 ratione
3348 2257 3603 2323 videtur
3628 2260 3708 2325 de
3732 2261 3854 2328 fide
3885 2266 3948 2326 et

2406 2353 2693 2435 scientia,
2723 2358 2891 2439 quod
2937 2359 3130 2425 simul
3175 2370 3441 2444 possunt
3482 2365 3705 2432 haberi
3731 2369 3812 2434 de
3849 2388 3948 2434 eo-

2407 2459 2576 2540 dem,
2606 2466 2670 2526 et
2695 2463 2862 2527 circa
2889 2464 3084 2530 idem.

2487 2567 2644 2632 Item
2673 2572 3065 2653 experientia
3091 2581 3186 2639 est
3214 2577 3604 2660 principium
3631 2581 3945 2650 scientiae:

2408 2675 2516 2739 sed
2548 2676 2625 2740 de
2652 2696 2782 2742 uno
2808 2684 2871 2742 et
2896 2681 3118 2746 eodem
3150 2687 3353 2765 potest
3393 2684 3617 2752 haberi
3657 2689 3813 2754 fides
3839 2740 3858 2768 ,
3890 2696 3952 2755 et

2409 2783 2799 2866 experientia
2830 2809 2845 2852 ε
2878 2805 3037 2870 ergo
3078 2791 3157 2855 de
3196 2810 3329 2855 uno
3365 2797 3429 2857 et
3471 2795 3698 2859 eodem
3754 2803 3954 2879 potest

2408 2888 2631 2956 haberi
2658 2891 2811 2958 fides
2827 2943 2846 2973 ‚
2875 2901 2941 2960 et
2965 2896 3244 2962 scientia.
3279 2897 3483 2982 Major
3509 2903 3818 2984 probatur
3844 2923 3956 2987 per

2412 2994 2872 3081 Philosophum
2894 3024 2912 3081 ;
2945 2989 3155 3068 minor
3182 3006 3489 3087 probatur
3508 3009 3579 3073 in
3600 3009 3671 3074 B.
3694 3009 3953 3093 Virgine

2410 3101 2610 3169 Maria
2631 3156 2647 3184 ,
2676 3125 2823 3191 quae
2852 3109 2977 3175 fide
3024 3114 3086 3176 et
3120 3114 3509 3195 experientia
3545 3112 3851 3200 cognovit
3888 3137 3954 3185 se

2412 3213 2769 3296 concepisse
2796 3215 2874 3281 de
2900 3215 3142 3298 Spiritu
3170 3224 3412 3284 sancto.

2493 3316 2617 3383 Sed
2638 3324 2860 3386 contra
2888 3344 2903 3387 ε
2939 3326 2969 3384 1
2982 3372 2998 3387 .
3031 3324 3208 3389 Sicut
3231 3326 3503 3394 charitas
3522 3330 3731 3413 diligit
3749 3332 3948 3399 Deum
3973 3367 4032 3411 μ
4047 3378 4124 3419 ,ᾖ

2413 3431 2669 3510 propter
2695 3446 2787 3509 se,
2814 3433 2880 3494 et
2903 3449 3096 3514 super
3122 3435 3365 3516 omnia,
3393 3436 3482 3501 sic
3512 3439 3672 3504 fides
3697 3442 3953 3506 assentit

2414 3534 2641 3615 primae
2668 3536 2920 3602 veritati
2951 3544 3209 3623 propter
3235 3561 3303 3606 se
3328 3591 3348 3624 ,
3382 3548 3448 3609 et
3471 3565 3665 3628 super
3690 3550 3949 3613 omnia:

2415 3642 2524 3705 sed
2553 3643 2709 3725 quia
2735 3643 3243 3735 charitas-diligit
3262 3648 3469 3714 Deum
3498 3671 3693 3735 super
3713 3656 3952 3733 omnia,

2416 3754 2479 3813 et
2503 3755 2761 3834 propter
2782 3770 2871 3832 se,
2896 3752 3285 3835 impossibile
3311 3759 3597 3842 estquod
3624 3762 3764 3844 ipsa
3784 3782 3953 3829 com-

2418 3857 2695 3939 patiatur
2718 3876 2938 3923 secum
2967 3859 3388 3944 dilectionem,
3419 3885 3550 3949 qua
3574 3869 3725 3950 quis
3752 3870 3956 3953 diligit

2420 3961 2621 4028 Deum
2666 3971 2921 4049 propter
2966 3970 3216 4033 terrena
3266 3972 3698 4057 principaliter
3738 4001 3755 4041 :
3805 3997 3955 4060 ergo

2418 4074 2557 4155 pari
2582 4075 2827 4140 ratione
2867 4076 3255 4158 impossibile
3297 4081 3442 4160 erit,
3474 4083 3649 4165 quod
3676 4086 3833 4151 fides
3855 4106 3956 4150 se-

2420 4198 2569 4245 cum
2601 4184 3019 4266 compatiatur
3053 4188 3512 4269 cognitionem,
3544 4210 3696 4274 quae
3725 4194 3958 4277 princi-

2420 4288 2646 4371 paliter
2692 4290 2977 4356 adhaeret
3027 4294 3515 4361 riatiocinationi
3569 4302 3898 4383 acquisitae
3938 4319 3956 4365 ε

2422 4398 2531 4462 sed
2559 4398 2697 4462 talis
2722 4402 2816 4463 est
2840 4400 3122 4482 cognitio
3167 4403 3445 4469 scientiae
3476 4422 3494 4469 z
3523 4423 3684 4489 ergo
3721 4409 3960 4493 impos·

2422 4505 2600 4570 sibile
2626 4509 2721 4569 est
2745 4505 2939 4571 fidem
2961 4526 3096 4572 esse
3124 4509 3289 4573 circa
3314 4511 3487 4578 idem
3513 4532 3664 4579 cum
3702 4516 3961 4582 scientia

2424 4611 2619 4676 simul
2644 4619 2707 4677 et
2730 4614 2950 4678 semel.

2504 4726 2565 4785 2.
2609 4719 2770 4787 Item
2814 4722 2976 4786 visio
3020 4724 3246 4806 patriae
3290 4726 3454 4791 tollit
3489 4728 3683 4793 fldem
3709 4736 3964 4815 pmpter

2426 4827 2865 4892 certitudinem
2891 4833 2955 4893 et
2979 4831 3367 4897 evidentiam
3394 4834 3463 4898 in
3501 4838 3961 4918 cognoscendo.

2425 4927 2492 4993 Si
2518 4948 2677 5013 ergo
2705 4933 2875 5015 quod
2903 4937 3314 5016 cognoscitur
3351 4957 3465 5022 per
3493 4941 3847 5018 scientiam,
3876 4946 3965 5006 est

2427 5043 2674 5103 certum
2691 5043 2755 5103 et
2767 5046 3059 5124 apertum
3079 5089 3098 5123 ,
3119 5045 3372 5109 videtur
3387 5048 3562 5130 quod
3580 5048 3962 5131 impossibile

2425 5144 2507 5208 sit
2527 5145 2767 5228 aliquid
2789 5165 2926 5214 esse
2950 5149 3144 5216 simul
3167 5151 3423 5231 scitum,
3453 5158 3519 5219 et
3543 5156 3874 5223 creditum.

2427 5305 2547 5356 dist.
2565 5318 2838 5373 xx1v,q.1;
2858 5309 3012 5360 Joan.
3038 5311 3246 5376 Bacch„
3267 5314 3333 5364 ΙΙΙ
3352 5315 3515 5368 Sem..
3535 5316 3654 5371 dist.
3674 5329 3819 5382 mv,
3838 5332 3892 5384 q.
3913 5330 3958 5379 13

2429 5377 2555 5428 Gab.
2581 5377 2706 5441 Biel,
2737 5381 2799 5429 ΙΙΙ
2828 5380 2985 5443 8εηὶ.,
3009 5382 3122 5435 dist.
3145 5396 3298 5451 xnv,
3319 5401 3372 5451 q.
3400 5399 3438 5442 1.
3469 5414 3533 5426 —
3556 5390 3620 5453 (a)
3645 5390 3733 5444 Al.
3757 5391 3902 5442 fides.
