4185 6288
143 4124 287 4186 *⁴⁶⁹9-

978 526 1351 595 DISTINCT.
1392 530 1502 596 111.
1551 524 1785 596 PART.
1831 529 1907 595 11.
1956 528 2132 593 ΛΒΤ.
2182 530 2286 594 lll.
2333 529 2631 609 QUAEST.
2681 531 2726 595 l.
3379 539 3459 601 85

818 807 1171 887 QUAESTlo
1214 810 1262 875 Ι.

275 960 352 1014 An
379 956 579 1014 Christi
607 974 805 1031 comus
834 958 1148 1031 per-ductim
1189 962 1361 1028 merit
1403 960 1478 1016 ad
1510 963 1808 1034 perrectum

579 1051 779 1105 molem
804 1050 1005 1121 subito,
1032 1052 1117 1106 vet
1142 1052 1425 1108 nwcoesive
1455 1053 1493 1106 ¹.

123 1221 255 1263 fam.
343 1206 564 1272 Utrum
589 1226 828 1290 corpus
851 1208 1075 1273 Christi
1099 1211 1483 1293 perductum
1511 1210 1703 1273 fuerit
1728 1209 1809 1274 ad

279 1316 599 1398 perfectam
629 1317 867 1381 molem
902 1317 1134 1397 subit0,
1166 1323 1281 1382 aut
1315 1318 1707 1396 successive;
1748 1322 1813 1383 et

279 1424 430 1505 quod
471 1425 858 1503 successive,
904 1425 1255 1490 ostenditur
1295 1427 1503 1509 primo
1526 1432 1549 1466 ²
1583 1448 1598 1491 t
1649 1427 1813 1491 Puer

279 1529 378 1593 iste
407 1531 724 1599 crescebat
750 1539 936 1599 (etate
959 1555 984 1597 .·
1016 1533 1123 1597 sed
1164 1536 1562 1597 crementum
1607 1531 1813 1595 aetatis

283 1641 548 1721 sequitur
578 1646 980 1706 crementum
1009 1642 1197 1706 molis
1228 1665 1243 1705 :
1275 1660 1457 1724 ergo,
1486 1645 1609 1706 etc.

350 1746 521 1824 Item,
562 1749 730 1811 sicut
774 1752 945 1831 patet
985 1768 1064 1812 ex
1106 1748 1367 1813 historia
1412 1749 1807 1830 evangelica,

284 1850 549 1918 Christus
573 1855 805 1919 habuit
831 1857 1233 1920 necessitates
1268 1856 1609 1933 infantiles»,
1643 1856 1813 1920 unde

285 1965 338 2023 et
377 1961 637 2026 lactatus
680 1963 804 2026 fuit
849 1981 888 2025 a
936 1967 1140 2026 matre
1182 1985 1197 2026 t
1248 1963 1372 2027 hoc
1417 1968 1633 2027 autem
1682 1982 1813 2027 non

287 2074 455 2144 oeset,
504 2068 625 2132 nisi
672 2069 985 2151 parvulus
1032 2070 1250 2133 fuisset
1296 2069 1366 2134 in
1411 2070 1808 2153 quantitate:

287 2193 426 2256 ergo
465 2178 723 2241 videtur
762 2177 935 2259 quod
977 2179 1155 2259 prius
1189 2183 1473 2261 tempore
1518 2179 1708 2243 fuerit
1744 2178 1814 2242 in

288 2284 611 2363 quantitate
637 2285 909 2363 modica,
939 2304 1139 2367 quam
1168 2286 1463 2368 perfecta.

361 2391 506 2456 Item
527 2398 958 2475 augmentum
982 2394 1275 2475 sequitur
1298 2394 1767 2457 nutrimentum
1792 2415 1807 2457 t

293 2499 387 2563 sed
415 2520 640 2583 corpus
666 2500 895 2564 Christi
924 2502 1235 2579 alebatur,
1266 2501 1429 2566 sicut
1454 2520 1685 2584 corpus
1719 2501 1814 2564 al-

293 2608 467 2672 terius
511 2609 832 2686 hominis,
867 2610 1221 2673 successive
1259 2628 1276 2672 ι
1311 2628 1469 2691 ergo
1525 2610 1817 2674 similiter

297 2712 521 2779 videtur
542 2716 714 2797 quod
741 2716 1106 2796 augebatur
1131 2716 1439 2799 paulatim
1468 2721 1533 2780 et
1558 2735 1812 2781 succes-

299 2837 432 2884 sive.

367 2927 507 2993 ltem
534 2930 822 2994 Christus
846 2931 1186 3013 assumpsit
1211 2935 1511 2996 naturam
1539 2932 1816 3014 passibi-

299 3031 408 3097 lem
439 3041 498 3099 et
524 3037 858 3100 mortalem
889 3055 907 3099 :
944 3036 1051 3100 sed
1081 3036 1224 3099 talis
1252 3041 1345 3101 est
1378 3043 1611 3102 natura
1638 3056 1817 3102 mor-

301 3141 445 3222 talis,
485 3144 649 3228 quod
696 3149 810 3209 aut
860 3143 1192 3224 decrescit,
1235 3149 1348 3209 aut
1396 3146 1648 3225 crescit,
1704 3150 1819 3209 aut

303 3253 550 3331 proficit,
591 3259 705 3318 aut
743 3253 955 3317 deficit
987 3275 1001 3317 ε
1043 3254 1156 3318 vix
1193 3254 1399 3331 enim,
1448 3254 1603 3318 aut⁸
1641 3271 1817 3319 nun-

307 3374 471 3438 quam
500 3363 571 3426 in
611 3361 825 3428 eodem
863 3368 1039 3428 statu
1071 3368 1436 3442 permanet,
1478 3367 1552 3426 ut
1585 3363 1820 3426 dicitur

308 3463 364 3528 in
388 3467 487 3532 Job
511 3489 533 3529 .·
561 3487 717 3551 ergo
756 3469 813 3532 si
842 3487 971 3533 non
1002 3470 1395 3551 competebat
1420 3469 1667 3534 Christo
1705 3471 1812 3534 de-

310 3588 581 3652 crescere,
626 3576 882 3640 videtur
921 3575 1093 3658 quod
1130 3576 1323 3641 talem
1364 3583 1665 3641 naturam
1711 3596 1819 3640 as-

309 3681 564 3762 sumpsit,
599 3682 774 3765 quod
806 3701 1057 3766 semper
1093 3682 1158 3746 in
1195 3684 1318 3748 hac
1341 3684 1473 3748 vita
1505 3688 1820 3767 quantum

311 3784 378 3847 ad
418 3805 625 3871 corpus
666 3790 1002 3872 profecerit
1046 3812 1061 3852 ε
1113 3808 1272 3872 ergo
1316 3809 1431 3873 per
1472 3791 1820 3856 successio-

311 3908 440 3957 nem
475 3900 828 3981 temporum
877 3897 958 3962 ad
1005 3898 1348 3980 perfectam
1398 3899 1820 3981 quantitatem

315 4006 585 4082 pervenit.

381 4109 489 4175 Sed
525 4117 741 4178 contra
771 4135 787 4176 z
825 4120 889 4178 1.
929 4112 1206 4179 ‘Mulier
1250 4113 1674 4181 circumdabit
1711 4118 1819 4182 vi-

318 4230 476 4283 rum:
495 4221 605 4286 hoc
632 4221 1015 4302 intelligitur
1041 4220 1119 4285 de
1148 4218 1416 4300 Christo,
1447 4226 1509 4284 et
1536 4221 1612 4285 de
1637 4222 1823 4286 beata

319 4319 583 4407 Virgine:
609 4330 717 4394 sed
742 4329 961 4394 virum
990 4328 1372 4393 circumdari
1401 4328 1469 4391 in
1495 4333 1700 4404 utem,
1729 4331 1823 4393 est

323 4429 381 4493 in
404 4440 563 4501 utero
597 4437 906 4502 contineri
938 4457 954 4500 t
985 4435 1066 4499 ad
1095 4437 1315 4503 virum
1342 4441 1560 4501 autem
1587 4441 1822 4520 spectat

326 4556 519 4624 corpus
536 4546 824 4627 perfectae
850 4543 1219 4626 quantitatis
1241 4543 1475 4608 habere
1501 4563 1517 4605 t
1549 4561 1706 4625 ergo
1731 4544 1824 4609 vi-

325 4645 478 4714 detur
506 4655 665 4735 quod
696 4670 930 4735 corpus
967 4649 1197 4716 Christi
1229 4650 1296 4714 in
1323 4655 1507 4716 utero
1542 4649 1822 4732 Virginis

322 4752 480 4822 fuerit
501 4759 842 4824 secundum
874 4758 1213 4841 perfectam
1237 4760 1659 4842 quantitatem
1692 4776 1823 4822 mo-

319 4858 419 4927 lis:
440 4884 556 4930 non
577 4887 730 4949 ergo
752 4867 832 4931 ad
862 4865 1316 4948 perfectionem
1344 4866 1518 4932 venit
1546 4884 1660 4949 per
1686 4884 1823 4930 suc-

322 4970 623 5038 cessionem
647 4973 979 5058 temporis.
1017 5041 1029 5053 ,

389 5079 439 5140 2.
466 5080 606 5145 Item
636 5084 760 5148 hoc
791 5083 1007 5165 ipsum
1041 5079 1294 5145 videtur
1324 5097 1436 5163 per
1468 5081 1613 5160 hoc,
1649 5080 1824 5162 quod

324 5187 568 5266 sequitur
599 5192 667 5255 in
708 5191 934 5256 eadem
974 5188 1349 5253 auctoritate
1381 5188 1677 5255 :Novum
1712 5190 1822 5270 fa-

324 5292 426 5359 ciet
457 5297 738 5370 Dominus
769 5305 1228 5385 superterram
1251 5317 1277 5361 .·
1311 5296 1423 5361 sed
1457 5314 1703 5362 novum
1729 5301 1825 5359 est

383 5452 484 5516 'Cfl
521 5460 650 5513 Alex.
682 5463 877 5526 Alens„
918 5475 972 5526 p.
1019 5462 1100 5522 ΙΙΙ,
1134 5472 1188 5523 q.
1239 5468 1312 5521 ix,
1341 5457 1529 5507 memb.
1561 5457 1607 5521 ⁴5
1644 5457 1820 5521 Steph.

335 5520 509 5594 Eruet,
535 5535 590 5582 ΙΙΙ
622 5536 778 5597 Seni„
805 5535 918 5584 dist.
957 5543 1050 5591 m,
1080 5546 1132 5595 q.
1165 5541 1253 5592 1v3
1289 5528 1602 5593 Guglielmus
1640 5529 1821 5592 Voril„

1911 664 2091 745 illud,
2123 667 2308 749 quus
2341 665 2546 731 simile
2584 684 2715 730 non
2748 668 3067 750 praecessit
3095 691 3111 734 ι
3152 670 3259 735 sed
3287 672 3459 754 quod

1912 773 2148 838 mulier
2170 773 2239 837 in
2261 777 2446 839 utero
2468 773 2698 838 habeat
2719 792 2996 857 puerum
3022 794 3237 860 parvae
3259 797 3460 862 quan-

1913 883 2141 961 titatis,
2185 882 2307 946 hoc
2350 900 2482 947 non
2523 887 2618 946 est
2661 900 2903 948 novum
2941 903 2958 950 ε
3001 903 3161 968 ergo
3204 886 3462 953 videtur

1914 991 2085 1074 quod
2131 990 2414 1055 Christus
2456 990 2672 1054 statim
2720 991 2842 1055 fuit
2884 993 2963 1055 ad
3008 994 3461 1075 perfectionem

1915 1098 2287 1182 quantitatis
2312 1099 2677 1182 perductus,
2705 1117 2789 1164 ex
2810 1117 2941 1183 quo
2967 1099 3046 1166 de
3073 1100 3339 1184 Virgine
3369 1107 3463 1168 est

1916 1210 2282 1288 conceptus.

1998 1318 2058 1377 3.
2094 1313 2247 1378 Item
2287 1314 2506 1379 divina
2544 1314 2751 1380 virtus
2785 1332 3041 1380 summa
3078 1318 3173 1379 est
3213 1319 3277 1380 et
3316 1333 3463 1398 per-

1917 1421 2077 1485 fecta
2109 1440 2126 1485 2
2156 1422 2311 1503 quia
2346 1441 2622 1499 summa,
2659 1426 2808 1486 nata
2843 1427 2938 1487 est
2970 1424 3219 1506 operari
3254 1424 3464 1488 subito

1917 1528 2067 1592 etin
2092 1528 2384 1607 instanti;
2412 1528 2563 1611 quia
2589 1528 2885 1611 perfecta,
2911 1534 3059 1592 nata
3081 1533 3176 1592 est
3195 1529 3464 1594 educere

1919 1635 2352 1716 operationem
2406 1635 2767 1717 perfectam.
2830 1634 2896 1700 Si
2956 1651 3115 1716 ergo
3168 1634 3465 1700 formatio

1919 1741 2202 1825 corporis
2243 1740 2474 1806 Christi
2517 1742 2637 1806 fuit
2671 1761 2710 1806 a
2751 1742 2987 1806 virtute
3026 1742 3327 1821 increata,
3364 1741 3460 1805 vi-

1918 1849 2109 1914 detur
2145 1849 2317 1933 quod
2355 1849 2423 1913 in
2464 1849 2723 1914 instanti
2769 1848 3196 1932 conceptionis
3234 1867 3467 1933 corpus

1918 1955 2075 2029 illud
2115 1957 2419 2020 eductum
2457 1957 2648 2020 fuerit
2679 1957 2745 2020 in
2780 1956 3131 2040 quantitate
3168 1956 3462 2039 perfecta.

2000 2069 2060 2128 4.
2094 2063 2274 2143 Item,
2312 2064 2475 2129 sicut
2508 2064 2723 2127 anima
2759 2065 3100 2145 conjuncta
3134 2066 3230 2127 est
3257 2062 3467 2127 Verbo

1918 2172 1986 2235 in
2009 2172 2254 2235 unitate
2278 2188 2564 2254 personas
2583 2171 2970 2249 immediate,
2998 2171 3085 2234 ita
3108 2174 3173 2235 et
3193 2188 3461 2252 corpus:

1919 2279 2025 2342 sed
2059 2281 2297 2358 anima,
2328 2279 2541 2342 statim
2583 2278 2840 2361 quando
2875 2279 3058 2342 unita
3100 2278 3223 2342 fuit
3260 2277 3469 2344 Verbo

1926 2385 2054 2463 Dei,
2081 2387 2356 2468 perfecta
2380 2384 2503 2449 fuit
2528 2385 2595 2448 in
2625 2385 2863 2448 virtute
2888 2389 2951 2448 et
2976 2384 3238 2448 scientia
3266 2405 3280 2447 ε
3310 2402 3469 2466 ergo

1921 2498 1983 2559 et
2004 2492 2144 2576 pari
2162 2494 2406 2557 ratione
2425 2511 2657 2574 corpus
2676 2492 2744 2555 in
2763 2493 3117 2576 quantitate
3135 2496 3199 2555 et
3217 2492 3429 2574 figura
3448 2514 3463 2555 :

1920 2620 2050 2667 non
2107 2620 2265 2683 ergo
2318 2601 2572 2665 videtur
2616 2601 2787 2684 quod
2837 2620 2952 2684 per
3008 2600 3469 2665 successionem

1920 2710 2227 2792 temporis
2248 2708 2566 2793 quantitas
2586 2709 2870 2791 corporis
2900 2707 3125 2773 Christi
3150 2709 3468 2789 quantum

1920 2816 1999 2881 ad
2060 2816 2481 2898 quantitatem
2533 2814 2722 2878 molis
2768 2816 2847 2881 ad
2897 2814 3346 2898 perfectionem
3389 2812 3472 2877 sit

1921 2923 2215 2989 deducta.

2467 3163 2918 3234 CONCLUSlO.

1925 3325 2125 3396 Corpus
2179 3322 2382 3379 Christi
2433 3321 2509 3377 ad
2547 3323 2847 3394 perfectam
2891 3321 3226 3391 quantitatis
3277 3318 3473 3375 molem

1959 3428 2184 3485 ωηατ-ιω
2202 3428 2301 3486 per
2329 3416 2580 3485 temporis
2610 3413 2979 3469 messionem
2998 3407 3277 3466 deductum
3303 3410 3438 3476 ruit.

2006 3577 2192 3662 Resp.
2250 3578 2328 3641 ad
2387 3579 2546 3660 Arg.
2605 3576 2951 3641 Dicendum
3006 3571 3180 3656 quod
3246 3589 3478 3653 corpus
3550 3603 3559 3614 ·

1927 3684 2156 3752 Christi
2200 3689 2512 3768 quantum
2564 3684 2643 3747 ad
2697 3681 3117 3766 quantitatem
3163 3677 3351 3743 molis
3395 3677 3475 3743 ad

1924 3794 2377 3877 perfectionem
2421 3791 2765 3855 deductum
2821 3791 2917 3852 est
2956 3805 3072 3870 per
3123 3784 3474 3851 successio·

1926 3918 2076 3963 nem
2104 3900 2427 3981 temporis.
2466 3897 2544 3963 Et
2571 3897 2732 3961 ratio
2766 3897 2969 3978 hujus
2994 3897 3109 3974 est,
3142 3893 3293 3977 quia
3320 3911 3472 3974 per-

1927 4007 2112 4071 fectio
2150 4005 2521 4090 quantitatis
2560 4004 2731 4067 illius
2773 4001 3055 4085 corporis
3089 4000 3210 4065 fuit
3247 4017 3471 4082 opera«

1925 4114 2099 4178 tione
2137 4118 2421 4192 naturae‚
2466 4114 2656 4195 cujus
2698 4115 2793 4175 est
2833 4108 3079 4192 operari
3121 4105 3473 4171 secundum

1926 4221 2388 4286 successionem
2416 4220 2740 4302 temporis.
2779 4219 2845 4282 Si
2874 4220 3091 4281 autem
3118 4217 3469 4296 quaeratur,

1927 4330 2098 4394 unde
2120 4330 2405 4411 estquod
2427 4327 2590 4392 Deus
2613 4344 2842 4408 corpus
2865 4323 3021 4388 illud
3044 4321 3123 4387 ad
3148 4320 3475 4404 perfectio-

1927 4456 2080 4502 nem
2117 4438 2321 4501 voluit
2355 4435 2580 4500 deduci
2615 4433 2933 4497 mediante
2963 4433 3212 4495 naturae
3243 4446 3473 4510 opera-

1926 4545 2120 4621 tione,
2160 4543 2500 4608 dicendum
2531 4539 2703 4623 quod
2737 4540 2859 4602 hoc
2901 4537 3045 4602 fecit
3084 4536 3249 4600 Deus
3288 4536 3473 4601 valde

1927 4669 2238 4734 congrue.
2279 4649 2413 4713 Hoc
2446 4648 2621 4713 enim
2659 4646 2954 4729 quamvis
2989 4644 3113 4708 alio
3151 4644 3343 4707 modo
3378 4645 3469 4708 fa-

1927 4777 2068 4823 cere
2097 4763 2327 4841 posset,
2354 4757 2442 4819 sic
2464 4760 2677 4818 tamen
2702 4753 2846 4817 fecit
2867 4752 2942 4815 ad
2969 4751 3470 4815 confirmandam
3509 4741 3705 4846 gmffi.

1927 4868 2075 4932 ndei
2108 4868 2438 4931 veritatem
2467 4867 2531 4927 et
2555 4864 2633 4927 ad
2662 4859 3233 4925 commendandam
3259 4859 3472 4923 humi·
3527 4852 3701 4908 “¹⁹¹0“-

1926 4975 2118 5039 litatis
2164 4974 2505 5050 virtutem,
2555 4974 2619 5033 et
2656 4968 2735 5032 ad
2777 4966 3274 5036 conservandam
3317 4968 3475 5030 uni-

1927 5080 2243 5146 versitatis
2278 5080 2511 5159 legem.
2553 5076 2626 5139 ln
2664 5075 2786 5137 hoc
2831 5072 3005 5134 enim
3053 5070 3197 5133 ndei
3245 5072 3476 5135 veritas

1929 5189 2368 5264 confirmatur,
2412 5184 2565 5246 dum
2604 5180 2937 5245 manifeste
2975 5179 3333 5242 ostenditur
3366 5196 3480 5261 per

1929 5293 2479 5359 conservationem
2522 5289 2871 5366 diutinam,
2917 5290 2981 5351 et
3024 5286 3301 5350 similem
3341 5304 3480 5350 mo-

1935 5457 1997 5506 ΙΙΙ
2026 5454 2186 5517 Sena,
2213 5452 2327 5503 dist.
2353 5463 2444 5510 ιη,
2490 5464 2541 5516 q.
2576 5461 2741 5501 111.—
2761 5446 2927 5510 'Luc.‚
2952 5459 3010 5511 ιι,
3042 5450 3116 5510 to,
3139 5450 3218 5498 52.
3240 5473 3299 5485 —
3330 5449 3348 5476 ³
3370 5444 3480 5510 lob,

1931 5540 2039 5586 ιιν,
2069 5530 2118 5577 2.
2141 5551 2200 5563 —
2217 5524 2239 5559 δ
2263 5526 2463 5584 let-ern„
2496 5524 2734 5586 xxxma
