4185 6288
1131 463 1323 530 nls‘r.
1367 462 1477 530 111.
1526 461 1760 529 PART.
1805 463 1853 528 1.
1896 461 2080 529 ΛΒΤ.
2128 463 2207 530 11.
2252 463 2552 543 QUAEST.
2601 465 2679 531 11.
3428 472 3501 532 71

305 602 563 667 aliorum
605 600 1007 667 assimilatur
1052 599 1227 665 carni
1274 597 1549 663 aliorum
1606 614 1847 681 paren-

306 713 464 786 tum,
485 709 751 773 videtur
775 707 957 791 quod
982 703 1255 789 Spiritus
1281 707 1541 770 sanctus
1571 702 1850 769 secundo

304 832 484 897 super
510 833 663 880 eam
687 814 1043 880 adveniens
1085 828 1346 897 prorsus
1383 809 1728 876 extinxerit
1753 810 1852 875 to·

131 941 271 998 nan.
305 923 538 988 mitem.
571 921 654 987 Et
696 923 790 986 ita
833 919 1136 1004 praedicta
1173 918 1389 1002 opinio
1418 934 1554 983 non
1594 916 1853 983 videtur

303 1028 530 1094 habere
556 1027 1101 1112 probabilitatem.
1134 1024 1465 1091 Secundus
1491 1022 1721 1089 modus
1751 1022 1852 1088 di-

304 1136 1102 1220 cendiest,quodtamin
1145 1135 1608 1218 prima,quam
1650 1133 1853 1199 inse-

303 1247 508 1312 cunda
546 1244 1045 1311 sanctificatione
1087 1243 1380 1308 fueritin
1409 1260 1487 1307 ea
1537 1240 1854 1306 extinctus

305 1355 525 1433 fomffl,
551 1353 665 1418 sed
692 1352 901 1432 aliter,
932 1356 994 1416 et
1021 1350 1223 1415 aliter.
1247 1349 1321 1414 In
1347 1350 1554 1432 prima
1577 1364 1853 1430 namque

306 1462 622 1526 extinctus
663 1460 789 1524 fuit
837 1459 906 1523 in
957 1461 1277 1540 quantum
1330 1456 1592 1539 respicit
1635 1472 1857 1539 perso-

307 1588 492 1649 nam3
523 1569 596 1633 in
621 1568 925 1645 secunda,
943 1566 1013 1631 in
1039 1569 1360 1649 quantum
1379 1564 1637 1648 respicit
1653 1568 1853 1628 natu-

308 1695 467 1741 ram.
498 1676 573 1741 In
599 1676 809 1760 prima
833 1692 993 1757 ergo
1021 1673 1516 1739 sanctificatione
1547 1672 1856 1737 mundata

312 1784 450 1863 fuit,
486 1789 562 1847 ut
587 1800 928 1865 nunquam
955 1784 1277 1865 peccaret3
1309 1780 1378 1845 in
1405 1778 1685 1844 secunda
1700 1795 1855 1844 vero

315 1890 694 1954 sanctificata
719 1889 868 1968 suit,
899 1893 975 1953 ut
1002 1905 1272 1971 germen
1301 1886 1425 1970 piae
1453 1885 1650 1970 prolis
1675 1884 1858 1952 emit-

319 2000 474 2061 teret
518 1997 654 2063 sine
699 2000 977 2080 peccate,
1021 2013 1154 2060 non
1195 1994 1408 2059 solum
1450 1993 1706 2072 actuali,
1748 1992 1858 2057 sed

323 2105 505 2168 etiam
528 2104 787 2169 veniali.
809 2103 882 2167 In
906 2102 1116 2187 prima
1142 2103 1336 2167 etiam
1366 2100 1859 2165 sanctificatione

329 2212 627 2276 extinctus
653 2212 774 2276 fuit
799 2213 1002 2276 fomes
1027 2211 1097 2274 in
1131 2212 1449 2294 quantum
1476 2208 1682 2274 reddit
1707 2225 1856 2292 pro-

336 2336 482 2383 num
520 2320 594 2384 ad
637 2320 923 2398 malum;
967 2318 1037 2383 in
1077 2318 1378 2393 secunda,
1426 2315 1499 2380 in
1541 2318 1859 2398 quantum

163 2458 321 2515 hm„
345 2424 636 2491 difficilem
682 2428 762 2492 ad
805 2426 1074 2491 bonum.
1107 2424 1232 2489 Sed
1265 2423 1423 2488 illud
1467 2421 1721 2487 dissscile
1765 2426 1862 2485 est

349 2531 697 2616 intelligere,
725 2533 881 2617 quia
929 2551 1077 2598 cum
1116 2532 1241 2597 hoc
1281 2531 1420 2614 ipso
1461 2528 1633 2612 quod
1674 2527 1860 2611 proni

350 2658 546 2705 sumus
588 2642 670 2705 ad
707 2640 991 2717 malum,
1035 2636 1321 2703 difficiles
1358 2654 1585 2701 sumus
1629 2635 1709 2700 ad
1753 2635 1861 2699 bo—

353 2764 515 2826 num;
540 2746 860 2831 quomodo
884 2744 1182 2826 extingui
1208 2747 1411 2826 potest
1434 2746 1751 2825 quantum
1779 2740 1860 2806 ad

353 2856 692 2934 pronitatem
711 2854 793 2917 ad
816 2853 1088 2932 malum,
1108 2852 1246 2935 ipso
1271 2853 1642 2915 remanente
1663 2865 1863 2933 quan-

355 2964 472 3025 tum
511 2962 585 3026 ad
646 2961 1088 3027 difficultatem
1148 2958 1225 3024 ad
1267 2959 1510 3023 bonum
1534 2959 1567 3021 Ἰ
1619 2957 1863 3022 Rursus

362 3069 590 3151 qualiter
617 3073 825 3154 potoet
866 3067 1143 3150 intelligi
1164 3115 1183 3149 ,
1212 3066 1384 3150 quod
1425 3066 1627 3129 fomes
1667 3065 1864 3149 possit

358 3178 611 3260 extingui
651 3180 724 3242 in
751 3181 1070 3261 quantum
1106 3174 1363 3257 respicit
1395 3192 1768 3258 personam,
1800 3176 1864 3238 et

359 3302 466 3348 non
487 3286 563 3350 sit
585 3286 904 3351 extinctus
932 3284 1004 3348 in
1038 3287 1353 3366 quantum
1379 3280 1636 3364 respicit
1666 3285 1863 3345 natu-

361 3408 495 3473 ram,
536 3410 681 3456 cum
724 3390 816 3454 ibi
866 3390 957 3453 sit
991 3408 1163 3453 unus
1205 3389 1430 3467 fomes,
1477 3386 1568 3452 sic
1606 3387 1866 3453 diversi-

363 3500 518 3564 mode
559 3502 985 3583 comparatus,
1015 3502 1079 3561 et
1115 3495 1421 3560 extinctio
1459 3494 1627 3561 dicat
1664 3494 1867 3576 ipsius

364 3606 563 3672 fomitis
585 3606 1074 3673 eradicationem
1094 3604 1126 3668 ἲ
1151 3600 1295 3669 Non
1333 3601 1587 3668 videtur
1624 3620 1863 3685 usque-

365 3730 582 3798 quaque
623 3711 1030 3795 intelligibile
1069 3709 1393 3795 quomodo
1426 3711 1626 3775 tomes
1650 3709 1864 3774 extin-

367 3825 572 3901 guatur
606 3822 672 3886 in
714 3823 926 3905 prima
971 3818 1466 3885 sanctificatione
1481 3866 1501 3899 ,
1549 3821 1615 3882 et
1653 3821 1868 3882 tamen

367 3927 745 3994 nihilominus
781 3929 1112 3993 remaneat
1147 3929 1439 4009 respectu
1475 3924 1671 4009 prolis
1713 3942 1869 4008 pro-

366 4038 660 4117 pagaudae.
710 4037 778 4103 Si
825 4036 1001 4101 enim
1040 4034 1483 4116 extinguitur,
1526 4051 1661 4098 non
1709 4050 1869 4115 ergo

366 4149 615 4209 remanet
654 4145 876 4228 aliquo
914 4143 1147 4221 modo;
1181 4142 1304 4206 nisi
1333 4142 1478 4224 quis
1517 4142 1677 4207 forte
1705 4142 1870 4206 acci-

368 4249 477 4331 piat
498 4252 944 4316 extinctionem
967 4250 1152 4332 largo
1177 4250 1367 4315 modo
1406 4267 1523 4333 pro
1553 4249 1873 4313 ablatione

370 4360 753 4428 inclinationis
789 4363 871 4427 ad
896 4362 1144 4428 malum
1170 4366 1460 4445 respectu
1485 4378 1774 4444 personae
1804 4360 1872 4426 in

368 4487 476 4552 qua
497 4477 624 4536 est:
655 4475 720 4536 et
747 4472 837 4534 ita
857 4469 1140 4534 fortassis
1169 4467 1550 4551 intelligitur
1574 4469 1876 4552 praedicta

370 4577 582 4658 positio,
608 4596 804 4661 quam
832 4578 984 4641 satis
1009 4575 1402 4659 probabilem
1429 4580 1495 4640 et
1532 4575 1876 4640 rationabi-

371 4681 475 4749 lem
493 4684 692 4764 cred0.
721 4685 978 4752 Tertius
1001 4687 1217 4749 autem
1236 4689 1333 4748 est
1358 4684 1587 4749 modus
1604 4683 1874 4766 dicendi,

374 4790 623 4860 videlicet
646 4794 822 4879 quod
857 4793 928 4856 in
971 4791 1183 4875 prima
1223 4790 1718 4856 sanctificatione
1757 4791 1882 4856 tuit

372 4897 542 4966 fomes
582 4904 649 4967 in
701 4899 973 4982 Virgine
1024 4897 1421 4981 consopitus;
1478 4897 1547 4961 in
1603 4897 1884 4962 secunda

372 5009 649 5076 extinctus
671 5015 734 5076 et
763 5006 1147 5073 eradicatus,
1178 5005 1406 5070 Fomes
1432 5004 1606 5071 enim
1633 5005 1883 5070 radica-

369 5117 460 5181 tur
479 5119 540 5182 in
565 5137 786 5194 carne,
818 5119 886 5180 et
910 5111 1194 5178 ascendit
1218 5131 1421 5194 usque
1464 5112 1545 5177 ad
1578 5117 1882 5178 mentem.

366 5220 426 5289 In
459 5228 650 5311 prima
689 5221 1197 5293 sanctificatione
1233 5220 1486 5303 Virgini
1527 5221 1752 5286 collata
1794 5227 1889 5287 est

363 5335 512 5400 tanta
547 5337 757 5419 gratia
803 5326 1214 5417 perfectionis
1229 5377 1249 5408 ,
1291 5328 1464 5411 quod
1505 5327 1891 5393 redundaret

1961 598 2029 662 in
2052 599 2195 681 ejus
2213 600 2684 665 sensualitatem
2701 601 2769 665 in
2787 605 2965 665 tanta
2978 599 3421 681 redundantia,
3433 604 3510 667 ut
3558 595 3562 599 ’

1956 705 2248 770 fomitem
2286 705 2444 772 adeo
2489 708 2900 791 reprimeret,
2930 707 3102 789 quod
3128 708 3379 772 nullum
3410 709 3509 773 es·-

1958 813 2194 877 fectum
2226 814 2305 877 ad
2333 814 2725 879 incitandum
2752 813 3096 897 aliquando
3122 812 3405 879 haberet.
3437 813 3509 879 In

1957 920 2238 985 secunda
2264 925 2482 986 autem
2505 920 3023 999 sanctificatione,
3055 919 3119 984 in
3148 939 3276 1003 qua
3306 920 3509 1005 Spiri-

1958 1030 2064 1091 tus
2102 1032 2358 1093 sanctus
2394 1047 2526 1092 non
2570 1032 2819 1092 tantum
2859 1026 3177 1092 descendit
3223 1027 3290 1091 in
3331 1047 3511 1094 men-

1959 1136 2114 1214 tem,
2147 1134 2256 1199 sed
2298 1135 2493 1199 etiam
2521 1134 2879 1221 incarnem
2900 1180 2918 1211 ,
2946 1137 3013 1198 et
3034 1133 3111 1199 de
3138 1153 3328 1199 carne
3355 1154 3509 1219 ope-

1959 1245 2140 1305 ratus
2198 1245 2293 1307 est
2358 1241 2436 1306 de
2494 1230 2571 1306 ea
2624 1241 3001 1306 mirabiliter
3061 1258 3320 1305 carnem
3370 1242 3509 1308 sine

1961 1350 2212 1414 macula
2255 1349 2642 1429 fabricand0‚
2690 1349 2947 1433 reliquit
2991 1349 3193 1432 ipsius
3250 1367 3508 1416 carnem

1960 1454 2465 1536 immaculatam,
2494 1456 2870 1540 extirpando
2895 1474 2979 1520 ex
3006 1474 3085 1520 ea
3106 1461 3171 1521 et
3197 1455 3506 1537 fomitem,

1961 1566 2027 1628 et
2059 1581 2320 1628 omnem
2365 1562 2940 1645 concupiscentiam
2975 1584 2991 1627 ε
3026 1566 3088 1628 et
3130 1563 3254 1628 hoc
3282 1568 3511 1629 sonant

1960 1672 2163 1737 verba
2204 1671 2510 1736 Bernardi
2555 1675 2619 1736 et
2661 1671 2971 1754 Magistri,
3012 1676 3076 1737 et
3114 1671 3507 1753 Damasceni‚

1962 1785 2128 1849 sicut
2172 1787 2345 1866 patet
2392 1782 2462 1846 in
2507 1781 2985 1847 auctoritatibus
3026 1782 3093 1846 in
3132 1783 3511 1866 opponendo

1963 1891 2216 1956 habitis.
2267 1889 2444 1955 Unde
2490 1891 2761 1955 rationes
2807 1891 3178 1973 probantes,
3224 1892 3397 1974 quod
3440 1891 3513 1956 in

1964 1997 2174 2081 prima
2196 1998 2688 2063 sanctificatione
2717 2016 2849 2061 non
2867 1980 2998 2062 'fuit
3021 1998 3223 2063 tomes
3248 1998 3512 2065 omnino

1965 2105 2306 2181 extinctuS‚
2339 2104 2755 2170 concedendae
2783 2108 2958 2170 sunt.

2047 2220 2106 2277 1.
2136 2212 2238 2277 Ad
2282 2212 2441 2277 illud
2475 2211 2645 2295 quod
2691 2212 3074 2295 opponitur,
3104 2214 3279 2296 quod
3324 2213 3513 2296 virgo

1967 2319 2167 2385 Maria
2206 2321 2327 2385 suit
2357 2320 2566 2402 gratia
2594 2320 2783 2404 plena
2810 2320 2877 2384 in
2906 2319 3113 2403 prima
3154 2321 3512 2387 sanctifica-

1966 2428 2178 2509 tione,
2216 2429 2556 2493 dicendum
2600 2427 2774 2510 quod
2816 2427 2999 2492 aliter
3038 2427 3159 2491 suit
3212 2428 3401 2510 plena
3443 2428 3515 2494 in

1966 2536 2199 2620 prima,
2241 2535 2350 2602 sed
2391 2540 2451 2600 et
2500 2535 2684 2599 aliter
2727 2536 2796 2599 in
2843 2534 3144 2599 secunda.
3189 2534 3264 2599 In
3303 2535 3514 2617 prima

1967 2643 2088 2708 ruit
2133 2642 2319 2725 plena
2370 2640 2726 2705 secundum
2782 2640 2957 2723 quod
3011 2641 3385 2724 expediebat
3431 2641 3513 2707 ad

1968 2751 2310 2827 meritum;
2350 2749 2422 2813 in
2451 2748 2761 2827 secunda,
2797 2749 3149 2829 secundum
3189 2749 3362 2832 quod
3397 2767 3515 2815 ex-

1968 2857 2260 2941 pediebat
2301 2856 2382 2921 ad
2428 2854 2917 2937 concipiendum
2965 2855 3201 2920 Filium
3258 2856 3387 2921 Dei.
3437 2856 3517 2923 Et

1967 2965 2112 3031 ideo
2154 2963 2363 3048 prima
2419 2963 2831 3028 sanctificatio
2872 2963 3248 3047 respiciebat
3292 2965 3516 3048 Virgi-

1970 3091 2123 3138 nem
2178 3072 2530 3136 secundum
2589 3072 2913 3150 animam3
2956 3071 3236 3136 secunda
3295 3077 3515 3138 autem

1968 3180 2347 3265 respiciebat
2371 3179 2706 3261 Virginem
2729 3183 2950 3259 totam,
2971 3180 3325 3244 secundum
3344 3181 3518 3263 quod

1971 3288 2124 3353 dicit
2148 3285 2451 3368 Magister
2480 3306 2498 3350 ε
2531 3308 2562 3345 α
2580 3284 2844 3350 Mariam
2871 3304 3131 3368 quoque
3159 3289 3358 3351 totam
3381 3285 3519 3370 Spi-

1973 3394 2108 3459 ritu
2133 3398 2349 3458 sancto
2379 3392 2801 3476 praeveniens,
2828 3415 2860 3452 r>
2901 3397 3020 3457 etc.

2053 3507 2094 3566 2
2121 3507 2182 3566 et
2211 3507 2271 3566 3.
2300 3501 2400 3565 Ad
2427 3499 2587 3565 iuud
2610 3499 2781 3582 quod
2808 3499 3154 3582 opponitur
3184 3522 3199 3563 z
3241 3521 3273 3558 α
3294 3497 3521 3564 Fomes

1975 3608 2245 3691 impellit
2269 3607 2350 3673 ad
2374 3608 2810 3673 necessitatem
2841 3606 2920 3670 ad
2968 3604 3362 3689 peccandum
3397 3622 3520 3670 ve-

1975 3717 2250 3794 nialiter,
2279 3720 2343 3780 et
2368 3716 2447 3781 ad
2474 3715 2910 3781 difficultatem
2935 3713 3016 3779 ad
3044 3713 3314 3793 bonum,
3347 3734 3379 3774 n
3416 3714 3522 3778 di-

1976 3825 2254 3892 cendum
2279 3823 2453 3908 quod
2480 3823 2637 3888 illud
2667 3827 2760 3888 est
2787 3841 3018 3889 verum
3059 3822 3175 3887 ubi
3202 3828 3297 3887 est
3323 3824 3523 3889 fomes

1978 3934 2048 3997 in
2073 3933 2300 4014 vigore
2326 3948 2444 3995 suo
2463 3978 2483 4010 ,
2525 3929 2641 3993 ubi
2668 3929 2903 3993 scilicet
2930 3947 3061 3993 non
3086 3930 3461 4013 reprimitur
3484 3949 3525 3995 a

1980 4040 2192 4123 gratia
2217 4039 2518 4103 movente
2546 4035 2626 4101 ad
2658 4037 3053 4102 contrarium
3085 4058 3102 4102 ε
3132 4039 3196 4101 et
3225 4035 3367 4103 ideo
3392 4053 3528 4101 non

1981 4147 2207 4213 habuit
2236 4146 2450 4211 locum
2472 4144 2544 4209 in
2569 4142 2858 4226 Virgine,
2885 4144 2999 4209 ubi
3027 4144 3146 4210 fuit
3162 4144 3371 4226 gratia
3388 4161 3528 4226 per·

1983 4253 2145 4316 fecta
2174 4249 2598 4333 tranquillans
2624 4250 2766 4332 ejus
2787 4248 3073 4313 animam
3100 4253 3163 4313 et
3190 4247 3526 4331 potentias.

1985 4358 2064 4424 Et
2084 4357 2177 4422 sic
2200 4359 2373 4440 patet
2396 4355 2723 4440 responsio
2753 4355 2834 4419 ad
2857 4354 2966 4419 illa
2992 4356 3143 4420 duo.

2066 4471 2132 4531 4.
2164 4465 2263 4530 Ad
2291 4464 2448 4531 illud
2488 4464 2663 4548 quod
2701 4463 2998 4546 objicitur
3041 4464 3120 4528 de
3156 4461 3537 4547 perfectione

1990 4576 2245 4658 gratiae,
2296 4572 2636 4640 dicendum
2678 4571 2848 4656 quod
2878 4570 3087 4652 gratia
3112 4588 3262 4653 quae
3305 4569 3539 4634 directe

1991 4681 2246 4766 respicit
2274 4680 2557 4746 animam
2579 4728 2597 4758 ,
2627 4679 2866 4745 minuit
2899 4679 3184 4745 fomitem
3221 4680 3540 4762 quantum

1991 4788 2072 4854 ad
2102 4788 2603 4867 inclinationem,
2629 4788 2740 4852 sed
2765 4804 2897 4851 non
2922 4790 3172 4869 oportet
3196 4789 3270 4850 ut
3292 4786 3544 4850 minuat

1993 4903 2312 4984 quantum
2339 4896 2420 4961 ad
2446 4896 2724 4961 radicem
2756 4917 2773 4959 ε
2805 4899 2869 4959 et
2909 4895 3049 4959 ideo
3082 4912 3217 4958 non
3256 4893 3545 4975 sequitur

1995 5005 2169 5089 quod
2213 5022 2330 5091 per
2354 5002 2803 5087 perfectionem
2837 5001 3008 5065 illius
3036 5000 3264 5081 gratiae
3307 4997 3547 5064 fomitis

1997 5109 2505 5194 concupiscentia
2546 5108 2894 5184 evellatur,
2928 5107 3039 5170 sed
3070 5107 3280 5172 solum
3307 5111 3382 5171 ut
3407 5108 3547 5187 eJus

1997 5218 2325 5284 inclinatio
2358 5214 2764 5296 consopiatur
2795 5234 2809 5275 :
2838 5216 2902 5276 et
2933 5212 3056 5276 boc
3094 5212 3352 5295 quidem
3392 5231 3547 5277 con-

2000 5324 2353 5390 cedendum
2380 5324 2479 5386 est
2503 5323 2813 5404 tanquam
2850 5335 3102 5383 verum.
