4185 6288
1228 508 1423 576 msT.
1462 507 1598 575 vn.
1638 507 1819 575 ΛΒΤ.
1865 508 2286 590 11.·QUAES·1·.
2335 514 2384 580 1.

219 644 483 709 cundum
532 660 696 707 vero
737 641 1126 707 intellectum
1165 644 1360 709 hahet
1375 693 1393 723 ,
1426 645 1582 728 quia
1624 645 1761 710 des·

219 750 406 814 cendit
473 748 562 813 ab
634 751 779 813 actu
849 749 1094 814 dicente
1158 751 1625 816 ordinationem
1680 751 1761 815 ad

217 858 422 935 finem3
450 856 723 921 tertium
754 855 1143 921 intellectum
1168 857 1383 935 habet,
1412 859 1568 941 quia
1595 877 1764 923 com·

218 964 463 1045 ponitur
504 982 545 1027 a
596 963 1049 1046 praepositione
1095 964 1338 1029 dicente
1383 966 1763 1031 antecessio-

217 1089 372 1150 nem,
399 1071 646 1135 scilicet
676 1071 759 1151 (a)
789 1071 872 1134 ah
898 1072 1018 1136 hac
1047 1072 1493 1155 praepositione
1517 1073 1679 1139 Proe.
1712 1073 1762 1137 E

220 1186 419 1244 contra
458 1179 661 1244 mins
710 1179 817 1243 Dei
886 1179 1039 1243 dicit
1080 1179 1255 1244 illam
1303 1198 1638 1263 personam
1692 1184 1764 1244 ut

217 1305 458 1351 cansam
475 1336 494 1365 ,
543 1305 684 1351 non
712 1291 787 1351 ut
819 1287 1139 1351 effectum.
1183 1286 1342 1350 Dicit
1369 1286 1561 1351 etiam
1587 1287 1763 1350 illam

216 1413 538 1477 personam
582 1399 779 1477 prout
805 1393 1106 1475 competit
1136 1393 1229 1456 illi
1255 1393 1477 1457 filiatio
1506 1411 1620 1476 per
1645 1411 1764 1456 na-

214 1505 441 1577 turam,
483 1518 630 1565 non
659 1517 773 1583 per
809 1500 1037 1581 gratiae
1070 1500 1336 1564 donum.
1370 1499 1527 1564 Dicit
1569 1500 1763 1565 etiam

216 1608 372 1672 illam
401 1627 756 1691 personam
785 1612 858 1672 ut
894 1612 1224 1687 aeternam,
1256 1626 1388 1672 non
1416 1612 1491 1672 ut
1515 1608 1765 1673 haben-

217 1718 334 1779 tem
372 1716 644 1781 initium
676 1733 694 1779 t
724 1719 788 1780 et
814 1715 904 1778 sic
930 1734 1226 1798 expresse
1265 1719 1360 1780 εει
1390 1734 1761 1798 repugnan-

218 1824 295 1885 tia
317 1824 765 1889 intellectuum
795 1822 963 1886 inter
991 1823 1352 1905 subjectum
1379 1828 1442 1886 et
1471 1824 1767 1906 praedica·

218 1934 365 1995 tum.
414 1931 496 1997 Et
537 1936 750 2016 potoet
798 1932 920 1995 ista
956 1930 1387 2015 repugnantia
1422 1930 1642 1995 reduci
1686 1931 1766 1994 ad

221 2039 430 2121 triplex
466 2059 689 2121 genus
717 2039 1156 2121 oppositionis,
1189 2038 1485 2103 videlicet
1515 2044 1766 2105 contra-

224 2146 499 2213 dictionis
517 2199 535 2229 ,
614 2147 1075 2213 contrarietatis
1091 2194 1110 2224 ,
1174 2151 1239 2211 et
1298 2147 1643 2213 relationis.
1690 2148 1769 2214 Et

223 2261 461 2338 propter
506 2256 684 2322 hanc
728 2254 1039 2338 triplicem
1088 2255 1587 2337 repugnantiam
1634 2274 1768 2321 non

225 2363 556 2428 admittunt
604 2362 901 2444 magistri
947 2363 1316 2444 praedictam
1357 2362 1761 2428 locutionem.

226 2466 385 2533 Unde
428 2469 857 2535 concedenda>
900 2474 1054 2533 sunt
1093 2470 1372 2535 rationes
1413 2487 1562 2553 quae
1601 2471 1769 2535 flunt

228 2576 296 2639 ad
320 2582 567 2659 partem
604 2577 818 2642 istam.

302 2690 355 2749 l.
387 2686 483 2751 Ad
510 2686 675 2750 illud
716 2685 887 2768 quod
917 2684 1215 2767 objicitur
1240 2683 1309 2748 in
1338 2686 1765 2764 contrarium,

234 2793 451 2874 primo,
494 2793 676 2878 quod
726 2793 869 2857 haec
911 2792 1274 2856 conceditur
1309 2815 1324 2857 :
1365 2815 1395 2852 a
1423 2791 1621 2858 Filius
1658 2792 1769 2858 Dei

236 2900 555 2979 esthomo,
588 2924 623 2960 n
670 2900 1016 2967 dicendum
1042 2900 1215 2983 quod
1240 2918 1371 2965 non
1409 2904 1501 2965 est
1536 2900 1627 2963 ihi
1664 2918 1767 2965 re·

234 3009 573 3089 pugnantia
610 3007 1084 3086 intellectuum,
1115 3007 1249 3073 imo
1288 3006 1501 3090 potius
1544 3024 1770 3072 conso-

235 3116 465 3196 nantia3
492 3116 699 3183 homo
728 3116 904 3181 enim
933 3115 1223 3182 nominat
1255 3119 1555 3181 naturam
1584 3114 1771 3180 hahi-

235 3219 346 3286 lem
368 3225 444 3288 ad
470 3225 787 3289 unionem
824 3247 839 3288 :
872 3243 1006 3289 non
1028 3225 1118 3289 sic
1146 3229 1362 3289 autem
1387 3224 1508 3289 hoc
1538 3224 1772 3306 praedi-

237 3334 446 3410 catum,
472 3331 1013 3415 praedestinatum
1029 3351 1051 3392 .-
1067 3336 1131 3395 et
1157 3331 1299 3396 ideo
1324 3349 1456 3396 non
1481 3332 1773 3416 sequitur

239 3452 308 3500 ex
332 3437 471 3517 hoc,
499 3440 680 3522 quod
712 3440 788 3520 (b)
823 3438 1023 3504 Filius
1050 3439 1161 3504 Dei
1213 3443 1307 3503 est
1329 3440 1557 3517 hom0,
1600 3439 1770 3523 quod

237 3551 470 3629 propter
522 3548 646 3612 hoc
694 3548 775 3611 sit
813 3548 1178 3629 praescitus,
1208 3546 1313 3611 vel
1358 3546 1773 3631 praedestina-

238 3653 345 3733 tus,
359 3656 480 3720 nisi
504 3654 778 3719 addatur
792 3654 875 3732 ei,
901 3655 1294 3718 «secundum
1310 3653 1484 3737 quod
1500 3653 1717 3719 homo.
1732 3677 1763 3714 ιο

307 3766 361 3825 2.
384 3764 479 3829 Ad
516 3762 677 3827 illud
706 3762 877 3845 quod
906 3761 1240 3844 objicitur,
1270 3761 1441 3845 quod
1475 3779 1770 3825 commu-

242 3867 446 3936 nicatio
478 3870 869 3935 idiomatum
896 3873 990 3933 est
1028 3870 1096 3932 in
1130 3868 1462 3946 omnihus,
1496 3868 1774 3951 exceptis

245 3979 592 4043 nominibus
636 3977 944 4043 unionem
985 3975 1510 4058 importantibus,
1554 3975 1769 4039 dicen-

248 4080 378 4148 dum
416 4085 591 4169 quod
637 4103 771 4148 non
814 4082 1025 4148 solum
1065 4087 1217 4147 sunt
1255 4083 1362 4148 illa
1402 4082 1774 4165 excipienda

247 4193 523 4271 nomina3
554 4192 665 4255 sed
694 4190 886 4255 etiam
922 4190 1234 4254 vocabula
1260 4189 1396 4269 illa,
1428 4209 1509 4254 ex
1540 4190 1775 4273 quibus

249 4301 549 4383 consurgit
570 4298 1013 4363 intellectuum
1044 4298 1475 4380 repugnantia
1510 4319 1526 4361 ε
1558 4301 1622 4362 et
1647 4297 1771 4361 tale

248 4410 327 4468 est
356 4406 739 4472 vocabulum
782 4403 1386 4488 proedestinationis
1401 4453 1420 4485 ,
1464 4407 1528 4468 et
1566 4404 1776 4469 consi-

249 4513 432 4594 milia,
479 4516 644 4578 sicut
708 4513 943 4577 melius
997 4512 1507 4576 manifestabitur
1548 4513 1770 4593 intra¹,

246 4620 344 4685 uhi
382 4624 698 4706 quaeritur
746 4626 971 4686 utrum
999 4621 1138 4685 haec
1185 4619 1267 4683 sit
1307 4619 1709 4686 concedenda
1753 4643 1769 4686 ι

256 4749 283 4784 ε
301 4725 490 4795 Filius
512 4730 620 4794 Dei
649 4734 747 4794 est
775 4734 1088 4793 creatura.
1118 4750 1149 4787 ιο

319 4841 370 4900 3.
403 4840 493 4902 Ad
521 4838 683 4902 illud
705 4856 864 4903 vero
891 4837 1063 4920 quod
1091 4835 1412 4919 objicitur,
1445 4836 1616 4919 quod
1641 4853 1775 4900 ma-

251 4943 341 5022 gis
360 4950 679 5029 repugnat
702 4944 1051 5028 temporale
1076 4946 1340 5022 aeterno,
1369 4961 1567 5026 quam
1597 4946 1777 5008 aeter·

249 5067 393 5115 num
420 5059 658 5119 aeterno
681 5100 699 5130 ,
731 5052 1069 5116 dicendum
1098 5050 1269 5134 quod
1309 5067 1540 5114 verum
1568 5054 1664 5115 est
1699 5052 1777 5113 de

252 5175 318 5220 eo
355 5162 516 5241 quod
559 5164 655 5225 est
700 5177 861 5242 pure
899 5163 1258 5236 aeternum;
1311 5158 1394 5222 de
1436 5174 1514 5220 eo
1559 5160 1777 5221 autem

251 5265 405 5344 quod
432 5274 521 5331 est
545 5267 636 5331 sic
663 5271 999 5347 aeternum,
1018 5265 1192 5349 quod
1217 5264 1297 5329 de
1323 5281 1444 5328 suo
1470 5262 1777 5346 primario

251 5367 551 5440 intellectu
570 5374 720 5440 dicit
744 5380 807 5440 et
825 5374 1119 5441 nominat
1136 5372 1378 5457 aliquid
1400 5371 1773 5455 temporale,

310 5497 372 5561 (a)
397 5498 516 5550 cae.
537 5497 656 5550 «ιιιε.
685 5498 827 5552 sicut
844 5528 907 5540 -
922 5500 992 5567 (b)
1017 5500 1140 5551 uem
1162 5499 1279 5551 aad.
1310 5499 1371 5550 si.

599 5604 744 5654 rou.
780 5608 867 5656 iv.

3300 519 3417 584 ¹77

1873 665 2005 712 non
2048 648 2243 714 habet
2290 641 2623 715 &critatem
2642 699 2661 730 ,
2706 650 2986 715 maxime
3029 651 3285 734 quando
3326 652 3420 718 sic

1874 755 2176 838 importat
2200 756 2352 822 illud
2382 757 2752 840 temporale,
2773 759 2942 841 quod
2969 757 3203 824 directe
3226 759 3422 827 habet

1873 866 2334 949 oppositionem
2358 869 2438 933 ad
2463 873 2802 950 aeternum,
2824 869 2988 935 sicut
3014 875 3107 935 est
3132 870 3255 936 hoc
3281 889 3422 955 par·

1873 973 2184 1056 ticipium,
2216 975 2734 1058 praedestinante

1954 1085 2014 1145 4.
2059 1081 2158 1146 Ad
2201 1081 2357 1145 illud
2403 1082 2575 1167 quod
2617 1082 2915 1166 objicitur
2955 1084 3035 1148 de
3086 1084 3416 1164 missione,

1872 1189 2067 1272 quod,
2098 1190 2398 1272 quamvis
2422 1191 2503 1254 sit
2533 1190 2906 1273 temporale,
2935 1194 3146 1256 tamen
3190 1210 3421 1258 conce·

1873 1295 2047 1361 ditur
2071 1294 2271 1360 Filius
2303 1296 2409 1361 Dei
2437 1314 2573 1362 esse
2599 1297 2855 1374 missus,
2884 1297 3224 1364 dicendum
3250 1300 3422 1383 quod

1876 1420 2005 1467 non
2054 1406 2151 1467 est
2189 1402 2395 1467 simile
2414 1451 2432 1479 ,
2476 1403 2630 1487 quia
2676 1405 2792 1468 etsi
2840 1407 3021 1473 mitti
3063 1405 3228 1470 dicat
3268 1406 3424 1489 quid

1876 1508 2255 1591 temporale,
2289 1514 2502 1574 tamen
2541 1509 2697 1575 illud
2726 1512 3077 1595 temporale
3108 1530 3239 1578 non
3265 1513 3420 1577 dici·

1877 1621 1982 1680 tur
2008 1616 2160 1700 poni
2199 1617 2366 1683 circa
2390 1619 2679 1684 divinam
2718 1638 3092 1703 personam,
3122 1620 3230 1686 sed
3258 1621 3427 1686 circa

1875 1717 2112 1802 aliquid
2145 1724 2461 1800 creatum;
2496 1722 2662 1786 circa
2697 1741 2854 1788 vero
2891 1722 3178 1788 divinam
3207 1742 3427 1808 perso·

1876 1843 2029 1889 nam
2057 1827 2237 1909 ponit
2262 1828 2462 1893 solam
2490 1830 2981 1895 emanationem.
3013 1828 3136 1896 Sed
3157 1832 3428 1915 praedes-

1876 1933 2102 1998 tinatio
2128 1935 2295 1999 circa
2320 1935 2533 2018 ipsum
2562 1937 3083 2019 praedestinatum
3109 1932 3427 2021 triplicem

1877 2041 2056 2122 ponit
2113 2042 2503 2108 intellectum
2524 2091 2542 2123 ‚
2593 2044 2709 2127 qui
2765 2049 3087 2127 repugnat
3136 2063 3429 2129 personae

1877 2152 2136 2213 aeternae
2170 2172 2186 2213 :
2217 2155 2281 2214 et
2320 2150 2460 2215 ideo
2503 2150 2800 2234 quamvis
2835 2170 2989 2217 sane
3033 2158 3244 2236 posset
3282 2173 3431 2220 con-

1876 2255 2012 2320 cedi
2044 2278 2059 2322 ε
2106 2281 2137 2316 ιι
2162 2256 2365 2322 Filius
2403 2257 2513 2321 Dei
2539 2261 2635 2322 est
2674 2258 2942 2338 missus,
2970 2282 3003 2320 ιο
3039 2277 3172 2324 non
3216 2265 3432 2327 tamen

1876 2381 2030 2428 sane
2071 2368 2276 2448 potest
2314 2365 2573 2430 concedi
2607 2388 2622 2429 :
2666 2388 2698 2425 α
2740 2363 2942 2431 Filius
2987 2366 3099 2432 Dei
3126 2372 3225 2432 est
3256 2386 3430 2451 prae-

1879 2471 2252 2536 desfinatus.
2287 2495 2318 2531 n

1959 2584 2020 2644 5.
2062 2579 2164 2643 Ad
2205 2579 2367 2645 illud
2404 2580 2577 2663 quod
2622 2580 3002 2665 opponitur,
3049 2582 3221 2665 quod
3272 2581 3431 2650 Filio

1878 2686 1989 2752 Dei
2031 2692 2390 2771 praeparata
2439 2687 2560 2752 fuit
2606 2688 2818 2770 gratia
2865 2688 2935 2752 in
2982 2691 3284 2772 praesenti
3302 2738 3320 2768 ,
3368 2696 3432 2757 et

1878 2794 2084 2877 gloria
2110 2795 2180 2857 in
2205 2795 2446 2873 tuturo,
2474 2794 2816 2859 dicendum
2842 2795 3014 2877 quod
3043 2795 3161 2860 etsi
3187 2795 3431 2863 Christo

1879 2906 2236 2984 praeparata
2262 2901 2382 2966 fuit
2413 2901 2621 2982 gratia
2642 2901 2888 2967 ratione
2912 2901 3219 2968 humanae
3245 2907 3432 2968 natu-

1880 3026 1993 3087 rae,
2023 3025 2154 3073 non
2181 3013 2397 3073 tamen
2423 3007 2669 3074 ratione
2687 3007 2957 3087 divinae3
2988 3013 3052 3074 et
3078 3009 3243 3088 ideo,
3269 3011 3433 3076 sicut

1879 3116 2089 3199 prima
2108 3114 2343 3180 locutio
2368 3119 2669 3199 negatur,
2701 3134 2854 3181 cum
2881 3117 3114 3183 dicitur
3135 3140 3205 3184 «z
3232 3116 3433 3185 Filius

1880 3223 1991 3288 Dei
2022 3227 2118 3287 est
2143 3223 2627 3306 praedestinatus
2645 3270 2664 3300 ,
2694 3246 2725 3283 ιο
2767 3224 2891 3288 nisi
2926 3226 3196 3291 addatur
3221 3227 3428 3292 deter-

1879 3330 2150 3395 minatio
2169 3379 2187 3409 ,
2219 3330 2575 3394 secundum
2605 3349 2802 3414 quam
2820 3380 2840 3411 ,
2871 3337 2935 3397 et
2959 3334 3209 3399 ratione
3245 3338 3434 3418 cuius

1879 3438 2245 3503 attendatur
2284 3437 2421 3520 ipsa
2452 3437 2966 3520 praedestinati03
3007 3440 3098 3504 sic
3135 3442 3434 3522 neganda

1880 3550 1975 3609 est
2001 3545 2126 3610 alia
2152 3544 2388 3609 locutio
2402 3593 2421 3625 ,
2446 3544 2517 3608 in
2556 3564 2687 3628 qua
2722 3545 2986 3628 ponitur
3020 3545 3433 3629 praedestina-

1880 3652 2077 3716 tionis
2117 3651 2415 3716 diffinitio
2433 3699 2451 3729 ,
2483 3651 2610 3715 nisi
2651 3652 2923 3717 addatur
2958 3652 3100 3718 haec
3131 3645 3435 3721 determi-

1879 3760 2075 3838 natio,
2115 3783 2146 3818 α
2171 3757 2526 3823 secundum
2554 3759 2726 3842 quod
2751 3758 2970 3825 homo.
2998 3783 3030 3821 ιο
3508 3834 3517 3843 ,

1960 3873 2021 3930 6.
2052 3865 2149 3930 Ad
2178 3865 2334 3931 illud
2360 3883 2516 3930 vero
2542 3866 2718 3948 quod
2744 3867 3068 3949 objicitur,
3094 3870 3266 3953 quod
3292 3869 3434 3936 haec

1880 3972 2322 4038 determinatio
2343 4021 2364 4053 ,
2421 3994 2453 4032 α
2495 3972 2853 4038 secundum
2899 3976 3073 4059 quod
3110 3975 3307 4042 homo
3324 4025 3348 4057 ,
3391 4001 3424 4040 ιο

1882 4099 2015 4146 non
2040 4080 2366 4160 diminuit,
2395 4079 2738 4145 dicendum
2763 4081 2937 4163 quod
2977 4084 3276 4166 quamvis
3298 4102 3433 4150 non

1881 4187 2200 4252 diminuat
2236 4187 2314 4251 de
2353 4187 2602 4253 ratione
2632 4188 3216 4270 praedestinationis
3230 4239 3251 4271 ,
3285 4192 3434 4257 tacit

1881 4297 2098 4359 tamen
2136 4294 2309 4378 quod
2352 4294 2821 4378 praedestinatio
2846 4297 3029 4380 ponit
3062 4316 3202 4364 rem
3245 4318 3433 4366 suam

1881 4401 2048 4466 circa
2098 4401 2493 4485 hypostasim
2543 4401 2770 4467 Christi
2824 4389 3067 4469 ratione
3125 4404 3432 4473 humanae

1880 4515 2156 4588 natum,
2204 4527 2337 4574 non
2384 4509 2633 4574 ratione
2677 4509 2916 4575 divinae
2968 4533 2984 4574 z
3035 4515 3099 4576 et
3144 4512 3237 4578 sic
3271 4512 3435 4577 tollit
3561 4581 3576 4600 ⁰

1882 4618 2379 4700 repugnantiam
2452 4617 2912 4683 intellectuum.
2980 4616 3142 4684 Cum
3212 4626 3433 4687 autem

1881 4724 2255 4808 simpliciter
2282 4725 2585 4804 infertur,
2617 4729 2682 4790 et
2706 4725 2937 4789 dicitur
2966 4744 2984 4789 ε
3025 4749 3057 4787 α
3085 4725 3286 4792 Filius
3319 4727 3433 4793 Dei

1882 4836 1979 4898 est
2001 4831 2510 4915 praedestinatns,
2540 4855 2571 4891 ο
2607 4849 2759 4896 cum
2784 4830 2987 4897 Filius
3011 4832 3124 4898 Dei
3151 4834 3434 4900 denomi-

1884 4943 1996 5004 net
2046 4956 2385 5021 personam
2440 4938 2670 5003 Christi
2728 4939 3087 5005 secundum
3142 4940 3432 5009 divinam

1883 5052 2184 5112 naturam
2213 5050 2464 5110 tantum
2478 5094 2497 5125 ,
2526 5050 2622 5110 est
2650 5045 2742 5109 ihi
2768 5047 3204 5128 repugnantia
3243 5049 3434 5118 intel..

1882 5153 2187 5219 lectuum.
2219 5151 2297 5218 Et
2335 5152 2479 5217 ideo
2517 5170 2652 5217 non
2693 5156 2867 5217 tenet
2903 5153 3009 5217 ille
3036 5172 3366 5237 processus
3410 5175 3431 5222 ε

1883 5279 2016 5327 non
2069 5260 2228 5344 quia
2284 5259 2373 5324 ihi
2420 5261 2517 5323 est
2566 5259 3036 5343 paralogismus
3080 5263 3436 5330 secundum

1885 5368 2044 5455 quid
2068 5372 2133 5434 et
2167 5365 2577 5451 simpliciter;
2607 5366 2718 5430 sed
2749 5369 2903 5452 quia
2937 5368 3029 5433 ihi
3058 5373 3156 5436 est
3179 5371 3435 5455 paralo-

1874 5499 1885 5512 ‘
1953 5496 1968 5529 ¹
1991 5492 2122 5545 Dist.
2155 5502 2231 5543 ιι.

3124 5585 3201 5647 ¹2
