4185 6288
631 486 752 548 218

628 622 721 684 tat
747 625 879 683 tam
900 617 1188 696 interiuS,
1209 634 1415 699 >quam
1440 618 1719 681 exterius
1735 617 2131 683 adorandum
2146 671 2164 702 ,

629 727 967 792 dicendum
998 725 1295 801 breviter,
1327 725 1498 807 quod
1515 726 1744 807 aliquis
1767 729 1945 789 actus
1966 730 2172 809 potest

630 855 765 902 esse
790 837 1060 919 alicujus
1085 836 1345 901 virtutis
1372 836 1820 919 multipliciter,
1865 844 1979 903 aut
2008 838 2174 903 sicut

630 944 1019 1025 imperantis,
1050 948 1161 1007 aut
1187 944 1349 1007 sicut
1375 944 1681 1009 elicientis
1712 967 1728 1008 t
1759 944 1904 1009 licet
1953 950 2170 1009 autem

629 1052 906 1116 exterior
924 1051 1206 1115 adoratio
1230 1051 1312 1115 sit
1334 1052 1532 1133 ipsius
1558 1052 1703 1115 fidei
1735 1060 1799 1116 et
1817 1053 2167 1133 charitatiS,

630 1159 793 1223 sicut
821 1159 1212 1241 imperantiS,
1247 1163 1310 1222 et
1336 1160 1616 1223 maxime
1644 1160 1815 1237 ssdei,
1837 1178 1986 1242 quae
2031 1160 2169 1223 dic-

628 1270 719 1331 tat
740 1267 942 1332 Deum
970 1268 1399 1345 adorandum,
1431 1268 1691 1333 alterius
1731 1274 1948 1333 tamen
1979 1273 2073 1334 est
2101 1275 2173 1334 ut

628 1374 933 1440 elicientis
954 1423 971 1451 ,
1043 1375 1278 1440 scilicet
1331 1375 1532 1445 latriae
1564 1424 1580 1453 ,
1648 1395 1795 1459 quae
1864 1378 2172 1460 quoniam

626 1483 794 1548 elicit
844 1487 1057 1548 actum
1101 1484 1221 1547 sub
1258 1483 1501 1548 ratione
1545 1485 1760 1564 debiti,
1810 1484 1954 1550 ideo
2003 1503 2162 1548 con-

623 1591 865 1655 tinetur
904 1591 1025 1656 sub
1064 1590 1344 1672 justitia,
1389 1608 1540 1672 quae
1580 1596 1676 1655 est
1716 1592 1923 1657 virtus
1962 1592 2171 1657 cardi-

626 1699 813 1762 nalis.

706 1811 768 1870 4.
803 1804 895 1869 Ad
923 1805 1080 1870 illud
1110 1806 1283 1887 quod
1314 1804 1634 1886 objicitur,
1664 1806 1835 1888 quod
1886 1806 2171 1895 impletio

630 1912 821 1995 primi
871 1913 1167 1995 praecepti
1215 1916 1453 1994 spectat
1480 1914 1559 1977 ad
1589 1914 1894 1979 virtutem
1922 1914 2166 1977 theolo—

627 2022 866 2102 gicam,
923 2021 1089 2085 sicut
1144 2020 1431 2103 impletio
1486 2022 1776 2098 secundi,
1836 2020 2167 2085 dicendum

625 2128 795 2210 quod
822 2128 1104 2211 impletio
1130 2130 1413 2209 secundi,
1437 2129 1728 2195 videlicet
1759 2151 1774 2191 ι
1808 2130 1951 2197 Non
1978 2146 2171 2196 assu-

625 2251 763 2300 mas
787 2235 905 2300 tibi
927 2251 1151 2301 nomen
1181 2236 1299 2302 Dei
1323 2236 1423 2302 tui
1444 2238 1518 2302 in
1545 2253 1822 2317 vanum,
1852 2240 2170 2320 quantum

624 2343 704 2407 ad
742 2346 956 2406 actum
997 2343 1400 2423 exteriorem,
1433 2347 1527 2407 est
1572 2344 1777 2410 virtus
1814 2345 2169 2424 cardinaliS,

623 2447 938 2527 quantum
968 2446 1048 2509 ad
1075 2449 1290 2511 actum
1316 2446 1686 2511 interiorem
1714 2447 2015 2531 impletur
2041 2446 2174 2511 vir-

624 2554 757 2614 tute
784 2551 1164 2634 theologica,
1197 2570 1343 2639 quae
1391 2552 1649 2635 quidem
1695 2558 1791 2618 est
1817 2554 1989 2618 fides.
2053 2553 2174 2618 Per

624 2657 797 2722 hunc
840 2661 1104 2724 modum
1148 2659 1635 2741 intelligendum
1694 2664 1789 2724 est
1838 2661 1907 2722 in
1965 2662 2172 2743 primo

622 2773 975 2851 praecepto;
1005 2774 1068 2833 et
1096 2770 1249 2852 quia
1264 2769 1449 2833 latria
1475 2768 1778 2852 impletur
1802 2788 1918 2853 per
1949 2772 2167 2833 actum

620 2876 1027 2955 exteriorem,
1074 2876 1216 2941 ideo
1262 2894 1395 2940 non
1422 2881 1515 2939 est
1560 2894 1811 2939 necesse
1855 2895 1997 2939 eam
2036 2895 2171 2940 esse

621 2983 925 3047 virtutem
953 2983 1358 3064 thelogicam.

704 3094 763 3154 5.
796 3089 893 3155 Ad
920 3090 1079 3154 illud
1107 3090 1277 3174 quod
1306 3089 1624 3173 objicitur,
1660 3088 1833 3172 quod
1873 3088 2038 3154 cirea
2060 3108 2166 3155 ac-

621 3196 763 3257 tum
780 3192 986 3256 latriae
1005 3211 1139 3257 non
1167 3194 1448 3256 consistit
1475 3193 1901 3274 superfluum,
1934 3192 2036 3257 vel
2062 3193 2165 3256 di-

622 3298 941 3362 minutum
967 3322 984 3378 ;
1040 3298 1407 3382 responderi
1458 3302 1660 3381 potest
1715 3299 1885 3380 quod
1938 3298 2171 3362 falsum

622 3411 739 3485 est,
768 3406 922 3488 quia
944 3406 1088 3470 licet
1114 3410 1429 3489 quantum
1452 3405 1532 3470 ad
1559 3410 1773 3468 actum
1802 3406 2172 3470 interiorem

625 3531 753 3577 non
807 3501 1134 3594 contingat
1177 3513 1480 3577 excedere
1507 3513 1574 3575 in
1625 3512 1886 3577 colendo
1942 3512 2167 3591 Deum,

625 3626 862 3700 tamen,
921 3624 1237 3704 quantum
1291 3620 1371 3683 ad
1409 3624 1624 3683 actum
1678 3620 2063 3684 exteriorem
2110 3625 2174 3685 et

626 3728 912 3807 modum,
943 3727 1256 3808 contingit
1272 3728 1549 3810 reperire
1574 3745 1930 3804 excessum,
1949 3731 2169 3808 utpote

625 3834 787 3899 sicut
814 3836 868 3897 si
905 3834 1134 3916 aliquis
1159 3835 1448 3898 sacerdos
1474 3835 1665 3900 vellet
1690 3835 1909 3898 decem
1946 3835 2174 3899 missas

625 3942 695 4006 in
730 3960 864 4006 uno
892 3941 991 4006 die
1019 3946 1273 4006 cantare
1298 3942 1378 4005 ad
1404 3941 1659 4006 laudem
1710 3940 1841 4020 Dei,
1873 3959 2004 4006 non
2030 3960 2169 4005 ser-

624 4052 805 4112 varet
834 4049 1121 4113 modum.

705 4160 767 4219 6.
788 4157 885 4220 Ad
911 4155 1066 4219 illud
1094 4155 1267 4237 quod
1286 4155 1606 4236 objicitur,
1637 4155 1808 4237 quod
1831 4155 2017 4219 latria
2047 4155 2166 4218 ha-

624 4262 733 4325 bet
756 4263 1078 4344 objectum
1107 4261 1332 4340 Deum,
1365 4262 1707 4326 dicendum
1735 4263 1905 4344 quod
1935 4262 2048 4325 etsi
2076 4263 2171 4325 la-

625 4370 747 4434 tria
785 4359 1012 4434 habeat
1058 4371 1379 4452 objectum
1419 4369 1615 4432 Deum
1644 4416 1660 4445 ,
1707 4369 1926 4452 aliquo
1976 4370 2168 4434 modo

622 4483 836 4543 tamen
877 4497 1026 4542 cum
1073 4478 1209 4542 hoc·
1239 4477 1493 4560 respicit
1545 4476 1801 4558 aliquod
1859 4482 2167 4540 creatum.

628 4585 798 4651 Unde
846 4589 1008 4649 sicut
1053 4585 1435 4663 obedientia,
1464 4602 1593 4666 qua
1618 4584 1764 4666 quis
1790 4585 2000 4648 obedit
2019 4584 2169 4662 De0,

620 4695 874 4778 respicit
895 4695 1108 4777 ipsum
1136 4693 1362 4770 Deum,
1391 4698 1463 4756 ut
1478 4693 1580 4757 cui
1600 4693 2025 4769 obediendum
2048 4697 2168 4769 est,

619 4804 832 4886 ipsum
858 4805 1072 4866 autem
1120 4801 1517 4878 mandatum,
1552 4798 1615 4864 et
1660 4802 1801 4880 ejus
1832 4801 2170 4882 obligatio—

622 4929 772 4974 nem
812 4909 1098 4992 respicit,
1151 4909 1316 4972 sicut
1359 4907 1516 4972 illud
1545 4907 1719 4990 quod
1764 4907 2167 4991 implendum

693 5034 760 5100 (a)
786 5035 910 5088 Coet.
927 5033 1050 5085 edit.
1070 5033 1299 5085 ¹ratione.

1724 479 2350 548 SENTENTIARUM
2391 482 2541 549 Lm.
2588 482 2696 548 111.

2279 622 2406 698 est3
2439 620 2527 683 sic
2554 624 2617 684 et
2642 623 2779 704 ipsa
2820 621 3006 687 latria
3051 622 3304 705 respicit
3334 620 3557 699 Deum,
3608 622 3684 684 ut
3714 619 3824 684 cui

2278 725 2484 792 honor
2509 728 2907 793 exhibendus
2931 734 3025 794 est
3046 753 3062 808 ;
3095 729 3348 813 respicit
3365 729 3557 793 etiam
3576 725 3823 792 cultum

2279 833 2658 899 exteriorem
2698 834 3165 916 exhibendum3
3196 837 3454 920 respicit
3495 836 3685 900 etiam
3714 853 3827 899 ra-

2279 940 2524 1004 tionem
2555 941 2920 1022 exhibendi,
2946 943 3237 1008 videlicet
3264 944 3576 1007 rationem
3604 942 3822 1008 debiti.

2281 1044 2358 1109 Et
2379 1045 2520 1110 haec
2550 1051 2645 1111 est
2665 1048 2849 1129 quasi
2881 1050 3042 1114 ratio
3070 1050 3355 1115 formalis
3380 1050 3601 1133 ipsius»,
3634 1053 3698 1114 et
3732 1053 3833 1114 est

2279 1153 2433 1235 quid
2460 1160 2743 1219 creatum
2774 1157 2963 1222 :hinc
2988 1165 3082 1222 est
3112 1160 3287 1241 quod
3316 1177 3466 1223 cum
3494 1159 3832 1241 virtuspo-

2280 1266 2470 1326 natur
2498 1263 2566 1327 in
2593 1265 2803 1346 specie
2832 1266 2939 1331 vel
2970 1286 3209 1349 genere
3237 1267 3491 1333 formali
3518 1286 3601 1332 ex
3649 1271 3830 1349 parte

2280 1368 2529 1451 obJecti,
2557 1373 2729 1459 quod
2775 1373 2967 1437 habet
2993 1374 3307 1440 rationem
3340 1375 3421 1458 (a)
3453 1374 3736 1438 formalis
3763 1377 3832 1438 et

2281 1476 2527 1556 motivi,
2558 1478 2741 1543 latria
2783 1485 2877 1544 est
2894 1481 2960 1544 in
2982 1500 3219 1563 genere
3247 1483 3505 1546 virtutis
3534 1481 3832 1545 cardina-

2281 1584 2378 1662 lis,
2427 1585 2591 1649 sicut
2624 1587 3002 1653 obedientia.
3057 1588 3236 1666 Quod
3289 1608 3446 1672 ergo
3485 1589 3783 1671 objicitur
3805 1636 3826 1662 ,

2279 1691 2453 1773 quod
2479 1692 2686 1757 virtus
2738 1694 3099 1777 theologica
3142 1701 3239 1760 est
3266 1697 3372 1760 illa
3397 1714 3545 1780 quae
3575 1695 3836 1778 respicit

2281 1798 2384 1880 obj
2393 1802 2603 1864 ectum
2633 1801 3012 1881 increatum,
3044 1803 3384 1869 dicendum
3412 1804 3585 1886 quod
3612 1803 3714 1885 obj
3722 1822 3834 1867 ec·

2280 1910 2420 1970 tum
2458 1907 2805 1990 principale
2846 1910 3100 1975 virtutis
3144 1911 3518 1992 theologicae
3557 1929 3685 1975 non
3731 1915 3835 1974 est

2280 2014 2520 2097 aliquid
2546 2023 2830 2082 creatum
2847 2067 2863 2096 ,
2907 2018 3019 2084 sed
3050 2025 3145 2085 est
3181 2020 3424 2083 bonum
3468 2020 3832 2084 increatum

2281 2123 2403 2186 sub
2459 2124 2925 2190 conditionibus
2977 2127 3304 2205 increatiS,
3368 2145 3514 2209 quae
3564 2126 3833 2210 quidem

2281 2233 2434 2295 sunt
2458 2249 2713 2296 summa
2737 2233 2985 2297 bonitas
3022 2239 3085 2298 et
3105 2253 3361 2310 summa
3387 2234 3621 2298 veritas
3646 2253 3662 2297 ε
3683 2234 3837 2298 haee

2281 2341 2496 2402 autem
2519 2357 2648 2404 non
2677 2346 2770 2405 est
2797 2341 3077 2423 reperire
3098 2343 3170 2406 in
3197 2344 3523 2427 proposito
3552 2348 3653 2408 :et
3681 2343 3835 2409 ideo

2281 2460 2411 2506 non
2457 2446 2630 2508 tenet
2662 2444 2823 2510 ratio
2853 2446 2981 2510 illa.
3028 2446 3180 2511 Haec
3229 2447 3432 2529 igitur
3465 2447 3628 2511 dicta
3671 2453 3839 2512 sunt

2280 2550 2359 2614 de
2382 2551 2567 2616 latria
2603 2553 2958 2618 secundum
3007 2555 3183 2637 quod
3231 2555 3483 2637 proprie
3520 2554 3838 2636 accipitur

2279 2677 2396 2741 pro
2425 2659 2644 2724 habitu
2672 2661 2987 2742 dirigente
3015 2663 3094 2726 ad
3123 2662 3368 2727 cultum
3409 2662 3827 2739 exteriorem,

2280 2763 2392 2844 qui
2421 2763 2672 2846 proprie
2704 2763 2935 2828 dicitur
2962 2765 3234 2829 servitus
3263 2765 3400 2843 Dei,
3425 2768 3488 2829 et
3512 2765 3823 2829 adoratio.

2280 2869 2359 2933 Et
2380 2870 2498 2933 hoc
2517 2871 2706 2935 modo
2729 2889 2861 2936 non
2879 2877 2973 2936 est
2996 2873 3169 2937 idem
3191 2874 3443 2952 Latria,
3465 2878 3527 2937 et
3559 2872 3831 2938 Theose-

2283 2977 2412 3055 bia,
2440 2983 2571 3043 uta
2597 2979 2904 3062 principio
2955 2980 3192 3044 dictum
3237 2984 3350 3045 est.
3386 2979 3455 3046 Si
3481 2984 3694 3046 autem
3723 2981 3835 3045 la-

2280 3087 2403 3150 tria
2441 3086 2687 3151 dicatur
2722 3087 2931 3153 cultus
2962 3088 3250 3168 interior,
3272 3107 3427 3154 cum
3456 3088 3560 3154 ille
3590 3089 3840 3153 consis—

2279 3200 2372 3259 tat
2416 3196 2483 3258 in
2517 3195 2848 3272 credendo,
2893 3200 2955 3260 et
3010 3196 3332 3278 diligendo
3350 3246 3366 3276 ,
3406 3200 3470 3260 et
3512 3198 3839 3277 sperando

2281 3302 2504 3381 Deum,
2525 3303 2686 3368 sicut
2702 3303 2851 3367 dicit
2866 3303 3266 3384 Augustinus
3289 3304 3358 3367 in
3381 3303 3767 3371 Euchiridio
3778 3308 3835 3386 ¹,

2281 3410 2370 3473 sic
2411 3428 2544 3474 non
2591 3410 2852 3493 ponitur
2889 3430 3024 3477 esse
3071 3411 3279 3475 virtus
3323 3410 3676 3486 cardinalis,
3705 3411 3830 3475 sed

2281 3516 2673 3598 theologica;
2712 3536 2866 3597 non,
2897 3518 3186 3600 inquam,
3214 3519 3295 3581 ab
3340 3518 3482 3582 aliis
3506 3515 3832 3599 distincta,

2280 3625 2388 3689 sed
2419 3643 2813 3707 consequens
2839 3624 2918 3688 ad
2942 3643 3166 3688 omnes
3189 3624 3329 3688 illas
3359 3628 3462 3689 :et
3482 3625 3603 3689 hoc
3631 3624 3841 3691 motio

2282 3752 2415 3797 non
2437 3734 2742 3816 accipitur
2767 3733 2856 3796 ita
2874 3733 3128 3815 proprie
3155 3734 3317 3796 sicut
3346 3733 3535 3797 modo
3564 3732 3841 3815 praedic-

2281 3846 2368 3916 to,
2400 3859 2549 3904 cum
2575 3840 2780 3917 latria,
2813 3841 3065 3924 proprie
3100 3841 3447 3924 loquendO,
3479 3840 3561 3904 sit
3586 3841 3841 3923 speciae

2281 3949 2632 4030 religioniS,
2658 3948 2824 4012 sicut
2845 3948 3018 4013 dulia
3041 3969 3056 4026 ;
3091 3951 3155 4012 et
3180 3966 3416 4012 nomen
3444 3950 3584 4030 ejus
3613 3948 3835 4030 impo-

2279 4053 2474 4116 situm
2526 4051 2647 4115 fuit
2680 4070 2720 4114 a
2755 4050 3078 4128 servitute,
3128 4049 3290 4114 sicut
3326 4050 3567 4113 dictum
3615 4050 3736 4113 fuit
3783 4069 3837 4116 a

2282 4155 2612 4238 principio.
2643 4153 2923 4236 Utroque
2947 4158 3162 4217 tamen
3186 4154 3377 4218 modo
3405 4152 3698 4217 convenit
3724 4172 3842 4218 re—

2283 4263 2474 4346 periri
2502 4279 2645 4326 eam
2669 4261 2814 4341 dici,
2844 4266 2906 4326 et
2934 4262 3285 4326 secundum
3337 4263 3459 4325 hoc
3488 4261 3839 4327 doctorum

2282 4370 2625 4453 positiones
2667 4370 3101 4448 diversificari,
3158 4373 3231 4433 ut
3274 4368 3538 4452 quidam
3585 4375 3840 4451 ponant

2282 4493 2424 4539 eam
2450 4475 2725 4557 speciem
2746 4474 3000 4538 virtutis
3024 4473 3357 4538 cardinalis
3373 4521 3390 4551 ,
3422 4471 3652 4536 scilicet
3677 4475 3841 4553 jus-

2281 4582 2438 4648 titiae
2461 4631 2479 4661 ,
2537 4582 2799 4665 quidam
2871 4600 3023 4646 vero
3073 4585 3200 4644 tres
3258 4579 3643 4662 theologicas
3697 4580 3836 4645 cir-

2283 4690 2618 4774 cumplecti
2644 4709 2660 4752 :
2691 4694 2754 4754 et
2773 4693 3123 4770 utrumque
3140 4706 3288 4753 vere
3318 4689 3522 4771 potest
3547 4687 3669 4751 dici
3686 4687 3836 4754 sine

2282 4796 2742 4875 contrarietate,
2766 4800 3022 4878 propter
3068 4795 3395 4861 diversum
3426 4794 3688 4860 modum
3718 4813 3834 4860 ac-

2284 4902 2575 4985 cipiendi,
2604 4907 2724 4966 etc.

2351 5029 2534 5096 ¹Aug.,
2566 5027 2851 5093 Enchiv'id„
2872 5041 2918 5078 c.
2950 5037 3033 5091 ιιι,
3054 5039 3107 5076 n.
3142 5027 3185 5077 1.
