4185 6288
1171 690 1176 697 ‘
1290 673 1742 744 CONCLUSIO.

744 838 901 895 Fidei
934 836 1194 907 diffinitio
1223 834 1355 891 data
1392 835 1464 890 ab
1501 834 1762 906 Apostolo
1790 835 1864 888 est
1891 846 2047 895 vera,
2078 842 2287 885 conver-

1103 924 1312 988 tibilis,
1342 922 1556 979 evidens
1582 926 1634 977 et
1658 921 1939 990 sufficiens.

829 1085 1014 1169 Resp.
1046 1086 1127 1150 ad
1157 1103 1298 1165 arg.
1336 1083 1433 1147 Ad
1459 1083 1904 1166 praedictorum
1931 1078 2289 1159 intelligen-

743 1194 899 1257 tiam
928 1196 1022 1256 est
1046 1190 1424 1266 notandum,
1444 1189 1611 1272 quod
1630 1193 1784 1252 tunc
1808 1185 2130 1263 diffinitio,
2150 1184 2285 1247 sive

743 1298 1092 1365 notificatio
1117 1302 1212 1362 est
1237 1302 1407 1362 recte
1465 1297 1786 1377 assignata
1803 1342 1820 1371 ,
1848 1293 2105 1376 quando
2129 1290 2291 1355 nihil

746 1407 1023 1472 continet
1068 1404 1497 1488 superfluum,
1545 1402 1705 1466 nibil
1758 1401 1949 1465 etiam
1998 1400 2287 1464 diminu-

745 1517 910 1577 tum.
943 1512 1021 1577 Et
1044 1512 1167 1576 hoc
1212 1516 1308 1576 est
1340 1511 1598 1592 quando
1623 1528 1736 1591 per
1776 1509 1980 1590 ipsam
2007 1506 2292 1571 notifica-

744 1621 983 1684 tionem
1010 1619 1208 1702 ipsius
1259 1618 1512 1682 diffiniti
1538 1617 1807 1681 essentia
1834 1615 2017 1698 plene
2042 1613 2293 1678 indica-

745 1730 877 1807 tur,
908 1730 973 1791 et
999 1729 1213 1809 aperte
1271 1724 1731 1799 manifestatur,
1761 1726 1825 1785 et
1870 1721 1952 1785 ab
1992 1720 2294 1785 omnibus

745 1835 886 1899 aliis
933 1837 1262 1916 separatur
1318 1855 1332 1896 ε
1364 1832 1485 1896 boc
1530 1833 1747 1895 autem
1778 1832 1872 1892 est
1896 1808 2175 1910 reperire
2223 1826 2292 1888 in

746 1941 1091 2026 proposito,
1125 1940 1178 2003 si
1222 1939 1367 2021 quis
1410 1937 1711 2001 attendat.
1743 1934 1906 1999 Nam
1956 1934 2091 2016 ipsa
2138 1932 2294 1995 fides

747 2048 1101 2114 secundum
1162 2045 1503 2111 essentiam
1549 2061 1734 2108 suam
1763 2040 2002 2124 aliquid
2037 2039 2294 2122 respicit

746 2175 830 2220 ex
871 2161 1050 2238 parte
1092 2153 1471 2231 intellectus,
1503 2156 1566 2215 et
1593 2149 1833 2233 aliquid
1859 2168 1942 2212 ex
1989 2152 2168 2231 parte
2193 2147 2290 2210 af-

751 2265 972 2329 fectuS.
1005 2262 1207 2326 Habet
1236 2260 1406 2325 enim
1433 2260 1733 2323 affectum
1767 2255 2070 2330 stabilire,
2101 2259 2164 2318 et
2191 2254 2292 2316 in-

748 2375 1071 2440 tellectum
1118 2374 1509 2438 illuminare.
1540 2372 1616 2436 Et
1643 2373 1708 2435 in
1744 2374 2062 2454 quantum
2109 2366 2296 2431 affec-

748 2486 890 2545 tum
918 2482 1176 2559 stabilit,
1211 2481 1446 2545 dicitur
1488 2479 1863 2552 substantia,
1895 2478 2031 2541 sive
2059 2475 2291 2540 funda-

750 2593 1078 2668 mentum;
1110 2590 1179 2652 in
1208 2592 1523 2670 quantum
1547 2593 1762 2652 autem
1789 2585 2180 2650 intellectum
2206 2583 2291 2645 il·-

746 2696 1044 2774 luminat,
1078 2696 1310 2759 dicitur
1334 2697 1819 2775 argumentum.
1852 2690 1932 2755 Ut
1957 2708 2118 2771 ergo
2154 2690 2288 2773 ple-

747 2822 830 2866 ne
881 2801 1028 2866 fidei
1057 2801 1329 2868 essentia
1355 2800 1811 2883 explicaretur,
1842 2798 2125 2880 oportuit
2149 2815 2293 2861 eam

749 2907 1035 2986 diffiniri,
1095 2908 1233 2971 sive
1288 2907 1622 2984 notificari,
1666 2911 1738 2968 ut
1781 2905 2096 2969 diceretur
2144 2904 2294 2967 sub-

751 3015 983 3079 stantia
1023 3015 1305 3079 simulet
1343 3017 1798 3095 argumentum
1833 3035 1847 3075 :
1893 3013 2079 3077 debet
2120 3014 2295 3077 enim

751 3121 1048 3188 diffinitio
1072 3125 1264 3186 totam
1301 3122 1638 3187 essentiam
1666 3120 1917 3186 diffiniti
1930 3120 1998 3183 in
2025 3138 2094 3185 se
2120 3120 2296 3185 clau-

756 3231 929 3295 dere.
957 3228 1148 3293 Debet
1174 3229 1367 3293 etiam
1396 3228 1815 3292 nihilominus
1840 3231 2056 3311 aperte
2086 3229 2296 3292 notifi-

752 3353 898 3398 care
931 3354 948 3398 t
978 3332 1287 3416 quoniam
1338 3351 1495 3413 ergo
1519 3331 1780 3396 habitus
1807 3330 2061 3396 virtutis
2085 3331 2297 3415 dupli-

752 3442 908 3505 citer
938 3439 1254 3505 notificari
1279 3438 1491 3514 habet,
1526 3438 1814 3503 videlicet
1838 3456 1951 3521 per
1975 3440 2174 3503 finem
2200 3438 2296 3503 ul-

751 3549 1010 3626 timum,
1075 3550 1139 3610 et
1164 3564 1277 3628 per
1303 3564 1497 3610 suum
1525 3545 1875 3627 objectum3
1905 3544 2052 3608 finis
2077 3550 2296 3609 autem

748 3656 949 3738 ipsius
978 3654 1125 3718 fidei
1186 3653 1473 3718 consistit
1511 3653 1579 3716 in
1620 3655 1859 3716 aeterna
1904 3651 2297 3717 beatitudine

751 3780 951 3845 quam
979 3779 1334 3843 speramus,
1362 3764 1425 3825 et
1473 3760 1561 3824 ita
1588 3759 1659 3823 in
1713 3759 1903 3823 rebus
1927 3759 2292 3842 sperandis;

755 3870 1073 3951 obiectum
1104 3871 1321 3932 autem
1345 3867 1627 3931 consistit
1661 3867 1729 3930 in
1758 3866 2023 3930 veritate
2046 3884 2179 3930 non
2207 3866 2299 3930 vi·

755 3997 848 4054 sa,
877 3980 943 4041 et
970 3977 1059 4040 ita
1108 3979 1174 4039 in
1217 3977 1411 4040 rebus
1451 3994 1584 4041 non
1622 3975 2074 4058 apparentibus
2106 3995 2123 4038 z
2156 3974 2297 4039 ideo

754 4089 1192 4167 opportunum
1221 4083 1344 4147 fuit
1371 4084 1563 4148 fidem
1591 4082 1852 4146 diffiniri
1887 4100 1999 4164 per
2020 4100 2125 4146 res
2149 4099 2300 4164 spe-

754 4191 987 4255 randas
1011 4197 1074 4256 et
1102 4210 1231 4256 non
1273 4193 1647 4274 apparentes
1667 4237 1684 4267 ,
1714 4193 1790 4253 ut
1839 4189 1930 4253 sic
1954 4188 2301 4253 notificatio

753 4298 902 4363 fidei
930 4316 1063 4363 non
1106 4299 1317 4363 solum
1361 4297 1697 4362 essentiam
1737 4295 1990 4361 diffiniti
2015 4297 2301 4380 explica-

754 4409 856 4470 ret
902 4405 1089 4488 plene
1128 4424 1243 4489 per
1286 4404 1675 4469 intellectum
1720 4409 1783 4468 et
1820 4405 2145 4483 affectum,
2192 4404 2302 4469 sed

755 4514 945 4578 etiam
986 4513 1418 4577 manifestaret
1467 4515 1684 4595 aperte
1717 4530 1833 4595 per
1857 4513 2056 4576 finem
2077 4515 2142 4576 et
2186 4512 2302 4575 ob·-

749 4623 1016 4704 jectum.
1063 4620 1258 4685 Debet
1301 4620 1496 4684 etiam
1525 4618 1818 4684 diffinitio
1849 4617 2194 4683 diffinitum
2222 4616 2304 4683 ab

757 4727 1060 4791 omnibus
1100 4726 1241 4789 aliis
1294 4743 1626 4809 separare:
1684 4729 1746 4789 et
1796 4725 2106 4808 quoniam
2149 4724 2306 4789 fides

758 4833 1033 4898 formata
1052 4832 1362 4914 distingui
1392 4832 1638 4896 habeta
1678 4831 1802 4896 flde
1821 4831 2121 4910 informi3
2170 4831 2305 4896 dis-

761 4940 980 5020 tingui
1005 4940 1196 5003 etiam
1230 4938 1422 5002 habet
1448 4939 1528 5002 ab
1552 4938 1779 5004 habitu
1792 4938 2135 5022 cujuslibet
2150 4940 2307 5004 alte-

761 5046 900 5110 rius
950 5046 1244 5125 virtutis3
1277 5065 1318 5109 a
1360 5046 1506 5122 fide,
1556 5046 1842 5128 inquam,
1873 5047 2133 5111 informi
2177 5048 2309 5111 dis-

765 5152 1110 5232 tinguitur,
1134 5153 1204 5217 in
1227 5158 1544 5236 quantum
1573 5158 1884 5219 sustentat
1909 5159 2109 5219 totam
2128 5155 2311 5219 fabri-

778 5276 921 5322 cam
949 5258 1377 5339 spiritualem;
1409 5260 1491 5324 ab
1535 5261 1672 5325 aliis
1697 5266 1915 5327 autem
1938 5264 2305 5345 virtutibuS,

829 5380 892 5444 (α)
920 5379 1063 5433 Edit.
1100 5382 1216 5432 Ven.
1247 5385 1395 5448 ¹753,
1422 5384 1673 5434 clausura.

1834 405 2460 480 SENTENTIARUM
2499 407 2651 475 LIB.
2698 408 2807 475 111.

2391 544 2462 609 in
2494 551 2810 628 qnantum
2852 545 3107 612 veritati
3151 562 3286 609 non
3321 544 3480 610 visae
3534 541 3687 609 facit
3732 541 3946 607 adhae-

2388 668 2576 715 rere:
2608 651 2771 732 ide0‚
2821 655 3141 734 quantum
3185 651 3268 715 ad
3324 652 3465 716 baec
3513 650 3669 730 dno,
3713 650 3947 713 dicitur

2390 758 2755 825 substantia
2806 774 3024 825 rerum
3063 758 3553 842 sperandarum,
3593 762 3673 823 ut
3716 758 3946 822 distin-

2391 870 2634 944 guatur
2659 887 2699 929 a
2726 868 2851 931 fide
2893 867 3188 946 informi;
3235 871 3300 932 et
3333 871 3789 950 arqumentum
3816 881 3946 931 non

2394 976 2871 1055 apparentium,
2908 979 2980 1038 nt
3024 975 3459 1056 distinguatur
3486 974 3570 1038 ab
3618 974 3949 1037 habitibus

2394 1079 2666 1143 aliarum
2710 1082 3052 1145 virtutum.
3107 1079 3186 1145 Et
3234 1081 3327 1144 sic
3362 1085 3537 1163 patet
3560 1080 3737 1162 quod
3778 1098 3945 1162 prae-

2394 1185 2563 1250 dicta
2612 1188 2960 1251 notificatio
2998 1187 3157 1250 nihil
3197 1188 3477 1251 eontinet
3509 1187 3943 1270 superfluum,

2396 1292 2562 1356 nihil
2587 1294 3011 1372 diminutum,
3043 1312 3164 1359 nec
3190 1298 3287 1358 est
3309 1293 3379 1357 in
3416 1312 3494 1359 ea
3514 1292 3804 1358 clausula
3836 1292 3944 1375 (α),

2395 1417 2513 1463 nec
2541 1400 2759 1480 dicti0‚
2789 1402 2923 1466 imo
2949 1419 3067 1465 nec
3090 1402 3285 1466 etiam
3313 1400 3557 1485 syllaba
3581 1400 3811 1465 otiosa.
3836 1396 3949 1462 Fa-

2395 1506 2662 1571 tendum
2687 1513 2782 1572 est
2808 1526 2966 1591 ergo
2998 1509 3206 1592 ipsam
3234 1526 3372 1573 esse
3397 1508 3859 1574 convenienter
3879 1511 3944 1570 et

2396 1614 2749 1679 secundum
2771 1620 2975 1680 artem
3004 1615 3530 1697 assignatam,ita
3553 1614 3726 1697 quod
3766 1614 3838 1677 in
3880 1630 3948 1677 se

2396 1719 2589 1785 habet
2613 1722 2968 1800 veritatem,
3023 1722 3650 1799 convertibilitatem,
3683 1719 3945 1785 eviden-

2397 1827 2576 1905 tiam,
2607 1833 2670 1892 et
2694 1829 3141 1894 sufficientiam
3168 1829 3326 1893 adeo
3369 1827 3646 1911 perfecte
3684 1831 3749 1890 et
3770 1844 3942 1890 emn-

2397 1933 2585 2016 plete,
2633 1939 2709 1999 ut
2753 1953 2872 2000 nec
2926 1935 3362 2020 perfectissimi
3414 1933 3945 2017 philosophorum

2396 2047 2655 2125 possent
2682 2061 2832 2123 eam,
2854 2043 3248 2111 artificialius
3292 2046 3356 2107 et
3380 2039 3764 2124 completius
3791 2041 3945 2105 ami·

2401 2167 2626 2231 gnare.

2481 2264 2540 2320 1.
2571 2257 2669 2321 Ad
2712 2257 2873 2322 illud
2898 2275 3058 2339 ergo
3098 2259 3271 2340 quod
3297 2259 3507 2342 primo
3534 2257 3839 2340 objicitur
3877 2255 3946 2319 in

2397 2365 2788 2430 contrarium
2812 2412 2831 2441 ,
2885 2365 3058 2447 quod
3117 2365 3268 2429 false
3312 2366 3553 2430 dicitur
3611 2366 3773 2430 fides
3811 2379 3948 2427 eme

2399 2471 2785 2551 substantia,
2818 2472 3167 2537 dicendum
3191 2473 3366 2555 quod
3397 2473 3765 2539 substantia
3792 2470 3949 2535 dici-

2396 2584 2507 2644 tur
2532 2580 2891 2662 dupliciter,
2919 2580 3153 2643 scilicet
3182 2580 3460 2662 proprie,
3484 2585 3550 2644 et
3575 2582 3947 2660 transump-

2398 2688 2551 2752 tive.
2586 2686 2843 2770 Proprie
2868 2687 3131 2769 quidem
3156 2686 3395 2751 dicitur
3405 2690 3688 2769 quatuor
3710 2685 3939 2764 modis,
3968 2684 4148 2800 {gff-

2399 2795 2636 2859 scilicet
2663 2795 3014 2858 substantia
3028 2795 3320 2871 materia,
3337 2794 3690 2858 substantia
3709 2794 3938 2872 forma,
3966 2811 4033 2850 au
4058 2810 4143 2849 ω

2400 2901 2751 2966 substantia
2800 2903 3248 2985 compositum,
3276 2902 3629 2965 substantia
3655 2918 3804 2984 quae
3846 2906 3943 2964 est
3965 2877 4047 2914 ω’

2401 3010 2670 3073 essentia
2700 3009 3226 3092 uniuscujusque.
3268 3008 3759 3092 Transumptive
3785 3009 3941 3072 dici-

2403 3120 2510 3182 tur
2562 3117 2932 3185 substantia
2984 3117 3141 3182 illud
3195 3116 3368 3200 quod
3421 3116 3618 3182 habet
3668 3115 3948 3199 aliquam

2400 3226 2851 3308 proprietatem
2904 3224 3279 3289 substantiae
3319 3223 3503 3288 dictae
3547 3222 3763 3306 aliquo
3801 3224 3955 3286 isto-

2402 3351 2550 3397 rum
2578 3333 2946 3397 modorum.
2979 3331 3138 3395 Cum
3189 3335 3409 3395 autem
3457 3329 3731 3394 dicitur:
3766 3329 3952 3395 Fides

2404 3446 2500 3506 est
2549 3440 2940 3517 substantia,
2972 3438 3096 3503 hoc
3145 3457 3279 3503 non
3314 3437 3549 3503 dicitur
3599 3437 3949 3502 secundum

2402 3546 2577 3629 quod
2627 3546 2753 3610 hoc
2797 3564 3057 3624 nomen,
3105 3547 3494 3624 substantia,
3552 3544 3830 3608 sumitur
3884 3544 3950 3607 in

2403 3654 2662 3737 propria
2696 3653 3184 3736 significatione,
3232 3653 3343 3718 sed
3378 3652 3736 3717 secundum
3778 3650 3947 3734 quod

2404 3761 2682 3825 sumitur
2727 3761 2798 3824 in
2828 3761 3293 3854 significatione
3318 3760 3809 3842 transumptiva.
3840 3758 3948 3822 Di-

2406 3870 2574 3934 citur
2610 3869 2788 3934 enim
2831 3870 3216 3945 substantia,
3263 3870 3417 3952 quia
3458 3874 3555 3933 est
3580 3868 3950 3932 fundamen·

2407 3983 2551 4043 tum
2613 3977 2870 4043 fabricae
2921 3977 3266 4061 spiritualis
3280 4024 3299 4054 ,
3339 3977 3419 4042 ad
3465 3976 3947 4041 similitudinem

2407 4086 2696 4151 materiae
2720 4103 2869 4168 quae
2904 4086 3147 4169 praebet
3171 4083 3613 4150 fulcimentum
3642 4082 3868 4147 formis
3890 4086 3950 4146 et

2408 4192 2861 4258 accidentibus.
2896 4192 2972 4257 Et
3024 4193 3200 4274 quod
3245 4192 3334 4257 ita
3370 4191 3717 4274 accipiatur
3737 4238 3754 4268 ,
3785 4193 3951 4272 patet

2409 4318 2525 4384 per
2572 4300 3073 4365 notificationem
3138 4298 3505 4363 Damasceni
3544 4306 3562 4340 ¹
3575 4346 3596 4377 ,
3651 4298 3767 4381 qui
3814 4297 3949 4362 1000

2409 4407 2550 4488 ejus
2573 4405 2747 4488 quod
2792 4403 2944 4469 dicit
2971 4404 3310 4487 Apostolus
3344 4425 3360 4467 ε
3391 4401 3588 4469 Fides
3627 4408 3724 4468 est
3767 4401 3948 4467 subs-

2412 4514 2651 4590 tantia,
2668 4511 2849 4576 dicit:
2873 4513 3287 4595 Hypostasis.
3308 4511 3413 4574 Ait
3435 4510 3611 4575 enim
3633 4510 3759 4575 sic:
3790 4531 3824 4569 ι
3846 4507 3946 4572 ffi-

2411 4618 2522 4684 des
2559 4622 2654 4684 est
2696 4637 2946 4699 eorum,
2983 4638 3133 4701 quae
3163 4622 3523 4702 sperantur,
3572 4617 3945 4701 hypostasis,

2413 4731 2477 4791 et
2525 4726 2896 4809 redargutio
2943 4745 3170 4792 earum
3224 4744 3469 4806 rerum,
3508 4744 3661 4809 quae
3702 4742 3836 4790 non
3861 4726 3949 4790 vi-

2414 4834 2665 4899 dentur.
2697 4855 2729 4893 x>

2497 4947 2559 5005 2.
2613 4940 2714 5005 Ad
2764 4940 2921 5005 illud
2976 4940 3147 5023 quod
3202 4939 3520 5021 objicitur,
3578 4940 3753 5024 quod
3799 4940 3951 5006 false

2417 5048 2611 5112 etiam
2647 5048 2884 5111 dicitur
2926 5066 3060 5112 esse
3111 5054 3577 5130 armamentaria,
3621 5047 3949 5113 dicendum

2418 5154 2731 5229 similiter,
2761 5154 2931 5235 quod
2952 5159 3401 5236 arqumentum
3427 5154 3662 5220 dicitur
3684 5155 3954 5239 duplici·

2417 5266 2539 5341 ter,
2568 5260 2863 5325 videlicet
2887 5260 3160 5343 proprie,
3189 5265 3256 5324 et
3287 5262 3783 5345 transumptive.
3818 5262 3959 5328 Pm-

2488 5393 2505 5428 ¹
2531 5391 2789 5452 Demeae„
2816 5388 2878 5438 de
2901 5387 3025 5438 Fide
3050 5387 3267 5452 orthod„
3290 5387 3380 5440 lib.
3410 5390 3501 5454 lv,
3531 5405 3579 5442 c.
3603 5404 3681 5445 xr-
