4185 6288
1205 481 1583 550 nlsTluc'r.
1626 480 1792 549 VIII.
1835 480 2036 550 ΛΒΤ.
2082 484 2132 548 l.
2175 483 2476 563 QUAEST.
2525 486 2573 552 1.

296 622 545 690 concedi
590 623 781 690 debet
808 622 1099 690 divinam
1125 623 1427 687 naturam
1453 638 1589 687 esse
1619 624 1839 687 natam

297 734 370 800 de
382 733 672 815 Virgine.

107 843 271 887 5⁰³⁸*-
370 840 483 905 Sed
513 844 739 905 contra
790 838 1283 917 mammenus,
1317 837 1738 920 libroquarto
1764 839 1835 901 ¹:

305 973 333 1006 c
373 948 831 1030 cognoscimus
872 948 1044 1029 quod
1071 946 1242 1011 nasci
1270 964 1404 1010 non
1444 952 1539 1010 est
1564 949 1837 1024 naturae,

295 1057 395 1122 sed
445 1057 832 1140 hypostasis.
901 1078 932 1115 n
999 1053 1170 1136 Ergo
1217 1053 1391 1118 nasci
1442 1053 1521 1118 de
1574 1050 1843 1134 Virgine

293 1168 534 1229 naturae
607 1182 740 1229 non
791 1161 1136 1245 competit,
1210 1162 1318 1226 sed
1367 1160 1579 1226 solum
1622 1178 1842 1243 perso-

294 1291 415 1338 nae.

371 1379 522 1444 ltem
550 1377 781 1443 melior
820 1380 884 1442 et
905 1376 1081 1461 prior
1106 1382 1203 1441 est
1229 1377 1534 1441 nativitas
1575 1379 1838 1454 aeterna,

294 1506 484 1571 quam
506 1484 880 1568 temporalis
914 1484 1061 1548 :sed
1082 1484 1303 1548 divina
1330 1486 1563 1548 natura
1589 1499 1719 1546 non
1745 1481 1840 1545 di-

294 1594 453 1658 citur
479 1610 620 1658 esse
648 1597 800 1655 nata
838 1593 1099 1673 propter
1146 1588 1292 1653 Filii
1329 1589 1727 1655 nativitatem
1746 1606 1842 1652 ae-

294 1706 561 1778 ternam,
582 1702 658 1763 ut
685 1697 751 1760 in
766 1696 976 1779 primo
993 1695 1158 1760 libro
1174 1699 1502 1761 ostensum
1525 1700 1620 1760 est
1640 1717 1656 1760 :
1686 1713 1847 1778 ergo

295 1808 497 1873 multo
542 1806 765 1869 minus
817 1822 951 1868 non
998 1803 1184 1869 debet
1217 1803 1340 1866 dici
1392 1808 1539 1868 nata
1589 1807 1848 1885 propter

294 1911 709 1995 temporalem
725 1909 1147 1975 nativitatem.

375 2019 528 2085 Item
578 2018 966 2099 cuicumque
1003 2016 1302 2100 competit
1323 2015 1521 2093 nasci,
1547 2014 1850 2097 competit

296 2147 431 2194 esse
454 2128 539 2192 ab
556 2127 687 2192 alio
715 2148 731 2190 :
767 2124 877 2190 sed
896 2124 1134 2190 divinae
1164 2127 1416 2188 naturae
1438 2141 1569 2188 non
1601 2140 1850 2205 compe·

295 2238 372 2301 tit
424 2255 558 2302 esse
607 2235 691 2300 ab
740 2233 867 2298 alio
933 2256 950 2296 :
1003 2251 1164 2314 ergo
1209 2231 1427 2296 divina
1465 2233 1696 2295 natura
1733 2248 1851 2295 nec

298 2345 682 2410 aeternaliter
706 2391 726 2423 ,
794 2358 915 2405 nec
980 2338 1410 2422 temporaliter
1471 2336 1656 2402 debet
1726 2337 1851 2402 dici

298 2457 471 2517 nata.
994 2452 1009 2459 ”

382 2559 536 2623 ltem
587 2555 976 2637 cuicumque
1005 2551 1309 2634 competit
1330 2551 1526 2627 nasci,
1556 2550 1854 2633 competit

299 2665 459 2728 ratio
499 2661 829 2726 filiationis
880 2682 895 2723 z
926 2677 1087 2740 ergo
1109 2658 1163 2721 si
1191 2658 1411 2723 divina
1439 2659 1669 2720 natura
1695 2655 1849 2719 dici-

301 2777 408 2835 tnr
432 2788 570 2834 esse
593 2772 749 2832 nata
773 2767 853 2832 de
880 2764 1166 2848 Virgine,
1197 2763 1417 2829 divina
1446 2768 1676 2828 natura
1692 2764 1852 2828 dici-

303 2883 408 2942 tur
430 2877 565 2941 filia
582 2874 897 2956 Virginis.

386 2987 541 3052 Item
570 2985 738 3049 sicut
783 3002 851 3046 se
892 2981 1132 3047 habent
1180 2980 1595 3064 proprietates
1620 2979 1855 3047 divinae

305 3099 551 3161 naturae
598 3092 681 3158 ad
724 3092 1107 3168 humanam,
1140 3088 1233 3154 sic
1274 3088 1693 3172 proprietates
1724 3088 1856 3155 bu-

266 3181 271 3186 ·
305 3220 515 3267 manae
541 3200 624 3265 ad
652 3199 941 3264 divinam
976 3219 993 3261 :
1023 3197 1133 3262 sed
1161 3196 1301 3261 haec
1344 3199 1441 3261 est
1487 3196 1859 3278 simpliciter

307 3310 460 3375 falsa
489 3331 505 3374 :
547 3332 580 3369 α
607 3305 988 3372 Humanitas
1012 3304 1346 3369 inChristo
1375 3307 1470 3369 est
1490 3307 1732 3369 aeterna
1770 3325 1786 3366 :
1818 3326 1849 3363 n

311 3436 467 3499 ergo
496 3422 563 3481 et
586 3415 708 3479 ista
740 3437 758 3479 :
815 3437 846 3475 α
884 3413 1109 3477 Divina
1134 3416 1367 3477 natura
1396 3412 1463 3476 in
1491 3397 1738 3477 Christo
1762 3417 1859 3478 est

310 3525 383 3589 de
401 3523 676 3605 Virgine
698 3525 872 3586 nata.
894 3542 925 3579 n

386 3631 545 3696 Item
573 3629 746 3713 quod
773 3628 1058 3693 nascitur
1113 3645 1197 3691 ex
1222 3626 1462 3708 aliquo,
1510 3629 1606 3690 oet
1626 3629 1859 3690 natura

313 3738 651 3804 conformis
678 3755 826 3801 cum
852 3754 951 3815 eo,
996 3753 1079 3800 ex
1103 3753 1233 3818 quo
1259 3734 1585 3798 nascitur:
1618 3733 1673 3797 si
1700 3750 1859 3814 ergo

314 3846 528 3910 divina
555 3849 789 3909 natura
827 3847 978 3907 nata
1016 3847 1113 3907 est
1149 3840 1226 3905 de
1270 3839 1559 3922 Virgine,
1609 3839 1861 3905 videtur

317 3952 480 4034 quod
516 3951 738 4017 divina
792 3953 1049 4026 natura,
1097 3951 1160 4011 et
1214 3945 1413 4026 Virgo
1466 3944 1686 4023 Maria,
1733 3945 1863 4009 sint

318 4060 598 4142 ejusdem
635 4061 888 4123 naturae
918 4080 934 4122 :
967 4056 1141 4140 quod
1167 4058 1264 4120 est
1289 4054 1523 4118 falsum
1538 4058 1602 4118 et
1618 4054 1859 4138 impos-

320 4166 513 4232 sibile.

862 4315 1319 4385 CONCLUSIO.

320 4479 573 4537 Divinam
588 4482 851 4535 mucram
876 4491 983 4534 esse
1008 4480 1199 4532 natam
1229 4475 1296 4532 de
1326 4476 1559 4547 Virgine
1583 4490 1693 4531 non
1711 4474 1863 4531 debet

387 4569 626 4634 admitti,
640 4566 1873 4639 neconfusionempropfietatumpersonalium

388 4664 437 4715 et
472 4658 840 4716 essentialium
869 4671 1152 4730 ponamus.

396 4818 579 4903 Resp.
604 4818 686 4883 ad
714 4836 855 4900 arg.
896 4816 1244 4882 Dicendum
1284 4816 1458 4900 quod
1475 4864 1493 4895 ‚
1524 4816 1689 4881 sicut
1714 4817 1866 4882 dicit

325 4926 615 5010 Magister
644 4925 977 5001 inlinere,
1024 4924 1163 4989 haec
1183 4943 1317 4989 non
1339 4923 1643 5007 recipitur
1660 4972 1677 5002 ,
1708 4929 1863 4989 tam-

325 5052 508 5116 quam
560 5032 915 5116 impropria
942 5052 966 5093 .-
1008 5055 1039 5092 u
1089 5030 1318 5098 Divina
1372 5036 1602 5096 natura
1644 5038 1739 5097 est
1788 5033 1864 5098 de

324 5139 576 5224 Virgine
616 5148 792 5207 nata.
825 5161 856 5199 n
892 5138 971 5204 Et
999 5139 1119 5204 hoc
1145 5144 1402 5223 propter
1426 5138 1581 5219 du0,
1630 5139 1867 5205 scilicet

327 5254 570 5333 propter
588 5248 923 5316 vitandam
940 5247 1377 5314 confusionem
1408 5246 1864 5331 proprietatum

384 5413 400 5446 ¹
423 5414 661 5478 namne„
692 5413 761 5464 de
793 5409 941 5462 Orth.
978 5409 1107 5473 fide,
1159 5411 1252 5463 lib.
1289 5412 1382 5474 1V,
1410 5424 1456 5460 c.
1498 5421 1589 5462 vn.
1611 5409 1716 5450 -¹
1736 5409 1862 5462 Dist.

332 5494 419 5545 vn,
449 5500 498 5550 q.
522 5498 580 5552 n,
604 5489 659 5540 in
687 5498 835 5550 resp.
861 5481 929 5534 ad
958 5486 1003 5533 ι.

3382 481 3500 544 188

1954 622 2408 706 personalium,
2448 625 2512 686 et
2566 620 3029 705 proprietatum
3077 620 3498 698 naturalium,

1951 731 2087 795 sive
2114 730 2587 795 essentialium:
2620 746 2768 812 quae
2794 728 2924 793 duo
2978 729 3304 812 praecipue
3351 734 3504 795 sunt

1951 839 2351 903 observanda
2392 838 2559 903 circa
2601 854 2969 901 sermonem
2998 837 3412 917 catholicum,
3440 842 3505 902 et

1954 947 2240 1011 veritatis
2262 946 2411 1012 fidei
2437 946 2902 1029 expressivum.
2939 943 3084 1010 Non
3099 964 3258 1028 ergo
3284 947 3506 1030 recipi-

1953 1063 2083 1138 tur,
2133 1059 2301 1141 quod
2327 1059 2549 1122 divina
2569 1060 2798 1122 natura
2822 1057 2905 1121 sit
2933 1060 3084 1120 nata
3106 1057 3184 1120 de
3215 1055 3500 1139 Virgine,

1954 1173 2290 1251 propterea
2320 1166 2490 1250 quod
2521 1166 2715 1230 etiam
2765 1183 2898 1230 non
2923 1165 3311 1245 conceditur,
3332 1165 3503 1249 quod

1953 1276 2035 1340 sit
2059 1279 2209 1339 nata
2250 1275 2330 1340 de
2357 1273 2543 1339 Patre
2601 1297 2615 1339 :
2647 1279 2710 1339 et
2735 1275 2856 1340 hoc
2875 1275 3164 1357 estquod
3189 1273 3339 1339 dicit
3370 1272 3506 1338 Ma-

1953 1383 2153 1463 gister
2200 1382 2268 1446 in
2325 1383 2558 1461 littera,
2589 1383 2761 1465 quod
2789 1401 2912 1460 res,
2943 1400 3092 1465 quae
3121 1399 3254 1445 non
3291 1385 3387 1445 est
3425 1381 3505 1446 de

1953 1493 2136 1553 Patre
2161 1491 2403 1569 genita,
2433 1509 2565 1554 non
2593 1490 2849 1556 videtur
2867 1490 2946 1554 de
2992 1493 3196 1554 matre
3226 1491 3399 1569 nata,
3420 1509 3506 1554 ne

1953 1615 2056 1661 res
2081 1597 2300 1680 aliqua
2325 1597 2651 1662 filiationis
2679 1616 2916 1662 nomen
2942 1596 3506 1662 habeatinhuma-

1954 1704 2175 1782 nitate,
2207 1724 2356 1788 quae
2405 1705 2565 1770 illud
2591 1724 2722 1771 non
2768 1710 2980 1770 teneat
3032 1706 3103 1769 in
3151 1705 3501 1769 divinitate.

1956 1811 2221 1895 Propter
2267 1812 2592 1877 vitandam
2638 1814 2832 1879 etiam
2873 1814 3309 1877 confusionem
3356 1831 3510 1895 pro-

1954 1917 2303 2001 prietatum
2342 1921 2734 1985 naturalium
2784 1937 2914 1983 non
2960 1920 3264 2002 recipitur
3297 1919 3511 1984 :sicut

1957 2027 2135 2092 enim
2169 2027 2236 2090 in
2275 2027 2639 2092 beatissima
2664 2026 2972 2093 Trinitate
3022 2026 3331 2092 distinctae
3355 2032 3512 2092 sunt

1959 2151 2252 2217 personae
2281 2134 2359 2198 ad
2388 2133 2692 2213 invicem,
2729 2138 2792 2197 et
2818 2151 3041 2199 earum
3059 2134 3503 2217 proprietates;

1958 2243 2141 2307 sicin
2169 2242 2416 2307 Christo
2447 2248 2698 2308 naturae
2725 2246 2876 2306 sunt
2901 2242 3212 2307 distinctae
3238 2242 3318 2306 ad
3344 2243 3510 2308 invi-

1959 2368 2124 2424 cem.
2157 2354 2221 2414 et
2237 2369 2462 2415 earum
2485 2351 2922 2433 proprietates,
2953 2349 3249 2433 quamvis
3271 2368 3507 2414 conve-

1960 2459 2139 2523 niant
2165 2459 2235 2523 in
2257 2458 2583 2542 supposito
2616 2480 2630 2522 :
2676 2463 2739 2523 et
2767 2459 2910 2522 ideo
2939 2458 3289 2541 proprietas
3316 2440 3511 2522 unius

1959 2571 2213 2632 naturae
2224 2585 2356 2631 non
2375 2568 2559 2631 debet
2587 2566 2917 2650 praedicari
2945 2567 3023 2630 de
3051 2566 3251 2630 altera
3273 2570 3507 2630 natura

1965 2676 2033 2739 in
2060 2674 2477 2739 abstractione
2513 2674 2924 2752 considerata,
2957 2692 3040 2738 ne
3069 2691 3153 2737 ex
3180 2674 3303 2738 hoc
3320 2673 3508 2737 intel-

1965 2784 2227 2865 ligatur,
2298 2784 2471 2867 quod
2540 2784 2759 2848 divina
2834 2788 3068 2849 natura
3118 2788 3182 2849 et
3226 2784 3511 2848 humana

1962 2890 2089 2953 sint
2141 2909 2274 2955 una
2314 2891 2603 2956 essentia.
2655 2890 2837 2968 Quod
2908 2891 3084 2956 enim
3128 2890 3513 2974 praedicatur

1969 2996 2047 3060 de
2101 2996 2300 3062 altero
2344 2996 2412 3061 in
2462 2997 2903 3076 abstractione,
2947 3016 3077 3061 non
3133 2996 3513 3078 intelligitur

1963 3104 2307 3170 convenire
2329 3105 2389 3170 ei
2409 3103 2618 3169 solum
2646 3105 2891 3169 ratione
2926 3104 3261 3187 suppositi,
3284 3121 3512 3169 verum

1966 3211 2157 3274 etiam
2204 3213 2449 3276 ratione
2479 3211 2703 3276 formae
2757 3231 2774 3276 :
2810 3217 2874 3276 et
2897 3212 3039 3276 ideo
3079 3211 3379 3295 praedicta
3416 3211 3512 3276 lo·

1964 3320 2137 3383 cutio
2164 3319 2358 3402 recipi
2406 3337 2537 3384 non
2582 3319 2787 3397 debet,
2817 3323 2883 3384 et
2907 3318 3322 3384 concedendae
3364 3324 3516 3384 sunt

1966 3427 2242 3491 rationes
2268 3427 2392 3491 hoc
2417 3426 2838 3492 ostendentes.

2049 3539 2108 3597 1.
2167 3534 2267 3598 Ad
2317 3533 2475 3599 illud
2527 3535 2802 3599 verbum
2853 3533 3075 3597 Hilarii
3096 3580 3115 3609 ,
3169 3532 3511 3598 dicendum

1966 3640 2139 3724 quod
2183 3641 2422 3723 aliquid
2450 3641 2642 3705 habet
2689 3641 3204 3724 improprietatiS,
3237 3646 3301 3704 et
3325 3641 3514 3707 debet

1966 3749 2055 3811 sic
2109 3748 2378 3830 exponi:
2439 3745 2612 3811 Nihil
2640 3748 2833 3811 habet
2862 3746 3059 3810 Filius
3100 3747 3225 3810 nisi
3261 3751 3510 3826 natum,

1966 3857 2029 3920 id
2056 3861 2171 3934 est,
2199 3855 2360 3919 nihil
2385 3856 2579 3920 habet
2604 3856 2775 3939 quod
2811 3873 2942 3920 non
2982 3857 3297 3922 nascendo
3334 3875 3514 3922 acce-

1966 3963 2081 4046 pit.
2114 3961 2192 4027 Et
2216 3961 2338 4026 hoc
2365 3962 2596 4027 melius
2639 3963 2710 4027 in
2735 3964 2942 4046 primo
2966 3962 3128 4027 libro
3150 3967 3173 4002 ¹
3219 3963 3515 4046 explana-

1968 4071 2107 4131 tum
2129 4066 2274 4131 fuit.

2048 4178 2111 4238 2.
2143 4173 2242 4238 Ad
2275 4172 2435 4238 illud
2481 4174 2654 4257 quod
2709 4173 3008 4256 objicitur
3034 4174 3112 4238 de
3139 4171 3515 4237 auctoritate

1975 4280 2359 4360 Damasceni,
2408 4282 2579 4363 quod
2604 4280 2803 4362 Virgo
2821 4280 3020 4345 Maria
3059 4285 3155 4345 est
3179 4280 3291 4345 Dei
3317 4280 3513 4362 geni-

1968 4389 2125 4467 trix,
2154 4388 2490 4454 dicendum
2517 4388 2691 4472 quod
2718 4388 3189 4453 eoncedendum
3210 4392 3328 4463 est,
3343 4388 3516 4470 quod

1973 4496 2139 4561 Deus
2173 4499 2362 4560 natus
2407 4497 2486 4561 de
2531 4494 2833 4578 Virgine;
2863 4513 2947 4559 ex
2970 4495 3095 4559 hoc
3140 4499 3357 4559 tamen
3382 4513 3515 4561 non

1970 4604 2284 4688 sequitur,
2332 4603 2506 4686 quod
2532 4602 2755 4668 divina
2780 4605 3013 4667 natura
3038 4602 3118 4665 sit
3145 4600 3222 4665 de
3251 4600 3515 4682 Virgine

1971 4716 2162 4791 nata;
2193 4728 2399 4794 proeo
2426 4710 2601 4793 quod
2627 4710 2750 4775 hoc
2772 4728 3008 4774 nomen
3029 4710 3214 4787 Deus,
3245 4709 3398 4792 quia
3425 4710 3510 4773 si·

1930 4897 1935 4902 ἠ
1970 4819 2237 4900 gnificat
2261 4819 2330 4881 in
2355 4817 2775 4897 concretione,
2808 4817 3111 4899 supponit
3137 4834 3510 4898 personam:

1971 4942 2103 4988 non
2130 4923 2219 4986 sic
2245 4923 2462 4987 divina
2489 4927 2741 5000 natura,
2767 4941 2915 5005 quae
2931 4923 3337 5004 significatin
3364 4923 3518 4988 abs-

1972 5031 2298 5097 tractione.
2329 5030 2505 5095 Unde
2536 5036 2600 5094 et
2652 5031 2791 5095 haec
2822 5029 3186 5095 conceditur
3234 5052 3249 5094 :
3291 5053 3322 5092 α
3353 5030 3517 5097 Deus

1971 5145 2261 5221 generat,
2307 5159 2338 5197 n
2370 5138 2667 5221 quamvis
2710 5139 2852 5203 haec
2903 5156 3036 5203 non
3092 5138 3512 5204 concedatur:

1981 5269 2012 5308 ι
2062 5246 2290 5310 Divina
2333 5248 2585 5325 natura,
2644 5246 2746 5309 vel
2785 5247 3079 5327 essentia,
3132 5251 3421 5330 generat.
3476 5267 3509 5308 n

1973 5353 2151 5418 Unde
2180 5353 2248 5417 in
2275 5353 2575 5419 omnibus
2599 5352 2833 5417 talibus
2859 5353 3258 5436 processibus
3283 5358 3379 5419 est
3402 5371 3515 5446 so-

1975 5463 2231 5546 phisma
2269 5461 2647 5529 secumdum
2687 5461 2998 5528 accidens.
3029 5462 3229 5528 Aliter
3254 5461 3429 5527 enim
3451 5463 3516 5528 et
