4185 6288
818 479 935 540 370

816 616 911 676 tes
938 634 953 676 z
980 616 1043 677 et
1058 611 1179 674 hoc
1208 610 1566 674 manifestat
1591 607 1890 691 Magister
1916 609 1984 672 in
2013 610 2222 675 littera
2238 627 2352 692 per

816 718 1223 783 multimodas
1275 716 1658 781 Sanctorum
1716 717 2141 780 auctoritates,
2173 716 2351 780 Unde

817 829 881 889 et
897 823 1312 887 concedendae
1330 827 1481 886 sunt
1503 823 1780 887 rationes
1801 823 1880 886 ad
1910 823 2078 887 hanc
2106 827 2351 908 partem

816 932 1113 997 inductae.

899 1045 957 1104 1.
983 1040 1080 1104 Ad
1106 1038 1260 1103 illud
1284 1057 1438 1103 vero
1454 1039 1627 1121 quod
1653 1039 1955 1121 objicitur
1981 1039 2152 1121 quod
2187 1055 2352 1120 quo-

818 1165 969 1210 rum
995 1146 1346 1210 substantia
1391 1150 1488 1209 est
1526 1146 1769 1221 eadem,
1819 1149 1883 1208 et
1932 1146 2225 1209 voluntas
2258 1150 2354 1209 est

818 1253 1039 1316 eadem
1055 1301 1074 1332 ‚
1117 1253 1456 1317 dicendum
1496 1253 1668 1335 quod
1719 1252 2071 1316 substantia
2124 1252 2353 1316 dicitur

819 1361 1248 1443 multipliciter
1278 1378 1450 1426 :uno
1499 1361 1689 1425 modo
1723 1360 1955 1426 dicitur
1997 1360 2352 1424 substantia

816 1468 984 1531 idem
1011 1469 1183 1551 quod
1209 1469 1481 1532 essentia
1502 1468 1601 1533 vel
1624 1471 1853 1531 natura
1872 1489 1890 1544 ;
1921 1467 2045 1531 alio
2060 1467 2249 1531 modo
2263 1466 2351 1531 di-

816 1575 984 1640 citur
1006 1575 1358 1639 substantia
1383 1576 1553 1639 idem
1574 1575 1746 1656 quod
1785 1573 2208 1655 suppositum.
2236 1573 2349 1638 Da-

819 1699 1152 1745 mascenus
1174 1684 1392 1745 autem
1418 1681 1487 1744 in
1516 1679 1814 1762 praedicta
1843 1679 2215 1745 auctoritate
2242 1699 2347 1744 ac-

814 1788 967 1870 cipit
1018 1787 1432 1852 substantiam
1474 1805 1589 1868 pro
1615 1787 1885 1850 essentia
1930 1788 2035 1850 vel
2076 1791 2346 1866 natura;

814 1895 1274 1971 argumentum
1304 1907 1454 1954 vero
1478 1888 1548 1952 in
1576 1889 1966 1953 contrarium
2004 1888 2348 1952 adductum

812 2003 1095 2084 procedit
1125 2004 1203 2067 de
1244 2002 1597 2068 substantia
1650 2001 1998 2084 supposito,
2030 2002 2166 2065 sive
2205 2002 2350 2065 sub-

811 2110 1045 2173 stantia
1069 2127 1217 2192 quae
1234 2113 1330 2173 est
1355 2107 1689 2173 individua
1705 2112 1970 2171 natura:
2002 2112 2066 2171 et
2086 2108 2208 2171 hoc
2230 2126 2344 2189 pa·

814 2220 904 2281 tet
927 2235 1040 2300 per
1064 2218 1278 2300 ipsum
1304 2218 1781 2293 Damascenum‚
1821 2217 1956 2298 ipse
1984 2217 2163 2280 enim
2198 2217 2351 2281 dicit

814 2324 903 2388 sic
936 2347 951 2387 t
992 2347 1022 2383 α
1053 2323 1405 2401 NaturaleS‚
1437 2329 1502 2388 et
1517 2342 1647 2387 non
1668 2322 2113 2406 hypostaticas,
2142 2323 2206 2387 id
2229 2326 2345 2401 est,

812 2431 1165 2513 personales
1191 2431 1403 2495 aimus
1428 2431 1825 2508 voluntates3
1876 2451 1907 2491 υ
1947 2435 2010 2494 et
2060 2430 2184 2493 hoc
2207 2449 2350 2514 pro-

812 2538 920 2602 bat
939 2537 1093 2620 ipse,
1113 2538 1269 2619 quia
1299 2538 1366 2600 in
1387 2537 1591 2601 tribus
1613 2537 1897 2621 personis
1935 2556 2070 2601 una
2097 2541 2194 2601 est
2227 2556 2348 2602 vo—

808 2644 1042 2724 luntas,
1087 2663 1220 2710 non
1263 2649 1518 2728 propter
1562 2645 1875 2709 unitatem
1920 2645 1992 2708 in
2036 2645 2344 2727 personis,

809 2752 920 2817 sed
948 2756 1201 2835 propter
1219 2752 1530 2815 unitatem
1558 2750 1629 2814 in
1656 2755 1906 2816 natura.

889 2863 951 2921 2.
984 2859 1083 2922 Ad
1109 2858 1267 2922 illud
1298 2858 1467 2940 quod
1490 2858 1814 2940 objicitur,
1844 2858 2015 2940 quod
2055 2856 2349 2922 voluntas

812 2965 961 3028 facit
985 2965 1326 3042 volentem,
1375 2964 1712 3028 dicendum
1744 2964 1914 3047 quod
1949 2964 2090 3027 haec
2125 2982 2239 3046 per
2280 2983 2348 3027 se

813 3069 1129 3153 loquendo
1165 3071 1546 3154 intelligitur
1580 3071 1657 3134 de
1687 3075 1916 3134 natura
1937 3117 1954 3147 ‚
1994 3089 2110 3152 per
2137 3088 2350 3134 couse-

815 3197 1018 3260 quens
1032 3183 1247 3243 autem
1273 3178 1648 3260 intelligitur
1674 3178 1751 3241 de
1779 3195 2046 3260 persona
2076 3200 2091 3241 z
2120 3182 2183 3240 et
2195 3195 2353 3259 quo-

813 3287 991 3348 niam
1010 3285 1224 3368 plures
1243 3290 1489 3348 naturae
1516 3288 1780 3367 possunt
1804 3302 1939 3347 esse
1953 3283 2021 3346 in
2044 3301 2178 3346 una
2199 3300 2346 3364 per-

812 3411 988 3470 sona,
1010 3393 1161 3455 hinc
1181 3397 1276 3456 est
1299 3392 1470 3473 quod
1497 3391 1576 3455 ad
1603 3391 2028 3473 pluralitatem
2060 3390 2352 3454 volunta-

809 3505 952 3563 tum
996 3500 1112 3563 etsi
1139 3503 1559 3581 consequatur
1585 3498 1912 3580 pluralitas
1943 3501 2345 3575 naturarum,

812 3625 941 3672 non
972 3611 1187 3670 tamen
1213 3606 1621 3689 consequitur
1672 3624 2091 3689 personarum
2129 3606 2347 3687 plura-

812 3714 954 3778 litas
982 3714 1167 3778 :ideo
1194 3732 1322 3779 nou
1347 3715 1633 3796 sequitur
1665 3736 1679 3778 ;
1722 3737 1752 3774 (ι
1780 3715 1945 3778 Sunt
1983 3712 2201 3795 plures
2229 3730 2351 3776 vo-

811 3821 1108 3900 luntates,
1137 3839 1293 3900 ergo
1316 3820 1529 3901 plures
1557 3821 1671 3903 qui
1696 3820 1952 3898 volunt;
1983 3840 2014 3880 a
2050 3821 2158 3882 sed
2184 3821 2349 3885 bene

810 3928 1144 4009 sequitur:
1184 3950 1215 3988 α
1237 3926 1411 4007 Ergo
1442 3928 1521 4009 (a)
1553 3931 1706 3990 sunt
1730 3927 1944 4009 plures
1984 3929 2233 3990 naturae
2260 3944 2354 3990 se-

810 4034 1095 4097 cundum
1113 4052 1270 4116 quas
1296 4035 1539 4098 insunt.
1570 4057 1600 4094 n
1636 4033 1713 4098 Et
1736 4034 1859 4097 hoc
1886 4036 1982 4097 est
2007 4032 2180 4115 quod
2205 4033 2356 4097 dicit

810 4134 1234 4201 Damascenus
1259 4145 1279 4177 ¹
1307 4159 1321 4199 :
1367 4160 1398 4197 α
1425 4136 1584 4214 Quia
1622 4137 1780 4201 duas
1818 4140 2079 4200 naturas
2125 4134 2352 4199 Christi

809 4242 969 4307 duas
1009 4245 1151 4325 ejus
1175 4243 1496 4307 naturales
1521 4243 1901 4321 voluntates,
1932 4247 1997 4306 et
2031 4243 2354 4307 naturales

809 4353 988 4413 actus
1005 4351 1233 4414 aimus.
1265 4373 1295 4411 n
1324 4350 1638 4427 Quoniam
1664 4354 1881 4414 autem
1912 4367 2045 4414 una
2070 4349 2348 4414 duarum

811 4461 1191 4525 naturarum
1227 4464 1321 4523 est
1343 4457 1719 4540 hypostasis,
1770 4474 1978 4519 unum
2021 4455 2235 4520 aimus
2287 4460 2354 4519 et

810 4564 1129 4629 volentem
1162 4571 1225 4629 et
1254 4571 1554 4648 agentem
1596 4563 1967 4630 naturaliter
2001 4563 2353 4629 secundum

812 4672 1060 4736 ambas.

892 4784 952 4844 3.
984 4780 1080 4845 Ad
1105 4780 1259 4846 illud
1299 4783 1472 4865 quod
1500 4783 1818 4865 objicitur,
1849 4784 2022 4865 quod
2049 4780 2353 4847 voluntas

811 4886 965 4950 dicit
988 4886 1164 4951 'illud
1204 4907 1399 4971 penes
1460 4889 1626 4971 quod
1676 4889 1907 4953 residet
1953 4905 2238 4970 regnum
2291 4889 2355 4949 et

875 5015 894 5049 ¹
918 5013 1175 5080 namne„
1194 5014 1390 5065 deride
1413 5015 1629 5081 orthod„
1653 5015 1743 5067 lib.
1772 5016 1869 5080 ιιι,
1898 5030 1944 5067 c.
1973 5026 2147 5066 ιιι-
2176 5014 2239 5078 (α)
2267 5010 2353 5072 Δί.

813 5083 943 5133 deest
969 5085 1123 5151 Ergo.

1868 467 2497 540 SENTENTIARUM
2537 473 2687 539 ΜΒ.
2730 473 2837 537 111.

2459 608 2807 691 imperium
2832 625 3060 673 eorum
3085 624 3233 689 quae
3259 610 3411 671 sunt
3444 608 3515 672 in
3555 609 3694 693 ipso
3719 612 3981 692 volente,

2458 715 2797 779 dicendum
2824 715 2995 798 quod
3046 719 3144 778 est
3189 715 3508 796 imperans
3551 720 3615 781 et
3663 717 3985 784 dominans

2457 839 2572 904 per
2600 822 3024 903 privationem
3054 821 3416 901 coactioniS,
3468 827 3529 888 et
3561 829 3657 887 est
3677 824 3986 906 imperans

2458 933 2523 992 et
2573 929 2912 992 dominans
2957 946 3070 1010 per
3098 928 3518 1010 privationem
3567 931 3981 1013 subjectionis.

2460 1035 2676 1101 Primo
2705 1036 2893 1100 modo
2920 1036 3283 1118 accipiendo
3302 1086 3319 1115 ,
3352 1038 3677 1118 imperans
3705 1037 3989 1102 convenit

2458 1144 2577 1226 ipsi
2607 1145 2919 1209 voluntati
2946 1143 3350 1225 generaliter,
3400 1149 3464 1208 et
3481 1144 3601 1207 hoc
3637 1145 3822 1208 modo
3853 1162 3987 1225 pos-

2457 1251 2639 1315 sibile
2686 1254 2782 1314 est
2827 1249 3013 1332 plura
3039 1249 3424 1332 imperantis
3449 1250 3719 1334 reperiri
3773 1251 3840 1313 in
3881 1269 3979 1314 eo·

2459 1358 2629 1435 dem,
2660 1358 2731 1420 in
2759 1375 2890 1438 quo
2919 1357 3329 1440 reperiuntur
3383 1356 3570 1438 plura
3616 1376 3657 1421 a
3683 1357 3989 1422 coactione

2457 1464 2681 1542 libera,
2727 1464 2890 1528 sicut
2914 1464 2984 1527 in
3011 1464 3258 1528 Christo
3286 1469 3381 1528 est
3415 1465 3697 1546 reperire
3723 1465 3987 1530 liberum

2456 1571 2794 1633 arbitrium
2849 1571 3201 1635 secundum
3239 1571 3529 1636 divinam
3553 1575 3877 1652 naturam,
3933 1577 3992 1638 et

2456 1676 2829 1742 humanam.
2861 1678 2924 1740 Si
2952 1680 3169 1741 autem
3195 1677 3439 1742 dicatur
3461 1679 3784 1760 imperans
3802 1684 3868 1744 et
3882 1678 3992 1745 do-

2457 1785 2716 1850 minans
2741 1804 2854 1867 per
2881 1784 3305 1867 privationem
3320 1785 3531 1849 omnis
3558 1785 3989 1868 subjectionis,

2455 1889 2545 1953 sic
2569 1891 2732 1955 bene
2757 1890 3230 1955 concedendum
3257 1896 3354 1955 est
3403 1892 3576 1974 quod
3620 1912 3875 1958 necesse
3898 1897 3991 1958 est

2454 2015 2589 2061 esse
2618 2017 2826 2063 unum
2855 1999 3065 2063 solum
3095 2019 3112 2060 2
3160 2000 3272 2064 sed
3304 2000 3429 2064 tale
3475 2001 3819 2084 imperium
3868 2021 3993 2066 non

2452 2105 2751 2187 competit
2775 2107 2950 2170 omni
2983 2106 3290 2170 voluntati
3320 2130 3333 2169 :
3368 2126 3500 2171 non
3537 2108 3713 2171 enim
3740 2128 3988 2191 compe-

2452 2211 2532 2273 tit
2558 2211 2868 2277 voluntati
2894 2213 3224 2289 humanae,
3278 2231 3424 2294 quae
3460 2213 3646 2278 debet
3672 2233 3811 2279 esse
3833 2217 3990 2280 suh-

2448 2319 2617 2398 jecta
2640 2318 2897 2397 divinae,
2916 2319 3024 2383 sed
3043 2319 3137 2383 illi
3155 2320 3470 2385 voluntati
3500 2322 3823 2403 competit,
3852 2340 3997 2405 quae

2454 2424 2615 2487 nihil
2642 2426 2832 2490 habet
2883 2428 3178 2510 superius
3224 2447 3293 2492 se
3346 2449 3363 2493 ε
3415 2427 3557 2493 ideo
3584 2448 3668 2493 ex
3691 2430 3816 2494 hoc
3870 2449 3996 2495 non

2454 2534 2661 2613 potest
2685 2534 2901 2615 argui,
2935 2534 3105 2616 quod
3145 2535 3213 2597 in
3259 2534 3504 2601 Christo
3536 2555 3667 2600 non
3692 2536 3823 2600 sint
3866 2538 3999 2620 plu-

2454 2656 2555 2701 res
2582 2638 2963 2718 voluntates‚
2994 2642 3105 2705 sed
3132 2643 3303 2724 quod
3325 2660 3456 2706 non
3478 2642 3606 2707 sint
3632 2643 3852 2726 plures
3878 2663 3994 2710 vo-

2453 2744 2734 2808 luntates
2763 2746 3027 2811 divinae.

2533 2856 2593 2915 4.
2615 2851 2713 2915 Ad
2738 2852 2897 2918 illud
2941 2855 3111 2937 quod
3139 2855 3460 2938 objicitur,
3499 2858 3670 2939 quod
3696 2858 3997 2924 voluntas

2454 2963 2551 3022 est
2577 2959 2929 3042 proprietas
2953 2945 3244 3044 spectans
3287 2963 3368 3027 ad
3395 2963 3802 3045 dignitatem,
3836 2966 4000 3029 sicut

2455 3069 2520 3128 et
2545 3068 2979 3149 personalitas,
3009 3068 3351 3134 dicendum
3377 3072 3548 3154 quod
3575 3071 3758 3136 aliter
3779 3077 3848 3136 et
3879 3073 3998 3136 ali·
4069 3105 4078 3124 ι

2456 3177 2552 3238 ter
2577 3175 2808 3239 dicitur
2830 3177 2971 3241 haec
2999 3178 3368 3260 proprietas
3417 3185 3480 3244 et
3502 3180 3634 3259 illa,
3665 3181 3745 3245 ad
3773 3182 4001 3263 digni-

2455 3284 2648 3346 tatem
2675 3287 2979 3364 spectare,
3025 3285 3375 3349 secundum
3405 3287 3577 3369 quod
3604 3288 3846 3370 aliquid
3875 3307 3987 3372 per

2456 3389 3106 3470 superabundantiam
3157 3391 3386 3456 dicitur
3433 3393 3768 3476 dupliciter
3825 3417 3843 3459 ε
3890 3396 3991 3459 vel

2456 3494 2764 3575 absolute,
2818 3497 2984 3561 sicut
3032 3496 3264 3562 dicitur
3315 3499 3688 3567 albissimus
3709 3550 3730 3580 ‚
3768 3502 3835 3566 id
3874 3507 3986 3581 est,

2457 3599 2640 3664 valde
2668 3599 2884 3680 albus;
2917 3602 3020 3667 vel
3046 3602 3116 3665 in
3141 3606 3633 3686 comparatione,
3656 3608 3821 3673 sicut
3846 3608 3997 3673 dici-

2419 3703 2425 3710 “
2457 3710 2565 3770 tur
2586 3706 2953 3775 albissimus
2984 3713 3291 3777 omnium.
3325 3711 3405 3776 Et
3429 3714 3599 3795 quod
3626 3715 3863 3781 dicitur
3889 3735 4000 3800 per

2457 3814 3106 3895 superabundantiam
3137 3817 3449 3897 absolute,
3479 3824 3683 3900 potest
3709 3822 4001 3900 pluribus

2457 3922 2833 3999 convenire;
2887 3923 3059 4004 quod
3098 3928 3313 3988 autem
3364 3925 3593 3990 dicitur
3645 3946 3757 4010 per
3782 3948 4002 4013 super-

2458 4028 2912 4093 abundantiam
2939 4032 3004 4092 in
3029 4032 3521 4114 comparatione,
3554 4036 3861 4100 convenit
3886 4038 4001 4102 uni

2458 4134 2597 4197 soli.
2629 4133 2776 4199 Dico
2802 4153 2960 4217 ergo
3002 4137 3172 4219 quod
3230 4140 3646 4222 personalitas
3690 4144 4000 4226 accipitur

2458 4260 2651 4325 penes
2684 4242 3059 4323 dignitatem
3104 4246 3494 4311 excellentiae
3548 4254 3841 4333 respectu
3869 4267 4001 4315 om-

2458 4349 2643 4412 nium
2669 4367 2820 4431 quse
2846 4353 2996 4414 sunt
3017 4350 3087 4414 in
3119 4352 3257 4434 ipsa
3281 4372 3552 4436 persona
3578 4378 3594 4419 ε
3646 4361 3709 4420 et
3736 4357 3882 4422 ideo
3909 4357 4018 4438 gin,

2459 4474 2593 4520 uno
2620 4474 2754 4519 non
2794 4461 2997 4539 potest
3044 4477 3180 4524 esse
3230 4461 3354 4524 nisi
3388 4480 3523 4527 una
3559 4465 3998 4545 personalitas.

2459 4561 2768 4627 Voluntas
2814 4567 3030 4629 autem
3079 4585 3211 4632 non
3264 4567 3377 4645 sic,
3407 4569 3559 4650 quia
3585 4569 3737 4634 dicit
3778 4575 4002 4654 poten-

2460 4668 2615 4733 tiam
2635 4670 3001 4738 substantiae
3029 4674 3355 4739 rationalis
3369 4676 3661 4741 ¹nobilem
3675 4683 3739 4742 et
3767 4681 4001 4762 perfec·

2462 4780 2594 4840 tam
2626 4798 2642 4840 :
2693 4780 2758 4842 et
2790 4776 2954 4859 ideo,
3000 4780 3164 4847 sicut
3197 4782 3417 4865 plures
3458 4788 3710 4849 naturae
3752 4787 4001 4852 nobiles

2460 4889 2724 4966 possunt
2747 4902 2814 4948 se
2840 4888 3113 4969 compati
3137 4888 3207 4951 in
3231 4907 3366 4953 una
3395 4908 3667 4973 persona
3694 4891 3767 4955 in
3789 4891 4000 4957 Chris-

2460 4993 2549 5067 to,
2579 4990 2671 5054 sic
2696 4995 2758 5055 et
2779 4992 2994 5074 plures
3020 4993 3398 5060 voluntates.
