<?xml version="1.0" encoding="UTF-8"?>
<!DOCTYPE html PUBLIC "-//W3C//DTD XHTML 1.0 Transitional//EN"
    "http://www.w3.org/TR/xhtml1/DTD/xhtml1-transitional.dtd">
<html xmlns="http://www.w3.org/1999/xhtml" xml:lang="en" lang="en">
 <head>
  <title>
</title>
<meta http-equiv="Content-Type" content="text/html;charset=utf-8" />
  <meta name='ocr-system' content='tesseract 3.04.00' />
  <meta name='ocr-capabilities' content='ocr_page ocr_carea ocr_par ocr_line ocrx_word'/>
</head>
<body>
  <div class='ocr_page' id='page_1' title='image "./srecardinalissb01cargoog_0327.png"; bbox 0 0 4185 6288; ppageno 0'>
   <div class='ocr_carea' id='block_1_1' title="bbox 49 5171 54 5854">
    <p class='ocr_par' dir='ltr' id='par_1_1' title="bbox 49 5171 54 5854">
     <span class='ocr_line' id='line_1_1' title="bbox 49 5171 54 5854; baseline 0 0"><span class='ocrx_word' id='word_1_1' title='bbox 49 5171 54 5854; x_wconf 95' lang='lat' dir='ltr'> </span> 
     </span>
    </p>
   </div>
   <div class='ocr_carea' id='block_1_2' title="bbox 1162 433 2389 534">
    <p class='ocr_par' dir='ltr' id='par_1_2' title="bbox 1162 433 2389 534">
     <span class='ocr_line' id='line_1_2' title="bbox 1162 433 2389 534; baseline -0.002 -32"><span class='ocrx_word' id='word_1_2' title='bbox 1162 438 1355 504; x_wconf 76' lang='lat' dir='ltr'>ms‘r.</span> <span class='ocrx_word' id='word_1_3' title='bbox 1400 436 1561 502; x_wconf 77' lang='lat' dir='ltr'><strong>xlv,</strong></span> <span class='ocrx_word' id='word_1_4' title='bbox 1604 434 1789 503; x_wconf 70' lang='lat' dir='ltr'>Aur.</span> <span class='ocrx_word' id='word_1_5' title='bbox 1834 435 1883 501; x_wconf 91' lang='lat'>1.</span> <span class='ocrx_word' id='word_1_6' title='bbox 1930 433 2233 513; x_wconf 74' lang='lat' dir='ltr'>QUAEs‘r.</span> <span class='ocrx_word' id='word_1_7' title='bbox 2281 436 2389 534; x_wconf 87' lang='grc' dir='ltr'><strong>ιιι.</strong></span> 
     </span>
    </p>
   </div>
   <div class='ocr_carea' id='block_1_3' title="bbox 242 573 1745 1415">
    <p class='ocr_par' dir='ltr' id='par_1_3' title="bbox 242 573 1745 1415">
     <span class='ocr_line' id='line_1_3' title="bbox 253 573 1734 644; baseline -0.004 -2"><span class='ocrx_word' id='word_1_8' title='bbox 253 579 436 644; x_wconf 86' lang='lat' dir='ltr'>lentius</span> <span class='ocrx_word' id='word_1_9' title='bbox 464 583 699 644; x_wconf 86' lang='lat' dir='ltr'>natura</span> <span class='ocrx_word' id='word_1_10' title='bbox 739 578 1045 642; x_wconf 59' lang='lat' dir='ltr'>humanae</span> <span class='ocrx_word' id='word_1_11' title='bbox 1084 574 1313 639; x_wconf 88' lang='lat' dir='ltr'>mentis</span> <span class='ocrx_word' id='word_1_12' title='bbox 1361 575 1427 638; x_wconf 93' lang='lat' dir='ltr'>in</span> <span class='ocrx_word' id='word_1_13' title='bbox 1469 573 1734 638; x_wconf 86' lang='lat' dir='ltr'>Christo.</span> 
     </span>
     <span class='ocr_line' id='line_1_4' title="bbox 252 684 1742 770; baseline -0.004 -17"><span class='ocrx_word' id='word_1_14' title='bbox 252 686 469 753; x_wconf 85' lang='lat' dir='ltr'>Sedhoc</span> <span class='ocrx_word' id='word_1_15' title='bbox 512 694 608 752; x_wconf 88' lang='lat' dir='ltr'>est</span> <span class='ocrx_word' id='word_1_16' title='bbox 635 686 1063 770; x_wconf 86' lang='lat' dir='ltr'>impossibile,</span> <span class='ocrx_word' id='word_1_17' title='bbox 1101 684 1254 766; x_wconf 85' lang='lat' dir='ltr'>quia</span> <span class='ocrx_word' id='word_1_18' title='bbox 1282 690 1300 726; x_wconf 82' lang='lat'><strong>¹</strong></span> <span class='ocrx_word' id='word_1_19' title='bbox 1341 685 1558 749; x_wconf 83' lang='lat' dir='ltr'>omnia</span> <span class='ocrx_word' id='word_1_20' title='bbox 1587 686 1742 747; x_wconf 77' lang='lat' dir='ltr'>sunt</span> 
     </span>
     <span class='ocr_line' id='line_1_5' title="bbox 248 790 1742 880; baseline -0.004 -20"><span class='ocrx_word' id='word_1_21' title='bbox 248 796 477 877; x_wconf 67' lang='lat' dir='ltr'>subjecta</span> <span class='ocrx_word' id='word_1_22' title='bbox 526 796 792 880; x_wconf 78' lang='lat' dir='ltr'>pedibus</span> <span class='ocrx_word' id='word_1_23' title='bbox 840 795 1000 876; x_wconf 67' lang='lat' dir='ltr'>eius.</span> <span class='ocrx_word' id='word_1_24' title='bbox 1067 792 1280 856; x_wconf 77' lang='lat' dir='ltr'><strong>Restat</strong></span> <span class='ocrx_word' id='word_1_25' title='bbox 1343 810 1499 873; x_wconf 79' lang='lat' dir='ltr'>ergo</span> <span class='ocrx_word' id='word_1_26' title='bbox 1570 790 1742 874; x_wconf 86' lang='lat' dir='ltr'>quod</span> 
     </span>
     <span class='ocr_line' id='line_1_6' title="bbox 248 898 1744 987; baseline -0.003 -20"><span class='ocrx_word' id='word_1_27' title='bbox 248 905 417 967; x_wconf 89' lang='lat' dir='ltr'>anima</span> <span class='ocrx_word' id='word_1_28' title='bbox 436 907 576 987; x_wconf 89' lang='lat' dir='ltr'>ejus</span> <span class='ocrx_word' id='word_1_29' title='bbox 603 903 967 967; x_wconf 78' lang='lat' dir='ltr'>immediate</span> <span class='ocrx_word' id='word_1_30' title='bbox 995 904 1056 964; x_wconf 93' lang='lat' dir='ltr'>et</span> <span class='ocrx_word' id='word_1_31' title='bbox 1095 900 1162 962; x_wconf 93' lang='lat' dir='ltr'>in</span> <span class='ocrx_word' id='word_1_32' title='bbox 1195 899 1331 981; x_wconf 90' lang='lat' dir='ltr'>ipso</span> <span class='ocrx_word' id='word_1_33' title='bbox 1372 898 1547 962; x_wconf 80' lang='lat' dir='ltr'>sonte</span> <span class='ocrx_word' id='word_1_34' title='bbox 1572 899 1744 962; x_wconf 87' lang='lat' dir='ltr'>vide-</span> 
     </span>
     <span class='ocr_line' id='line_1_7' title="bbox 246 1005 1743 1075; baseline -0.004 -2"><span class='ocrx_word' id='word_1_35' title='bbox 246 1010 330 1074; x_wconf 86' lang='lat' dir='ltr'>bat</span> <span class='ocrx_word' id='word_1_36' title='bbox 349 1019 402 1075; x_wconf 88' lang='lat' dir='ltr'>et</span> <span class='ocrx_word' id='word_1_37' title='bbox 423 1011 596 1075; x_wconf 85' lang='lat' dir='ltr'>videt</span> <span class='ocrx_word' id='word_1_38' title='bbox 628 1012 849 1075; x_wconf 86' lang='lat' dir='ltr'>lumen</span> <span class='ocrx_word' id='word_1_39' title='bbox 878 1013 1213 1073; x_wconf 82' lang='lat' dir='ltr'>aeternum.</span> <span class='ocrx_word' id='word_1_40' title='bbox 1265 1005 1376 1069; x_wconf 85' lang='lat' dir='ltr'>His</span> <span class='ocrx_word' id='word_1_41' title='bbox 1409 1005 1601 1069; x_wconf 91' lang='lat' dir='ltr'>etiam</span> <span class='ocrx_word' id='word_1_42' title='bbox 1633 1022 1743 1067; x_wconf 89' lang='lat' dir='ltr'>ra-</span> 
     </span>
     <span class='ocr_line' id='line_1_8' title="bbox 245 1103 1745 1199; baseline -0.003 -20"><span class='ocrx_word' id='word_1_43' title='bbox 245 1117 481 1182; x_wconf 82' lang='lat' dir='ltr'><strong>tionibus</strong></span> <span class='ocrx_word' id='word_1_44' title='bbox 520 1118 692 1182; x_wconf 91' lang='lat' dir='ltr'>idem</span> <span class='ocrx_word' id='word_1_45' title='bbox 746 1115 988 1182; x_wconf 86' lang='lat' dir='ltr'>ostendi</span> <span class='ocrx_word' id='word_1_46' title='bbox 1059 1117 1259 1199; x_wconf 89' lang='lat' dir='ltr'>potest</span> <span class='ocrx_word' id='word_1_47' title='bbox 1322 1113 1402 1177; x_wconf 90' lang='lat' dir='ltr'>de</span> <span class='ocrx_word' id='word_1_48' title='bbox 1433 1103 1745 1194; x_wconf 68' lang='lat' dir='ltr'>{qualibet</span> 
     </span>
     <span class='ocr_line' id='line_1_9' title="bbox 242 1225 673 1292; baseline 0.014 -6"><span class='ocrx_word' id='word_1_49' title='bbox 242 1225 420 1290; x_wconf 84' lang='lat' dir='ltr'>anima</span> <span class='ocrx_word' id='word_1_50' title='bbox 447 1227 673 1292; x_wconf 88' lang='lat' dir='ltr'>beata..</span> 
     </span>
     <span class='ocr_line' id='line_1_10' title="bbox 745 1347 1196 1415; baseline -0.002 -2"><span class='ocrx_word' id='word_1_51' title='bbox 745 1347 1196 1415; x_wconf 84' lang='lat' dir='ltr'>CONCLUSIO.</span> 
     </span>
    </p>
   </div>
   <div class='ocr_carea' id='block_1_4' title="bbox 239 1498 1746 1663">
    <p class='ocr_par' dir='ltr' id='par_1_4' title="bbox 239 1498 1746 1663">
     <span class='ocr_line' id='line_1_11' title="bbox 239 1498 1746 1570; baseline -0.005 -11"><span class='ocrx_word' id='word_1_52' title='bbox 239 1503 407 1560; x_wconf 79' lang='lat' dir='ltr'>Anima</span> <span class='ocrx_word' id='word_1_53' title='bbox 439 1504 646 1561; x_wconf 71' lang='lat' dir='ltr'>Christi</span> <span class='ocrx_word' id='word_1_54' title='bbox 670 1503 818 1559; x_wconf 80' lang='lat' dir='ltr'>videt</span> <span class='ocrx_word' id='word_1_55' title='bbox 863 1501 1096 1559; x_wconf 82' lang='lat' dir='ltr'><strong><em>Verbum</em></strong></span> <span class='ocrx_word' id='word_1_56' title='bbox 1130 1504 1248 1556; x_wconf 80' lang='lat' dir='ltr'>sine</span> <span class='ocrx_word' id='word_1_57' title='bbox 1280 1505 1343 1567; x_wconf 84' lang='lat' dir='ltr'>(a)</span> <span class='ocrx_word' id='word_1_58' title='bbox 1380 1498 1746 1570; x_wconf 75' lang='lat' dir='ltr'>theophaniis,</span> 
     </span>
     <span class='ocr_line' id='line_1_12' title="bbox 325 1588 1635 1663; baseline -0.005 -14"><span class='ocrx_word' id='word_1_59' title='bbox 325 1598 368 1649; x_wconf 79' lang='lat' dir='ltr'>et</span> <span class='ocrx_word' id='word_1_60' title='bbox 388 1597 445 1648; x_wconf 77' lang='lat' dir='ltr'>in</span> <span class='ocrx_word' id='word_1_61' title='bbox 476 1594 703 1649; x_wconf 82' lang='lat' dir='ltr'>luminis</span> <span class='ocrx_word' id='word_1_62' title='bbox 731 1595 876 1661; x_wconf 78' lang='lat' dir='ltr'>fonte</span> <span class='ocrx_word' id='word_1_63' title='bbox 903 1595 1099 1647; x_wconf 77' lang='lat' dir='ltr'>oeterno</span> <span class='ocrx_word' id='word_1_64' title='bbox 1125 1594 1398 1663; x_wconf 77' lang='lat' dir='ltr'>aspectum</span> <span class='ocrx_word' id='word_1_65' title='bbox 1428 1588 1635 1658; x_wconf 74' lang='lat' dir='ltr'>defiqit.</span> 
     </span>
    </p>
   </div>
   <div class='ocr_carea' id='block_1_5' title="bbox 93 1741 1763 3229">
    <p class='ocr_par' dir='ltr' id='par_1_5' title="bbox 93 1741 1763 3229">
     <span class='ocr_line' id='line_1_13' title="bbox 303 1741 1750 1830; baseline -0.006 -20"><span class='ocrx_word' id='word_1_66' title='bbox 303 1746 465 1830; x_wconf 87' lang='lat' dir='ltr'>Resp.</span> <span class='ocrx_word' id='word_1_67' title='bbox 496 1747 577 1811; x_wconf 90' lang='lat' dir='ltr'>ad</span> <span class='ocrx_word' id='word_1_68' title='bbox 604 1764 746 1826; x_wconf 83' lang='lat' dir='ltr'>arg.</span> <span class='ocrx_word' id='word_1_69' title='bbox 782 1744 878 1809; x_wconf 80' lang='lat' dir='ltr'>Ad</span> <span class='ocrx_word' id='word_1_70' title='bbox 902 1743 1351 1827; x_wconf 67' lang='lat' dir='ltr'>praedictorum</span> <span class='ocrx_word' id='word_1_71' title='bbox 1382 1741 1750 1820; x_wconf 83' lang='lat' dir='ltr'>intelligen-</span> 
     </span>
     <span class='ocr_line' id='line_1_14' title="bbox 244 1847 1753 1935; baseline -0.004 -20"><span class='ocrx_word' id='word_1_72' title='bbox 244 1853 369 1917; x_wconf 88' lang='lat' dir='ltr'>tiam</span> <span class='ocrx_word' id='word_1_73' title='bbox 402 1860 494 1919; x_wconf 89' lang='lat' dir='ltr'>est</span> <span class='ocrx_word' id='word_1_74' title='bbox 537 1853 912 1932; x_wconf 82' lang='lat' dir='ltr'>notandum,</span> <span class='ocrx_word' id='word_1_75' title='bbox 954 1851 1125 1935; x_wconf 90' lang='lat' dir='ltr'>quod</span> <span class='ocrx_word' id='word_1_76' title='bbox 1171 1849 1369 1932; x_wconf 89' lang='lat' dir='ltr'>aliqui</span> <span class='ocrx_word' id='word_1_77' title='bbox 1409 1847 1753 1912; x_wconf 89' lang='lat' dir='ltr'>voluerunt</span> 
     </span>
     <span class='ocr_line' id='line_1_15' title="bbox 243 1954 1750 2044; baseline -0.004 -20"><span class='ocrx_word' id='word_1_78' title='bbox 243 1960 417 2026; x_wconf 85' lang='lat' dir='ltr'><strong>dicere</strong></span> <span class='ocrx_word' id='word_1_79' title='bbox 443 1962 616 2044; x_wconf 88' lang='lat' dir='ltr'>quod</span> <span class='ocrx_word' id='word_1_80' title='bbox 648 1960 816 2024; x_wconf 90' lang='lat' dir='ltr'>Deus</span> <span class='ocrx_word' id='word_1_81' title='bbox 835 1978 874 2021; x_wconf 89' lang='lat' dir='ltr'>a</span> <span class='ocrx_word' id='word_1_82' title='bbox 898 1958 1076 2022; x_wconf 90' lang='lat' dir='ltr'>nulla</span> <span class='ocrx_word' id='word_1_83' title='bbox 1089 1960 1380 2020; x_wconf 86' lang='lat' dir='ltr'>creatura</span> <span class='ocrx_word' id='word_1_84' title='bbox 1410 1954 1750 2034; x_wconf 87' lang='lat' dir='ltr'>videbitur,</span> 
     </span>
     <span class='ocr_line' id='line_1_16' title="bbox 243 2063 1754 2142; baseline -0.003 -11"><span class='ocrx_word' id='word_1_85' title='bbox 243 2087 337 2133; x_wconf 88' lang='lat' dir='ltr'>nec</span> <span class='ocrx_word' id='word_1_86' title='bbox 358 2071 610 2135; x_wconf 83' lang='lat' dir='ltr'>videtur</span> <span class='ocrx_word' id='word_1_87' title='bbox 650 2069 720 2131; x_wconf 92' lang='lat' dir='ltr'>in</span> <span class='ocrx_word' id='word_1_88' title='bbox 750 2086 868 2133; x_wconf 86' lang='lat' dir='ltr'>sua</span> <span class='ocrx_word' id='word_1_89' title='bbox 894 2065 1163 2131; x_wconf 77' lang='lat' dir='ltr'>essentia</span> <span class='ocrx_word' id='word_1_90' title='bbox 1197 2065 1300 2128; x_wconf 90' lang='lat' dir='ltr'>vel</span> <span class='ocrx_word' id='word_1_91' title='bbox 1343 2068 1613 2142; x_wconf 86' lang='lat' dir='ltr'>natura;</span> <span class='ocrx_word' id='word_1_92' title='bbox 1646 2063 1754 2127; x_wconf 89' lang='lat' dir='ltr'>sed</span> 
     </span>
     <span class='ocr_line' id='line_1_17' title="bbox 242 2174 1757 2257; baseline -0.004 -13"><span class='ocrx_word' id='word_1_93' title='bbox 242 2183 527 2248; x_wconf 84' lang='lat' dir='ltr'>videbitur</span> <span class='ocrx_word' id='word_1_94' title='bbox 568 2183 639 2245; x_wconf 90' lang='lat' dir='ltr'>in</span> <span class='ocrx_word' id='word_1_95' title='bbox 695 2181 976 2244; x_wconf 88' lang='lat' dir='ltr'>claritate</span> <span class='ocrx_word' id='word_1_96' title='bbox 1015 2197 1161 2257; x_wconf 85' lang='lat' dir='ltr'>sua,</span> <span class='ocrx_word' id='word_1_97' title='bbox 1221 2195 1370 2240; x_wconf 89' lang='lat' dir='ltr'>cum</span> <span class='ocrx_word' id='word_1_98' title='bbox 1423 2180 1636 2239; x_wconf 88' lang='lat' dir='ltr'>tantus</span> <span class='ocrx_word' id='word_1_99' title='bbox 1676 2174 1757 2239; x_wconf 89' lang='lat' dir='ltr'>sit</span> 
     </span>
     <span class='ocr_line' id='line_1_18' title="bbox 241 2283 1757 2374; baseline -0.001 -25"><span class='ocrx_word' id='word_1_100' title='bbox 241 2288 424 2371; x_wconf 80' lang='lat' dir='ltr'>fulgor</span> <span class='ocrx_word' id='word_1_101' title='bbox 442 2290 648 2374; x_wconf 89' lang='lat' dir='ltr'>ipsius</span> <span class='ocrx_word' id='word_1_102' title='bbox 674 2287 1118 2352; x_wconf 89' lang='lat' dir='ltr'>immensitatis</span> <span class='ocrx_word' id='word_1_103' title='bbox 1156 2284 1449 2362; x_wconf 88' lang='lat' dir='ltr'>luminis,</span> <span class='ocrx_word' id='word_1_104' title='bbox 1482 2283 1651 2366; x_wconf 89' lang='lat' dir='ltr'>quod</span> <span class='ocrx_word' id='word_1_105' title='bbox 1677 2283 1757 2347; x_wconf 88' lang='lat' dir='ltr'>ad</span> 
     </span>
     <span class='ocr_line' id='line_1_19' title="bbox 246 2391 1759 2463; baseline -0.003 -4"><span class='ocrx_word' id='word_1_106' title='bbox 246 2399 572 2463; x_wconf 78' lang='lat' dir='ltr'><strong>contuitum</strong></span> <span class='ocrx_word' id='word_1_107' title='bbox 631 2397 806 2460; x_wconf 90' lang='lat' dir='ltr'>illius</span> <span class='ocrx_word' id='word_1_108' title='bbox 839 2393 1211 2457; x_wconf 63' lang='lat' dir='ltr'>substantiae</span> <span class='ocrx_word' id='word_1_109' title='bbox 1267 2391 1484 2456; x_wconf 88' lang='lat' dir='ltr'>nullus</span> <span class='ocrx_word' id='word_1_110' title='bbox 1535 2392 1759 2455; x_wconf 90' lang='lat' dir='ltr'>oculus</span> 
     </span>
     <span class='ocr_line' id='line_1_20' title="bbox 93 2499 1760 2592; baseline -0.004 -23"><span class='ocrx_word' id='word_1_111' title='bbox 93 2533 212 2592; x_wconf 51' lang='lat' dir='ltr'>m,</span> <span class='ocrx_word' id='word_1_112' title='bbox 245 2509 527 2570; x_wconf 82' lang='lat' dir='ltr'>creaturae</span> <span class='ocrx_word' id='word_1_113' title='bbox 574 2504 769 2587; x_wconf 84' lang='lat' dir='ltr'>possit</span> <span class='ocrx_word' id='word_1_114' title='bbox 814 2503 1197 2585; x_wconf 79' lang='lat' dir='ltr'>pertingere.</span> <span class='ocrx_word' id='word_1_115' title='bbox 1242 2499 1429 2564; x_wconf 84' lang='lat' dir='ltr'>Hunc</span> <span class='ocrx_word' id='word_1_116' title='bbox 1476 2517 1760 2563; x_wconf 91' lang='lat' dir='ltr'>errorem</span> 
     </span>
     <span class='ocr_line' id='line_1_21' title="bbox 243 2607 1762 2692; baseline -0.001 -19"><span class='ocrx_word' id='word_1_117' title='bbox 243 2618 476 2678; x_wconf 79' lang='lat' dir='ltr'>evacuat</span> <span class='ocrx_word' id='word_1_118' title='bbox 522 2611 871 2692; x_wconf 81' lang='lat' dir='ltr'>Gregorius</span> <span class='ocrx_word' id='word_1_119' title='bbox 911 2610 978 2673; x_wconf 93' lang='lat' dir='ltr'>in</span> <span class='ocrx_word' id='word_1_120' title='bbox 1023 2607 1374 2674; x_wconf 72' lang='lat' dir='ltr'>moralibus</span> <span class='ocrx_word' id='word_1_121' title='bbox 1407 2608 1451 2687; x_wconf 81' lang='lat'>¹,</span> <span class='ocrx_word' id='word_1_122' title='bbox 1484 2611 1762 2671; x_wconf 87' lang='lat' dir='ltr'>tractans</span> 
     </span>
     <span class='ocr_line' id='line_1_22' title="bbox 241 2715 1762 2784; baseline 0.001 -6"><span class='ocrx_word' id='word_1_123' title='bbox 241 2717 371 2783; x_wconf 87' lang='lat' dir='ltr'>illud</span> <span class='ocrx_word' id='word_1_124' title='bbox 394 2719 512 2784; x_wconf 88' lang='lat' dir='ltr'>Job</span> <span class='ocrx_word' id='word_1_125' title='bbox 533 2720 595 2782; x_wconf 84' lang='lat'>⁸:</span> <span class='ocrx_word' id='word_1_126' title='bbox 620 2715 1011 2783; x_wconf 78' lang='lat' dir='ltr'>Abscondita</span> <span class='ocrx_word' id='word_1_127' title='bbox 1036 2721 1129 2782; x_wconf 79' lang='lat' dir='ltr'>est</span> <span class='ocrx_word' id='word_1_128' title='bbox 1156 2716 1234 2782; x_wconf 85' lang='lat' dir='ltr'>ab</span> <span class='ocrx_word' id='word_1_129' title='bbox 1262 2716 1461 2781; x_wconf 81' lang='lat' dir='ltr'>oculis</span> <span class='ocrx_word' id='word_1_130' title='bbox 1474 2717 1762 2782; x_wconf 80' lang='lat' dir='ltr'>omnium</span> 
     </span>
     <span class='ocr_line' id='line_1_23' title="bbox 245 2823 1761 2908; baseline -0.001 -18"><span class='ocrx_word' id='word_1_131' title='bbox 245 2828 578 2898; x_wconf 65' lang='lat' dir='ltr'>viventium</span> <span class='ocrx_word' id='word_1_132' title='bbox 592 2845 620 2908; x_wconf 92' lang='lat'><em>;</em></span> <span class='ocrx_word' id='word_1_133' title='bbox 644 2826 755 2890; x_wconf 90' lang='lat' dir='ltr'>ubi</span> <span class='ocrx_word' id='word_1_134' title='bbox 778 2827 868 2889; x_wconf 90' lang='lat' dir='ltr'>ait</span> <span class='ocrx_word' id='word_1_135' title='bbox 906 2825 996 2888; x_wconf 90' lang='lat' dir='ltr'>sic</span> <span class='ocrx_word' id='word_1_136' title='bbox 1036 2846 1053 2887; x_wconf 72' lang='grc' dir='ltr'><strong>ε</strong></span> <span class='ocrx_word' id='word_1_137' title='bbox 1094 2848 1124 2882; x_wconf 84' lang='lat'><strong>«</strong></span> <span class='ocrx_word' id='word_1_138' title='bbox 1174 2823 1455 2888; x_wconf 83' lang='lat' dir='ltr'>Fuerunt</span> <span class='ocrx_word' id='word_1_139' title='bbox 1498 2823 1610 2906; x_wconf 89' lang='lat' dir='ltr'>qui</span> <span class='ocrx_word' id='word_1_140' title='bbox 1662 2825 1761 2888; x_wconf 89' lang='lat' dir='ltr'>di-</span> 
     </span>
     <span class='ocr_line' id='line_1_24' title="bbox 243 2931 1762 3015; baseline 0 -19"><span class='ocrx_word' id='word_1_141' title='bbox 243 2937 512 2999; x_wconf 86' lang='lat' dir='ltr'>cerentin</span> <span class='ocrx_word' id='word_1_142' title='bbox 534 2935 644 2998; x_wconf 89' lang='lat' dir='ltr'>illa</span> <span class='ocrx_word' id='word_1_143' title='bbox 668 2934 928 3015; x_wconf 80' lang='lat' dir='ltr'>regione</span> <span class='ocrx_word' id='word_1_144' title='bbox 955 2931 1365 2996; x_wconf 87' lang='lat' dir='ltr'>beatitudinis</span> <span class='ocrx_word' id='word_1_145' title='bbox 1391 2931 1459 2994; x_wconf 91' lang='lat' dir='ltr'>in</span> <span class='ocrx_word' id='word_1_146' title='bbox 1483 2932 1762 2997; x_wconf 82' lang='lat' dir='ltr'>claritate</span> 
     </span>
     <span class='ocr_line' id='line_1_25' title="bbox 241 3039 1763 3124; baseline -0.002 -18"><span class='ocrx_word' id='word_1_147' title='bbox 241 3042 561 3109; x_wconf 80' lang='lat' dir='ltr'>suaDeum</span> <span class='ocrx_word' id='word_1_148' title='bbox 599 3040 919 3124; x_wconf 88' lang='lat' dir='ltr'>conspici,</span> <span class='ocrx_word' id='word_1_149' title='bbox 967 3039 1076 3104; x_wconf 90' lang='lat' dir='ltr'>sed</span> <span class='ocrx_word' id='word_1_150' title='bbox 1121 3041 1189 3103; x_wconf 92' lang='lat' dir='ltr'>in</span> <span class='ocrx_word' id='word_1_151' title='bbox 1234 3043 1465 3103; x_wconf 87' lang='lat' dir='ltr'>natura</span> <span class='ocrx_word' id='word_1_152' title='bbox 1492 3057 1622 3103; x_wconf 89' lang='lat' dir='ltr'>non</span> <span class='ocrx_word' id='word_1_153' title='bbox 1662 3040 1763 3104; x_wconf 86' lang='lat' dir='ltr'>vi·</span> 
     </span>
     <span class='ocr_line' id='line_1_26' title="bbox 243 3148 1763 3229; baseline 0.001 -17"><span class='ocrx_word' id='word_1_154' title='bbox 243 3149 356 3214; x_wconf 89' lang='lat' dir='ltr'>deri</span> <span class='ocrx_word' id='word_1_155' title='bbox 386 3152 543 3218; x_wconf 87' lang='lat' dir='ltr'>:sed</span> <span class='ocrx_word' id='word_1_156' title='bbox 579 3169 713 3215; x_wconf 90' lang='lat' dir='ltr'>non</span> <span class='ocrx_word' id='word_1_157' title='bbox 750 3154 844 3216; x_wconf 86' lang='lat' dir='ltr'>est</span> <span class='ocrx_word' id='word_1_158' title='bbox 888 3149 1060 3214; x_wconf 88' lang='lat' dir='ltr'>aliud</span> <span class='ocrx_word' id='word_1_159' title='bbox 1107 3148 1389 3229; x_wconf 79' lang='lat' dir='ltr'>claritas,</span> <span class='ocrx_word' id='word_1_160' title='bbox 1433 3149 1605 3214; x_wconf 91' lang='lat' dir='ltr'>aliud</span> <span class='ocrx_word' id='word_1_161' title='bbox 1645 3169 1763 3214; x_wconf 90' lang='lat' dir='ltr'>na-</span> 
     </span>
    </p>
   </div>
   <div class='ocr_carea' id='block_1_6' title="bbox 93 1783 207 1835">
    <p class='ocr_par' dir='ltr' id='par_1_6' title="bbox 93 1783 207 1835">
     <span class='ocr_line' id='line_1_27' title="bbox 93 1783 207 1835; baseline 0 -11"><span class='ocrx_word' id='word_1_162' title='bbox 93 1783 207 1835; x_wconf 53' lang='lat' dir='ltr'>osai.</span> 
     </span>
    </p>
   </div>
   <div class='ocr_carea' id='block_1_7' title="bbox 51 3005 54 3181">
    <p class='ocr_par' dir='ltr' id='par_1_7' title="bbox 51 3005 54 3181">
     <span class='ocr_line' id='line_1_28' title="bbox 51 3005 54 3181; baseline 0 -139"><span class='ocrx_word' id='word_1_163' title='bbox 51 3005 54 3181; x_wconf 26' lang='grc' dir='ltr'>ζ</span> 
     </span>
    </p>
   </div>
   <div class='ocr_carea' id='block_1_8' title="bbox 84 3257 1776 5187">
    <p class='ocr_par' dir='ltr' id='par_1_8' title="bbox 84 3257 1776 5187">
     <span class='ocr_line' id='line_1_29' title="bbox 243 3257 1765 3341; baseline 0.001 -19"><span class='ocrx_word' id='word_1_164' title='bbox 243 3259 368 3322; x_wconf 82' lang='lat' dir='ltr'>tura</span> <span class='ocrx_word' id='word_1_165' title='bbox 411 3283 426 3324; x_wconf 74' lang='grc' dir='ltr'><strong><em>ε</em></strong></span> <span class='ocrx_word' id='word_1_166' title='bbox 473 3260 585 3324; x_wconf 88' lang='lat' dir='ltr'>sed</span> <span class='ocrx_word' id='word_1_167' title='bbox 635 3260 774 3341; x_wconf 90' lang='lat' dir='ltr'>ipsa</span> <span class='ocrx_word' id='word_1_168' title='bbox 817 3262 1048 3323; x_wconf 88' lang='lat' dir='ltr'>natura</span> <span class='ocrx_word' id='word_1_169' title='bbox 1087 3262 1181 3322; x_wconf 89' lang='lat' dir='ltr'>est</span> <span class='ocrx_word' id='word_1_170' title='bbox 1226 3257 1492 3335; x_wconf 77' lang='lat' dir='ltr'>claritaS,</span> <span class='ocrx_word' id='word_1_171' title='bbox 1538 3261 1603 3322; x_wconf 91' lang='lat' dir='ltr'>et</span> <span class='ocrx_word' id='word_1_172' title='bbox 1628 3258 1765 3341; x_wconf 91' lang='lat' dir='ltr'>ipsa</span> 
     </span>
     <span class='ocr_line' id='line_1_30' title="bbox 84 3363 1764 3443; baseline 0.003 -19"><span class='ocrx_word' id='word_1_173' title='bbox 84 3386 210 3443; x_wconf 44' lang='grc' dir='ltr'>ψη</span> <span class='ocrx_word' id='word_1_174' title='bbox 245 3363 468 3431; x_wconf 78' lang='lat' dir='ltr'>claritas</span> <span class='ocrx_word' id='word_1_175' title='bbox 495 3370 594 3432; x_wconf 69' lang='lat' dir='ltr'>oet</span> <span class='ocrx_word' id='word_1_176' title='bbox 621 3368 876 3430; x_wconf 89' lang='lat' dir='ltr'>natura.</span> <span class='ocrx_word' id='word_1_177' title='bbox 915 3387 945 3423; x_wconf 76' lang='lat' dir='ltr'>n</span> <span class='ocrx_word' id='word_1_178' title='bbox 999 3363 1076 3427; x_wconf 83' lang='lat' dir='ltr'>Et</span> <span class='ocrx_word' id='word_1_179' title='bbox 1113 3363 1253 3428; x_wconf 91' lang='lat' dir='ltr'>ideo</span> <span class='ocrx_word' id='word_1_180' title='bbox 1280 3364 1398 3427; x_wconf 91' lang='lat' dir='ltr'>iste</span> <span class='ocrx_word' id='word_1_181' title='bbox 1430 3382 1606 3428; x_wconf 88' lang='lat' dir='ltr'>error</span> <span class='ocrx_word' id='word_1_182' title='bbox 1633 3384 1764 3429; x_wconf 92' lang='lat' dir='ltr'>non</span> 
     </span>
     <span class='ocr_line' id='line_1_31' title="bbox 242 3472 1765 3555; baseline 0.001 -19"><span class='ocrx_word' id='word_1_183' title='bbox 242 3474 499 3540; x_wconf 88' lang='lat' dir='ltr'>multum</span> <span class='ocrx_word' id='word_1_184' title='bbox 526 3478 623 3539; x_wconf 62' lang='lat' dir='ltr'>est</span> <span class='ocrx_word' id='word_1_185' title='bbox 649 3472 1062 3550; x_wconf 86' lang='lat' dir='ltr'>rationabilis,</span> <span class='ocrx_word' id='word_1_186' title='bbox 1091 3472 1244 3555; x_wconf 89' lang='lat' dir='ltr'>quia</span> <span class='ocrx_word' id='word_1_187' title='bbox 1271 3473 1435 3536; x_wconf 85' lang='lat' dir='ltr'>male</span> <span class='ocrx_word' id='word_1_188' title='bbox 1462 3474 1765 3555; x_wconf 84' lang='lat' dir='ltr'>intelligit</span> 
     </span>
     <span class='ocr_line' id='line_1_32' title="bbox 240 3577 1764 3662; baseline 0.002 -21"><span class='ocrx_word' id='word_1_189' title='bbox 240 3577 437 3648; x_wconf 89' lang='lat' dir='ltr'>lumen</span> <span class='ocrx_word' id='word_1_190' title='bbox 465 3586 809 3659; x_wconf 68' lang='lat' dir='ltr'>aeternum,</span> <span class='ocrx_word' id='word_1_191' title='bbox 845 3580 912 3644; x_wconf 92' lang='lat' dir='ltr'>in</span> <span class='ocrx_word' id='word_1_192' title='bbox 938 3598 1070 3662; x_wconf 88' lang='lat' dir='ltr'>quo</span> <span class='ocrx_word' id='word_1_193' title='bbox 1095 3598 1227 3644; x_wconf 89' lang='lat' dir='ltr'>non</span> <span class='ocrx_word' id='word_1_194' title='bbox 1263 3580 1472 3645; x_wconf 83' lang='lat' dir='ltr'>differt</span> <span class='ocrx_word' id='word_1_195' title='bbox 1495 3581 1764 3645; x_wconf 81' lang='lat' dir='ltr'>essentia</span> 
     </span>
     <span class='ocr_line' id='line_1_33' title="bbox 237 3684 1765 3772; baseline 0.001 -24"><span class='ocrx_word' id='word_1_196' title='bbox 237 3684 504 3771; x_wconf 88' lang='lat' dir='ltr'>luminis,</span> <span class='ocrx_word' id='word_1_197' title='bbox 537 3694 601 3755; x_wconf 86' lang='lat' dir='ltr'>et</span> <span class='ocrx_word' id='word_1_198' title='bbox 626 3689 761 3772; x_wconf 89' lang='lat' dir='ltr'>ipse</span> <span class='ocrx_word' id='word_1_199' title='bbox 799 3692 978 3751; x_wconf 88' lang='lat' dir='ltr'>actus</span> <span class='ocrx_word' id='word_1_200' title='bbox 1012 3687 1286 3751; x_wconf 91' lang='lat' dir='ltr'>lucendi.</span> <span class='ocrx_word' id='word_1_201' title='bbox 1328 3686 1407 3751; x_wconf 89' lang='lat' dir='ltr'>Et</span> <span class='ocrx_word' id='word_1_202' title='bbox 1449 3686 1590 3752; x_wconf 92' lang='lat' dir='ltr'>ideo</span> <span class='ocrx_word' id='word_1_203' title='bbox 1623 3687 1765 3751; x_wconf 86' lang='lat' dir='ltr'>fue-</span> 
     </span>
     <span class='ocr_line' id='line_1_34' title="bbox 235 3794 1766 3878; baseline -0.001 -18"><span class='ocrx_word' id='word_1_204' title='bbox 235 3802 372 3860; x_wconf 87' lang='lat' dir='ltr'>runt</span> <span class='ocrx_word' id='word_1_205' title='bbox 395 3798 504 3863; x_wconf 88' lang='lat' dir='ltr'>alii</span> <span class='ocrx_word' id='word_1_206' title='bbox 530 3796 967 3862; x_wconf 85' lang='lat' dir='ltr'>moderniores</span> <span class='ocrx_word' id='word_1_207' title='bbox 986 3843 1003 3874; x_wconf 87' lang='lat'>‚</span> <span class='ocrx_word' id='word_1_208' title='bbox 1043 3795 1153 3878; x_wconf 89' lang='lat' dir='ltr'>qui</span> <span class='ocrx_word' id='word_1_209' title='bbox 1194 3794 1496 3858; x_wconf 80' lang='lat' dir='ltr'>dixerunt</span> <span class='ocrx_word' id='word_1_210' title='bbox 1522 3815 1561 3860; x_wconf 89' lang='lat' dir='ltr'>a</span> <span class='ocrx_word' id='word_1_211' title='bbox 1589 3796 1766 3859; x_wconf 93' lang='lat' dir='ltr'>nulla</span> 
     </span>
     <span class='ocr_line' id='line_1_35' title="bbox 237 3907 1768 3993; baseline -0.001 -22"><span class='ocrx_word' id='word_1_212' title='bbox 237 3914 509 3975; x_wconf 85' lang='lat' dir='ltr'>creatura</span> <span class='ocrx_word' id='word_1_213' title='bbox 564 3927 747 3993; x_wconf 88' lang='lat' dir='ltr'>posse</span> <span class='ocrx_word' id='word_1_214' title='bbox 808 3908 1005 3990; x_wconf 79' lang='lat' dir='ltr'>aspici</span> <span class='ocrx_word' id='word_1_215' title='bbox 1056 3907 1278 3971; x_wconf 91' lang='lat' dir='ltr'>lumen</span> <span class='ocrx_word' id='word_1_216' title='bbox 1331 3910 1644 3970; x_wconf 82' lang='lat' dir='ltr'>aeternum</span> <span class='ocrx_word' id='word_1_217' title='bbox 1699 3907 1768 3970; x_wconf 89' lang='lat' dir='ltr'>in</span> 
     </span>
     <span class='ocr_line' id='line_1_36' title="bbox 234 4012 1764 4099; baseline 0.003 -24"><span class='ocrx_word' id='word_1_218' title='bbox 234 4012 387 4080; x_wconf 72' lang='lat' dir='ltr'>sonte</span> <span class='ocrx_word' id='word_1_219' title='bbox 413 4037 558 4083; x_wconf 81' lang='lat' dir='ltr'>suae</span> <span class='ocrx_word' id='word_1_220' title='bbox 586 4018 906 4086; x_wconf 77' lang='lat' dir='ltr'>claritatis,</span> <span class='ocrx_word' id='word_1_221' title='bbox 938 4016 1043 4080; x_wconf 86' lang='lat' dir='ltr'>sed</span> <span class='ocrx_word' id='word_1_222' title='bbox 1074 4017 1144 4080; x_wconf 92' lang='lat' dir='ltr'>in</span> <span class='ocrx_word' id='word_1_223' title='bbox 1190 4014 1572 4099; x_wconf 88' lang='lat' dir='ltr'>quibusdam</span> <span class='ocrx_word' id='word_1_224' title='bbox 1613 4034 1764 4079; x_wconf 91' lang='lat' dir='ltr'>con-</span> 
     </span>
     <span class='ocr_line' id='line_1_37' title="bbox 238 4120 1769 4208; baseline -0.003 -17"><span class='ocrx_word' id='word_1_225' title='bbox 238 4120 749 4191; x_wconf 72' lang='lat' dir='ltr'>descensionibus</span> <span class='ocrx_word' id='word_1_226' title='bbox 773 4130 836 4189; x_wconf 92' lang='lat' dir='ltr'>et</span> <span class='ocrx_word' id='word_1_227' title='bbox 860 4124 1259 4208; x_wconf 89' lang='lat' dir='ltr'>theophaniis</span> <span class='ocrx_word' id='word_1_228' title='bbox 1275 4147 1307 4188; x_wconf 89' lang='lat'>·:</span> <span class='ocrx_word' id='word_1_229' title='bbox 1338 4128 1401 4188; x_wconf 91' lang='lat' dir='ltr'>et</span> <span class='ocrx_word' id='word_1_230' title='bbox 1434 4123 1557 4188; x_wconf 91' lang='lat' dir='ltr'>hoc</span> <span class='ocrx_word' id='word_1_231' title='bbox 1582 4141 1769 4205; x_wconf 89' lang='lat' dir='ltr'>prop-</span> 
     </span>
     <span class='ocr_line' id='line_1_38' title="bbox 238 4230 1765 4317; baseline -0.001 -24"><span class='ocrx_word' id='word_1_232' title='bbox 238 4233 320 4293; x_wconf 83' lang='lat' dir='ltr'>ter</span> <span class='ocrx_word' id='word_1_233' title='bbox 359 4232 1179 4317; x_wconf 86' lang='lat' dir='ltr'>improportionabilitatem</span> <span class='ocrx_word' id='word_1_234' title='bbox 1237 4230 1405 4296; x_wconf 89' lang='lat' dir='ltr'>oculi</span> <span class='ocrx_word' id='word_1_235' title='bbox 1461 4230 1541 4294; x_wconf 92' lang='lat' dir='ltr'>ad</span> <span class='ocrx_word' id='word_1_236' title='bbox 1589 4230 1765 4293; x_wconf 88' lang='lat' dir='ltr'>illam</span> 
     </span>
     <span class='ocr_line' id='line_1_39' title="bbox 238 4338 1769 4423; baseline 0.002 -25"><span class='ocrx_word' id='word_1_237' title='bbox 238 4354 551 4406; x_wconf 83' lang='lat' dir='ltr'>summam</span> <span class='ocrx_word' id='word_1_238' title='bbox 571 4342 804 4421; x_wconf 85' lang='lat' dir='ltr'>lucem,</span> <span class='ocrx_word' id='word_1_239' title='bbox 825 4358 974 4423; x_wconf 80' lang='lat' dir='ltr'>quae</span> <span class='ocrx_word' id='word_1_240' title='bbox 993 4341 1201 4423; x_wconf 87' lang='lat' dir='ltr'>potius</span> <span class='ocrx_word' id='word_1_241' title='bbox 1218 4338 1769 4403; x_wconf 90' lang='lat' dir='ltr'>suaimmensitate</span> 
     </span>
     <span class='ocr_line' id='line_1_40' title="bbox 234 4446 1769 4531; baseline 0 -22"><span class='ocrx_word' id='word_1_242' title='bbox 234 4450 645 4531; x_wconf 85' lang='lat' dir='ltr'>opprimeret,</span> <span class='ocrx_word' id='word_1_243' title='bbox 688 4467 884 4531; x_wconf 88' lang='lat' dir='ltr'>quam</span> <span class='ocrx_word' id='word_1_244' title='bbox 920 4448 1254 4512; x_wconf 86' lang='lat' dir='ltr'>delectaret</span> <span class='ocrx_word' id='word_1_245' title='bbox 1293 4446 1555 4512; x_wconf 90' lang='lat' dir='ltr'>oculum</span> <span class='ocrx_word' id='word_1_246' title='bbox 1592 4464 1769 4510; x_wconf 87' lang='lat' dir='ltr'>crea-</span> 
     </span>
     <span class='ocr_line' id='line_1_41' title="bbox 232 4557 1772 4645; baseline 0 -26"><span class='ocrx_word' id='word_1_247' title='bbox 232 4558 410 4639; x_wconf 75' lang='lat' dir='ltr'>turae,</span> <span class='ocrx_word' id='word_1_248' title='bbox 462 4580 613 4645; x_wconf 85' lang='lat' dir='ltr'>quae</span> <span class='ocrx_word' id='word_1_249' title='bbox 656 4578 723 4625; x_wconf 91' lang='lat' dir='ltr'>se</span> <span class='ocrx_word' id='word_1_250' title='bbox 760 4560 952 4623; x_wconf 85' lang='lat' dir='ltr'>habet</span> <span class='ocrx_word' id='word_1_251' title='bbox 989 4559 1068 4623; x_wconf 89' lang='lat' dir='ltr'>ad</span> <span class='ocrx_word' id='word_1_252' title='bbox 1111 4559 1314 4641; x_wconf 89' lang='lat' dir='ltr'>ipsam</span> <span class='ocrx_word' id='word_1_253' title='bbox 1352 4558 1515 4622; x_wconf 91' lang='lat' dir='ltr'>sicut</span> <span class='ocrx_word' id='word_1_254' title='bbox 1549 4557 1772 4621; x_wconf 91' lang='lat' dir='ltr'>oculus</span> 
     </span>
     <span class='ocr_line' id='line_1_42' title="bbox 231 4671 1770 4755; baseline 0.001 -23"><span class='ocrx_word' id='word_1_255' title='bbox 231 4677 480 4738; x_wconf 71' lang='lat' dir='ltr'>noctuae</span> <span class='ocrx_word' id='word_1_256' title='bbox 514 4696 529 4737; x_wconf 72' lang='grc' dir='ltr'><strong>ε</strong></span> <span class='ocrx_word' id='word_1_257' title='bbox 563 4678 626 4737; x_wconf 91' lang='lat' dir='ltr'>et</span> <span class='ocrx_word' id='word_1_258' title='bbox 655 4672 939 4755; x_wconf 88' lang='lat' dir='ltr'>oportuit</span> <span class='ocrx_word' id='word_1_259' title='bbox 963 4671 1133 4755; x_wconf 85' lang='lat' dir='ltr'>quod</span> <span class='ocrx_word' id='word_1_260' title='bbox 1181 4671 1345 4735; x_wconf 89' lang='lat' dir='ltr'>Deus</span> <span class='ocrx_word' id='word_1_261' title='bbox 1379 4690 1446 4735; x_wconf 90' lang='lat' dir='ltr'>se</span> <span class='ocrx_word' id='word_1_262' title='bbox 1482 4674 1770 4734; x_wconf 89' lang='lat' dir='ltr'>contem-</span> 
     </span>
     <span class='ocr_line' id='line_1_43' title="bbox 234 4778 1773 4863; baseline -0.001 -21"><span class='ocrx_word' id='word_1_263' title='bbox 234 4790 482 4859; x_wconf 85' lang='lat' dir='ltr'>peraret</span> <span class='ocrx_word' id='word_1_264' title='bbox 499 4781 623 4863; x_wconf 89' lang='lat' dir='ltr'>ipsi</span> <span class='ocrx_word' id='word_1_265' title='bbox 649 4780 917 4857; x_wconf 64' lang='lat' dir='ltr'>animae,</span> <span class='ocrx_word' id='word_1_266' title='bbox 948 4780 1110 4842; x_wconf 90' lang='lat' dir='ltr'>sicut</span> <span class='ocrx_word' id='word_1_267' title='bbox 1140 4778 1234 4842; x_wconf 92' lang='lat' dir='ltr'>sol</span> <span class='ocrx_word' id='word_1_268' title='bbox 1263 4781 1773 4859; x_wconf 84' lang='lat' dir='ltr'>contemperatur</span> 
     </span>
     <span class='ocr_line' id='line_1_44' title="bbox 235 4884 1772 4953; baseline -0.003 -3"><span class='ocrx_word' id='word_1_269' title='bbox 235 4887 413 4952; x_wconf 89' lang='lat' dir='ltr'>oculo</span> <span class='ocrx_word' id='word_1_270' title='bbox 441 4889 762 4953; x_wconf 88' lang='lat' dir='ltr'>mediante</span> <span class='ocrx_word' id='word_1_271' title='bbox 787 4887 980 4951; x_wconf 89' lang='lat' dir='ltr'>nube.</span> <span class='ocrx_word' id='word_1_272' title='bbox 1009 4885 1130 4952; x_wconf 86' lang='lat' dir='ltr'>Sed</span> <span class='ocrx_word' id='word_1_273' title='bbox 1153 4885 1258 4949; x_wconf 92' lang='lat' dir='ltr'>hic</span> <span class='ocrx_word' id='word_1_274' title='bbox 1277 4885 1506 4949; x_wconf 88' lang='lat' dir='ltr'>modus</span> <span class='ocrx_word' id='word_1_275' title='bbox 1526 4884 1772 4948; x_wconf 90' lang='lat' dir='ltr'>dicendi</span> 
     </span>
     <span class='ocr_line' id='line_1_45' title="bbox 232 4994 1773 5075; baseline -0.001 -19"><span class='ocrx_word' id='word_1_276' title='bbox 232 5011 359 5059; x_wconf 90' lang='lat' dir='ltr'>non</span> <span class='ocrx_word' id='word_1_277' title='bbox 387 4998 615 5061; x_wconf 89' lang='lat' dir='ltr'>minus</span> <span class='ocrx_word' id='word_1_278' title='bbox 645 5016 684 5061; x_wconf 89' lang='lat' dir='ltr'>a</span> <span class='ocrx_word' id='word_1_279' title='bbox 707 4996 974 5061; x_wconf 80' lang='lat' dir='ltr'>veritate</span> <span class='ocrx_word' id='word_1_280' title='bbox 1002 4994 1245 5074; x_wconf 89' lang='lat' dir='ltr'>deviat,</span> <span class='ocrx_word' id='word_1_281' title='bbox 1292 5011 1488 5075; x_wconf 89' lang='lat' dir='ltr'>quam</span> <span class='ocrx_word' id='word_1_282' title='bbox 1534 5010 1773 5074; x_wconf 84' lang='lat' dir='ltr'>praece-</span> 
     </span>
     <span class='ocr_line' id='line_1_46' title="bbox 231 5100 1776 5187; baseline -0.002 -21"><span class='ocrx_word' id='word_1_283' title='bbox 231 5101 403 5168; x_wconf 83' lang='lat' dir='ltr'>dens.</span> <span class='ocrx_word' id='word_1_284' title='bbox 439 5104 620 5170; x_wconf 89' lang='lat' dir='ltr'>Unde</span> <span class='ocrx_word' id='word_1_285' title='bbox 652 5107 844 5170; x_wconf 90' lang='lat' dir='ltr'>etiam</span> <span class='ocrx_word' id='word_1_286' title='bbox 874 5104 1082 5187; x_wconf 89' lang='lat' dir='ltr'>ipsum</span> <span class='ocrx_word' id='word_1_287' title='bbox 1121 5102 1436 5187; x_wconf 88' lang='lat' dir='ltr'>improbat</span> <span class='ocrx_word' id='word_1_288' title='bbox 1471 5100 1776 5182; x_wconf 80' lang='lat' dir='ltr'>magister</span> 
     </span>
    </p>
   </div>
   <div class='ocr_carea' id='block_1_9' title="bbox 73 4930 197 4996">
    <p class='ocr_par' dir='ltr' id='par_1_9' title="bbox 73 4930 197 4996">
     <span class='ocr_line' id='line_1_47' title="bbox 73 4930 197 4996; baseline -0.024 0"><span class='ocrx_word' id='word_1_289' title='bbox 73 4930 197 4996; x_wconf 54' lang='lat' dir='ltr'>himb-</span> 
     </span>
    </p>
   </div>
   <div class='ocr_carea' id='block_1_10' title="bbox 227 5264 1773 5406">
    <p class='ocr_par' dir='ltr' id='par_1_10' title="bbox 227 5264 1773 5406">
     <span class='ocr_line' id='line_1_48' title="bbox 293 5264 1773 5333; baseline -0.005 -13"><span class='ocrx_word' id='word_1_290' title='bbox 293 5268 546 5333; x_wconf 73' lang='lat' dir='ltr'>¹Eplees.‚</span> <span class='ocrx_word' id='word_1_291' title='bbox 568 5280 617 5331; x_wconf 93' lang='lat'>1,</span> <span class='ocrx_word' id='word_1_292' title='bbox 636 5265 1000 5332; x_wconf 73' lang='lat' dir='ltr'>223Hebr.,11‚</span> <span class='ocrx_word' id='word_1_293' title='bbox 1017 5264 1463 5330; x_wconf 60' lang='lat' dir='ltr'><strong>831Cm·.,15‚26.</strong></span> <span class='ocrx_word' id='word_1_294' title='bbox 1480 5289 1539 5299; x_wconf 92' lang='lat'>—</span> <span class='ocrx_word' id='word_1_295' title='bbox 1561 5265 1582 5296; x_wconf 81' lang='lat'>²</span> <span class='ocrx_word' id='word_1_296' title='bbox 1599 5266 1773 5326; x_wconf 82' lang='lat' dir='ltr'>Greg.,</span> 
     </span>
     <span class='ocr_line' id='line_1_49' title="bbox 227 5335 1771 5406; baseline -0.003 -17"><span class='ocrx_word' id='word_1_297' title='bbox 227 5337 443 5406; x_wconf 64' lang='lat' dir='ltr'>Horat„</span> <span class='ocrx_word' id='word_1_298' title='bbox 469 5340 561 5391; x_wconf 84' lang='lat' dir='ltr'>lib.</span> <span class='ocrx_word' id='word_1_299' title='bbox 589 5341 763 5404; x_wconf 78' lang='lat' dir='ltr'>xvm,</span> <span class='ocrx_word' id='word_1_300' title='bbox 794 5354 840 5390; x_wconf 89' lang='lat' dir='ltr'>c.</span> <span class='ocrx_word' id='word_1_301' title='bbox 870 5349 1070 5389; x_wconf 67' lang='lat' dir='ltr'>xxxvii.</span> <span class='ocrx_word' id='word_1_302' title='bbox 1100 5362 1163 5374; x_wconf 90' lang='lat'>-—</span> <span class='ocrx_word' id='word_1_303' title='bbox 1186 5336 1209 5370; x_wconf 86' lang='lat'>⁸</span> <span class='ocrx_word' id='word_1_304' title='bbox 1233 5335 1363 5401; x_wconf 65' lang='lat' dir='ltr'>Job„</span> <span class='ocrx_word' id='word_1_305' title='bbox 1405 5346 1594 5397; x_wconf 79' lang='lat' dir='ltr'>xxvm,</span> <span class='ocrx_word' id='word_1_306' title='bbox 1623 5338 1771 5386; x_wconf 53' lang='lat'>2¹0-</span> 
     </span>
    </p>
   </div>
   <div class='ocr_carea' id='block_1_11' title="bbox 289 5436 1218 5598">
    <p class='ocr_par' dir='ltr' id='par_1_11' title="bbox 289 5436 1218 5598">
     <span class='ocr_line' id='line_1_50' title="bbox 289 5436 1218 5505; baseline -0.002 -14"><span class='ocrx_word' id='word_1_307' title='bbox 289 5443 354 5505; x_wconf 83' lang='lat' dir='ltr'>(a)</span> <span class='ocrx_word' id='word_1_308' title='bbox 383 5440 536 5491; x_wconf 74' lang='lat' dir='ltr'>Edit.</span> <span class='ocrx_word' id='word_1_309' title='bbox 576 5440 736 5492; x_wconf 63' lang='lat' dir='ltr'>Vener.</span> <span class='ocrx_word' id='word_1_310' title='bbox 763 5440 888 5491; x_wconf 77' lang='lat'><strong>1753</strong></span> <span class='ocrx_word' id='word_1_311' title='bbox 919 5436 1065 5487; x_wconf 75' lang='lat' dir='ltr'>habet</span> <span class='ocrx_word' id='word_1_312' title='bbox 1093 5436 1218 5489; x_wconf 80' lang='lat' dir='ltr'>sive.</span> 
     </span>
     <span class='ocr_line' id='line_1_51' title="bbox 574 5548 855 5598; baseline -0.021 1"><span class='ocrx_word' id='word_1_313' title='bbox 574 5548 718 5598; x_wconf 73' lang='lat' dir='ltr'>Tou.</span> <span class='ocrx_word' id='word_1_314' title='bbox 760 5548 855 5594; x_wconf 82' lang='lat' dir='ltr'>lv.</span> 
     </span>
    </p>
   </div>
   <div class='ocr_carea' id='block_1_12' title="bbox 3274 439 3391 504">
    <p class='ocr_par' dir='ltr' id='par_1_12' title="bbox 3274 439 3391 504">
     <span class='ocr_line' id='line_1_52' title="bbox 3274 439 3391 504; baseline 0.009 -1"><span class='ocrx_word' id='word_1_315' title='bbox 3274 439 3391 504; x_wconf 79' lang='lat'>305</span> 
     </span>
    </p>
   </div>
   <div class='ocr_carea' id='block_1_13' title="bbox 1853 570 3409 1620">
    <p class='ocr_par' dir='ltr' id='par_1_13' title="bbox 1853 570 3409 1620">
     <span class='ocr_line' id='line_1_53' title="bbox 1853 570 3395 655; baseline 0.003 -21"><span class='ocrx_word' id='word_1_316' title='bbox 1853 570 2044 653; x_wconf 83' lang='lat' dir='ltr'>Hngo</span> <span class='ocrx_word' id='word_1_317' title='bbox 2068 589 2262 654; x_wconf 80' lang='lat' dir='ltr'>super</span> <span class='ocrx_word' id='word_1_318' title='bbox 2289 571 2660 655; x_wconf 65' lang='lat' dir='ltr'>Anaeticam</span> <span class='ocrx_word' id='word_1_319' title='bbox 2677 571 3105 638; x_wconf 77' lang='lat' dir='ltr'>hierarchiam</span> <span class='ocrx_word' id='word_1_320' title='bbox 3129 592 3152 635; x_wconf 92' lang='lat'>.·</span> <span class='ocrx_word' id='word_1_321' title='bbox 3180 596 3211 632; x_wconf 67' lang='grc' dir='ltr'><strong>α</strong></span> <span class='ocrx_word' id='word_1_322' title='bbox 3235 573 3395 650; x_wconf 90' lang='lat' dir='ltr'>Quid</span> 
     </span>
     <span class='ocr_line' id='line_1_54' title="bbox 1855 680 3397 764; baseline 0.003 -22"><span class='ocrx_word' id='word_1_323' title='bbox 1855 685 1972 759; x_wconf 88' lang='lat' dir='ltr'>est,</span> <span class='ocrx_word' id='word_1_324' title='bbox 2021 681 2319 764; x_wconf 87' lang='lat' dir='ltr'>inquam,</span> <span class='ocrx_word' id='word_1_325' title='bbox 2368 680 2770 763; x_wconf 89' lang='lat' dir='ltr'>theophaniis</span> <span class='ocrx_word' id='word_1_326' title='bbox 2823 680 3021 746; x_wconf 90' lang='lat' dir='ltr'>Deum</span> <span class='ocrx_word' id='word_1_327' title='bbox 3051 682 3285 762; x_wconf 88' lang='lat' dir='ltr'>videre,</span> <span class='ocrx_word' id='word_1_328' title='bbox 3334 686 3397 747; x_wconf 91' lang='lat' dir='ltr'>et</span> 
     </span>
     <span class='ocr_line' id='line_1_55' title="bbox 1855 787 3398 869; baseline 0.003 -20"><span class='ocrx_word' id='word_1_329' title='bbox 1855 791 2036 850; x_wconf 78' lang='lat' dir='ltr'>extra</span> <span class='ocrx_word' id='word_1_330' title='bbox 2080 787 2223 851; x_wconf 87' lang='lat' dir='ltr'>illas</span> <span class='ocrx_word' id='word_1_331' title='bbox 2263 807 2392 852; x_wconf 91' lang='lat' dir='ltr'>non</span> <span class='ocrx_word' id='word_1_332' title='bbox 2432 788 2681 864; x_wconf 87' lang='lat' dir='ltr'>videre,</span> <span class='ocrx_word' id='word_1_333' title='bbox 2720 787 2844 851; x_wconf 91' lang='lat' dir='ltr'>nisi</span> <span class='ocrx_word' id='word_1_334' title='bbox 2877 806 3211 869; x_wconf 86' lang='lat' dir='ltr'>nunquam</span> <span class='ocrx_word' id='word_1_335' title='bbox 3247 807 3398 854; x_wconf 82' lang='lat' dir='ltr'>vere</span> 
     </span>
     <span class='ocr_line' id='line_1_56' title="bbox 1855 893 3398 977; baseline 0 -18"><span class='ocrx_word' id='word_1_336' title='bbox 1855 895 2115 959; x_wconf 70' lang='lat' dir='ltr'>videre?</span> <span class='ocrx_word' id='word_1_337' title='bbox 2146 893 2213 958; x_wconf 84' lang='lat' dir='ltr'>Si</span> <span class='ocrx_word' id='word_1_338' title='bbox 2237 896 2414 959; x_wconf 90' lang='lat' dir='ltr'>enim</span> <span class='ocrx_word' id='word_1_339' title='bbox 2435 895 2568 959; x_wconf 90' lang='lat' dir='ltr'>sola</span> <span class='ocrx_word' id='word_1_340' title='bbox 2596 895 2815 976; x_wconf 84' lang='lat' dir='ltr'>imago</span> <span class='ocrx_word' id='word_1_341' title='bbox 2847 913 3096 977; x_wconf 87' lang='lat' dir='ltr'>semper</span> <span class='ocrx_word' id='word_1_342' title='bbox 3124 895 3398 974; x_wconf 87' lang='lat' dir='ltr'>videtur,</span> 
     </span>
     <span class='ocr_line' id='line_1_57' title="bbox 1855 1001 3401 1085; baseline 0 -19"><span class='ocrx_word' id='word_1_343' title='bbox 1855 1002 2090 1066; x_wconf 86' lang='lat' dir='ltr'>veritas</span> <span class='ocrx_word' id='word_1_344' title='bbox 2162 1020 2497 1085; x_wconf 90' lang='lat' dir='ltr'>nunquam</span> <span class='ocrx_word' id='word_1_345' title='bbox 2580 1002 2858 1066; x_wconf 85' lang='lat' dir='ltr'>videtur.</span> <span class='ocrx_word' id='word_1_346' title='bbox 2928 1001 3174 1066; x_wconf 84' lang='lat' dir='ltr'>Tollant</span> <span class='ocrx_word' id='word_1_347' title='bbox 3243 1019 3401 1084; x_wconf 80' lang='lat' dir='ltr'>ergo</span> 
     </span>
     <span class='ocr_line' id='line_1_58' title="bbox 1857 1108 3402 1193; baseline -0.001 -20"><span class='ocrx_word' id='word_1_348' title='bbox 1857 1109 2218 1193; x_wconf 84' lang='lat' dir='ltr'>phantasias</span> <span class='ocrx_word' id='word_1_349' title='bbox 2270 1126 2419 1173; x_wconf 87' lang='lat' dir='ltr'>suas</span> <span class='ocrx_word' id='word_1_350' title='bbox 2441 1158 2460 1189; x_wconf 89' lang='lat'>,</span> <span class='ocrx_word' id='word_1_351' title='bbox 2522 1109 2754 1192; x_wconf 88' lang='lat' dir='ltr'>quibus</span> <span class='ocrx_word' id='word_1_352' title='bbox 2808 1108 3032 1173; x_wconf 90' lang='lat' dir='ltr'>lumen</span> <span class='ocrx_word' id='word_1_353' title='bbox 3086 1111 3402 1174; x_wconf 90' lang='lat' dir='ltr'>mentium</span> 
     </span>
     <span class='ocr_line' id='line_1_59' title="bbox 1857 1216 3403 1298; baseline 0.001 -20"><span class='ocrx_word' id='word_1_354' title='bbox 1857 1219 2219 1279; x_wconf 88' lang='lat' dir='ltr'>nostrarum</span> <span class='ocrx_word' id='word_1_355' title='bbox 2248 1217 2661 1280; x_wconf 85' lang='lat' dir='ltr'>obtenebrare</span> <span class='ocrx_word' id='word_1_356' title='bbox 2690 1216 3010 1296; x_wconf 90' lang='lat' dir='ltr'>nituntur,</span> <span class='ocrx_word' id='word_1_357' title='bbox 3050 1235 3258 1298; x_wconf 90' lang='lat' dir='ltr'>neque</span> <span class='ocrx_word' id='word_1_358' title='bbox 3284 1235 3403 1280; x_wconf 85' lang='lat' dir='ltr'>no·</span> 
     </span>
     <span class='ocr_line' id='line_1_60' title="bbox 1857 1321 3405 1389; baseline 0.003 -4"><span class='ocrx_word' id='word_1_359' title='bbox 1857 1322 1956 1386; x_wconf 89' lang='lat' dir='ltr'>bis</span> <span class='ocrx_word' id='word_1_360' title='bbox 1971 1321 2171 1387; x_wconf 90' lang='lat' dir='ltr'>Deum</span> <span class='ocrx_word' id='word_1_361' title='bbox 2186 1328 2479 1387; x_wconf 89' lang='lat' dir='ltr'>nostrum</span> <span class='ocrx_word' id='word_1_362' title='bbox 2495 1323 2897 1388; x_wconf 87' lang='lat' dir='ltr'>simulachris</span> <span class='ocrx_word' id='word_1_363' title='bbox 2909 1323 3405 1389; x_wconf 81' lang='lat' dir='ltr'>aestimationum</span> 
     </span>
     <span class='ocr_line' id='line_1_61' title="bbox 1862 1429 3408 1512; baseline 0.001 -19"><span class='ocrx_word' id='word_1_364' title='bbox 1862 1448 2128 1495; x_wconf 90' lang='lat' dir='ltr'>suarum</span> <span class='ocrx_word' id='word_1_365' title='bbox 2171 1430 2585 1512; x_wconf 87' lang='lat' dir='ltr'>intersepiant</span> <span class='ocrx_word' id='word_1_366' title='bbox 2634 1452 2648 1493; x_wconf 93' lang='lat'>:</span> <span class='ocrx_word' id='word_1_367' title='bbox 2698 1429 2851 1512; x_wconf 88' lang='lat' dir='ltr'>quia</span> <span class='ocrx_word' id='word_1_368' title='bbox 2904 1449 3021 1493; x_wconf 91' lang='lat' dir='ltr'>nos</span> <span class='ocrx_word' id='word_1_369' title='bbox 3072 1430 3235 1494; x_wconf 86' lang='lat' dir='ltr'>sicut</span> <span class='ocrx_word' id='word_1_370' title='bbox 3287 1449 3408 1494; x_wconf 90' lang='lat' dir='ltr'>nec</span> 
     </span>
     <span class='ocr_line' id='line_1_62' title="bbox 1866 1536 3409 1620; baseline 0.001 -20"><span class='ocrx_word' id='word_1_371' title='bbox 1866 1536 2095 1601; x_wconf 90' lang='lat' dir='ltr'>satiare</span> <span class='ocrx_word' id='word_1_372' title='bbox 2121 1541 2324 1620; x_wconf 89' lang='lat' dir='ltr'>potest</span> <span class='ocrx_word' id='word_1_373' title='bbox 2350 1537 2589 1619; x_wconf 85' lang='lat' dir='ltr'>aliquid</span> <span class='ocrx_word' id='word_1_374' title='bbox 2619 1541 2852 1619; x_wconf 83' lang='lat' dir='ltr'>praeter</span> <span class='ocrx_word' id='word_1_375' title='bbox 2879 1538 3116 1619; x_wconf 80' lang='lat' dir='ltr'>ipsum,</span> <span class='ocrx_word' id='word_1_376' title='bbox 3165 1538 3254 1602; x_wconf 89' lang='lat' dir='ltr'>sic</span> <span class='ocrx_word' id='word_1_377' title='bbox 3289 1556 3409 1602; x_wconf 92' lang='lat' dir='ltr'>nec</span> 
     </span>
    </p>
   </div>
   <div class='ocr_carea' id='block_1_14' title="bbox 1865 1644 3627 1737">
    <p class='ocr_par' dir='ltr' id='par_1_14' title="bbox 1865 1644 3627 1737">
     <span class='ocr_line' id='line_1_63' title="bbox 1865 1644 3627 1737; baseline 0.003 -30"><span class='ocrx_word' id='word_1_378' title='bbox 1865 1644 2084 1708; x_wconf 90' lang='lat' dir='ltr'>sistere</span> <span class='ocrx_word' id='word_1_379' title='bbox 2114 1649 2315 1727; x_wconf 86' lang='lat' dir='ltr'>potest</span> <span class='ocrx_word' id='word_1_380' title='bbox 2359 1645 2599 1728; x_wconf 85' lang='lat' dir='ltr'>aliquid</span> <span class='ocrx_word' id='word_1_381' title='bbox 2647 1664 2849 1727; x_wconf 89' lang='lat' dir='ltr'>usque</span> <span class='ocrx_word' id='word_1_382' title='bbox 2889 1645 2968 1708; x_wconf 92' lang='lat' dir='ltr'>ad</span> <span class='ocrx_word' id='word_1_383' title='bbox 3006 1646 3238 1728; x_wconf 91' lang='lat' dir='ltr'>ipsum.</span> <span class='ocrx_word' id='word_1_384' title='bbox 3264 1668 3295 1704; x_wconf 75' lang='lat' dir='ltr'>n</span> <span class='ocrx_word' id='word_1_385' title='bbox 3331 1644 3411 1710; x_wconf 87' lang='lat' dir='ltr'>Et</span> <span class='ocrx_word' id='word_1_386' title='bbox 3436 1678 3564 1737; x_wconf 81' lang='lat' dir='ltr'>opin.</span> <span class='ocrx_word' id='word_1_387' title='bbox 3585 1679 3627 1722; x_wconf 77' lang='lat'>⁸.</span> 
     </span>
    </p>
   </div>
   <div class='ocr_carea' id='block_1_15' title="bbox 1862 1752 3423 5493">
    <p class='ocr_par' dir='ltr' id='par_1_15' title="bbox 1862 1752 3423 5493">
     <span class='ocr_line' id='line_1_64' title="bbox 1862 1752 3408 1836; baseline 0.001 -20"><span class='ocrx_word' id='word_1_388' title='bbox 1862 1752 2003 1817; x_wconf 91' lang='lat' dir='ltr'>ideo</span> <span class='ocrx_word' id='word_1_389' title='bbox 2052 1753 2154 1816; x_wconf 91' lang='lat' dir='ltr'>his</span> <span class='ocrx_word' id='word_1_390' title='bbox 2206 1754 2459 1818; x_wconf 88' lang='lat' dir='ltr'>duobus</span> <span class='ocrx_word' id='word_1_391' title='bbox 2506 1753 2710 1818; x_wconf 90' lang='lat' dir='ltr'>modis</span> <span class='ocrx_word' id='word_1_392' title='bbox 2762 1757 3072 1836; x_wconf 87' lang='lat' dir='ltr'>tanquam</span> <span class='ocrx_word' id='word_1_393' title='bbox 3123 1753 3408 1818; x_wconf 87' lang='lat' dir='ltr'>erroneis</span> 
     </span>
     <span class='ocr_line' id='line_1_65' title="bbox 1865 1865 3412 1946; baseline 0.002 -18"><span class='ocrx_word' id='word_1_394' title='bbox 1865 1865 2146 1946; x_wconf 78' lang='lat' dir='ltr'>abjectiS,</span> <span class='ocrx_word' id='word_1_395' title='bbox 2195 1866 2533 1931; x_wconf 89' lang='lat' dir='ltr'>dicendum</span> <span class='ocrx_word' id='word_1_396' title='bbox 2570 1871 2664 1932; x_wconf 90' lang='lat' dir='ltr'>est</span> <span class='ocrx_word' id='word_1_397' title='bbox 2714 1867 2901 1930; x_wconf 88' lang='lat' dir='ltr'>tertio</span> <span class='ocrx_word' id='word_1_398' title='bbox 2933 1867 3123 1931; x_wconf 91' lang='lat' dir='ltr'>modo</span> <span class='ocrx_word' id='word_1_399' title='bbox 3164 1882 3309 1932; x_wconf 87' lang='lat' dir='ltr'>vere</span> <span class='ocrx_word' id='word_1_400' title='bbox 3349 1871 3412 1931; x_wconf 89' lang='lat' dir='ltr'>et</span> 
     </span>
     <span class='ocr_line' id='line_1_66' title="bbox 1865 1973 3413 2057; baseline 0.001 -22"><span class='ocrx_word' id='word_1_401' title='bbox 1865 1973 2190 2050; x_wconf 81' lang='lat' dir='ltr'>catholice,</span> <span class='ocrx_word' id='word_1_402' title='bbox 2221 1975 2391 2057; x_wconf 88' lang='lat' dir='ltr'>quod</span> <span class='ocrx_word' id='word_1_403' title='bbox 2418 1974 2633 2039; x_wconf 89' lang='lat' dir='ltr'>anima</span> <span class='ocrx_word' id='word_1_404' title='bbox 2657 1974 2884 2039; x_wconf 90' lang='lat' dir='ltr'>Christi</span> <span class='ocrx_word' id='word_1_405' title='bbox 2920 1974 3320 2052; x_wconf 84' lang='lat' dir='ltr'>beatissima,</span> <span class='ocrx_word' id='word_1_406' title='bbox 3351 1978 3413 2037; x_wconf 88' lang='lat' dir='ltr'>et</span> 
     </span>
     <span class='ocr_line' id='line_1_67' title="bbox 1866 2080 3413 2164; baseline 0.001 -21"><span class='ocrx_word' id='word_1_407' title='bbox 1866 2080 2008 2143; x_wconf 81' lang='lat' dir='ltr'>aliae</span> <span class='ocrx_word' id='word_1_408' title='bbox 2061 2081 2263 2145; x_wconf 82' lang='lat' dir='ltr'>beatae</span> <span class='ocrx_word' id='word_1_409' title='bbox 2314 2083 2545 2146; x_wconf 82' lang='lat' dir='ltr'>animae</span> <span class='ocrx_word' id='word_1_410' title='bbox 2600 2082 2819 2147; x_wconf 87' lang='lat' dir='ltr'>vident</span> <span class='ocrx_word' id='word_1_411' title='bbox 2881 2082 3094 2164; x_wconf 89' lang='lat' dir='ltr'>ipsum</span> <span class='ocrx_word' id='word_1_412' title='bbox 3147 2080 3413 2145; x_wconf 90' lang='lat' dir='ltr'>luminis</span> 
     </span>
     <span class='ocr_line' id='line_1_68' title="bbox 1867 2187 3416 2271; baseline 0.001 -22"><span class='ocrx_word' id='word_1_413' title='bbox 1867 2187 2128 2268; x_wconf 79' lang='lat' dir='ltr'>fontem,</span> <span class='ocrx_word' id='word_1_414' title='bbox 2162 2188 2229 2251; x_wconf 92' lang='lat' dir='ltr'>in</span> <span class='ocrx_word' id='word_1_415' title='bbox 2268 2207 2396 2271; x_wconf 88' lang='lat' dir='ltr'>quo</span> <span class='ocrx_word' id='word_1_416' title='bbox 2432 2188 2829 2268; x_wconf 78' lang='lat' dir='ltr'>reficiuntur,</span> <span class='ocrx_word' id='word_1_417' title='bbox 2882 2189 3249 2270; x_wconf 84' lang='lat' dir='ltr'>quiescunt,</span> <span class='ocrx_word' id='word_1_418' title='bbox 3299 2188 3416 2252; x_wconf 91' lang='lat' dir='ltr'>de-</span> 
     </span>
     <span class='ocr_line' id='line_1_69' title="bbox 1870 2295 3416 2380; baseline 0.003 -24"><span class='ocrx_word' id='word_1_419' title='bbox 1870 2295 2202 2372; x_wconf 88' lang='lat' dir='ltr'>lectantur,</span> <span class='ocrx_word' id='word_1_420' title='bbox 2234 2300 2297 2360; x_wconf 90' lang='lat' dir='ltr'>et</span> <span class='ocrx_word' id='word_1_421' title='bbox 2329 2296 2606 2380; x_wconf 91' lang='lat' dir='ltr'>quodam</span> <span class='ocrx_word' id='word_1_422' title='bbox 2635 2296 2823 2361; x_wconf 91' lang='lat' dir='ltr'>modo</span> <span class='ocrx_word' id='word_1_423' title='bbox 2864 2314 2903 2360; x_wconf 89' lang='lat' dir='ltr'>a</span> <span class='ocrx_word' id='word_1_424' title='bbox 2936 2295 3215 2360; x_wconf 88' lang='lat' dir='ltr'>claritate</span> <span class='ocrx_word' id='word_1_425' title='bbox 3241 2295 3416 2360; x_wconf 90' lang='lat' dir='ltr'>illius</span> 
     </span>
     <span class='ocr_line' id='line_1_70' title="bbox 1867 2402 3414 2485; baseline 0.001 -20"><span class='ocrx_word' id='word_1_426' title='bbox 1867 2402 2134 2466; x_wconf 89' lang='lat' dir='ltr'>luminis</span> <span class='ocrx_word' id='word_1_427' title='bbox 2162 2404 2602 2483; x_wconf 89' lang='lat' dir='ltr'>absorbentur,</span> <span class='ocrx_word' id='word_1_428' title='bbox 2632 2408 2706 2468; x_wconf 92' lang='lat' dir='ltr'>ut</span> <span class='ocrx_word' id='word_1_429' title='bbox 2729 2403 2891 2469; x_wconf 90' lang='lat' dir='ltr'>Deus</span> <span class='ocrx_word' id='word_1_430' title='bbox 2909 2403 2990 2466; x_wconf 90' lang='lat' dir='ltr'>ab</span> <span class='ocrx_word' id='word_1_431' title='bbox 3018 2404 3109 2467; x_wconf 92' lang='lat' dir='ltr'>eis</span> <span class='ocrx_word' id='word_1_432' title='bbox 3128 2402 3414 2485; x_wconf 87' lang='lat' dir='ltr'>undique</span> 
     </span>
     <span class='ocr_line' id='line_1_71' title="bbox 1871 2510 3419 2594; baseline 0.001 -21"><span class='ocrx_word' id='word_1_433' title='bbox 1871 2510 2295 2592; x_wconf 86' lang='lat' dir='ltr'>conspiciatur</span> <span class='ocrx_word' id='word_1_434' title='bbox 2337 2515 2399 2574; x_wconf 90' lang='lat' dir='ltr'>et</span> <span class='ocrx_word' id='word_1_435' title='bbox 2442 2511 2732 2574; x_wconf 87' lang='lat' dir='ltr'>videatur</span> <span class='ocrx_word' id='word_1_436' title='bbox 2777 2511 2968 2574; x_wconf 89' lang='lat' dir='ltr'>etiam</span> <span class='ocrx_word' id='word_1_437' title='bbox 3011 2510 3082 2574; x_wconf 91' lang='lat' dir='ltr'>in</span> <span class='ocrx_word' id='word_1_438' title='bbox 3118 2511 3273 2594; x_wconf 91' lang='lat' dir='ltr'>ipsis</span> <span class='ocrx_word' id='word_1_439' title='bbox 3305 2534 3320 2573; x_wconf 76' lang='grc' dir='ltr'>ε</span> <span class='ocrx_word' id='word_1_440' title='bbox 3355 2514 3419 2575; x_wconf 93' lang='lat' dir='ltr'>et</span> 
     </span>
     <span class='ocr_line' id='line_1_72' title="bbox 1871 2615 3411 2698; baseline 0.001 -19"><span class='ocrx_word' id='word_1_441' title='bbox 1871 2615 1992 2680; x_wconf 88' lang='lat' dir='ltr'>hoc</span> <span class='ocrx_word' id='word_1_442' title='bbox 2039 2617 2360 2698; x_wconf 91' lang='lat' dir='ltr'>potissime</span> <span class='ocrx_word' id='word_1_443' title='bbox 2386 2635 2615 2681; x_wconf 89' lang='lat' dir='ltr'>verum</span> <span class='ocrx_word' id='word_1_444' title='bbox 2661 2622 2755 2681; x_wconf 87' lang='lat' dir='ltr'>est</span> <span class='ocrx_word' id='word_1_445' title='bbox 2793 2617 2861 2680; x_wconf 92' lang='lat' dir='ltr'>in</span> <span class='ocrx_word' id='word_1_446' title='bbox 2895 2619 3110 2682; x_wconf 90' lang='lat' dir='ltr'>anima</span> <span class='ocrx_word' id='word_1_447' title='bbox 3160 2617 3411 2683; x_wconf 89' lang='lat' dir='ltr'>Christi.</span> 
     </span>
     <span class='ocr_line' id='line_1_73' title="bbox 1873 2722 3418 2790; baseline 0.002 -3"><span class='ocrx_word' id='word_1_448' title='bbox 1873 2722 1951 2787; x_wconf 89' lang='lat' dir='ltr'>Et</span> <span class='ocrx_word' id='word_1_449' title='bbox 1973 2723 2116 2788; x_wconf 89' lang='lat' dir='ltr'>ideo</span> <span class='ocrx_word' id='word_1_450' title='bbox 2143 2725 2557 2789; x_wconf 66' lang='lat' dir='ltr'>concedendae</span> <span class='ocrx_word' id='word_1_451' title='bbox 2600 2729 2754 2788; x_wconf 92' lang='lat' dir='ltr'>sunt</span> <span class='ocrx_word' id='word_1_452' title='bbox 2779 2725 3058 2790; x_wconf 90' lang='lat' dir='ltr'>rationes</span> <span class='ocrx_word' id='word_1_453' title='bbox 3097 2729 3160 2790; x_wconf 89' lang='lat' dir='ltr'>et</span> <span class='ocrx_word' id='word_1_454' title='bbox 3192 2730 3418 2790; x_wconf 90' lang='lat' dir='ltr'>aucto-</span> 
     </span>
     <span class='ocr_line' id='line_1_74' title="bbox 1872 2830 3420 2914; baseline 0.003 -20"><span class='ocrx_word' id='word_1_455' title='bbox 1872 2831 2087 2895; x_wconf 84' lang='lat' dir='ltr'>ritates</span> <span class='ocrx_word' id='word_1_456' title='bbox 2138 2831 2220 2895; x_wconf 89' lang='lat' dir='ltr'>ad</span> <span class='ocrx_word' id='word_1_457' title='bbox 2265 2830 2432 2895; x_wconf 88' lang='lat' dir='ltr'>hanc</span> <span class='ocrx_word' id='word_1_458' title='bbox 2466 2835 2710 2914; x_wconf 87' lang='lat' dir='ltr'>partem</span> <span class='ocrx_word' id='word_1_459' title='bbox 2752 2832 3048 2897; x_wconf 62' lang='lat' dir='ltr'>inductae.</span> <span class='ocrx_word' id='word_1_460' title='bbox 3089 2833 3186 2897; x_wconf 88' lang='lat' dir='ltr'>Ad</span> <span class='ocrx_word' id='word_1_461' title='bbox 3231 2833 3420 2898; x_wconf 90' lang='lat' dir='ltr'>intel-</span> 
     </span>
     <span class='ocr_line' id='line_1_75' title="bbox 1870 2937 3421 3020; baseline 0.003 -19"><span class='ocrx_word' id='word_1_462' title='bbox 1870 2937 2202 3020; x_wconf 81' lang='lat' dir='ltr'>ligentiam</span> <span class='ocrx_word' id='word_1_463' title='bbox 2295 2943 2511 3003; x_wconf 89' lang='lat' dir='ltr'>autem</span> <span class='ocrx_word' id='word_1_464' title='bbox 2594 2940 3044 3005; x_wconf 89' lang='lat' dir='ltr'>auctoritatum</span> <span class='ocrx_word' id='word_1_465' title='bbox 3127 2942 3421 3006; x_wconf 89' lang='lat' dir='ltr'>adducta-</span> 
     </span>
     <span class='ocr_line' id='line_1_76' title="bbox 1873 3046 3415 3129; baseline 0.005 -22"><span class='ocrx_word' id='word_1_466' title='bbox 1873 3062 2022 3108; x_wconf 84' lang='lat' dir='ltr'>rum</span> <span class='ocrx_word' id='word_1_467' title='bbox 2051 3046 2119 3108; x_wconf 92' lang='lat' dir='ltr'>in</span> <span class='ocrx_word' id='word_1_468' title='bbox 2147 3047 2563 3124; x_wconf 88' lang='lat' dir='ltr'>contrarium,</span> <span class='ocrx_word' id='word_1_469' title='bbox 2608 3051 2671 3112; x_wconf 90' lang='lat' dir='ltr'>et</span> <span class='ocrx_word' id='word_1_470' title='bbox 2699 3049 3149 3129; x_wconf 87' lang='lat' dir='ltr'>consimilium,</span> <span class='ocrx_word' id='word_1_471' title='bbox 3179 3057 3415 3115; x_wconf 86' lang='lat' dir='ltr'>notan-</span> 
     </span>
     <span class='ocr_line' id='line_1_77' title="bbox 1873 3153 3420 3241; baseline 0.004 -25"><span class='ocrx_word' id='word_1_472' title='bbox 1873 3153 2030 3217; x_wconf 89' lang='lat' dir='ltr'>dum</span> <span class='ocrx_word' id='word_1_473' title='bbox 2055 3156 2170 3233; x_wconf 88' lang='lat' dir='ltr'>est,</span> <span class='ocrx_word' id='word_1_474' title='bbox 2194 3155 2367 3237; x_wconf 88' lang='lat' dir='ltr'>quod</span> <span class='ocrx_word' id='word_1_475' title='bbox 2392 3155 2675 3239; x_wconf 88' lang='lat' dir='ltr'>quinque</span> <span class='ocrx_word' id='word_1_476' title='bbox 2696 3156 2901 3221; x_wconf 91' lang='lat' dir='ltr'>modis</span> <span class='ocrx_word' id='word_1_477' title='bbox 2921 3157 3161 3221; x_wconf 87' lang='lat' dir='ltr'>habent</span> <span class='ocrx_word' id='word_1_478' title='bbox 3185 3159 3420 3241; x_wconf 89' lang='lat' dir='ltr'>exponi</span> 
     </span>
     <span class='ocr_line' id='line_1_78' title="bbox 1874 3261 3422 3349; baseline 0.003 -26"><span class='ocrx_word' id='word_1_479' title='bbox 1874 3261 2276 3325; x_wconf 89' lang='lat' dir='ltr'>auctoritates</span> <span class='ocrx_word' id='word_1_480' title='bbox 2305 3262 2706 3349; x_wconf 81' lang='lat' dir='ltr'>Sanctorum,</span> <span class='ocrx_word' id='word_1_481' title='bbox 2729 3281 2877 3344; x_wconf 86' lang='lat' dir='ltr'>quae</span> <span class='ocrx_word' id='word_1_482' title='bbox 2896 3263 3194 3328; x_wconf 88' lang='lat' dir='ltr'>videntur</span> <span class='ocrx_word' id='word_1_483' title='bbox 3216 3263 3422 3328; x_wconf 89' lang='lat' dir='ltr'>dicere</span> 
     </span>
     <span class='ocr_line' id='line_1_79' title="bbox 1876 3367 3420 3452; baseline 0.003 -21"><span class='ocrx_word' id='word_1_484' title='bbox 1876 3367 2076 3431; x_wconf 90' lang='lat' dir='ltr'>Deum</span> <span class='ocrx_word' id='word_1_485' title='bbox 2117 3368 2186 3431; x_wconf 92' lang='lat' dir='ltr'>in</span> <span class='ocrx_word' id='word_1_486' title='bbox 2233 3389 2350 3434; x_wconf 88' lang='lat' dir='ltr'>sua</span> <span class='ocrx_word' id='word_1_487' title='bbox 2393 3369 2745 3433; x_wconf 85' lang='lat' dir='ltr'>substantia</span> <span class='ocrx_word' id='word_1_488' title='bbox 2787 3388 2917 3432; x_wconf 89' lang='lat' dir='ltr'>non</span> <span class='ocrx_word' id='word_1_489' title='bbox 2964 3388 3143 3452; x_wconf 89' lang='lat' dir='ltr'>posse</span> <span class='ocrx_word' id='word_1_490' title='bbox 3191 3370 3420 3436; x_wconf 88' lang='lat' dir='ltr'>videri.</span> 
     </span>
     <span class='ocr_line' id='line_1_80' title="bbox 1876 3472 3422 3558; baseline 0.002 -20"><span class='ocrx_word' id='word_1_491' title='bbox 1876 3472 2091 3539; x_wconf 91' lang='lat' dir='ltr'>Primo</span> <span class='ocrx_word' id='word_1_492' title='bbox 2122 3477 2309 3541; x_wconf 88' lang='lat' dir='ltr'>modo</span> <span class='ocrx_word' id='word_1_493' title='bbox 2336 3477 2425 3540; x_wconf 90' lang='lat' dir='ltr'>sic</span> <span class='ocrx_word' id='word_1_494' title='bbox 2457 3498 2472 3541; x_wconf 91' lang='lat'><strong>:</strong></span> <span class='ocrx_word' id='word_1_495' title='bbox 2518 3473 2662 3540; x_wconf 91' lang='lat' dir='ltr'>Non</span> <span class='ocrx_word' id='word_1_496' title='bbox 2691 3479 2893 3558; x_wconf 89' lang='lat' dir='ltr'>potest</span> <span class='ocrx_word' id='word_1_497' title='bbox 2915 3476 3144 3554; x_wconf 80' lang='lat' dir='ltr'>videri,</span> <span class='ocrx_word' id='word_1_498' title='bbox 3189 3478 3422 3541; x_wconf 90' lang='lat' dir='ltr'>scilicet</span> 
     </span>
     <span class='ocr_line' id='line_1_81' title="bbox 1875 3582 3416 3676; baseline 0.001 -30"><span class='ocrx_word' id='word_1_499' title='bbox 1875 3582 2126 3646; x_wconf 86' lang='lat' dir='ltr'>viribus</span> <span class='ocrx_word' id='word_1_500' title='bbox 2163 3584 2430 3661; x_wconf 85' lang='lat' dir='ltr'>nostris;</span> <span class='ocrx_word' id='word_1_501' title='bbox 2470 3587 2672 3676; x_wconf 81' lang='lat' dir='ltr'>potest</span> <span class='ocrx_word' id='word_1_502' title='bbox 2719 3586 2935 3646; x_wconf 91' lang='lat' dir='ltr'>tamen</span> <span class='ocrx_word' id='word_1_503' title='bbox 2975 3602 3244 3648; x_wconf 90' lang='lat' dir='ltr'>munere</span> <span class='ocrx_word' id='word_1_504' title='bbox 3284 3583 3416 3647; x_wconf 90' lang='lat' dir='ltr'>Dei.</span> 
     </span>
     <span class='ocr_line' id='line_1_82' title="bbox 1878 3688 3422 3773; baseline 0.003 -20"><span class='ocrx_word' id='word_1_505' title='bbox 1878 3688 2056 3754; x_wconf 90' lang='lat' dir='ltr'>Unde</span> <span class='ocrx_word' id='word_1_506' title='bbox 2082 3710 2276 3773; x_wconf 88' lang='lat' dir='ltr'>super</span> <span class='ocrx_word' id='word_1_507' title='bbox 2302 3690 2460 3755; x_wconf 87' lang='lat' dir='ltr'>illud</span> <span class='ocrx_word' id='word_1_508' title='bbox 2489 3695 2512 3730; x_wconf 74' lang='lat'><strong>⁴</strong></span> <span class='ocrx_word' id='word_1_509' title='bbox 2539 3713 2555 3754; x_wconf 78' lang='lat' dir='ltr'><strong><em>z</em></strong></span> <span class='ocrx_word' id='word_1_510' title='bbox 2586 3691 2813 3755; x_wconf 82' lang='lat' dir='ltr'>Lucem</span> <span class='ocrx_word' id='word_1_511' title='bbox 2847 3690 3096 3757; x_wconf 75' lang='lat' dir='ltr'>habitat</span> <span class='ocrx_word' id='word_1_512' title='bbox 3133 3691 3422 3757; x_wconf 76' lang='lat' dir='ltr'>inacces-</span> 
     </span>
     <span class='ocr_line' id='line_1_83' title="bbox 1877 3796 3423 3868; baseline 0.001 -4"><span class='ocrx_word' id='word_1_513' title='bbox 1877 3798 2160 3868; x_wconf 55' lang='lat' dir='ltr'>nbilam,-</span> <span class='ocrx_word' id='word_1_514' title='bbox 2189 3797 2404 3863; x_wconf 88' lang='lat' dir='ltr'>Glossa</span> <span class='ocrx_word' id='word_1_515' title='bbox 2437 3820 2451 3862; x_wconf 75' lang='grc' dir='ltr'>ε</span> <span class='ocrx_word' id='word_1_516' title='bbox 2499 3821 2530 3857; x_wconf 75' lang='grc' dir='ltr'>α</span> <span class='ocrx_word' id='word_1_517' title='bbox 2560 3796 3009 3862; x_wconf 89' lang='lat' dir='ltr'>Inaccessibilis</span> <span class='ocrx_word' id='word_1_518' title='bbox 3044 3803 3136 3863; x_wconf 92' lang='lat' dir='ltr'>est</span> <span class='ocrx_word' id='word_1_519' title='bbox 3178 3800 3423 3865; x_wconf 88' lang='lat' dir='ltr'>viribus</span> 
     </span>
     <span class='ocr_line' id='line_1_84' title="bbox 1878 3890 3421 3986; baseline 0.003 -16"><span class='ocrx_word' id='word_1_520' title='bbox 1878 3908 2155 3986; x_wconf 82' lang='lat' dir='ltr'>nostris3</span> <span class='ocrx_word' id='word_1_521' title='bbox 2212 3904 2584 3970; x_wconf 90' lang='lat' dir='ltr'>accessibilis</span> <span class='ocrx_word' id='word_1_522' title='bbox 2635 3905 3010 3970; x_wconf 89' lang='lat' dir='ltr'>muneribus</span> <span class='ocrx_word' id='word_1_523' title='bbox 3046 3908 3201 3971; x_wconf 75' lang='lat' dir='ltr'>suis,</span> <span class='ocrx_word' id='word_1_524' title='bbox 3238 3931 3268 3968; x_wconf 70' lang='grc' dir='ltr'>ι)</span> <span class='ocrx_word' id='word_1_525' title='bbox 3316 3890 3421 3974; x_wconf 83' lang='lat' dir='ltr'>Se·-</span> 
     </span>
     <span class='ocr_line' id='line_1_85' title="bbox 1878 4011 3416 4097; baseline 0.001 -18"><span class='ocrx_word' id='word_1_526' title='bbox 1878 4016 2090 4080; x_wconf 89' lang='lat' dir='ltr'>cundo</span> <span class='ocrx_word' id='word_1_527' title='bbox 2140 4016 2231 4079; x_wconf 88' lang='lat' dir='ltr'>sic</span> <span class='ocrx_word' id='word_1_528' title='bbox 2286 4037 2301 4079; x_wconf 91' lang='lat'>:</span> <span class='ocrx_word' id='word_1_529' title='bbox 2359 4011 2413 4078; x_wconf 93' lang='lat' dir='ltr'>N</span> <span class='ocrx_word' id='word_1_530' title='bbox 2417 4030 2504 4077; x_wconf 91' lang='lat' dir='ltr'>on</span> <span class='ocrx_word' id='word_1_531' title='bbox 2546 4016 2749 4095; x_wconf 90' lang='lat' dir='ltr'>potest</span> <span class='ocrx_word' id='word_1_532' title='bbox 2774 4013 2981 4077; x_wconf 86' lang='lat' dir='ltr'>videri</span> <span class='ocrx_word' id='word_1_533' title='bbox 3026 4016 3379 4080; x_wconf 79' lang='lat' dir='ltr'>substantia</span> <span class='ocrx_word' id='word_1_534' title='bbox 3397 4065 3416 4097; x_wconf 87' lang='lat'>‚</span> 
     </span>
     <span class='ocr_line' id='line_1_86' title="bbox 1879 4120 3423 4203; baseline 0.001 -17"><span class='ocrx_word' id='word_1_535' title='bbox 1879 4123 2114 4187; x_wconf 85' lang='lat' dir='ltr'>scilicet</span> <span class='ocrx_word' id='word_1_536' title='bbox 2155 4123 2223 4186; x_wconf 92' lang='lat' dir='ltr'>in</span> <span class='ocrx_word' id='word_1_537' title='bbox 2251 4121 2357 4187; x_wconf 88' lang='lat' dir='ltr'>via</span> <span class='ocrx_word' id='word_1_538' title='bbox 2401 4141 2418 4186; x_wconf 74' lang='grc' dir='ltr'><strong><em>ε</em></strong></span> <span class='ocrx_word' id='word_1_539' title='bbox 2463 4120 2633 4185; x_wconf 90' lang='lat' dir='ltr'>unde</span> <span class='ocrx_word' id='word_1_540' title='bbox 2677 4139 2869 4203; x_wconf 89' lang='lat' dir='ltr'>super</span> <span class='ocrx_word' id='word_1_541' title='bbox 2916 4121 3075 4186; x_wconf 89' lang='lat' dir='ltr'>illud</span> <span class='ocrx_word' id='word_1_542' title='bbox 3116 4129 3137 4164; x_wconf 86' lang='lat'>⁸</span> <span class='ocrx_word' id='word_1_543' title='bbox 3178 4146 3196 4188; x_wconf 78' lang='lat' dir='ltr'>t</span> <span class='ocrx_word' id='word_1_544' title='bbox 3235 4124 3423 4196; x_wconf 84' lang='lat' dir='ltr'>Quem</span> 
     </span>
     <span class='ocr_line' id='line_1_87' title="bbox 1879 4226 3421 4310; baseline 0.001 -17"><span class='ocrx_word' id='word_1_545' title='bbox 1879 4229 2095 4294; x_wconf 68' lang='lat' dir='ltr'>nunus</span> <span class='ocrx_word' id='word_1_546' title='bbox 2122 4229 2448 4296; x_wconf 80' lang='lat' dir='ltr'>hominum</span> <span class='ocrx_word' id='word_1_547' title='bbox 2476 4226 2692 4294; x_wconf 82' lang='lat' dir='ltr'>videre</span> <span class='ocrx_word' id='word_1_548' title='bbox 2707 4234 2934 4310; x_wconf 50' lang='lat' dir='ltr'>potes&amp;</span> <span class='ocrx_word' id='word_1_549' title='bbox 2955 4226 3168 4293; x_wconf 87' lang='lat' dir='ltr'>Glossa</span> <span class='ocrx_word' id='word_1_550' title='bbox 3201 4252 3215 4293; x_wconf 72' lang='grc' dir='ltr'>ε</span> <span class='ocrx_word' id='word_1_551' title='bbox 3246 4254 3276 4290; x_wconf 79' lang='grc' dir='ltr'>α</span> <span class='ocrx_word' id='word_1_552' title='bbox 3298 4229 3421 4296; x_wconf 86' lang='lat' dir='ltr'>Po·</span> 
     </span>
     <span class='ocr_line' id='line_1_88' title="bbox 1879 4333 3422 4418; baseline 0.001 -18"><span class='ocrx_word' id='word_1_553' title='bbox 1879 4337 2027 4400; x_wconf 90' lang='lat' dir='ltr'>terit</span> <span class='ocrx_word' id='word_1_554' title='bbox 2053 4341 2269 4401; x_wconf 89' lang='lat' dir='ltr'>autem</span> <span class='ocrx_word' id='word_1_555' title='bbox 2293 4335 2653 4418; x_wconf 83' lang='lat' dir='ltr'>aliquando,</span> <span class='ocrx_word' id='word_1_556' title='bbox 2678 4356 2709 4394; x_wconf 88' lang='lat'>»</span> <span class='ocrx_word' id='word_1_557' title='bbox 2736 4333 2814 4398; x_wconf 89' lang='lat' dir='ltr'>Et</span> <span class='ocrx_word' id='word_1_558' title='bbox 2831 4335 2920 4398; x_wconf 90' lang='lat' dir='ltr'>sic</span> <span class='ocrx_word' id='word_1_559' title='bbox 2941 4335 3097 4399; x_wconf 89' lang='lat' dir='ltr'>illud</span> <span class='ocrx_word' id='word_1_560' title='bbox 3118 4336 3335 4403; x_wconf 75' lang='lat' dir='ltr'>Exodi</span> <span class='ocrx_word' id='word_1_561' title='bbox 3354 4338 3376 4372; x_wconf 85' lang='lat'>⁸</span> <span class='ocrx_word' id='word_1_562' title='bbox 3397 4358 3422 4401; x_wconf 90' lang='lat'>.·</span> 
     </span>
     <span class='ocr_line' id='line_1_89' title="bbox 1879 4441 3420 4521; baseline -0.001 -12"><span class='ocrx_word' id='word_1_563' title='bbox 1879 4443 2023 4509; x_wconf 83' lang='lat' dir='ltr'>Non</span> <span class='ocrx_word' id='word_1_564' title='bbox 2052 4443 2299 4510; x_wconf 78' lang='lat' dir='ltr'>videbit</span> <span class='ocrx_word' id='word_1_565' title='bbox 2324 4458 2420 4507; x_wconf 84' lang='lat' dir='ltr'>me</span> <span class='ocrx_word' id='word_1_566' title='bbox 2448 4441 2653 4521; x_wconf 79' lang='lat' dir='ltr'>homo,</span> <span class='ocrx_word' id='word_1_567' title='bbox 2684 4449 2746 4509; x_wconf 81' lang='lat' dir='ltr'>et</span> <span class='ocrx_word' id='word_1_568' title='bbox 2772 4444 2963 4508; x_wconf 78' lang='lat' dir='ltr'>vivet.</span> <span class='ocrx_word' id='word_1_569' title='bbox 2995 4441 3206 4507; x_wconf 83' lang='lat' dir='ltr'>Tertio</span> <span class='ocrx_word' id='word_1_570' title='bbox 3232 4444 3420 4509; x_wconf 89' lang='lat' dir='ltr'>modo</span> 
     </span>
     <span class='ocr_line' id='line_1_90' title="bbox 1882 4548 3422 4633; baseline -0.001 -17"><span class='ocrx_word' id='word_1_571' title='bbox 1882 4552 1976 4616; x_wconf 91' lang='lat' dir='ltr'>sic</span> <span class='ocrx_word' id='word_1_572' title='bbox 2027 4575 2043 4618; x_wconf 73' lang='grc' dir='ltr'><strong>ι</strong></span> <span class='ocrx_word' id='word_1_573' title='bbox 2098 4550 2238 4617; x_wconf 90' lang='lat' dir='ltr'>Non</span> <span class='ocrx_word' id='word_1_574' title='bbox 2282 4554 2485 4633; x_wconf 89' lang='lat' dir='ltr'>potest</span> <span class='ocrx_word' id='word_1_575' title='bbox 2537 4549 2886 4613; x_wconf 84' lang='lat' dir='ltr'>substantia</span> <span class='ocrx_word' id='word_1_576' title='bbox 2927 4548 3170 4628; x_wconf 80' lang='lat' dir='ltr'>videri,</span> <span class='ocrx_word' id='word_1_577' title='bbox 3217 4550 3283 4613; x_wconf 86' lang='lat' dir='ltr'>id</span> <span class='ocrx_word' id='word_1_578' title='bbox 3327 4553 3422 4614; x_wconf 90' lang='lat' dir='ltr'>est</span> 
     </span>
     <span class='ocr_line' id='line_1_91' title="bbox 1881 4655 3419 4743; baseline 0 -20"><span class='ocrx_word' id='word_1_579' title='bbox 1881 4660 2065 4743; x_wconf 91' lang='lat' dir='ltr'>plene</span> <span class='ocrx_word' id='word_1_580' title='bbox 2094 4658 2564 4740; x_wconf 88' lang='lat' dir='ltr'>comprehendi.</span> <span class='ocrx_word' id='word_1_581' title='bbox 2598 4655 2775 4720; x_wconf 88' lang='lat' dir='ltr'>Unde</span> <span class='ocrx_word' id='word_1_582' title='bbox 2801 4675 2993 4739; x_wconf 89' lang='lat' dir='ltr'>super</span> <span class='ocrx_word' id='word_1_583' title='bbox 3020 4656 3176 4720; x_wconf 91' lang='lat' dir='ltr'>illud</span> <span class='ocrx_word' id='word_1_584' title='bbox 3205 4655 3316 4722; x_wconf 82' lang='lat' dir='ltr'>Job</span> <span class='ocrx_word' id='word_1_585' title='bbox 3343 4664 3367 4699; x_wconf 79' lang='lat'>⁷</span> <span class='ocrx_word' id='word_1_586' title='bbox 3392 4679 3419 4723; x_wconf 88' lang='grc'>.·</span> 
     </span>
     <span class='ocr_line' id='line_1_92' title="bbox 1883 4761 3413 4852; baseline -0.004 -20"><span class='ocrx_word' id='word_1_587' title='bbox 1883 4769 2187 4834; x_wconf 78' lang='lat' dir='ltr'>Forsitan</span> <span class='ocrx_word' id='word_1_588' title='bbox 2200 4766 2473 4846; x_wconf 74' lang='lat' dir='ltr'>vestiqia</span> <span class='ocrx_word' id='word_1_589' title='bbox 2493 4765 2610 4828; x_wconf 84' lang='lat' dir='ltr'>Dei</span> <span class='ocrx_word' id='word_1_590' title='bbox 2623 4763 3153 4852; x_wconf 68' lang='lat' dir='ltr'>comprehendes?</span> <span class='ocrx_word' id='word_1_591' title='bbox 3167 4761 3413 4828; x_wconf 86' lang='lat' dir='ltr'>Glossa:</span> 
     </span>
     <span class='ocr_line' id='line_1_93' title="bbox 1892 4870 3421 4956; baseline -0.001 -20"><span class='ocrx_word' id='word_1_592' title='bbox 1892 4898 1922 4936; x_wconf 79' lang='grc' dir='ltr'>α</span> <span class='ocrx_word' id='word_1_593' title='bbox 1945 4873 2101 4956; x_wconf 89' lang='lat' dir='ltr'>Ejus</span> <span class='ocrx_word' id='word_1_594' title='bbox 2122 4872 2391 4937; x_wconf 88' lang='lat' dir='ltr'>essentia</span> <span class='ocrx_word' id='word_1_595' title='bbox 2417 4891 2456 4936; x_wconf 88' lang='lat' dir='ltr'>a</span> <span class='ocrx_word' id='word_1_596' title='bbox 2481 4870 2658 4935; x_wconf 88' lang='lat' dir='ltr'>nullo</span> <span class='ocrx_word' id='word_1_597' title='bbox 2694 4870 2878 4952; x_wconf 91' lang='lat' dir='ltr'>plene</span> <span class='ocrx_word' id='word_1_598' title='bbox 2913 4871 3262 4952; x_wconf 84' lang='lat' dir='ltr'>videbitur,</span> <span class='ocrx_word' id='word_1_599' title='bbox 3296 4872 3421 4935; x_wconf 90' lang='lat' dir='ltr'>sci-</span> 
     </span>
     <span class='ocr_line' id='line_1_94' title="bbox 1881 4976 3418 5053; baseline 0.001 -7"><span class='ocrx_word' id='word_1_600' title='bbox 1881 4981 2027 5046; x_wconf 91' lang='lat' dir='ltr'>licet</span> <span class='ocrx_word' id='word_1_601' title='bbox 2052 4976 2649 5044; x_wconf 80' lang='lat' dir='ltr'>citcumscribendO.</span> <span class='ocrx_word' id='word_1_602' title='bbox 2694 4977 2990 5053; x_wconf 71' lang='lat' dir='ltr'>»Quarto</span> <span class='ocrx_word' id='word_1_603' title='bbox 3030 4978 3218 5043; x_wconf 91' lang='lat' dir='ltr'>modo</span> <span class='ocrx_word' id='word_1_604' title='bbox 3257 4979 3348 5043; x_wconf 88' lang='lat' dir='ltr'>sic</span> <span class='ocrx_word' id='word_1_605' title='bbox 3397 4999 3418 5047; x_wconf 73' lang='lat' dir='ltr'><em>z</em></span> 
     </span>
     <span class='ocr_line' id='line_1_95' title="bbox 1884 5085 3420 5171; baseline -0.001 -17"><span class='ocrx_word' id='word_1_606' title='bbox 1884 5088 2030 5154; x_wconf 90' lang='lat' dir='ltr'>Non</span> <span class='ocrx_word' id='word_1_607' title='bbox 2082 5091 2288 5171; x_wconf 89' lang='lat' dir='ltr'>potest</span> <span class='ocrx_word' id='word_1_608' title='bbox 2335 5085 2539 5151; x_wconf 84' lang='lat' dir='ltr'>videri</span> <span class='ocrx_word' id='word_1_609' title='bbox 2585 5085 2957 5163; x_wconf 87' lang='lat' dir='ltr'>substantia,</span> <span class='ocrx_word' id='word_1_610' title='bbox 3001 5086 3064 5150; x_wconf 92' lang='lat' dir='ltr'>id</span> <span class='ocrx_word' id='word_1_611' title='bbox 3109 5092 3225 5169; x_wconf 88' lang='lat' dir='ltr'>est,</span> <span class='ocrx_word' id='word_1_612' title='bbox 3259 5088 3420 5153; x_wconf 89' lang='lat' dir='ltr'>ratio</span> 
     </span>
     <span class='ocr_line' id='line_1_96' title="bbox 1885 5191 3420 5273; baseline -0.001 -12"><span class='ocrx_word' id='word_1_613' title='bbox 1885 5195 2275 5261; x_wconf 77' lang='lat' dir='ltr'>substantiae.</span> <span class='ocrx_word' id='word_1_614' title='bbox 2311 5191 2482 5256; x_wconf 89' lang='lat' dir='ltr'>Unde</span> <span class='ocrx_word' id='word_1_615' title='bbox 2506 5209 2699 5273; x_wconf 86' lang='lat' dir='ltr'>super</span> <span class='ocrx_word' id='word_1_616' title='bbox 2722 5192 2956 5256; x_wconf 76' lang='lat' dir='ltr'>illud⁸z</span> <span class='ocrx_word' id='word_1_617' title='bbox 2992 5194 3170 5271; x_wconf 79' lang='lat' dir='ltr'>Quod</span> <span class='ocrx_word' id='word_1_618' title='bbox 3200 5205 3420 5263; x_wconf 80' lang='lat' dir='ltr'>nolum</span> 
     </span>
     <span class='ocr_line' id='line_1_97' title="bbox 1886 5350 3422 5422; baseline 0.002 -16"><span class='ocrx_word' id='word_1_619' title='bbox 1886 5361 1909 5396; x_wconf 60' lang='grc' dir='ltr'>ὁ</span> <span class='ocrx_word' id='word_1_620' title='bbox 1932 5361 1949 5410; x_wconf 92' lang='grc' dir='ltr'><strong>ι</strong></span> <span class='ocrx_word' id='word_1_621' title='bbox 1981 5360 2128 5419; x_wconf 66' lang='lat' dir='ltr'>Tim„</span> <span class='ocrx_word' id='word_1_622' title='bbox 2144 5367 2213 5418; x_wconf 76' lang='lat' dir='ltr'>vi,</span> <span class='ocrx_word' id='word_1_623' title='bbox 2238 5353 2421 5405; x_wconf 82' lang='lat'>16.—⁸</span> <span class='ocrx_word' id='word_1_624' title='bbox 2445 5350 2693 5418; x_wconf 77' lang='lat' dir='ltr'>lbid.‚1·1.</span> <span class='ocrx_word' id='word_1_625' title='bbox 2713 5377 2775 5390; x_wconf 89' lang='lat'>-</span> <span class='ocrx_word' id='word_1_626' title='bbox 2797 5353 2817 5388; x_wconf 81' lang='lat'><strong><em>⁶</em></strong></span> <span class='ocrx_word' id='word_1_627' title='bbox 2846 5353 3028 5417; x_wconf 72' lang='lat' dir='ltr'>Exod„</span> <span class='ocrx_word' id='word_1_628' title='bbox 3050 5366 3240 5422; x_wconf 78' lang='lat' dir='ltr'>xxxin,</span> <span class='ocrx_word' id='word_1_629' title='bbox 3257 5361 3336 5409; x_wconf 81' lang='lat'>20.</span> <span class='ocrx_word' id='word_1_630' title='bbox 3357 5382 3422 5400; x_wconf 86' lang='lat'>--</span> 
     </span>
     <span class='ocr_line' id='line_1_98' title="bbox 1886 5423 2740 5493; baseline 0.001 -17"><span class='ocrx_word' id='word_1_631' title='bbox 1886 5432 1908 5468; x_wconf 85' lang='lat'>&#39;¹</span> <span class='ocrx_word' id='word_1_632' title='bbox 1952 5429 2085 5493; x_wconf 71' lang='lat' dir='ltr'>lob„</span> <span class='ocrx_word' id='word_1_633' title='bbox 2113 5439 2185 5491; x_wconf 77' lang='lat' dir='ltr'>xi,</span> <span class='ocrx_word' id='word_1_634' title='bbox 2210 5427 2259 5475; x_wconf 79' lang='grc' dir='ltr'>Ἰ.</span> <span class='ocrx_word' id='word_1_635' title='bbox 2289 5451 2340 5461; x_wconf 92' lang='grc'>-</span> <span class='ocrx_word' id='word_1_636' title='bbox 2362 5423 2385 5459; x_wconf 79' lang='lat'>⁸</span> <span class='ocrx_word' id='word_1_637' title='bbox 2411 5424 2569 5486; x_wconf 71' lang='lat' dir='ltr'>Rom„</span> <span class='ocrx_word' id='word_1_638' title='bbox 2594 5433 2634 5487; x_wconf 80' lang='grc' dir='ltr'>ι,</span> <span class='ocrx_word' id='word_1_639' title='bbox 2665 5426 2740 5477; x_wconf 79' lang='lat'>19.</span> 
     </span>
    </p>
   </div>
   <div class='ocr_carea' id='block_1_16' title="bbox 3068 5521 3148 5584">
    <p class='ocr_par' dir='ltr' id='par_1_16' title="bbox 3068 5521 3148 5584">
     <span class='ocr_line' id='line_1_99' title="bbox 3068 5521 3148 5584; baseline 0.025 -2"><span class='ocrx_word' id='word_1_640' title='bbox 3068 5521 3148 5584; x_wconf 76' lang='lat'>20</span> 
     </span>
    </p>
   </div>
  </div>
 </body>
</html>
