4185 6288
395 2968 461 3012 Ad
478 2947 582 3027 opp.

613 461 733 525 ³62

692 592 854 659 Item
883 594 993 658 ubi
1018 595 1230 676 magis
1257 594 1438 676 viget
1465 594 1671 678 passio
1716 594 1988 673 timoris,
2046 593 2175 657 ibi·

613 701 760 766 dem
794 702 1002 784 magis
1040 702 1391 767 intenditur
1434 703 1641 786 passio
1680 702 1923 769 doloris
1987 721 2006 767 2
2062 700 2174 766 sed

615 807 900 873 Christus
923 808 1132 890 magis
1156 809 1419 874 timebat
1457 810 1816 875 secundum
1844 803 2169 874 sensuali-

616 918 834 991 tatem,
852 932 1051 998 quam
1064 914 1421 980 secundum
1439 916 1759 981 rationem
1778 939 1795 982 z
1818 916 2177 981 secundum

614 1028 786 1091 enim
825 1027 1140 1092 rationem
1167 1044 1430 1091 securus
1466 1031 1632 1106 erat,
1674 1026 1822 1091 licet
1864 1025 2177 1091 sensuali-

616 1139 713 1199 tas
734 1134 1099 1199 formidaret
1129 1153 1147 1199 ε
1177 1152 1340 1215 ergo
1368 1135 1505 1217 pari
1534 1134 1783 1199 ratione
1811 1134 1957 1216 plus
1993 1132 2176 1198 dole-

613 1241 783 1306 bate
815 1245 1038 1326 xparte
1065 1241 1512 1317 sensualitati&
1544 1259 1748 1324 quam
1780 1239 2067 1307 rationis.

699 1349 881 1424 Item,
928 1350 1094 1415 sicut
1131 1350 1445 1431 gaudium
1481 1354 1579 1414 est
1626 1349 1697 1414 in
1736 1349 1878 1430 conj
1886 1347 2182 1412 unctione

617 1457 1053 1523 convenientis
1090 1477 1237 1523 cum
1276 1457 1678 1522 convenienti
1701 1504 1719 1532 ‚
1749 1455 1838 1520 ita
1870 1455 2051 1518 dolor
2088 1458 2184 1518 est

618 1565 688 1630 in
713 1566 1107 1649 separatione
1136 1588 1153 1631 z
1178 1583 1336 1648 ergo
1362 1564 1451 1628 ibi
1478 1569 1574 1629 est
1599 1566 1805 1646 major
1826 1562 2025 1640 dolor,
2069 1559 2183 1627 ubi

616 1677 715 1738 est
757 1673 1068 1756 separatio
1122 1673 1331 1749 magis
1407 1669 1841 1736 convenientis
1880 1692 1894 1734 ε
1963 1668 2186 1733 anima

617 1780 766 1864 plus
791 1781 1090 1846 convenit
1116 1799 1265 1845 cum
1317 1797 1503 1845 carne
1531 1778 1884 1843 secundum
1927 1793 2186 1841 sensua-

617 1887 884 1967 litatem,
898 1905 1092 1971 quam
1109 1887 1461 1951 secundum
1478 1885 1813 1962 rationem,
1841 1883 2007 1947 sicut
2035 1882 2189 1947 dicit

620 1995 1031 2078 Augustinus
1056 2002 1074 2037 ¹
1114 1995 1131 2058 i
1142 2013 1181 2056 n
1212 1993 1377 2058 libro
1399 1992 1477 2060 de
1510 1992 1775 2074 Spiritu
1800 1997 1861 2057 et
1893 1991 2134 2057 Anima
2165 2012 2179 2053 :

621 2119 809 2184 ergo,
844 2105 964 2167 etc.

706 2209 862 2275 Item
884 2209 1057 2292 quod
1078 2208 1286 2290 magis
1310 2207 1609 2288 alligatur
1630 2206 1823 2271 alicui
1842 2208 1906 2269 et
1925 2204 2004 2288 (α)
2044 2205 2189 2288 plus

630 2316 876 2397 indiget
916 2316 1026 2379 illo
1042 2363 1061 2392 ,
1113 2316 1325 2396 magis
1369 2315 1609 2396 patitur
1654 2318 1718 2378 et
1756 2311 2062 2393 affligitur
2108 2330 2189 2375 ex

629 2411 799 2475 illius
824 2410 1236 2492 corruptione
1271 2412 1333 2472 et
1361 2408 1701 2472 amissione
1732 2428 1750 2471 ι
1784 2407 1895 2471 sed
1933 2423 2191 2470 sensua-

628 2516 771 2581 litas
809 2517 1021 2599 magis
1060 2517 1363 2598 alligatur
1404 2513 1579 2579 carni
1597 2561 1615 2589 ,
1653 2518 1717 2577 et
1762 2513 1905 2597 plus
1945 2511 2193 2594 indiget

629 2642 817 2689 carne
867 2625 949 2689 ad
1006 2642 1192 2689 suam
1239 2623 1672 2703 operationem
1740 2619 2187 2697 exercendam,

625 2750 821 2816 quam
849 2732 1007 2796 ratio
1039 2751 1055 2796 ε
1087 2749 1265 2813 ergo,
1297 2748 1484 2794 carne
1511 2729 1809 2812 patiente,
1840 2728 1985 2811 plus
2027 2726 2193 2790 affli-

626 2841 805 2922 gitur
826 2840 1042 2904 anima
1058 2841 1126 2903 in
1145 2838 1567 2918 sensualitate,
1589 2855 1787 2920 quam
1816 2837 1885 2899 in
1921 2835 2187 2901 ratione.

704 2947 825 3011 Sed
851 2952 1072 3011 contra
1100 2967 1116 3009 ι
1150 2953 1209 3010 ¹.
1241 2943 1421 3011 Sicut
1445 2946 1594 3010 dicit
1640 2943 2077 3026 AugustinuS,
2110 2941 2191 3008 de

631 3054 901 3121 civitate
948 3054 1061 3120 Dei
1106 3054 1129 3086 ¹
1172 3072 1188 3116 ε
1248 3077 1280 3115 α
1344 3051 1533 3117 Dolor
1583 3056 1679 3116 est
1751 3050 2191 3115 testimonium

625 3161 811 3226 bonae
841 3164 1092 3226 naturae
1121 3185 1134 3225 :
1167 3184 1198 3221 ιι
1233 3178 1392 3242 ergo
1423 3161 1491 3223 in
1519 3157 1763 3224 meliori
1801 3163 2033 3222 natura
2087 3158 2190 3220 in-

624 3267 862 3332 tensior
917 3271 1013 3332 est
1058 3268 1241 3333 dolor
1299 3284 1316 3327 ε
1363 3267 1468 3331 sed
1535 3264 1760 3330 melior
1824 3269 1887 3328 et
1958 3267 2195 3326 natura

625 3374 860 3439 animae
882 3375 1234 3439 seeundum
1264 3374 1599 3452 rationem,
1619 3390 1819 3456 quam
1836 3370 2191 3436 secundum

626 3486 1094 3551 sensualitatem
1137 3509 1152 3550 :
1208 3504 1366 3568 ergo
1401 3484 1710 3550 intensior
1755 3487 1850 3549 est
1889 3484 2066 3548 dolor
2109 3500 2191 3545 ex

627 3597 804 3675 parte
852 3593 1134 3672 rationis,
1179 3611 1374 3675 quam
1406 3609 1489 3656 ex
1529 3593 1705 3674 parte
1741 3589 2188 3655 sensualitatis.

709 3699 890 3778 Item,
937 3700 1110 3783 quod
1144 3717 1225 3764 ex
1271 3698 1561 3781 pluribus
1598 3698 1807 3762 causis
1841 3696 2037 3775 dolet,
2083 3697 2188 3760 in-

628 3810 871 3874 tensius
902 3810 1104 3889 dolet,
1150 3828 1347 3893 quam
1389 3809 1559 3892 quod
1588 3828 1669 3875 ex
1711 3827 1843 3873 una
1881 3810 2135 3872 tantum
2169 3833 2184 3875 :

630 3917 738 3982 sed
758 3916 938 3982 dolor
950 3921 1045 3980 est
1079 3917 1150 3981 in
1167 3916 1570 3983 sensualitate
1592 3919 1843 3982 tantum
1865 3934 1947 3979 ex
1968 3934 2189 3998 carne3

629 4029 793 4095 ratio
818 4047 975 4095 vero
1004 4046 1137 4093 non
1166 4032 1415 4093 tantum
1437 4028 1812 4095 condolebat
1850 4028 2051 4106 carni,
2078 4029 2188 4094 sed

628 4136 820 4202 etiam
875 4133 1268 4199 sensualitati
1330 4138 1415 4199 et·
1438 4134 1624 4199 nobis
1667 4156 1684 4200 z
1734 4151 1894 4217 ergo
1939 4133 2192 4200 videtur

629 4241 803 4326 quod
829 4240 1133 4306 intensior
1170 4244 1307 4306 erat
1337 4240 1516 4308 dolor
1561 4241 1632 4305 in
1669 4240 1948 4321 ratione,
1977 4257 2188 4325 quam

629 4348 698 4414 in
723 4346 1154 4413 sensualitate.

711 4455 894 4533 Item,
923 4454 1036 4520 ubi
1062 4457 1157 4519 est
1176 4452 1491 4519 intensior
1516 4470 1722 4532 amor,
1744 4454 1837 4519 ibi
1862 4456 1961 4519 est
1984 4454 2188 4521 inten-

631 4564 762 4631 sior
786 4561 966 4629 dolor
1012 4582 1029 4627 ε
1080 4562 1192 4627 sed
1217 4559 1503 4627 Christus
1532 4562 1744 4645 magis
1783 4563 2089 4645 diligebat
2117 4562 2188 4630 in

633 4669 816 4736 nobis
842 4669 1045 4734 vitam
1070 4668 1327 4750 gratiae,
1357 4687 1558 4752 quam
1586 4669 1656 4735 in
1678 4687 1747 4736 se
1770 4670 2067 4754 diligeret
2092 4670 2189 4736 vi·

631 4780 766 4845 tam
808 4779 1062 4842 naturae
1110 4799 1128 4841 ε
1173 4793 1333 4857 ergo
1387 4776 1598 4859 magis
1640 4776 1890 4842 dolebat
1930 4777 2010 4843 de
2060 4778 2184 4843 hoc

634 4883 810 4969 quod
856 4900 976 4949 nos
1020 4882 1437 4950 amiseramus
1465 4883 1665 4949 vitam
1694 4884 1921 4966 gratiae
1937 4932 1957 4965 ,
1987 4903 2186 4969 quam

635 4993 717 5058 de
744 4991 869 5057 hoc
906 4989 1082 5074 quod
1122 4989 1258 5073 ipse
1294 4990 1628 5056 amittebat
1652 4990 1855 5057 vitam
1883 4996 2134 5058 naturae
2165 5016 2181 5057 ι

637 5100 749 5165 sed
773 5098 1024 5182 primus
1043 5096 1228 5165 dolor
1268 5102 1403 5165 erat
1447 5099 1517 5164 in
1560 5099 1829 5181 ratione,
1862 5086 2186 5167 secundus

706 5295 726 5331 ¹
747 5295 855 5344 lmo
876 5297 1071 5358 auctor,
1095 5294 1307 5359 quisque
1323 5295 1405 5346 illc
1429 5297 1512 5361 sit,
1539 5260 1628 5347 lib.
1648 5296 1707 5346 de
1724 5298 1905 5363 Spin-it.
1926 5300 1975 5347 et
1999 5298 2187 5361 Arnim„

647 5380 695 5415 e.
726 5377 835 5428 xlv,
863 5365 915 5415 in
953 5366 1190 5430 Append.
1228 5368 1291 5417 ad
1321 5370 1491 5432 Opera
1514 5370 1568 5419 S.
1607 5368 1901 5432 Augustini,
1927 5372 2051 5419 tom.
2083 5371 2150 5419 vl
2174 5407 2187 5432 ,

650 5436 776 5491 Edit.
808 5437 1128 5491 Benedictin.
1159 5465 1217 5478 --
1257 5441 1280 5473 ¹
1315 5442 1463 5504 Aug„
1500 5439 1560 5489 de
1589 5440 1740 5490 Civit.
1773 5440 1883 5501 Dei,
1908 5440 1994 5490 lib.
2036 5441 2147 5491 ΧΙΧ
2172 5478 2188 5505 ,

1754 457 2374 526 8ΕΝΤΕΝΤΙΑΗΠΜ
2418 457 2565 524 LIB.
2611 458 2720 525 111.

2281 594 2357 659 in
2376 593 2775 659 sensualitate
2805 615 2821 657 ε
2852 610 3010 676 ergo
3033 591 3457 675 magisdoluit
3469 593 3829 658 secundnm

2284 701 2622 780 rationem,
2649 718 2845 784 quam
2874 699 3226 765 secundum
3247 699 3743 765 sensualitatem.

2367 807 2548 888 Item,
2578 808 2648 871 in
2677 824 2753 871 ea
2787 810 2966 890 parte
2993 806 3304 871 intensior
3345 810 3440 871 est
3465 805 3643 892 dolor
3657 854 3677 886 ,
3709 806 3830 889 qui

2287 914 2478 978 babet
2500 915 2810 996 maj0rem
2834 913 3147 977 rationem
3171 912 3423 979 dolendi
3466 935 3485 976 ι
3529 913 3640 978 sed
3680 930 3829 977 sen-

2288 1021 2549 1086 sualitas
2582 1038 2711 1085 non
2750 1020 3026 1085 habebat
3072 1020 3384 1084 rationem
3418 1019 3672 1085 dolendi
3704 1019 3830 1083 nisi

2289 1131 2546 1211 propter
2583 1128 2986 1193 afflictionem
3024 1126 3230 1193 carnis
3272 1141 3447 1207 suae3
3480 1127 3645 1191 ratio
3674 1145 3832 1191 vero

2289 1233 2568 1299 habebat
2603 1235 2915 1300 rationem
2952 1233 3212 1301 ¹dolendi
3245 1237 3503 1316 propter
3539 1233 3829 1299 dehono-

2289 1344 2601 1408 rationem
2649 1343 2994 1425 majestatis
3028 1343 3269 1408 divinae
3302 1364 3318 1406 ε
3347 1341 3455 1408 sed
3485 1342 3692 1424 magis
3719 1343 3832 1406 do-

2292 1451 2556 1516 lendum
2584 1455 2679 1515 est
2701 1450 2779 1515 de
2806 1450 2913 1516 Dei
2954 1450 3462 1530 inhonoratione,
3516 1469 3713 1531 quam
3755 1450 3837 1515 de

2293 1557 2503 1621 carnis
2530 1557 2893 1636 afflictione,
2922 1561 2988 1622 et
3009 1556 3293 1622 Christus
3320 1555 3572 1622 dolebat
3605 1574 3839 1620 secun-

2296 1665 2453 1731 dum
2505 1664 2678 1748 quod
2726 1664 2993 1730 debebat
3038 1688 3054 1729 ι
3097 1682 3256 1745 ergo
3304 1665 3611 1730 intensior
3654 1664 3840 1729 dolor

2297 1777 2530 1841 eratin
2559 1777 2804 1842 Christo
2831 1780 3146 1860 quantum
3188 1776 3270 1841 ad
3292 1780 3539 1859 partem
3558 1777 3840 1842 rationa-

2297 1887 2445 1963 lem,
2476 1902 2675 1968 quam
2702 1889 3019 1966 quantum
3057 1883 3139 1949 ad
3177 1887 3423 1967 partem
3454 1884 3835 1949 sensualem.

2381 1992 2560 2072 ltem,
2603 1989 2885 2055 Christus
2923 1988 3226 2070 diligebat
3267 1988 3425 2054 alios
3461 1989 3628 2054 sicut
3665 1990 3841 2074 seip-

2299 2120 2466 2177 sum,
2519 2099 2672 2183 quia
2713 2098 3056 2181 perfectam
3097 2096 3371 2161 habebat
3406 2096 3778 2162 charitatem
3821 2120 3838 2161 2

2302 2226 2461 2289 ergo
2486 2210 2737 2271 tantum
2765 2203 3014 2270 dolebat
3038 2203 3118 2269 de
3144 2204 3538 2286 separatione
3565 2204 3844 2269 aliorum

2303 2336 2336 2378 a
2355 2315 2503 2395 Deo,
2534 2319 2849 2397 quantum
2877 2312 2931 2376 si
2956 2311 3091 2393 ipse
3117 2314 3518 2393 separaretur
3544 2311 3626 2374 ab
3656 2312 3796 2394 ipso
3823 2336 3838 2376 :

2305 2422 2414 2488 sed
2465 2423 2759 2485 constans
2802 2423 2899 2483 est
2940 2417 3111 2500 quod
3153 2417 3363 2482 omnis
3400 2417 3620 2482 anima
3671 2423 3847 2483 recta

2302 2529 2446 2613 plus
2470 2528 2710 2593 doleret
2734 2526 2813 2591 de
2839 2524 3232 2607 separatione
3260 2542 3300 2587 a
3329 2524 3479 2604 Deo,
3527 2543 3725 2608 quam
3762 2527 3848 2592 de

2302 2634 2697 2718 separatione
2723 2651 2763 2696 a
2799 2649 3064 2714 corpore
3091 2631 3349 2715 proprio
3382 2654 3399 2696 ι
3434 2649 3594 2714 ergo
3626 2633 3848 2700 anima

2305 2742 2532 2809 Christi
2557 2740 2702 2825 plus
2728 2738 3228 2822 compatiebatur
3256 2739 3419 2816 aliis,
3464 2757 3660 2823 quam
3699 2757 3850 2823 pro-

2303 2850 2460 2933 priae
2487 2848 2661 2912 carni
2692 2868 2708 2912 ε
2739 2847 2792 2910 si
2818 2864 2977 2928 ergo
3004 2846 3352 2929 compassio
3377 2851 3666 2930 respectu
3691 2847 3850 2913 alio-

2302 2975 2451 3021 rum
2506 2959 2642 3019 erat
2687 2955 2756 3017 in
2809 2952 3053 3016 ratione
3070 2998 3090 3028 ‚
3150 2953 3502 3035 compassio
3550 2958 3845 3037 respectu

2302 3063 2512 3128 carnis
2553 3064 2693 3126 erat
2732 3060 2799 3123 in
2841 3057 3246 3123 sensualitate
3269 3106 3292 3139 ,
3331 3077 3490 3142 ergo
3535 3061 3846 3127 intensior

2302 3172 2482 3237 dolor
2533 3174 2670 3235 erat
2719 3167 3071 3232 secundum
3125 3171 3370 3249 partem
3439 3168 3841 3250 rationalem,

2302 3297 2497 3363 quam
2524 3276 2872 3343 secundum
2902 3274 3283 3340 sensualem.

2830 3540 3285 3609 CONCLUSIO.

2304 3706 2544 3763 chr-istm
2570 3704 2893 3761 acerbiorem
2919 3702 3151 3760 dolorem
3169 3704 3232 3758 in
3253 3705 3417 3774 parte
3439 3704 3697 3760 sensitiva
3722 3719 3845 3761 sen-

2374 3795 2585 3864 tiebat,
2624 3792 3006 3850 considerando
3054 3794 3387 3865 passionem
3442 3791 3534 3849 sed
3581 3794 3844 3851 intuendo

2373 3886 2783 3957 compassionem
2811 3882 2873 3939 de
2895 3884 3130 3957 peccatis
3156 3882 3380 3951 nostris,
3408 3882 3534 3953 plus
3561 3883 3843 3953 affliqeba-

2375 3978 2464 4031 tur
2489 3976 2551 4030 in
2572 3976 2734 4045 parte
2759 3971 3046 4029 rationaii.

2383 4137 2566 4220 Resp.
2602 4136 2684 4201 ad
2710 4153 2851 4218 arg.
2872 4133 2970 4200 Ad
2997 4134 3446 4219 praedictorum
3474 4136 3841 4219 intelligen-

2298 4245 2455 4310 tiam
2477 4249 2574 4309 est
2599 4241 2972 4322 notandum,
3002 4242 3175 4325 quod
3213 4242 3283 4307 in
3322 4241 3569 4308 Christo
3603 4243 3839 4326 duplex

2300 4351 2479 4417 d010r
2505 4350 2642 4430 ruit,
2672 4333 3024 4416 secunaum
3050 4349 3220 4432 quod
3237 4350 3459 4414 dicunt
3483 4349 3716 4431 Sancti,
3744 4352 3839 4416 vi-

2298 4457 2524 4525 delicet
2562 4458 2742 4522 dolor
2779 4456 3088 4538 passionis
3104 4502 3122 4534 ,
3163 4460 3228 4521 et
3253 4457 3430 4522 dolor
3455 4459 3837 4541 compassio-

2298 4564 2444 4630 nis:
2474 4568 2539 4628 et
2565 4567 2833 4645 uterque
2868 4561 3045 4628 dolor
3091 4561 3381 4627 intensus
3424 4563 3544 4628 fuit
3566 4569 3631 4629 et
3653 4583 3836 4632 acer-

2298 4673 2423 4738 bus
2450 4692 2465 4735 :
2500 4670 2776 4735 multum
2818 4668 2993 4734 enim
3031 4669 3100 4733 in
3124 4687 3193 4733 se
3217 4669 3443 4747 doluit,
3468 4675 3534 4736 et
3560 4673 3839 4740 multum

2297 4778 2482 4846 nobis
2509 4776 2831 4844 condoluit
2852 4793 2869 4840 ε
2892 4779 2956 4841 et
2967 4779 3237 4859 uterque
3261 4776 3529 4842 istorum
3545 4777 3838 4845 dolorum

2296 4885 2367 4952 in
2392 4883 2800 4950 sensualitate
2823 4882 2966 4963 ruit,
2995 4885 3059 4947 et
3083 4882 3153 4946 in
3177 4883 3422 4949 ratione
3436 4931 3453 4963 ‚
3481 4885 3592 4950 sed
3616 4887 3841 4953 ordine

2297 4994 2678 5077 permutato.
2726 4987 2891 5054 Nam
2935 4978 3114 5054 dolor
3154 4990 3463 5072 passionis
3514 4996 3580 5057 et
3628 4995 3842 5061 carnis

2298 5098 2505 5183 primo
2557 5096 2912 5179 attingebat
2952 5096 3233 5161 animam
3273 5097 3631 5164 secundum
3681 5118 3834 5166 sen-

2297 5205 2650 5270 sualitatem
2667 5252 2684 5283 ,
2718 5207 2782 5268 et
2813 5202 3039 5269 deinde
3061 5201 3413 5267 secundum
3448 5203 3606 5270 alias
3628 5206 3835 5289 vires;

2298 5382 2343 5419 c.
2376 5378 2470 5417 xm
2488 5403 2503 5430 ,
2531 5380 2583 5417 n.
2617 5370 2670 5427 2,
2707 5365 2779 5415 sic
2808 5365 2992 5415 babet:
3022 5381 3049 5411 a
3069 5364 3226 5415 Dolor
3248 5368 3325 5414 est
3347 5364 3694 5418 testimonium
3712 5370 3842 5423 boni

2299 5437 2497 5496 amissi,
2531 5441 2580 5487 et
2606 5437 2727 5486 boni
2752 5434 2927 5486 relicti.
2948 5453 2975 5483 a
3008 5461 3064 5472 —
3090 5436 3157 5498 (α)
3182 5434 3265 5487 ΑΙ.
3285 5436 3430 5486 deest
3456 5440 3523 5487 et.
