<?xml version="1.0" encoding="UTF-8"?>
<!DOCTYPE html PUBLIC "-//W3C//DTD XHTML 1.0 Transitional//EN"
    "http://www.w3.org/TR/xhtml1/DTD/xhtml1-transitional.dtd">
<html xmlns="http://www.w3.org/1999/xhtml" xml:lang="en" lang="en">
 <head>
  <title>
</title>
<meta http-equiv="Content-Type" content="text/html;charset=utf-8" />
  <meta name='ocr-system' content='tesseract 3.04.00' />
  <meta name='ocr-capabilities' content='ocr_page ocr_carea ocr_par ocr_line ocrx_word'/>
</head>
<body>
  <div class='ocr_page' id='page_1' title='image "./srecardinalissb01cargoog_0628.png"; bbox 0 0 4185 6288; ppageno 0'>
   <div class='ocr_carea' id='block_1_1' title="bbox 551 4279 739 4333">
    <p class='ocr_par' dir='ltr' id='par_1_1' title="bbox 551 4279 739 4333">
     <span class='ocr_line' id='line_1_1' title="bbox 551 4279 739 4333; baseline -0.005 -12"><span class='ocrx_word' id='word_1_1' title='bbox 551 4279 619 4322; x_wconf 76' lang='lat' dir='ltr'><strong>Ad</strong></span> <span class='ocrx_word' id='word_1_2' title='bbox 638 4291 739 4333; x_wconf 79' lang='lat' dir='ltr'><strong>opp.</strong></span> 
     </span>
    </p>
   </div>
   <div class='ocr_carea' id='block_1_2' title="bbox 728 349 846 413">
    <p class='ocr_par' dir='ltr' id='par_1_2' title="bbox 728 349 846 413">
     <span class='ocr_line' id='line_1_2' title="bbox 728 349 846 413; baseline 0 -3"><span class='ocrx_word' id='word_1_3' title='bbox 728 349 846 413; x_wconf 81' lang='lat'><strong>606</strong></span> 
     </span>
    </p>
   </div>
   <div class='ocr_carea' id='block_1_3' title="bbox 730 473 2320 3761">
    <p class='ocr_par' dir='ltr' id='par_1_3' title="bbox 730 473 2320 3761">
     <span class='ocr_line' id='line_1_3' title="bbox 807 473 2271 562; baseline 0.002 -22"><span class='ocrx_word' id='word_1_4' title='bbox 807 478 871 541; x_wconf 89' lang='grc'><strong>6.</strong></span> <span class='ocrx_word' id='word_1_5' title='bbox 939 474 1035 541; x_wconf 78' lang='lat' dir='ltr'><strong>Ad</strong></span> <span class='ocrx_word' id='word_1_6' title='bbox 1106 473 1266 541; x_wconf 90' lang='lat' dir='ltr'><strong>illud</strong></span> <span class='ocrx_word' id='word_1_7' title='bbox 1330 475 1500 560; x_wconf 86' lang='lat' dir='ltr'><strong>quod</strong></span> <span class='ocrx_word' id='word_1_8' title='bbox 1562 476 1790 543; x_wconf 89' lang='lat' dir='ltr'><strong>ultimo</strong></span> <span class='ocrx_word' id='word_1_9' title='bbox 1843 478 2144 562; x_wconf 86' lang='lat' dir='ltr'><strong>objicitur</strong></span> <span class='ocrx_word' id='word_1_10' title='bbox 2191 476 2271 543; x_wconf 84' lang='lat' dir='ltr'><strong>de</strong></span> 
     </span>
     <span class='ocr_line' id='line_1_4' title="bbox 730 584 2276 669; baseline 0.001 -22"><span class='ocrx_word' id='word_1_11' title='bbox 730 600 952 648; x_wconf 90' lang='lat' dir='ltr'><strong>amore</strong></span> <span class='ocrx_word' id='word_1_12' title='bbox 999 584 1294 648; x_wconf 76' lang='lat' dir='ltr'><strong>amicitiae</strong></span> <span class='ocrx_word' id='word_1_13' title='bbox 1336 587 1400 648; x_wconf 90' lang='lat' dir='ltr'><strong>et</strong></span> <span class='ocrx_word' id='word_1_14' title='bbox 1441 585 1966 669; x_wconf 61' lang='lat' dir='ltr'><strong>concupiscentia)</strong></span> <span class='ocrx_word' id='word_1_15' title='bbox 1987 635 2005 665; x_wconf 90' lang='lat'><strong>,</strong></span> <span class='ocrx_word' id='word_1_16' title='bbox 2052 584 2276 650; x_wconf 86' lang='lat' dir='ltr'><strong>diceu-</strong></span> 
     </span>
     <span class='ocr_line' id='line_1_5' title="bbox 732 690 2278 776; baseline 0.002 -22"><span class='ocrx_word' id='word_1_17' title='bbox 732 690 891 754; x_wconf 90' lang='lat' dir='ltr'><strong>dum</strong></span> <span class='ocrx_word' id='word_1_18' title='bbox 921 690 1091 772; x_wconf 91' lang='lat' dir='ltr'><strong>quod</strong></span> <span class='ocrx_word' id='word_1_19' title='bbox 1111 738 1129 767; x_wconf 91' lang='lat'><strong>,</strong></span> <span class='ocrx_word' id='word_1_20' title='bbox 1161 692 1323 755; x_wconf 86' lang='lat' dir='ltr'><strong>sicut</strong></span> <span class='ocrx_word' id='word_1_21' title='bbox 1348 692 1587 756; x_wconf 87' lang='lat' dir='ltr'><strong>dictum</strong></span> <span class='ocrx_word' id='word_1_22' title='bbox 1623 698 1718 757; x_wconf 63' lang='lat' dir='ltr'><strong>est</strong></span> <span class='ocrx_word' id='word_1_23' title='bbox 1754 694 1826 757; x_wconf 90' lang='lat' dir='ltr'><strong>in</strong></span> <span class='ocrx_word' id='word_1_24' title='bbox 1864 693 2278 776; x_wconf 69' lang='lat' dir='ltr'><strong>praecedenti-</strong></span> 
     </span>
     <span class='ocr_line' id='line_1_6' title="bbox 734 798 2238 882; baseline 0.001 -19"><span class='ocrx_word' id='word_1_25' title='bbox 734 799 857 863; x_wconf 91' lang='lat' dir='ltr'><strong>bus</strong></span> <span class='ocrx_word' id='word_1_26' title='bbox 903 798 982 863; x_wconf 88' lang='lat' dir='ltr'><strong>de</strong></span> <span class='ocrx_word' id='word_1_27' title='bbox 1030 802 1176 862; x_wconf 84' lang='lat' dir='ltr'><strong>actu</strong></span> <span class='ocrx_word' id='word_1_28' title='bbox 1230 799 1631 864; x_wconf 61' lang='lat' dir='ltr'><strong>confidentia!</strong></span> <span class='ocrx_word' id='word_1_29' title='bbox 1677 804 1741 864; x_wconf 88' lang='lat' dir='ltr'><strong>et</strong></span> <span class='ocrx_word' id='word_1_30' title='bbox 1787 799 2238 882; x_wconf 76' lang='lat' dir='ltr'><strong>expectationis</strong></span> 
     </span>
     <span class='ocr_line' id='line_1_7' title="bbox 736 904 2282 986; baseline 0.002 -18"><span class='ocrx_word' id='word_1_31' title='bbox 736 904 909 986; x_wconf 90' lang='lat' dir='ltr'><strong>quod</strong></span> <span class='ocrx_word' id='word_1_32' title='bbox 956 923 1129 968; x_wconf 86' lang='lat' dir='ltr'><strong>unus</strong></span> <span class='ocrx_word' id='word_1_33' title='bbox 1173 905 1366 969; x_wconf 79' lang='lat' dir='ltr'><strong>hahet</strong></span> <span class='ocrx_word' id='word_1_34' title='bbox 1411 925 1493 969; x_wconf 85' lang='lat' dir='ltr'><strong>ex</strong></span> <span class='ocrx_word' id='word_1_35' title='bbox 1536 906 1734 970; x_wconf 85' lang='lat' dir='ltr'><strong>altero</strong></span> <span class='ocrx_word' id='word_1_36' title='bbox 1780 906 1958 986; x_wconf 87' lang='lat' dir='ltr'><strong>oriri,</strong></span> <span class='ocrx_word' id='word_1_37' title='bbox 2007 910 2070 971; x_wconf 93' lang='lat' dir='ltr'><strong>et</strong></span> <span class='ocrx_word' id='word_1_38' title='bbox 2111 924 2282 971; x_wconf 87' lang='lat' dir='ltr'><strong>unus</strong></span> 
     </span>
     <span class='ocr_line' id='line_1_8' title="bbox 739 1011 2283 1093; baseline 0.002 -19"><span class='ocrx_word' id='word_1_39' title='bbox 739 1012 935 1075; x_wconf 85' lang='lat' dir='ltr'><strong>alium</strong></span> <span class='ocrx_word' id='word_1_40' title='bbox 1002 1011 1279 1093; x_wconf 89' lang='lat' dir='ltr'><strong>quodam</strong></span> <span class='ocrx_word' id='word_1_41' title='bbox 1327 1012 1514 1076; x_wconf 92' lang='lat' dir='ltr'><strong>modo</strong></span> <span class='ocrx_word' id='word_1_42' title='bbox 1572 1012 1836 1076; x_wconf 86' lang='lat' dir='ltr'><strong>includit</strong></span> <span class='ocrx_word' id='word_1_43' title='bbox 1886 1036 1902 1076; x_wconf 89' lang='lat'>:</span> <span class='ocrx_word' id='word_1_44' title='bbox 1953 1013 2045 1077; x_wconf 88' lang='lat' dir='ltr'><strong>sic</strong></span> <span class='ocrx_word' id='word_1_45' title='bbox 2101 1031 2283 1078; x_wconf 87' lang='lat' dir='ltr'><strong>amor</strong></span> 
     </span>
     <span class='ocr_line' id='line_1_9' title="bbox 740 1118 2285 1201; baseline -0.001 -19"><span class='ocrx_word' id='word_1_46' title='bbox 740 1120 1035 1183; x_wconf 78' lang='lat' dir='ltr'><strong>amicitIae</strong></span> <span class='ocrx_word' id='word_1_47' title='bbox 1079 1119 1357 1200; x_wconf 88' lang='lat' dir='ltr'><strong>quodam</strong></span> <span class='ocrx_word' id='word_1_48' title='bbox 1398 1119 1587 1183; x_wconf 93' lang='lat' dir='ltr'><strong>modo</strong></span> <span class='ocrx_word' id='word_1_49' title='bbox 1626 1137 1911 1184; x_wconf 91' lang='lat' dir='ltr'><strong>amorem</strong></span> <span class='ocrx_word' id='word_1_50' title='bbox 1952 1118 2285 1201; x_wconf 88' lang='lat' dir='ltr'><strong>concupis-</strong></span> 
     </span>
     <span class='ocr_line' id='line_1_10' title="bbox 742 1224 2287 1308; baseline -0.002 -18"><span class='ocrx_word' id='word_1_51' title='bbox 742 1226 989 1290; x_wconf 82' lang='lat' dir='ltr'><strong>centiae.</strong></span> <span class='ocrx_word' id='word_1_52' title='bbox 1038 1224 1162 1303; x_wconf 79' lang='lat' dir='ltr'><strong>Qui</strong></span> <span class='ocrx_word' id='word_1_53' title='bbox 1190 1226 1362 1289; x_wconf 82' lang='lat' dir='ltr'><strong>enim</strong></span> <span class='ocrx_word' id='word_1_54' title='bbox 1400 1229 1497 1290; x_wconf 89' lang='lat' dir='ltr'><strong>est</strong></span> <span class='ocrx_word' id='word_1_55' title='bbox 1533 1226 1800 1306; x_wconf 88' lang='lat' dir='ltr'><strong>amicus,</strong></span> <span class='ocrx_word' id='word_1_56' title='bbox 1837 1225 1946 1290; x_wconf 87' lang='lat' dir='ltr'><strong>alii</strong></span> <span class='ocrx_word' id='word_1_57' title='bbox 1971 1227 2146 1308; x_wconf 85' lang='lat' dir='ltr'><strong>optat</strong></span> <span class='ocrx_word' id='word_1_58' title='bbox 2168 1224 2287 1287; x_wconf 91' lang='lat' dir='ltr'><strong>ali-</strong></span> 
     </span>
     <span class='ocr_line' id='line_1_11' title="bbox 744 1331 2285 1415; baseline -0.001 -19"><span class='ocrx_word' id='word_1_59' title='bbox 744 1334 915 1415; x_wconf 88' lang='lat' dir='ltr'>quod</span> <span class='ocrx_word' id='word_1_60' title='bbox 943 1334 1186 1396; x_wconf 86' lang='lat' dir='ltr'><strong>bonum</strong></span> <span class='ocrx_word' id='word_1_61' title='bbox 1220 1351 1238 1396; x_wconf 89' lang='lat'>:</span> <span class='ocrx_word' id='word_1_62' title='bbox 1267 1338 1332 1396; x_wconf 91' lang='lat' dir='ltr'><strong>et</strong></span> <span class='ocrx_word' id='word_1_63' title='bbox 1359 1332 1514 1396; x_wconf 93' lang='lat' dir='ltr'><strong>dum</strong></span> <span class='ocrx_word' id='word_1_64' title='bbox 1543 1337 1719 1415; x_wconf 87' lang='lat' dir='ltr'><strong>optat</strong></span> <span class='ocrx_word' id='word_1_65' title='bbox 1743 1333 1803 1396; x_wconf 89' lang='lat' dir='ltr'><strong>ei</strong></span> <span class='ocrx_word' id='word_1_66' title='bbox 1828 1331 1985 1397; x_wconf 93' lang='lat' dir='ltr'><strong>illud</strong></span> <span class='ocrx_word' id='word_1_67' title='bbox 2018 1331 2285 1406; x_wconf 85' lang='lat' dir='ltr'><strong>bonum,</strong></span> 
     </span>
     <span class='ocr_line' id='line_1_12' title="bbox 746 1438 2289 1523; baseline -0.002 -19"><span class='ocrx_word' id='word_1_68' title='bbox 746 1447 809 1504; x_wconf 91' lang='lat' dir='ltr'><strong>et</strong></span> <span class='ocrx_word' id='word_1_69' title='bbox 861 1440 1076 1523; x_wconf 88' lang='lat' dir='ltr'><strong>ipsum</strong></span> <span class='ocrx_word' id='word_1_70' title='bbox 1124 1439 1371 1503; x_wconf 89' lang='lat' dir='ltr'><strong>bonum</strong></span> <span class='ocrx_word' id='word_1_71' title='bbox 1423 1442 1712 1521; x_wconf 88' lang='lat' dir='ltr'><strong>optatum</strong></span> <span class='ocrx_word' id='word_1_72' title='bbox 1758 1439 1906 1503; x_wconf 89' lang='lat' dir='ltr'><strong>facit</strong></span> <span class='ocrx_word' id='word_1_73' title='bbox 1950 1438 2289 1520; x_wconf 86' lang='lat' dir='ltr'><strong>concupis·</strong></span> 
     </span>
     <span class='ocr_line' id='line_1_13' title="bbox 749 1544 2292 1628; baseline -0.001 -18"><span class='ocrx_word' id='word_1_74' title='bbox 749 1566 909 1624; x_wconf 83' lang='lat' dir='ltr'><strong>cere,</strong></span> <span class='ocrx_word' id='word_1_75' title='bbox 950 1546 1155 1610; x_wconf 91' lang='lat' dir='ltr'><strong>eidem</strong></span> <span class='ocrx_word' id='word_1_76' title='bbox 1183 1546 1330 1609; x_wconf 82' lang='lat' dir='ltr'><strong>facit</strong></span> <span class='ocrx_word' id='word_1_77' title='bbox 1368 1544 1718 1610; x_wconf 74' lang='lat' dir='ltr'><strong>adhaerere.</strong></span> <span class='ocrx_word' id='word_1_78' title='bbox 1751 1545 1927 1610; x_wconf 87' lang='lat' dir='ltr'>Unde</span> <span class='ocrx_word' id='word_1_79' title='bbox 1956 1545 2122 1610; x_wconf 87' lang='lat' dir='ltr'><strong>sicut</strong></span> <span class='ocrx_word' id='word_1_80' title='bbox 2148 1564 2292 1628; x_wconf 87' lang='lat' dir='ltr'><strong>spes</strong></span> 
     </span>
     <span class='ocr_line' id='line_1_14' title="bbox 748 1637 2294 1734; baseline -0.001 -17"><span class='ocrx_word' id='word_1_81' title='bbox 748 1654 1044 1717; x_wconf 89' lang='lat' dir='ltr'><strong>innititur</strong></span> <span class='ocrx_word' id='word_1_82' title='bbox 1087 1637 1365 1715; x_wconf 80' lang='lat' dir='ltr'><strong>summae</strong></span> <span class='ocrx_word' id='word_1_83' title='bbox 1402 1652 1850 1731; x_wconf 76' lang='lat' dir='ltr'><strong>immensitati,</strong></span> <span class='ocrx_word' id='word_1_84' title='bbox 1903 1652 2037 1715; x_wconf 86' lang='lat' dir='ltr'><strong>sive</strong></span> <span class='ocrx_word' id='word_1_85' title='bbox 2082 1657 2294 1734; x_wconf 82' lang='lat' dir='ltr'><strong>potes-</strong></span> 
     </span>
     <span class='ocr_line' id='line_1_15' title="bbox 752 1757 2296 1836; baseline -0.001 -13"><span class='ocrx_word' id='word_1_86' title='bbox 752 1760 862 1823; x_wconf 84' lang='lat' dir='ltr'><strong>tati</strong></span> <span class='ocrx_word' id='word_1_87' title='bbox 883 1808 901 1836; x_wconf 94' lang='lat'><strong>,</strong></span> <span class='ocrx_word' id='word_1_88' title='bbox 931 1760 1021 1823; x_wconf 90' lang='lat' dir='ltr'><strong>sic</strong></span> <span class='ocrx_word' id='word_1_89' title='bbox 1059 1759 1331 1822; x_wconf 79' lang='lat' dir='ltr'><strong>charitas</strong></span> <span class='ocrx_word' id='word_1_90' title='bbox 1356 1758 1640 1822; x_wconf 85' lang='lat' dir='ltr'><strong>adhaeret</strong></span> <span class='ocrx_word' id='word_1_91' title='bbox 1660 1807 1676 1832; x_wconf 83' lang='lat'>‚</span> <span class='ocrx_word' id='word_1_92' title='bbox 1707 1762 1771 1822; x_wconf 88' lang='lat' dir='ltr'><strong>et</strong></span> <span class='ocrx_word' id='word_1_93' title='bbox 1796 1759 2121 1822; x_wconf 70' lang='lat' dir='ltr'><strong>adhaerere</strong></span> <span class='ocrx_word' id='word_1_94' title='bbox 2152 1757 2296 1822; x_wconf 80' lang='lat' dir='ltr'><strong>facit</strong></span> 
     </span>
     <span class='ocr_line' id='line_1_16' title="bbox 754 1863 2295 1949; baseline -0.003 -18"><span class='ocrx_word' id='word_1_95' title='bbox 754 1886 1028 1933; x_wconf 67' lang='lat' dir='ltr'><strong>summae</strong></span> <span class='ocrx_word' id='word_1_96' title='bbox 1055 1869 1326 1932; x_wconf 86' lang='lat' dir='ltr'><strong>bonitati</strong></span> <span class='ocrx_word' id='word_1_97' title='bbox 1358 1890 1373 1931; x_wconf 92' lang='lat'><strong>:</strong></span> <span class='ocrx_word' id='word_1_98' title='bbox 1405 1872 1468 1931; x_wconf 90' lang='lat' dir='ltr'><strong>et</strong></span> <span class='ocrx_word' id='word_1_99' title='bbox 1491 1867 1599 1930; x_wconf 90' lang='lat' dir='ltr'><strong>ille</strong></span> <span class='ocrx_word' id='word_1_100' title='bbox 1636 1871 1730 1931; x_wconf 87' lang='lat' dir='ltr'><strong>est</strong></span> <span class='ocrx_word' id='word_1_101' title='bbox 1765 1869 1906 1949; x_wconf 89' lang='lat' dir='ltr'><strong>ejus</strong></span> <span class='ocrx_word' id='word_1_102' title='bbox 1945 1871 2123 1929; x_wconf 88' lang='lat' dir='ltr'><strong>actus</strong></span> <span class='ocrx_word' id='word_1_103' title='bbox 2162 1863 2295 1947; x_wconf 88' lang='lat' dir='ltr'><strong>pri-</strong></span> 
     </span>
     <span class='ocr_line' id='line_1_17' title="bbox 758 1970 2300 2057; baseline -0.004 -18"><span class='ocrx_word' id='word_1_104' title='bbox 758 1995 902 2039; x_wconf 90' lang='lat' dir='ltr'><strong>mus</strong></span> <span class='ocrx_word' id='word_1_105' title='bbox 928 1978 992 2040; x_wconf 89' lang='lat' dir='ltr'><strong>et</strong></span> <span class='ocrx_word' id='word_1_106' title='bbox 1020 1976 1246 2040; x_wconf 89' lang='lat' dir='ltr'><strong>unicus</strong></span> <span class='ocrx_word' id='word_1_107' title='bbox 1268 1994 1349 2039; x_wconf 84' lang='lat' dir='ltr'><strong>ex</strong></span> <span class='ocrx_word' id='word_1_108' title='bbox 1376 1993 1507 2057; x_wconf 92' lang='lat' dir='ltr'><strong>quo</strong></span> <span class='ocrx_word' id='word_1_109' title='bbox 1536 1974 1763 2052; x_wconf 88' lang='lat' dir='ltr'><strong>oritur,</strong></span> <span class='ocrx_word' id='word_1_110' title='bbox 1789 1978 1851 2036; x_wconf 91' lang='lat' dir='ltr'><strong>et</strong></span> <span class='ocrx_word' id='word_1_111' title='bbox 1879 1972 1946 2035; x_wconf 89' lang='lat' dir='ltr'><strong>in</strong></span> <span class='ocrx_word' id='word_1_112' title='bbox 1975 1989 2104 2053; x_wconf 88' lang='lat' dir='ltr'><strong>quo</strong></span> <span class='ocrx_word' id='word_1_113' title='bbox 2133 1970 2300 2034; x_wconf 86' lang='lat' dir='ltr'><strong>clau·</strong></span> 
     </span>
     <span class='ocr_line' id='line_1_18' title="bbox 756 2077 2298 2166; baseline -0.005 -19"><span class='ocrx_word' id='word_1_114' title='bbox 756 2083 927 2147; x_wconf 89' lang='lat' dir='ltr'><strong>ditur</strong></span> <span class='ocrx_word' id='word_1_115' title='bbox 955 2103 1136 2147; x_wconf 88' lang='lat' dir='ltr'><strong>amor</strong></span> <span class='ocrx_word' id='word_1_116' title='bbox 1162 2083 1687 2166; x_wconf 83' lang='lat' dir='ltr'><strong>concupiscentiae</strong></span> <span class='ocrx_word' id='word_1_117' title='bbox 1709 2131 1726 2161; x_wconf 91' lang='lat'><strong>,</strong></span> <span class='ocrx_word' id='word_1_118' title='bbox 1761 2085 1822 2145; x_wconf 89' lang='lat' dir='ltr'><strong>et</strong></span> <span class='ocrx_word' id='word_1_119' title='bbox 1849 2097 2032 2145; x_wconf 89' lang='lat' dir='ltr'><strong>amor</strong></span> <span class='ocrx_word' id='word_1_120' title='bbox 2070 2077 2298 2142; x_wconf 89' lang='lat' dir='ltr'><strong>amici-</strong></span> 
     </span>
     <span class='ocr_line' id='line_1_19' title="bbox 757 2185 2302 2274; baseline -0.005 -20"><span class='ocrx_word' id='word_1_121' title='bbox 757 2193 884 2254; x_wconf 86' lang='lat' dir='ltr'><strong>tiae.</strong></span> <span class='ocrx_word' id='word_1_122' title='bbox 916 2191 994 2255; x_wconf 87' lang='lat' dir='ltr'><strong>Et</strong></span> <span class='ocrx_word' id='word_1_123' title='bbox 1021 2196 1348 2274; x_wconf 85' lang='lat' dir='ltr'><strong>propterea</strong></span> <span class='ocrx_word' id='word_1_124' title='bbox 1364 2239 1381 2270; x_wconf 87' lang='lat'><strong>,</strong></span> <span class='ocrx_word' id='word_1_125' title='bbox 1413 2190 1576 2254; x_wconf 89' lang='lat' dir='ltr'><strong>sicut</strong></span> <span class='ocrx_word' id='word_1_126' title='bbox 1600 2208 1741 2272; x_wconf 83' lang='lat' dir='ltr'><strong>spes</strong></span> <span class='ocrx_word' id='word_1_127' title='bbox 1765 2207 1899 2254; x_wconf 90' lang='lat' dir='ltr'><strong>non</strong></span> <span class='ocrx_word' id='word_1_128' title='bbox 1923 2185 2302 2252; x_wconf 78' lang='lat' dir='ltr'><strong>diversifica-</strong></span> 
     </span>
     <span class='ocr_line' id='line_1_20' title="bbox 760 2294 2301 2381; baseline -0.004 -21"><span class='ocrx_word' id='word_1_129' title='bbox 760 2303 867 2362; x_wconf 87' lang='lat' dir='ltr'><strong>tur</strong></span> <span class='ocrx_word' id='word_1_130' title='bbox 905 2301 1161 2381; x_wconf 89' lang='lat' dir='ltr'><strong>propter</strong></span> <span class='ocrx_word' id='word_1_131' title='bbox 1196 2299 1411 2360; x_wconf 90' lang='lat' dir='ltr'><strong>actum</strong></span> <span class='ocrx_word' id='word_1_132' title='bbox 1454 2294 1855 2360; x_wconf 65' lang='lat' dir='ltr'><strong>confidentiae</strong></span> <span class='ocrx_word' id='word_1_133' title='bbox 1895 2298 1960 2357; x_wconf 92' lang='lat' dir='ltr'><strong>et</strong></span> <span class='ocrx_word' id='word_1_134' title='bbox 1999 2294 2301 2375; x_wconf 79' lang='lat' dir='ltr'><strong>expecta-</strong></span> 
     </span>
     <span class='ocr_line' id='line_1_21' title="bbox 761 2399 2303 2485; baseline -0.005 -16"><span class='ocrx_word' id='word_1_135' title='bbox 761 2407 975 2482; x_wconf 78' lang='lat' dir='ltr'><strong>tioniS‚</strong></span> <span class='ocrx_word' id='word_1_136' title='bbox 992 2407 1080 2469; x_wconf 87' lang='lat' dir='ltr'><strong>sic</strong></span> <span class='ocrx_word' id='word_1_137' title='bbox 1094 2424 1210 2469; x_wconf 91' lang='lat' dir='ltr'><strong>nec</strong></span> <span class='ocrx_word' id='word_1_138' title='bbox 1222 2405 1492 2469; x_wconf 82' lang='lat' dir='ltr'><strong>charitas</strong></span> <span class='ocrx_word' id='word_1_139' title='bbox 1508 2406 1764 2485; x_wconf 87' lang='lat' dir='ltr'><strong>propter</strong></span> <span class='ocrx_word' id='word_1_140' title='bbox 1780 2405 1996 2464; x_wconf 89' lang='lat' dir='ltr'><strong>actum</strong></span> <span class='ocrx_word' id='word_1_141' title='bbox 2006 2399 2303 2464; x_wconf 82' lang='lat' dir='ltr'><strong>amicitiae</strong></span> 
     </span>
     <span class='ocr_line' id='line_1_22' title="bbox 761 2511 2306 2598; baseline -0.003 -18"><span class='ocrx_word' id='word_1_142' title='bbox 761 2520 824 2580; x_wconf 91' lang='lat' dir='ltr'><strong>et</strong></span> <span class='ocrx_word' id='word_1_143' title='bbox 867 2515 1413 2598; x_wconf 62' lang='lat' dir='ltr'><strong>concupiscentiae.</strong></span> <span class='ocrx_word' id='word_1_144' title='bbox 1470 2514 1650 2591; x_wconf 85' lang='lat' dir='ltr'><strong>Quod</strong></span> <span class='ocrx_word' id='word_1_145' title='bbox 1706 2518 1924 2577; x_wconf 92' lang='lat' dir='ltr'><strong>autem</strong></span> <span class='ocrx_word' id='word_1_146' title='bbox 1973 2511 2306 2575; x_wconf 75' lang='lat' dir='ltr'><strong>adhaerere</strong></span> 
     </span>
     <span class='ocr_line' id='line_1_23' title="bbox 768 2618 2307 2703; baseline -0.004 -18"><span class='ocrx_word' id='word_1_147' title='bbox 768 2622 889 2686; x_wconf 77' lang='lat' dir='ltr'><strong>Deo</strong></span> <span class='ocrx_word' id='word_1_148' title='bbox 913 2623 993 2685; x_wconf 87' lang='lat' dir='ltr'><strong>sit</strong></span> <span class='ocrx_word' id='word_1_149' title='bbox 1022 2628 1198 2686; x_wconf 90' lang='lat' dir='ltr'><strong>actus</strong></span> <span class='ocrx_word' id='word_1_150' title='bbox 1226 2622 1544 2686; x_wconf 85' lang='lat' dir='ltr'><strong>charitatis</strong></span> <span class='ocrx_word' id='word_1_151' title='bbox 1570 2618 1959 2703; x_wconf 77' lang='lat' dir='ltr'><strong>principali5‚</strong></span> <span class='ocrx_word' id='word_1_152' title='bbox 1989 2618 2307 2701; x_wconf 82' lang='lat' dir='ltr'><strong>Augusti-</strong></span> 
     </span>
     <span class='ocr_line' id='line_1_24' title="bbox 764 2725 2309 2813; baseline -0.003 -19"><span class='ocrx_word' id='word_1_153' title='bbox 764 2750 890 2797; x_wconf 90' lang='lat' dir='ltr'><strong>nus</strong></span> <span class='ocrx_word' id='word_1_154' title='bbox 910 2732 1060 2794; x_wconf 89' lang='lat' dir='ltr'><strong>satis</strong></span> <span class='ocrx_word' id='word_1_155' title='bbox 1086 2748 1379 2813; x_wconf 84' lang='lat' dir='ltr'><strong>expresse</strong></span> <span class='ocrx_word' id='word_1_156' title='bbox 1415 2730 1564 2793; x_wconf 90' lang='lat' dir='ltr'><strong>dicit</strong></span> <span class='ocrx_word' id='word_1_157' title='bbox 1600 2730 1669 2792; x_wconf 90' lang='lat' dir='ltr'><strong>in</strong></span> <span class='ocrx_word' id='word_1_158' title='bbox 1708 2729 1870 2792; x_wconf 88' lang='lat' dir='ltr'><strong>libro</strong></span> <span class='ocrx_word' id='word_1_159' title='bbox 1899 2729 1994 2793; x_wconf 80' lang='lat' dir='ltr'><strong>De</strong></span> <span class='ocrx_word' id='word_1_160' title='bbox 2024 2725 2309 2792; x_wconf 67' lang='lat' dir='ltr'><strong>Moribus</strong></span> 
     </span>
     <span class='ocr_line' id='line_1_25' title="bbox 768 2834 2309 2920; baseline -0.005 -15"><span class='ocrx_word' id='word_1_161' title='bbox 768 2838 1063 2905; x_wconf 80' lang='lat' dir='ltr'><strong>Ecclesioe</strong></span> <span class='ocrx_word' id='word_1_162' title='bbox 1083 2841 1125 2916; x_wconf 81' lang='lat'><strong>¹3</strong></span> <span class='ocrx_word' id='word_1_163' title='bbox 1159 2843 1224 2902; x_wconf 90' lang='lat' dir='ltr'><strong>et</strong></span> <span class='ocrx_word' id='word_1_164' title='bbox 1251 2836 1589 2920; x_wconf 85' lang='lat' dir='ltr'><strong>Apostolus</strong></span> <span class='ocrx_word' id='word_1_165' title='bbox 1606 2837 1663 2901; x_wconf 73' lang='grc' dir='ltr'><strong><em>ἐ</em></strong></span> <span class='ocrx_word' id='word_1_166' title='bbox 1692 2837 1824 2916; x_wconf 79' lang='lat' dir='ltr'><strong>Qui</strong></span> <span class='ocrx_word' id='word_1_167' title='bbox 1847 2834 2133 2901; x_wconf 72' lang='lat' dir='ltr'><strong>adhoeret</strong></span> <span class='ocrx_word' id='word_1_168' title='bbox 2158 2834 2309 2912; x_wconf 85' lang='lat' dir='ltr'><strong>De0,</strong></span> 
     </span>
     <span class='ocr_line' id='line_1_26' title="bbox 768 2942 2312 3028; baseline -0.003 -18"><span class='ocrx_word' id='word_1_169' title='bbox 768 2963 939 3012; x_wconf 80' lang='lat' dir='ltr'><strong>unus</strong></span> <span class='ocrx_word' id='word_1_170' title='bbox 965 2948 1240 3028; x_wconf 80' lang='lat' dir='ltr'><strong>spiritus</strong></span> <span class='ocrx_word' id='word_1_171' title='bbox 1267 2952 1387 3024; x_wconf 57' lang='lat' dir='ltr'><strong>esu</strong></span> <span class='ocrx_word' id='word_1_172' title='bbox 1436 2949 1500 3009; x_wconf 88' lang='lat' dir='ltr'><strong>et</strong></span> <span class='ocrx_word' id='word_1_173' title='bbox 1530 2944 1896 3026; x_wconf 85' lang='lat' dir='ltr'><strong>Dionysius,</strong></span> <span class='ocrx_word' id='word_1_174' title='bbox 1938 2943 2017 3008; x_wconf 85' lang='lat' dir='ltr'><strong>de</strong></span> <span class='ocrx_word' id='word_1_175' title='bbox 2052 2942 2312 3007; x_wconf 75' lang='lat' dir='ltr'><strong>Divinis</strong></span> 
     </span>
     <span class='ocr_line' id='line_1_27' title="bbox 772 3049 2313 3127; baseline -0.005 -8"><span class='ocrx_word' id='word_1_176' title='bbox 772 3054 1163 3120; x_wconf 81' lang='lat' dir='ltr'><strong>Nominibus</strong></span> <span class='ocrx_word' id='word_1_177' title='bbox 1181 3054 1203 3089; x_wconf 81' lang='lat'>⁸</span> <span class='ocrx_word' id='word_1_178' title='bbox 1234 3072 1258 3115; x_wconf 92' lang='lat'><strong>.·</strong></span> <span class='ocrx_word' id='word_1_179' title='bbox 1288 3076 1317 3112; x_wconf 78' lang='grc' dir='ltr'><strong>α</strong></span> <span class='ocrx_word' id='word_1_180' title='bbox 1348 3053 1650 3116; x_wconf 86' lang='lat' dir='ltr'><strong>Amorem</strong></span> <span class='ocrx_word' id='word_1_181' title='bbox 1678 3051 1815 3114; x_wconf 84' lang='lat' dir='ltr'><strong>sive</strong></span> <span class='ocrx_word' id='word_1_182' title='bbox 1839 3049 2157 3127; x_wconf 79' lang='lat' dir='ltr'><strong>divinum,</strong></span> <span class='ocrx_word' id='word_1_183' title='bbox 2177 3049 2313 3112; x_wconf 85' lang='lat' dir='ltr'><strong>sive</strong></span> 
     </span>
     <span class='ocr_line' id='line_1_28' title="bbox 773 3157 2315 3241; baseline -0.005 -16"><span class='ocrx_word' id='word_1_184' title='bbox 773 3162 1127 3226; x_wconf 78' lang='lat' dir='ltr'><strong>naturalem</strong></span> <span class='ocrx_word' id='word_1_185' title='bbox 1147 3210 1165 3241; x_wconf 91' lang='lat'><strong>,</strong></span> <span class='ocrx_word' id='word_1_186' title='bbox 1214 3161 1349 3226; x_wconf 85' lang='lat' dir='ltr'><strong>sive</strong></span> <span class='ocrx_word' id='word_1_187' title='bbox 1405 3158 1892 3224; x_wconf 82' lang='lat' dir='ltr'><strong>intellectualem</strong></span> <span class='ocrx_word' id='word_1_188' title='bbox 1912 3205 1933 3236; x_wconf 90' lang='lat'><strong>,</strong></span> <span class='ocrx_word' id='word_1_189' title='bbox 1992 3157 2315 3221; x_wconf 75' lang='lat' dir='ltr'><strong>unitivam</strong></span> 
     </span>
     <span class='ocr_line' id='line_1_29' title="bbox 772 3262 2318 3351; baseline -0.003 -20"><span class='ocrx_word' id='word_1_190' title='bbox 772 3268 1120 3351; x_wconf 87' lang='lat' dir='ltr'><strong>quamdam</strong></span> <span class='ocrx_word' id='word_1_191' title='bbox 1189 3267 1461 3332; x_wconf 88' lang='lat' dir='ltr'><strong>dicimus</strong></span> <span class='ocrx_word' id='word_1_192' title='bbox 1535 3266 1864 3329; x_wconf 84' lang='lat' dir='ltr'><strong>virtutem.</strong></span> <span class='ocrx_word' id='word_1_193' title='bbox 1931 3285 1963 3324; x_wconf 68' lang='grc' dir='ltr'><strong>ι</strong></span> <span class='ocrx_word' id='word_1_194' title='bbox 2021 3263 2100 3327; x_wconf 89' lang='lat' dir='ltr'><strong>Et</strong></span> <span class='ocrx_word' id='word_1_195' title='bbox 2166 3262 2318 3344; x_wconf 89' lang='lat' dir='ltr'><strong>quia</strong></span> 
     </span>
     <span class='ocr_line' id='line_1_30' title="bbox 774 3369 2319 3455; baseline -0.005 -16"><span class='ocrx_word' id='word_1_196' title='bbox 774 3394 985 3439; x_wconf 92' lang='lat' dir='ltr'><strong>unum</strong></span> <span class='ocrx_word' id='word_1_197' title='bbox 1038 3378 1133 3439; x_wconf 87' lang='lat' dir='ltr'><strong>est</strong></span> <span class='ocrx_word' id='word_1_198' title='bbox 1187 3374 1344 3438; x_wconf 91' lang='lat' dir='ltr'><strong>illud</strong></span> <span class='ocrx_word' id='word_1_199' title='bbox 1394 3374 1679 3449; x_wconf 83' lang='lat' dir='ltr'><strong>honum,</strong></span> <span class='ocrx_word' id='word_1_200' title='bbox 1726 3372 1831 3436; x_wconf 89' lang='lat' dir='ltr'><strong>cui</strong></span> <span class='ocrx_word' id='word_1_201' title='bbox 1886 3369 2319 3455; x_wconf 75' lang='lat' dir='ltr'><strong>principaliter</strong></span> 
     </span>
     <span class='ocr_line' id='line_1_31' title="bbox 776 3475 2317 3563; baseline -0.005 -17"><span class='ocrx_word' id='word_1_202' title='bbox 776 3483 1047 3546; x_wconf 87' lang='lat' dir='ltr'><strong>charitas</strong></span> <span class='ocrx_word' id='word_1_203' title='bbox 1073 3481 1252 3563; x_wconf 90' lang='lat' dir='ltr'><strong>unit,</strong></span> <span class='ocrx_word' id='word_1_204' title='bbox 1282 3481 1434 3545; x_wconf 89' lang='lat' dir='ltr'><strong>hinc</strong></span> <span class='ocrx_word' id='word_1_205' title='bbox 1465 3485 1559 3544; x_wconf 88' lang='lat' dir='ltr'><strong>est</strong></span> <span class='ocrx_word' id='word_1_206' title='bbox 1586 3480 1760 3562; x_wconf 90' lang='lat' dir='ltr'><strong>quod</strong></span> <span class='ocrx_word' id='word_1_207' title='bbox 1786 3477 2110 3545; x_wconf 87' lang='lat' dir='ltr'><strong>charitatis</strong></span> <span class='ocrx_word' id='word_1_208' title='bbox 2135 3475 2317 3541; x_wconf 90' lang='lat' dir='ltr'><strong>habi-</strong></span> 
     </span>
     <span class='ocr_line' id='line_1_32' title="bbox 778 3585 2320 3669; baseline -0.003 -16"><span class='ocrx_word' id='word_1_209' title='bbox 778 3592 885 3653; x_wconf 88' lang='lat' dir='ltr'><strong>tus</strong></span> <span class='ocrx_word' id='word_1_210' title='bbox 927 3589 1237 3654; x_wconf 88' lang='lat' dir='ltr'><strong>unitatem</strong></span> <span class='ocrx_word' id='word_1_211' title='bbox 1286 3587 1515 3668; x_wconf 88' lang='lat' dir='ltr'><strong>habet,</strong></span> <span class='ocrx_word' id='word_1_212' title='bbox 1563 3587 1728 3652; x_wconf 88' lang='lat' dir='ltr'><strong>sicut</strong></span> <span class='ocrx_word' id='word_1_213' title='bbox 1764 3585 1945 3669; x_wconf 85' lang='lat' dir='ltr'><strong>prius</strong></span> <span class='ocrx_word' id='word_1_214' title='bbox 1993 3589 2320 3650; x_wconf 85' lang='lat' dir='ltr'><strong>ostensum</strong></span> 
     </span>
     <span class='ocr_line' id='line_1_33' title="bbox 781 3701 893 3761; baseline -0.018 0"><span class='ocrx_word' id='word_1_215' title='bbox 781 3701 893 3761; x_wconf 84' lang='lat' dir='ltr'><strong>est.</strong></span> 
     </span>
    </p>
   </div>
   <div class='ocr_carea' id='block_1_4' title="bbox 922 3890 2194 4142">
    <p class='ocr_par' dir='ltr' id='par_1_4' title="bbox 922 3890 2194 4142">
     <span class='ocr_line' id='line_1_34' title="bbox 1300 3890 1812 3972; baseline -0.008 -15"><span class='ocrx_word' id='word_1_216' title='bbox 1300 3890 1659 3972; x_wconf 86' lang='lat' dir='ltr'><strong>QUAESTIO</strong></span> <span class='ocrx_word' id='word_1_217' title='bbox 1703 3890 1812 3956; x_wconf 90' lang='lat'><strong>111.</strong></span> 
     </span>
     <span class='ocr_line' id='line_1_35' title="bbox 922 4066 2194 4142; baseline -0.006 -9"><span class='ocrx_word' id='word_1_218' title='bbox 922 4077 1016 4134; x_wconf 75' lang='lat' dir='ltr'><strong>An</strong></span> <span class='ocrx_word' id='word_1_219' title='bbox 1043 4075 1255 4131; x_wconf 78' lang='lat' dir='ltr'><strong>habitus</strong></span> <span class='ocrx_word' id='word_1_220' title='bbox 1281 4075 1570 4131; x_wconf 68' lang='lat' dir='ltr'><strong>charitatis</strong></span> <span class='ocrx_word' id='word_1_221' title='bbox 1596 4076 1670 4129; x_wconf 71' lang='lat' dir='ltr'><strong>sit</strong></span> <span class='ocrx_word' id='word_1_222' title='bbox 1696 4088 1837 4129; x_wconf 80' lang='lat' dir='ltr'><strong>mere</strong></span> <span class='ocrx_word' id='word_1_223' title='bbox 1853 4072 2127 4142; x_wconf 66' lang='lat' dir='ltr'><strong>mentitus</strong></span> <span class='ocrx_word' id='word_1_224' title='bbox 2151 4066 2194 4125; x_wconf 74' lang='lat'><strong>⁸.</strong></span> 
     </span>
    </p>
   </div>
   <div class='ocr_carea' id='block_1_5' title="bbox 788 4229 2341 4971">
    <p class='ocr_par' dir='ltr' id='par_1_5' title="bbox 788 4229 2341 4971">
     <span class='ocr_line' id='line_1_36' title="bbox 871 4229 2328 4313; baseline -0.008 -9"><span class='ocrx_word' id='word_1_225' title='bbox 871 4238 1098 4304; x_wconf 82' lang='lat' dir='ltr'><strong>Utrum</strong></span> <span class='ocrx_word' id='word_1_226' title='bbox 1123 4238 1381 4302; x_wconf 83' lang='lat' dir='ltr'><strong>habitus</strong></span> <span class='ocrx_word' id='word_1_227' title='bbox 1407 4234 1730 4300; x_wconf 88' lang='lat' dir='ltr'><strong>charitatis</strong></span> <span class='ocrx_word' id='word_1_228' title='bbox 1768 4235 1851 4297; x_wconf 89' lang='lat' dir='ltr'><strong>sit</strong></span> <span class='ocrx_word' id='word_1_229' title='bbox 1876 4250 2051 4298; x_wconf 88' lang='lat' dir='ltr'><strong>mere</strong></span> <span class='ocrx_word' id='word_1_230' title='bbox 2079 4229 2328 4313; x_wconf 83' lang='lat' dir='ltr'><strong>gratui-</strong></span> 
     </span>
     <span class='ocr_line' id='line_1_37' title="bbox 788 4337 2333 4429; baseline -0.009 -17"><span class='ocrx_word' id='word_1_231' title='bbox 788 4354 913 4427; x_wconf 89' lang='lat' dir='ltr'><strong>tus,</strong></span> <span class='ocrx_word' id='word_1_232' title='bbox 958 4366 1041 4412; x_wconf 90' lang='lat' dir='ltr'><strong>an</strong></span> <span class='ocrx_word' id='word_1_233' title='bbox 1083 4346 1324 4429; x_wconf 82' lang='lat' dir='ltr'><strong>aliquId</strong></span> <span class='ocrx_word' id='word_1_234' title='bbox 1372 4343 1560 4408; x_wconf 88' lang='lat' dir='ltr'><strong>addat</strong></span> <span class='ocrx_word' id='word_1_235' title='bbox 1608 4343 1778 4407; x_wconf 88' lang='lat' dir='ltr'><strong>ultra</strong></span> <span class='ocrx_word' id='word_1_236' title='bbox 1819 4341 2119 4423; x_wconf 80' lang='lat' dir='ltr'><strong>gratiam,</strong></span> <span class='ocrx_word' id='word_1_237' title='bbox 2168 4337 2333 4400; x_wconf 88' lang='lat' dir='ltr'><strong>sicut</strong></span> 
     </span>
     <span class='ocr_line' id='line_1_38' title="bbox 790 4445 2332 4530; baseline -0.008 -10"><span class='ocrx_word' id='word_1_238' title='bbox 790 4456 1044 4521; x_wconf 87' lang='lat' dir='ltr'><strong>habitus</strong></span> <span class='ocrx_word' id='word_1_239' title='bbox 1070 4455 1341 4519; x_wconf 89' lang='lat' dir='ltr'><strong>aliarum</strong></span> <span class='ocrx_word' id='word_1_240' title='bbox 1368 4453 1683 4516; x_wconf 85' lang='lat' dir='ltr'><strong>virtutum</strong></span> <span class='ocrx_word' id='word_1_241' title='bbox 1712 4470 1730 4528; x_wconf 89' lang='lat'>;</span> <span class='ocrx_word' id='word_1_242' title='bbox 1767 4453 1829 4513; x_wconf 88' lang='lat' dir='ltr'><strong>et</strong></span> <span class='ocrx_word' id='word_1_243' title='bbox 1858 4447 2030 4530; x_wconf 87' lang='lat' dir='ltr'><strong>quod</strong></span> <span class='ocrx_word' id='word_1_244' title='bbox 2054 4446 2139 4510; x_wconf 88' lang='lat' dir='ltr'><strong>sit</strong></span> <span class='ocrx_word' id='word_1_245' title='bbox 2164 4445 2332 4509; x_wconf 89' lang='lat' dir='ltr'><strong>idem</strong></span> 
     </span>
     <span class='ocr_line' id='line_1_39' title="bbox 789 4552 2337 4642; baseline -0.007 -17"><span class='ocrx_word' id='word_1_246' title='bbox 789 4563 1063 4628; x_wconf 82' lang='lat' dir='ltr'><strong>charitas</strong></span> <span class='ocrx_word' id='word_1_247' title='bbox 1106 4561 1371 4625; x_wconf 90' lang='lat' dir='ltr'><strong>omnino</strong></span> <span class='ocrx_word' id='word_1_248' title='bbox 1412 4558 1585 4642; x_wconf 89' lang='lat' dir='ltr'><strong>quod</strong></span> <span class='ocrx_word' id='word_1_249' title='bbox 1633 4556 1864 4639; x_wconf 85' lang='lat' dir='ltr'><strong>gratia,</strong></span> <span class='ocrx_word' id='word_1_250' title='bbox 1893 4553 2058 4617; x_wconf 88' lang='lat' dir='ltr'><strong>nihil</strong></span> <span class='ocrx_word' id='word_1_251' title='bbox 2102 4552 2337 4617; x_wconf 87' lang='lat' dir='ltr'><strong>addens</strong></span> 
     </span>
     <span class='ocr_line' id='line_1_40' title="bbox 791 4659 2334 4752; baseline -0.01 -14"><span class='ocrx_word' id='word_1_252' title='bbox 791 4673 985 4751; x_wconf 87' lang='lat' dir='ltr'><strong>ultra,</strong></span> <span class='ocrx_word' id='word_1_253' title='bbox 1014 4670 1270 4749; x_wconf 84' lang='lat' dir='ltr'><strong>videtur</strong></span> <span class='ocrx_word' id='word_1_254' title='bbox 1308 4686 1422 4752; x_wconf 89' lang='lat' dir='ltr'><strong>per</strong></span> <span class='ocrx_word' id='word_1_255' title='bbox 1464 4666 1621 4730; x_wconf 90' lang='lat' dir='ltr'><strong>illud</strong></span> <span class='ocrx_word' id='word_1_256' title='bbox 1650 4663 1823 4747; x_wconf 84' lang='lat' dir='ltr'><strong>quod</strong></span> <span class='ocrx_word' id='word_1_257' title='bbox 1867 4661 2017 4725; x_wconf 88' lang='lat' dir='ltr'><strong>dicit</strong></span> <span class='ocrx_word' id='word_1_258' title='bbox 2061 4659 2334 4724; x_wconf 84' lang='lat' dir='ltr'><strong>Ambro-</strong></span> 
     </span>
     <span class='ocr_line' id='line_1_41' title="bbox 793 4766 2338 4847; baseline -0.012 0"><span class='ocrx_word' id='word_1_259' title='bbox 793 4781 927 4847; x_wconf 88' lang='lat' dir='ltr'><strong>sius</strong></span> <span class='ocrx_word' id='word_1_260' title='bbox 944 4780 966 4815; x_wconf 85' lang='lat'>⁸</span> <span class='ocrx_word' id='word_1_261' title='bbox 993 4798 1011 4844; x_wconf 78' lang='lat' dir='ltr'><em>z</em></span> <span class='ocrx_word' id='word_1_262' title='bbox 1054 4802 1084 4837; x_wconf 74' lang='lat' dir='ltr'><strong>a</strong></span> <span class='ocrx_word' id='word_1_263' title='bbox 1113 4777 1400 4843; x_wconf 86' lang='lat' dir='ltr'><strong>Charitas</strong></span> <span class='ocrx_word' id='word_1_264' title='bbox 1444 4779 1539 4840; x_wconf 89' lang='lat' dir='ltr'><strong>est</strong></span> <span class='ocrx_word' id='word_1_265' title='bbox 1565 4775 1769 4836; x_wconf 88' lang='lat' dir='ltr'><strong>mater</strong></span> <span class='ocrx_word' id='word_1_266' title='bbox 1809 4768 2104 4833; x_wconf 89' lang='lat' dir='ltr'><strong>omnium</strong></span> <span class='ocrx_word' id='word_1_267' title='bbox 2131 4766 2338 4832; x_wconf 87' lang='lat' dir='ltr'><strong>virtu-</strong></span> 
     </span>
     <span class='ocr_line' id='line_1_42' title="bbox 792 4873 2341 4971; baseline -0.01 -17"><span class='ocrx_word' id='word_1_268' title='bbox 792 4896 971 4967; x_wconf 88' lang='lat' dir='ltr'><strong>tum,</strong></span> <span class='ocrx_word' id='word_1_269' title='bbox 1001 4887 1154 4971; x_wconf 88' lang='lat' dir='ltr'><strong>quia</strong></span> <span class='ocrx_word' id='word_1_270' title='bbox 1192 4900 1416 4950; x_wconf 88' lang='lat' dir='ltr'><strong>omnes</strong></span> <span class='ocrx_word' id='word_1_271' title='bbox 1454 4882 1776 4959; x_wconf 80' lang='lat' dir='ltr'><strong>informat,</strong></span> <span class='ocrx_word' id='word_1_272' title='bbox 1813 4877 1950 4940; x_wconf 89' lang='lat' dir='ltr'><strong>sine</strong></span> <span class='ocrx_word' id='word_1_273' title='bbox 1986 4892 2119 4958; x_wconf 85' lang='lat' dir='ltr'><strong>qua</strong></span> <span class='ocrx_word' id='word_1_274' title='bbox 2158 4873 2341 4939; x_wconf 90' lang='lat' dir='ltr'><strong>nulla</strong></span> 
     </span>
    </p>
   </div>
   <div class='ocr_carea' id='block_1_6' title="bbox 859 5038 2354 5126">
    <p class='ocr_par' dir='ltr' id='par_1_6' title="bbox 859 5038 2354 5126">
     <span class='ocr_line' id='line_1_43' title="bbox 859 5038 2354 5126; baseline -0.01 -11.605"><span class='ocrx_word' id='word_1_275' title='bbox 859 5067 1028 5126; x_wconf 74' lang='lat' dir='ltr'><strong>¹g.Au</strong></span> <span class='ocrx_word' id='word_1_276' title='bbox 1034 5062 1137 5123; x_wconf 81' lang='lat' dir='ltr'><strong>,ed</strong></span> <span class='ocrx_word' id='word_1_277' title='bbox 1161 5063 1272 5111; x_wconf 78' lang='lat' dir='ltr'><strong>Mor</strong></span> <span class='ocrx_word' id='word_1_278' title='bbox 1275 5060 1345 5110; x_wconf 80' lang='lat' dir='ltr'><strong>i.b</strong></span> <span class='ocrx_word' id='word_1_279' title='bbox 1372 5058 1523 5119; x_wconf 67' lang='lat' dir='ltr'><strong>Eccl„</strong></span> <span class='ocrx_word' id='word_1_280' title='bbox 1552 5072 1597 5107; x_wconf 90' lang='lat' dir='ltr'><strong>c.</strong></span> <span class='ocrx_word' id='word_1_281' title='bbox 1629 5065 1735 5105; x_wconf 77' lang='lat' dir='ltr'><strong>xxv.</strong></span> <span class='ocrx_word' id='word_1_282' title='bbox 1764 5051 2032 5102; x_wconf 79' lang='lat' dir='ltr'><strong>—¹ICor.</strong></span> <span class='ocrx_word' id='word_1_283' title='bbox 2039 5062 2159 5114; x_wconf 84' lang='lat' dir='ltr'><strong>„v1</strong></span> <span class='ocrx_word' id='word_1_284' title='bbox 2185 5054 2260 5101; x_wconf 75' lang='grc'><strong>16.</strong></span> <span class='ocrx_word' id='word_1_285' title='bbox 2283 5038 2354 5089; x_wconf 53' lang='grc'><strong>-’</strong></span> 
     </span>
    </p>
   </div>
   <div class='ocr_carea' id='block_1_7' title="bbox 794 5122 2346 5407">
    <p class='ocr_par' dir='ltr' id='par_1_7' title="bbox 794 5122 2346 5407">
     <span class='ocr_line' id='line_1_44' title="bbox 794 5122 2343 5198; baseline -0.008 -13"><span class='ocrx_word' id='word_1_286' title='bbox 794 5135 991 5185; x_wconf 68' lang='lat' dir='ltr'><strong>&#39;Dim</strong></span> <span class='ocrx_word' id='word_1_287' title='bbox 1019 5140 1206 5198; x_wconf 62' lang='lat' dir='ltr'><strong>eti-‚cop</strong></span> <span class='ocrx_word' id='word_1_288' title='bbox 1234 5122 2343 5190; x_wconf 75' lang='lat' dir='ltr'><strong>deDiv.Nom.,c,1v‚p.11‚exsententia</strong></span> 
     </span>
     <span class='ocr_line' id='line_1_45' title="bbox 799 5194 2340 5267; baseline -0.006 -12"><span class='ocrx_word' id='word_1_289' title='bbox 799 5207 918 5255; x_wconf 81' lang='lat' dir='ltr'><strong>Hire</strong></span> <span class='ocrx_word' id='word_1_290' title='bbox 920 5205 1079 5254; x_wconf 88' lang='lat' dir='ltr'><strong>oi.the</strong></span> <span class='ocrx_word' id='word_1_291' title='bbox 1097 5204 1303 5267; x_wconf 70' lang='lat' dir='ltr'><strong>—⁸Cl.</strong></span> <span class='ocrx_word' id='word_1_292' title='bbox 1334 5203 1476 5252; x_wconf 78' lang='lat' dir='ltr'><strong>Alex.</strong></span> <span class='ocrx_word' id='word_1_293' title='bbox 1499 5198 1718 5259; x_wconf 63' lang='lat' dir='ltr'><strong>alensis,</strong></span> <span class='ocrx_word' id='word_1_294' title='bbox 1753 5196 1919 5256; x_wconf 65' lang='lat' dir='ltr'><strong>Cont„</strong></span> <span class='ocrx_word' id='word_1_295' title='bbox 1948 5209 1998 5257; x_wconf 86' lang='lat' dir='ltr'><strong>p.</strong></span> <span class='ocrx_word' id='word_1_296' title='bbox 2032 5196 2121 5257; x_wconf 82' lang='grc' dir='ltr'><strong>ΙΙΙ,</strong></span> <span class='ocrx_word' id='word_1_297' title='bbox 2166 5194 2340 5246; x_wconf 80' lang='lat' dir='ltr'><strong>conat.</strong></span> 
     </span>
     <span class='ocr_line' id='line_1_46' title="bbox 799 5268 2346 5335; baseline -0.006 -9"><span class='ocrx_word' id='word_1_298' title='bbox 799 5286 925 5335; x_wconf 72' lang='lat' dir='ltr'><strong>un,</strong></span> <span class='ocrx_word' id='word_1_299' title='bbox 960 5278 1055 5324; x_wconf 84' lang='lat' dir='ltr'><strong>art.</strong></span> <span class='ocrx_word' id='word_1_300' title='bbox 1097 5278 1155 5335; x_wconf 81' lang='lat'><strong>2;</strong></span> <span class='ocrx_word' id='word_1_301' title='bbox 1199 5277 1255 5326; x_wconf 89' lang='lat' dir='ltr'><strong>S.</strong></span> <span class='ocrx_word' id='word_1_302' title='bbox 1296 5274 1551 5332; x_wconf 79' lang='lat' dir='ltr'><strong>Thomas,</strong></span> <span class='ocrx_word' id='word_1_303' title='bbox 1597 5269 1726 5329; x_wconf 85' lang='lat'><em>11-11‚</em></span> <span class='ocrx_word' id='word_1_304' title='bbox 1758 5280 1809 5330; x_wconf 87' lang='lat' dir='ltr'><strong>q.</strong></span> <span class='ocrx_word' id='word_1_305' title='bbox 1847 5276 2036 5327; x_wconf 78' lang='lat' dir='ltr'><strong>xxvm,</strong></span> <span class='ocrx_word' id='word_1_306' title='bbox 2069 5270 2165 5317; x_wconf 84' lang='lat' dir='ltr'><strong>art.</strong></span> <span class='ocrx_word' id='word_1_307' title='bbox 2206 5268 2255 5325; x_wconf 79' lang='lat'><strong>2;</strong></span> <span class='ocrx_word' id='word_1_308' title='bbox 2293 5270 2346 5317; x_wconf 89' lang='lat' dir='ltr'><strong>et</strong></span> 
     </span>
     <span class='ocr_line' id='line_1_47' title="bbox 799 5312 2343 5407; baseline -0.009 -10"><span class='ocrx_word' id='word_1_309' title='bbox 799 5347 863 5397; x_wconf 81' lang='grc' dir='ltr'><strong>ΙΙΙ</strong></span> <span class='ocrx_word' id='word_1_310' title='bbox 890 5345 1052 5404; x_wconf 74' lang='lat' dir='ltr'><strong>sent</strong></span> <span class='ocrx_word' id='word_1_311' title='bbox 1071 5312 1187 5395; x_wconf 65' lang='lat' dir='ltr'><strong>dis&#39;t.</strong></span> <span class='ocrx_word' id='word_1_312' title='bbox 1205 5355 1337 5407; x_wconf 83' lang='lat' dir='ltr'><strong>xvu,</strong></span> <span class='ocrx_word' id='word_1_313' title='bbox 1367 5357 1420 5407; x_wconf 90' lang='lat' dir='ltr'><strong>q.</strong></span> <span class='ocrx_word' id='word_1_314' title='bbox 1446 5353 1509 5404; x_wconf 91' lang='grc' dir='ltr'><strong>ιι,</strong></span> <span class='ocrx_word' id='word_1_315' title='bbox 1534 5346 1630 5393; x_wconf 75' lang='lat' dir='ltr'><strong>m.</strong></span> <span class='ocrx_word' id='word_1_316' title='bbox 1657 5340 1839 5400; x_wconf 73' lang='grc' dir='ltr'><strong><em>2ει3;</em></strong></span> <span class='ocrx_word' id='word_1_317' title='bbox 1860 5340 1912 5387; x_wconf 87' lang='lat' dir='ltr'><strong>et</strong></span> <span class='ocrx_word' id='word_1_318' title='bbox 1942 5336 2152 5387; x_wconf 76' lang='lat' dir='ltr'><strong>nicom</strong></span> <span class='ocrx_word' id='word_1_319' title='bbox 2172 5336 2343 5400; x_wconf 63' lang='lat' dir='ltr'><strong>Geni„</strong></span> 
     </span>
    </p>
   </div>
   <div class='ocr_carea' id='block_1_8' title="bbox 1843 348 2813 419">
    <p class='ocr_par' dir='ltr' id='par_1_8' title="bbox 1843 348 2813 419">
     <span class='ocr_line' id='line_1_48' title="bbox 1843 348 2813 419; baseline -0.001 0"><span class='ocrx_word' id='word_1_320' title='bbox 1843 348 2469 419; x_wconf 73' lang='lat' dir='ltr'><strong>SENTENTIARUM</strong></span> <span class='ocrx_word' id='word_1_321' title='bbox 2507 349 2657 418; x_wconf 77' lang='lat' dir='ltr'><strong>Lm.</strong></span> <span class='ocrx_word' id='word_1_322' title='bbox 2704 351 2813 418; x_wconf 88' lang='lat'><strong>111.</strong></span> 
     </span>
    </p>
   </div>
   <div class='ocr_carea' id='block_1_9' title="bbox 2380 476 3922 775">
    <p class='ocr_par' dir='ltr' id='par_1_9' title="bbox 2380 476 3922 775">
     <span class='ocr_line' id='line_1_49' title="bbox 2380 476 3916 545; baseline -0.001 -2"><span class='ocrx_word' id='word_1_323' title='bbox 2380 481 2475 543; x_wconf 86' lang='lat' dir='ltr'><strong>est</strong></span> <span class='ocrx_word' id='word_1_324' title='bbox 2500 495 2655 543; x_wconf 88' lang='lat' dir='ltr'><strong>vera</strong></span> <span class='ocrx_word' id='word_1_325' title='bbox 2679 478 2910 545; x_wconf 85' lang='lat' dir='ltr'><strong>virtus.</strong></span> <span class='ocrx_word' id='word_1_326' title='bbox 2931 498 2962 539; x_wconf 76' lang='lat' dir='ltr'>n</span> <span class='ocrx_word' id='word_1_327' title='bbox 2992 478 3117 545; x_wconf 87' lang='lat' dir='ltr'><strong>Sed</strong></span> <span class='ocrx_word' id='word_1_328' title='bbox 3142 495 3278 545; x_wconf 84' lang='lat' dir='ltr'><strong>esse</strong></span> <span class='ocrx_word' id='word_1_329' title='bbox 3303 479 3583 544; x_wconf 77' lang='lat' dir='ltr'><strong>formam</strong></span> <span class='ocrx_word' id='word_1_330' title='bbox 3607 476 3916 543; x_wconf 74' lang='lat' dir='ltr'><strong>virtum</strong></span> 
     </span>
     <span class='ocr_line' id='line_1_50' title="bbox 2380 584 3917 669; baseline 0.001 -22"><span class='ocrx_word' id='word_1_331' title='bbox 2380 584 2812 664; x_wconf 87' lang='lat' dir='ltr'><strong>gratuitarum</strong></span> <span class='ocrx_word' id='word_1_332' title='bbox 2840 585 3192 651; x_wconf 87' lang='lat' dir='ltr'><strong>secundum</strong></span> <span class='ocrx_word' id='word_1_333' title='bbox 3219 584 3395 669; x_wconf 91' lang='lat' dir='ltr'><strong>quod</strong></span> <span class='ocrx_word' id='word_1_334' title='bbox 3420 585 3723 666; x_wconf 74' lang='lat' dir='ltr'><strong>gratuitae</strong></span> <span class='ocrx_word' id='word_1_335' title='bbox 3752 588 3917 661; x_wconf 78' lang='lat' dir='ltr'><strong>sunt,</strong></span> 
     </span>
     <span class='ocr_line' id='line_1_51' title="bbox 2383 690 3922 775; baseline -0.001 -21"><span class='ocrx_word' id='word_1_336' title='bbox 2383 694 2476 754; x_wconf 60' lang='lat' dir='ltr'><strong>est</strong></span> <span class='ocrx_word' id='word_1_337' title='bbox 2513 691 2851 774; x_wconf 89' lang='lat' dir='ltr'><strong>proprium</strong></span> <span class='ocrx_word' id='word_1_338' title='bbox 2894 692 3093 774; x_wconf 90' lang='lat' dir='ltr'><strong>ipsius</strong></span> <span class='ocrx_word' id='word_1_339' title='bbox 3129 694 3355 775; x_wconf 80' lang='lat' dir='ltr'><strong>gratiae</strong></span> <span class='ocrx_word' id='word_1_340' title='bbox 3388 696 3656 772; x_wconf 87' lang='lat' dir='ltr'><strong>gratum</strong></span> <span class='ocrx_word' id='word_1_341' title='bbox 3692 690 3922 755; x_wconf 80' lang='lat' dir='ltr'><strong>facien·</strong></span> 
     </span>
    </p>
   </div>
   <div class='ocr_carea' id='block_1_10' title="bbox 2258 796 3926 883">
    <p class='ocr_par' dir='ltr' id='par_1_10' title="bbox 2258 796 3926 883">
     <span class='ocr_line' id='line_1_52' title="bbox 2258 796 3926 883; baseline 0 -22"><span class='ocrx_word' id='word_1_342' title='bbox 2258 848 2277 879; x_wconf 94' lang='lat'><strong>,</strong></span> <span class='ocrx_word' id='word_1_343' title='bbox 2381 796 2464 861; x_wconf 89' lang='lat' dir='ltr'><strong>tis</strong></span> <span class='ocrx_word' id='word_1_344' title='bbox 2495 818 2510 861; x_wconf 73' lang='grc' dir='ltr'>ε</span> <span class='ocrx_word' id='word_1_345' title='bbox 2541 816 2698 880; x_wconf 84' lang='lat' dir='ltr'><strong>ergo</strong></span> <span class='ocrx_word' id='word_1_346' title='bbox 2724 799 2776 860; x_wconf 88' lang='lat' dir='ltr'><strong>si</strong></span> <span class='ocrx_word' id='word_1_347' title='bbox 2803 798 2926 863; x_wconf 92' lang='lat' dir='ltr'><strong>hoc</strong></span> <span class='ocrx_word' id='word_1_348' title='bbox 2961 802 3261 883; x_wconf 83' lang='lat' dir='ltr'><strong>competit</strong></span> <span class='ocrx_word' id='word_1_349' title='bbox 3296 801 3418 883; x_wconf 88' lang='lat' dir='ltr'><strong>ipsi</strong></span> <span class='ocrx_word' id='word_1_350' title='bbox 3454 798 3796 876; x_wconf 84' lang='lat' dir='ltr'><strong>charitati,</strong></span> <span class='ocrx_word' id='word_1_351' title='bbox 3829 797 3926 861; x_wconf 78' lang='lat' dir='ltr'><strong>vi·</strong></span> 
     </span>
    </p>
   </div>
   <div class='ocr_carea' id='block_1_11' title="bbox 2385 903 3969 3889">
    <p class='ocr_par' dir='ltr' id='par_1_11' title="bbox 2385 903 3706 988">
     <span class='ocr_line' id='line_1_53' title="bbox 2385 903 3706 988; baseline 0.001 -21"><span class='ocrx_word' id='word_1_352' title='bbox 2385 903 2594 982; x_wconf 90' lang='lat' dir='ltr'><strong>detur,</strong></span> <span class='ocrx_word' id='word_1_353' title='bbox 2629 905 2800 988; x_wconf 87' lang='lat' dir='ltr'><strong>quod</strong></span> <span class='ocrx_word' id='word_1_354' title='bbox 2828 907 2898 969; x_wconf 92' lang='lat' dir='ltr'><strong>in</strong></span> <span class='ocrx_word' id='word_1_355' title='bbox 2924 906 3104 972; x_wconf 91' lang='lat' dir='ltr'><strong>nullo</strong></span> <span class='ocrx_word' id='word_1_356' title='bbox 3126 908 3374 973; x_wconf 80' lang='lat' dir='ltr'><strong>differat</strong></span> <span class='ocrx_word' id='word_1_357' title='bbox 3399 925 3440 970; x_wconf 89' lang='lat' dir='ltr'><strong>a</strong></span> <span class='ocrx_word' id='word_1_358' title='bbox 3468 906 3706 987; x_wconf 87' lang='lat' dir='ltr'><strong>gratia.</strong></span> 
     </span>
    </p>

    <p class='ocr_par' dir='ltr' id='par_1_12' title="bbox 2389 1010 3938 1737">
     <span class='ocr_line' id='line_1_54' title="bbox 2467 1010 3927 1095; baseline 0.001 -20"><span class='ocrx_word' id='word_1_359' title='bbox 2467 1016 2529 1075; x_wconf 74' lang='lat'><strong>2.</strong></span> <span class='ocrx_word' id='word_1_360' title='bbox 2561 1010 2720 1077; x_wconf 86' lang='lat' dir='ltr'><strong>Item</strong></span> <span class='ocrx_word' id='word_1_361' title='bbox 2749 1013 3174 1095; x_wconf 81' lang='lat' dir='ltr'><strong>Augustinus,</strong></span> <span class='ocrx_word' id='word_1_362' title='bbox 3198 1013 3308 1081; x_wconf 72' lang='lat' dir='ltr'><strong>XV</strong></span> <span class='ocrx_word' id='word_1_363' title='bbox 3334 1016 3421 1081; x_wconf 84' lang='lat' dir='ltr'><strong>De</strong></span> <span class='ocrx_word' id='word_1_364' title='bbox 3453 1015 3801 1092; x_wconf 61' lang='lat' dir='ltr'><strong>stimate,</strong></span> <span class='ocrx_word' id='word_1_365' title='bbox 3830 1011 3927 1076; x_wconf 89' lang='lat' dir='ltr'><strong>di-</strong></span> 
     </span>
     <span class='ocr_line' id='line_1_55' title="bbox 2389 1118 3926 1201; baseline 0.003 -20"><span class='ocrx_word' id='word_1_366' title='bbox 2389 1118 2477 1182; x_wconf 89' lang='lat' dir='ltr'><strong>cit</strong></span> <span class='ocrx_word' id='word_1_367' title='bbox 2500 1118 2674 1201; x_wconf 87' lang='lat' dir='ltr'><strong>quod</strong></span> <span class='ocrx_word' id='word_1_368' title='bbox 2722 1144 2753 1182; x_wconf 77' lang='grc' dir='ltr'><strong>α</strong></span> <span class='ocrx_word' id='word_1_369' title='bbox 2776 1122 3377 1188; x_wconf 85' lang='lat' dir='ltr'><strong>excellentissimum</strong></span> <span class='ocrx_word' id='word_1_370' title='bbox 3411 1122 3583 1188; x_wconf 79' lang='lat' dir='ltr'><strong>inter</strong></span> <span class='ocrx_word' id='word_1_371' title='bbox 3616 1122 3788 1187; x_wconf 86' lang='lat' dir='ltr'><strong>dona</strong></span> <span class='ocrx_word' id='word_1_372' title='bbox 3826 1120 3926 1186; x_wconf 79' lang='lat' dir='ltr'><strong>Dei</strong></span> 
     </span>
     <span class='ocr_line' id='line_1_56' title="bbox 2391 1226 3934 1311; baseline 0.001 -22"><span class='ocrx_word' id='word_1_373' title='bbox 2391 1230 2486 1289; x_wconf 86' lang='lat' dir='ltr'><strong>est</strong></span> <span class='ocrx_word' id='word_1_374' title='bbox 2514 1227 2806 1292; x_wconf 84' lang='lat' dir='ltr'><strong>charitas.</strong></span> <span class='ocrx_word' id='word_1_375' title='bbox 2841 1250 2872 1288; x_wconf 71' lang='lat' dir='ltr'>n</span> <span class='ocrx_word' id='word_1_376' title='bbox 2903 1226 3024 1293; x_wconf 87' lang='lat' dir='ltr'><strong>Sed</strong></span> <span class='ocrx_word' id='word_1_377' title='bbox 3052 1229 3263 1311; x_wconf 89' lang='lat' dir='ltr'><strong>gratia</strong></span> <span class='ocrx_word' id='word_1_378' title='bbox 3291 1234 3556 1310; x_wconf 86' lang='lat' dir='ltr'><strong>gratum</strong></span> <span class='ocrx_word' id='word_1_379' title='bbox 3581 1228 3823 1293; x_wconf 77' lang='lat' dir='ltr'><strong>faciens</strong></span> <span class='ocrx_word' id='word_1_380' title='bbox 3843 1230 3934 1291; x_wconf 73' lang='lat' dir='ltr'><strong>est</strong></span> 
     </span>
     <span class='ocr_line' id='line_1_57' title="bbox 2392 1331 3933 1419; baseline 0.003 -24"><span class='ocrx_word' id='word_1_381' title='bbox 2392 1331 2827 1415; x_wconf 82' lang='lat' dir='ltr'><strong>excellentior,</strong></span> <span class='ocrx_word' id='word_1_382' title='bbox 2855 1353 3053 1419; x_wconf 84' lang='lat' dir='ltr'><strong>quam</strong></span> <span class='ocrx_word' id='word_1_383' title='bbox 3091 1336 3305 1416; x_wconf 90' lang='lat' dir='ltr'><strong>gratia</strong></span> <span class='ocrx_word' id='word_1_384' title='bbox 3325 1336 3528 1417; x_wconf 86' lang='lat' dir='ltr'><strong>gratis</strong></span> <span class='ocrx_word' id='word_1_385' title='bbox 3554 1337 3704 1399; x_wconf 79' lang='lat' dir='ltr'><strong>data</strong></span> <span class='ocrx_word' id='word_1_386' title='bbox 3731 1356 3751 1399; x_wconf 89' lang='lat'>:</span> <span class='ocrx_word' id='word_1_387' title='bbox 3780 1350 3933 1414; x_wconf 79' lang='lat' dir='ltr'><strong>ergo</strong></span> 
     </span>
     <span class='ocr_line' id='line_1_58' title="bbox 2395 1440 3938 1525; baseline -0.001 -21"><span class='ocrx_word' id='word_1_388' title='bbox 2395 1440 2680 1520; x_wconf 88' lang='lat' dir='ltr'><strong>videtur,</strong></span> <span class='ocrx_word' id='word_1_389' title='bbox 2710 1442 2880 1525; x_wconf 91' lang='lat' dir='ltr'><strong>quod</strong></span> <span class='ocrx_word' id='word_1_390' title='bbox 2906 1443 2958 1506; x_wconf 91' lang='lat' dir='ltr'><strong>si</strong></span> <span class='ocrx_word' id='word_1_391' title='bbox 2987 1441 3261 1508; x_wconf 88' lang='lat' dir='ltr'><strong>charitas</strong></span> <span class='ocrx_word' id='word_1_392' title='bbox 3289 1448 3385 1507; x_wconf 88' lang='lat' dir='ltr'><strong>est</strong></span> <span class='ocrx_word' id='word_1_393' title='bbox 3414 1441 3938 1508; x_wconf 76' lang='lat' dir='ltr'><strong>excellentissima</strong></span> 
     </span>
     <span class='ocr_line' id='line_1_59' title="bbox 2396 1547 3938 1633; baseline 0.001 -22"><span class='ocrx_word' id='word_1_394' title='bbox 2396 1547 2565 1612; x_wconf 88' lang='lat' dir='ltr'><strong>inter</strong></span> <span class='ocrx_word' id='word_1_395' title='bbox 2583 1552 2811 1613; x_wconf 83' lang='lat' dir='ltr'><strong>caetera</strong></span> <span class='ocrx_word' id='word_1_396' title='bbox 2826 1548 2994 1613; x_wconf 89' lang='lat' dir='ltr'><strong>dona</strong></span> <span class='ocrx_word' id='word_1_397' title='bbox 3008 1597 3028 1628; x_wconf 89' lang='lat'>‚</span> <span class='ocrx_word' id='word_1_398' title='bbox 3046 1550 3220 1632; x_wconf 89' lang='lat' dir='ltr'><strong>quod</strong></span> <span class='ocrx_word' id='word_1_399' title='bbox 3240 1550 3381 1633; x_wconf 88' lang='lat' dir='ltr'><strong>ipsa</strong></span> <span class='ocrx_word' id='word_1_400' title='bbox 3395 1551 3478 1614; x_wconf 87' lang='lat' dir='ltr'><strong>sit</strong></span> <span class='ocrx_word' id='word_1_401' title='bbox 3500 1567 3682 1614; x_wconf 90' lang='lat' dir='ltr'><strong>mere</strong></span> <span class='ocrx_word' id='word_1_402' title='bbox 3691 1554 3758 1613; x_wconf 91' lang='lat' dir='ltr'><strong>et</strong></span> <span class='ocrx_word' id='word_1_403' title='bbox 3785 1565 3938 1631; x_wconf 79' lang='lat' dir='ltr'><strong>pure</strong></span> 
     </span>
     <span class='ocr_line' id='line_1_60' title="bbox 2399 1656 3876 1737; baseline 0.001 -18"><span class='ocrx_word' id='word_1_404' title='bbox 2399 1656 2608 1736; x_wconf 87' lang='lat' dir='ltr'><strong>gratia</strong></span> <span class='ocrx_word' id='word_1_405' title='bbox 2632 1661 2893 1737; x_wconf 87' lang='lat' dir='ltr'><strong>gratum</strong></span> <span class='ocrx_word' id='word_1_406' title='bbox 2920 1657 3153 1721; x_wconf 80' lang='lat' dir='ltr'><strong>faciens</strong></span> <span class='ocrx_word' id='word_1_407' title='bbox 3174 1705 3192 1735; x_wconf 87' lang='lat'><strong>,</strong></span> <span class='ocrx_word' id='word_1_408' title='bbox 3222 1656 3387 1721; x_wconf 88' lang='lat' dir='ltr'><strong>nihil</strong></span> <span class='ocrx_word' id='word_1_409' title='bbox 3412 1657 3659 1722; x_wconf 84' lang='lat' dir='ltr'><strong>habens</strong></span> <span class='ocrx_word' id='word_1_410' title='bbox 3683 1656 3876 1721; x_wconf 87' lang='lat' dir='ltr'><strong>ultra.</strong></span> 
     </span>
    </p>

    <p class='ocr_par' dir='ltr' id='par_1_13' title="bbox 2402 1762 3949 2383">
     <span class='ocr_line' id='line_1_61' title="bbox 2482 1762 3942 1846; baseline 0.001 -19"><span class='ocrx_word' id='word_1_411' title='bbox 2482 1769 2542 1829; x_wconf 88' lang='lat'><strong>3.</strong></span> <span class='ocrx_word' id='word_1_412' title='bbox 2580 1763 2736 1828; x_wconf 90' lang='lat' dir='ltr'><strong>ltem</strong></span> <span class='ocrx_word' id='word_1_413' title='bbox 2764 1763 2959 1846; x_wconf 76' lang='lat' dir='ltr'><strong>ungo</strong></span> <span class='ocrx_word' id='word_1_414' title='bbox 2998 1764 3077 1829; x_wconf 90' lang='lat' dir='ltr'><strong>de</strong></span> <span class='ocrx_word' id='word_1_415' title='bbox 3115 1762 3349 1829; x_wconf 86' lang='lat' dir='ltr'><strong>Sancto</strong></span> <span class='ocrx_word' id='word_1_416' title='bbox 3387 1763 3641 1829; x_wconf 78' lang='lat' dir='ltr'><strong>Victore</strong></span> <span class='ocrx_word' id='word_1_417' title='bbox 3677 1764 3752 1828; x_wconf 89' lang='lat' dir='ltr'><strong>in</strong></span> <span class='ocrx_word' id='word_1_418' title='bbox 3786 1764 3942 1828; x_wconf 83' lang='lat' dir='ltr'><strong>lihm</strong></span> 
     </span>
     <span class='ocr_line' id='line_1_62' title="bbox 2402 1870 3943 1954; baseline -0.001 -18"><span class='ocrx_word' id='word_1_419' title='bbox 2402 1874 2491 1936; x_wconf 76' lang='lat' dir='ltr'><strong>De</strong></span> <span class='ocrx_word' id='word_1_420' title='bbox 2517 1871 2730 1936; x_wconf 80' lang='lat' dir='ltr'><strong>Arrha</strong></span> <span class='ocrx_word' id='word_1_421' title='bbox 2759 1871 3062 1954; x_wconf 62' lang='lat' dir='ltr'><strong>Sponsae.-</strong></span> <span class='ocrx_word' id='word_1_422' title='bbox 3090 1894 3121 1930; x_wconf 85' lang='lat'>«</span> <span class='ocrx_word' id='word_1_423' title='bbox 3140 1871 3304 1951; x_wconf 91' lang='lat' dir='ltr'><strong>Scio,</strong></span> <span class='ocrx_word' id='word_1_424' title='bbox 3335 1872 3555 1935; x_wconf 86' lang='lat' dir='ltr'><strong>anima</strong></span> <span class='ocrx_word' id='word_1_425' title='bbox 3579 1889 3751 1950; x_wconf 83' lang='lat' dir='ltr'><strong>mea,</strong></span> <span class='ocrx_word' id='word_1_426' title='bbox 3779 1870 3943 1953; x_wconf 85' lang='lat' dir='ltr'><strong>quod</strong></span> 
     </span>
     <span class='ocr_line' id='line_1_63' title="bbox 2403 1978 3947 2045; baseline -0.001 -3"><span class='ocrx_word' id='word_1_427' title='bbox 2403 1996 2585 2043; x_wconf 90' lang='lat' dir='ltr'><strong>amor</strong></span> <span class='ocrx_word' id='word_1_428' title='bbox 2615 1983 2712 2042; x_wconf 86' lang='lat' dir='ltr'><strong>est</strong></span> <span class='ocrx_word' id='word_1_429' title='bbox 2749 1980 2882 2043; x_wconf 87' lang='lat' dir='ltr'><strong>vita</strong></span> <span class='ocrx_word' id='word_1_430' title='bbox 2907 1982 3043 2044; x_wconf 88' lang='lat' dir='ltr'><strong>tua.</strong></span> <span class='ocrx_word' id='word_1_431' title='bbox 3081 2001 3112 2039; x_wconf 74' lang='grc' dir='ltr'><strong>ιι</strong></span> <span class='ocrx_word' id='word_1_432' title='bbox 3148 1978 3271 2045; x_wconf 87' lang='lat' dir='ltr'><strong>Sed</strong></span> <span class='ocrx_word' id='word_1_433' title='bbox 3310 1978 3597 2042; x_wconf 86' lang='lat' dir='ltr'><strong>animam</strong></span> <span class='ocrx_word' id='word_1_434' title='bbox 3623 1979 3947 2042; x_wconf 61' lang='lat' dir='ltr'><strong>vivificare</strong></span> 
     </span>
     <span class='ocr_line' id='line_1_64' title="bbox 2404 2083 3949 2168; baseline -0.001 -19"><span class='ocrx_word' id='word_1_435' title='bbox 2404 2089 2720 2168; x_wconf 88' lang='lat' dir='ltr'><strong>quantum</strong></span> <span class='ocrx_word' id='word_1_436' title='bbox 2748 2084 2829 2150; x_wconf 92' lang='lat' dir='ltr'><strong>ad</strong></span> <span class='ocrx_word' id='word_1_437' title='bbox 2856 2104 2991 2150; x_wconf 89' lang='lat' dir='ltr'><strong>esse</strong></span> <span class='ocrx_word' id='word_1_438' title='bbox 3017 2085 3237 2166; x_wconf 87' lang='lat' dir='ltr'><strong>moris,</strong></span> <span class='ocrx_word' id='word_1_439' title='bbox 3268 2089 3362 2150; x_wconf 69' lang='lat' dir='ltr'><strong>aet</strong></span> <span class='ocrx_word' id='word_1_440' title='bbox 3387 2084 3728 2167; x_wconf 87' lang='lat' dir='ltr'><strong>proprium</strong></span> <span class='ocrx_word' id='word_1_441' title='bbox 3752 2083 3949 2167; x_wconf 82' lang='lat' dir='ltr'><strong>ipsius</strong></span> 
     </span>
     <span class='ocr_line' id='line_1_65' title="bbox 2407 2191 3949 2275; baseline -0.002 -18"><span class='ocrx_word' id='word_1_442' title='bbox 2407 2193 2634 2275; x_wconf 81' lang='lat' dir='ltr'><strong>gratiae</strong></span> <span class='ocrx_word' id='word_1_443' title='bbox 2660 2198 2920 2275; x_wconf 88' lang='lat' dir='ltr'><strong>gratum</strong></span> <span class='ocrx_word' id='word_1_444' title='bbox 2953 2192 3239 2257; x_wconf 82' lang='lat' dir='ltr'><strong>facientis</strong></span> <span class='ocrx_word' id='word_1_445' title='bbox 3268 2213 3286 2256; x_wconf 73' lang='grc' dir='ltr'><strong>ι</strong></span> <span class='ocrx_word' id='word_1_446' title='bbox 3313 2209 3471 2273; x_wconf 86' lang='lat' dir='ltr'><strong>ergo</strong></span> <span class='ocrx_word' id='word_1_447' title='bbox 3499 2191 3761 2257; x_wconf 81' lang='lat' dir='ltr'><strong>videtur</strong></span> <span class='ocrx_word' id='word_1_448' title='bbox 3784 2191 3949 2274; x_wconf 83' lang='lat' dir='ltr'><strong>quod</strong></span> 
     </span>
     <span class='ocr_line' id='line_1_66' title="bbox 2408 2299 3704 2383; baseline 0 -20"><span class='ocrx_word' id='word_1_449' title='bbox 2408 2299 2682 2364; x_wconf 84' lang='lat' dir='ltr'><strong>charitas</strong></span> <span class='ocrx_word' id='word_1_450' title='bbox 2708 2300 2834 2364; x_wconf 91' lang='lat' dir='ltr'><strong>sit</strong></span> <span class='ocrx_word' id='word_1_451' title='bbox 2817 2319 2956 2383; x_wconf 76' lang='lat' dir='ltr'><strong>ipsa</strong></span> <span class='ocrx_word' id='word_1_452' title='bbox 2980 2300 3187 2381; x_wconf 89' lang='lat' dir='ltr'><strong>gratia</strong></span> <span class='ocrx_word' id='word_1_453' title='bbox 3215 2317 3389 2364; x_wconf 91' lang='lat' dir='ltr'><strong>mere</strong></span> <span class='ocrx_word' id='word_1_454' title='bbox 3417 2304 3482 2363; x_wconf 89' lang='lat' dir='ltr'><strong>et</strong></span> <span class='ocrx_word' id='word_1_455' title='bbox 3511 2316 3704 2381; x_wconf 85' lang='lat' dir='ltr'><strong>pure.</strong></span> 
     </span>
    </p>

    <p class='ocr_par' dir='ltr' id='par_1_14' title="bbox 2412 2404 3960 3242">
     <span class='ocr_line' id='line_1_67' title="bbox 2489 2404 3952 2491; baseline 0.001 -22"><span class='ocrx_word' id='word_1_456' title='bbox 2489 2406 2550 2471; x_wconf 72' lang='grc' dir='ltr'><strong>Ιι</strong></span> <span class='ocrx_word' id='word_1_457' title='bbox 2597 2408 2753 2491; x_wconf 88' lang='lat' dir='ltr'><strong>Item</strong></span> <span class='ocrx_word' id='word_1_458' title='bbox 2796 2408 3001 2472; x_wconf 77' lang='lat' dir='ltr'><strong>iacere</strong></span> <span class='ocrx_word' id='word_1_459' title='bbox 3041 2412 3304 2488; x_wconf 90' lang='lat' dir='ltr'><strong>gratum</strong></span> <span class='ocrx_word' id='word_1_460' title='bbox 3345 2412 3411 2471; x_wconf 89' lang='lat' dir='ltr'><strong>et</strong></span> <span class='ocrx_word' id='word_1_461' title='bbox 3453 2410 3795 2490; x_wconf 75' lang='lat' dir='ltr'><strong>acceptum</strong></span> <span class='ocrx_word' id='word_1_462' title='bbox 3837 2404 3952 2470; x_wconf 77' lang='lat' dir='ltr'><strong>neo</strong></span> 
     </span>
     <span class='ocr_line' id='line_1_68' title="bbox 2412 2512 3954 2597; baseline -0.002 -18"><span class='ocrx_word' id='word_1_463' title='bbox 2412 2519 2508 2579; x_wconf 86' lang='lat' dir='ltr'><strong>est</strong></span> <span class='ocrx_word' id='word_1_464' title='bbox 2562 2514 2813 2597; x_wconf 86' lang='lat' dir='ltr'><strong>proprie</strong></span> <span class='ocrx_word' id='word_1_465' title='bbox 2865 2514 3201 2597; x_wconf 87' lang='lat' dir='ltr'><strong>proprium</strong></span> <span class='ocrx_word' id='word_1_466' title='bbox 3251 2513 3456 2594; x_wconf 88' lang='lat' dir='ltr'><strong>ipsius</strong></span> <span class='ocrx_word' id='word_1_467' title='bbox 3501 2513 3814 2593; x_wconf 65' lang='lat' dir='ltr'><strong>gratia:</strong></span> <span class='ocrx_word' id='word_1_468' title='bbox 3853 2512 3954 2576; x_wconf 80' lang='lat' dir='ltr'><strong>sed</strong></span> 
     </span>
     <span class='ocr_line' id='line_1_69' title="bbox 2414 2620 3956 2705; baseline -0.001 -18"><span class='ocrx_word' id='word_1_469' title='bbox 2414 2622 2711 2703; x_wconf 85' lang='lat' dir='ltr'><strong>charitas,</strong></span> <span class='ocrx_word' id='word_1_470' title='bbox 2754 2640 2830 2687; x_wconf 91' lang='lat' dir='ltr'><strong>eo</strong></span> <span class='ocrx_word' id='word_1_471' title='bbox 2871 2622 3010 2704; x_wconf 89' lang='lat' dir='ltr'><strong>ipso</strong></span> <span class='ocrx_word' id='word_1_472' title='bbox 3055 2622 3229 2705; x_wconf 88' lang='lat' dir='ltr'><strong>quod</strong></span> <span class='ocrx_word' id='word_1_473' title='bbox 3277 2621 3552 2685; x_wconf 81' lang='lat' dir='ltr'><strong>charitas</strong></span> <span class='ocrx_word' id='word_1_474' title='bbox 3595 2626 3714 2698; x_wconf 79' lang='lat' dir='ltr'><strong>est,</strong></span> <span class='ocrx_word' id='word_1_475' title='bbox 3743 2620 3956 2687; x_wconf 88' lang='lat' dir='ltr'><strong>reddit</strong></span> 
     </span>
     <span class='ocr_line' id='line_1_70' title="bbox 2415 2728 3956 2812; baseline -0.001 -18"><span class='ocrx_word' id='word_1_476' title='bbox 2415 2730 2541 2795; x_wconf 90' lang='lat' dir='ltr'><strong>Deo</strong></span> <span class='ocrx_word' id='word_1_477' title='bbox 2569 2730 2900 2794; x_wconf 87' lang='lat' dir='ltr'><strong>hominem</strong></span> <span class='ocrx_word' id='word_1_478' title='bbox 2927 2728 3193 2795; x_wconf 91' lang='lat' dir='ltr'><strong>charum</strong></span> <span class='ocrx_word' id='word_1_479' title='bbox 3218 2734 3282 2794; x_wconf 87' lang='lat' dir='ltr'><strong>et</strong></span> <span class='ocrx_word' id='word_1_480' title='bbox 3305 2733 3640 2812; x_wconf 83' lang='lat' dir='ltr'><strong>acceptum</strong></span> <span class='ocrx_word' id='word_1_481' title='bbox 3655 2776 3677 2808; x_wconf 87' lang='lat'><strong>,</strong></span> <span class='ocrx_word' id='word_1_482' title='bbox 3705 2734 3778 2793; x_wconf 72' lang='lat' dir='ltr'><strong>et</strong></span> <span class='ocrx_word' id='word_1_483' title='bbox 3801 2746 3956 2812; x_wconf 77' lang='lat' dir='ltr'><strong>opus</strong></span> 
     </span>
     <span class='ocr_line' id='line_1_71' title="bbox 2416 2835 3958 2920; baseline 0.001 -21"><span class='ocrx_word' id='word_1_484' title='bbox 2416 2836 2564 2901; x_wconf 84' lang='lat' dir='ltr'><strong>facit</strong></span> <span class='ocrx_word' id='word_1_485' title='bbox 2607 2838 3009 2902; x_wconf 89' lang='lat' dir='ltr'><strong>meritorium</strong></span> <span class='ocrx_word' id='word_1_486' title='bbox 3041 2860 3058 2902; x_wconf 90' lang='lat'>:</span> <span class='ocrx_word' id='word_1_487' title='bbox 3090 2854 3248 2918; x_wconf 84' lang='lat' dir='ltr'><strong>ergo</strong></span> <span class='ocrx_word' id='word_1_488' title='bbox 3290 2836 3545 2901; x_wconf 84' lang='lat' dir='ltr'><strong>videtur</strong></span> <span class='ocrx_word' id='word_1_489' title='bbox 3591 2837 3772 2920; x_wconf 76' lang='lat' dir='ltr'><strong>quod</strong></span> <span class='ocrx_word' id='word_1_490' title='bbox 3809 2835 3958 2900; x_wconf 85' lang='lat' dir='ltr'><strong>nihil</strong></span> 
     </span>
     <span class='ocr_line' id='line_1_72' title="bbox 2418 2943 3960 3027; baseline -0.001 -20"><span class='ocrx_word' id='word_1_491' title='bbox 2418 2944 2592 3009; x_wconf 90' lang='lat' dir='ltr'><strong>aliud</strong></span> <span class='ocrx_word' id='word_1_492' title='bbox 2617 2944 2687 3008; x_wconf 90' lang='lat' dir='ltr'><strong>in</strong></span> <span class='ocrx_word' id='word_1_493' title='bbox 2715 2964 2781 3012; x_wconf 90' lang='lat' dir='ltr'><strong>se</strong></span> <span class='ocrx_word' id='word_1_494' title='bbox 2807 2944 3056 3023; x_wconf 86' lang='lat' dir='ltr'><strong>haheat,</strong></span> <span class='ocrx_word' id='word_1_495' title='bbox 3085 2943 3257 3027; x_wconf 89' lang='lat' dir='ltr'><strong>quod</strong></span> <span class='ocrx_word' id='word_1_496' title='bbox 3283 2960 3476 3026; x_wconf 86' lang='lat' dir='ltr'><strong>super</strong></span> <span class='ocrx_word' id='word_1_497' title='bbox 3501 2943 3790 3025; x_wconf 73' lang='lat' dir='ltr'><strong>gratiam</strong></span> <span class='ocrx_word' id='word_1_498' title='bbox 3813 2960 3960 3024; x_wconf 77' lang='lat' dir='ltr'><strong>gra·</strong></span> 
     </span>
     <span class='ocr_line' id='line_1_73' title="bbox 2421 3048 3956 3133; baseline -0.001 -19"><span class='ocrx_word' id='word_1_499' title='bbox 2421 3056 2562 3115; x_wconf 91' lang='lat' dir='ltr'><strong>tum</strong></span> <span class='ocrx_word' id='word_1_500' title='bbox 2612 3051 2946 3117; x_wconf 76' lang='lat' dir='ltr'><strong>facientem</strong></span> <span class='ocrx_word' id='word_1_501' title='bbox 2987 3051 3269 3133; x_wconf 88' lang='lat' dir='ltr'><strong>aliquam</strong></span> <span class='ocrx_word' id='word_1_502' title='bbox 3317 3049 3707 3115; x_wconf 85' lang='lat' dir='ltr'><strong>additionem</strong></span> <span class='ocrx_word' id='word_1_503' title='bbox 3759 3048 3956 3123; x_wconf 74' lang='lat' dir='ltr'><strong>faciat,</strong></span> 
     </span>
     <span class='ocr_line' id='line_1_74' title="bbox 2422 3157 3468 3242; baseline -0.002 -19"><span class='ocrx_word' id='word_1_504' title='bbox 2422 3158 2528 3224; x_wconf 88' lang='lat' dir='ltr'><strong>vel</strong></span> <span class='ocrx_word' id='word_1_505' title='bbox 2555 3177 2667 3242; x_wconf 88' lang='lat' dir='ltr'><strong>per</strong></span> <span class='ocrx_word' id='word_1_506' title='bbox 2699 3160 2872 3242; x_wconf 85' lang='lat' dir='ltr'><strong>quod</strong></span> <span class='ocrx_word' id='word_1_507' title='bbox 2895 3179 2935 3224; x_wconf 84' lang='lat' dir='ltr'><strong>a</strong></span> <span class='ocrx_word' id='word_1_508' title='bbox 2960 3157 3172 3240; x_wconf 84' lang='lat' dir='ltr'><strong>gratia</strong></span> <span class='ocrx_word' id='word_1_509' title='bbox 3197 3158 3468 3222; x_wconf 80' lang='lat' dir='ltr'><strong>differat.</strong></span> 
     </span>
    </p>

    <p class='ocr_par' dir='ltr' id='par_1_15' title="bbox 2426 3261 3969 3889">
     <span class='ocr_line' id='line_1_75' title="bbox 2506 3261 3958 3345; baseline -0.004 -13"><span class='ocrx_word' id='word_1_510' title='bbox 2506 3273 2566 3333; x_wconf 83' lang='grc'><strong>5.</strong></span> <span class='ocrx_word' id='word_1_511' title='bbox 2597 3266 2757 3331; x_wconf 89' lang='lat' dir='ltr'><strong>Item</strong></span> <span class='ocrx_word' id='word_1_512' title='bbox 2794 3266 3006 3331; x_wconf 90' lang='lat' dir='ltr'><strong>omnis</strong></span> <span class='ocrx_word' id='word_1_513' title='bbox 3044 3265 3305 3329; x_wconf 85' lang='lat' dir='ltr'><strong>habitus</strong></span> <span class='ocrx_word' id='word_1_514' title='bbox 3339 3265 3661 3329; x_wconf 85' lang='lat' dir='ltr'><strong>virtutum</strong></span> <span class='ocrx_word' id='word_1_515' title='bbox 3694 3261 3816 3345; x_wconf 84' lang='lat' dir='ltr'><strong>qui</strong></span> <span class='ocrx_word' id='word_1_516' title='bbox 3856 3261 3958 3326; x_wconf 87' lang='lat' dir='ltr'><strong>ali·</strong></span> 
     </span>
     <span class='ocr_line' id='line_1_76' title="bbox 2426 3362 3959 3462; baseline -0.004 -21"><span class='ocrx_word' id='word_1_517' title='bbox 2426 3377 2584 3462; x_wconf 88' lang='lat' dir='ltr'><strong>quid</strong></span> <span class='ocrx_word' id='word_1_518' title='bbox 2598 3376 2772 3440; x_wconf 88' lang='lat' dir='ltr'><strong>addit</strong></span> <span class='ocrx_word' id='word_1_519' title='bbox 2795 3362 2989 3460; x_wconf 79' lang='lat' dir='ltr'><strong>super</strong></span> <span class='ocrx_word' id='word_1_520' title='bbox 3016 3375 3295 3457; x_wconf 81' lang='lat' dir='ltr'><strong>gratiam</strong></span> <span class='ocrx_word' id='word_1_521' title='bbox 3321 3378 3586 3455; x_wconf 86' lang='lat' dir='ltr'><strong>gratum</strong></span> <span class='ocrx_word' id='word_1_522' title='bbox 3611 3372 3959 3445; x_wconf 74' lang='lat' dir='ltr'><strong>facientem.</strong></span> 
     </span>
     <span class='ocr_line' id='line_1_77' title="bbox 2428 3477 3965 3566; baseline -0.005 -18"><span class='ocrx_word' id='word_1_523' title='bbox 2428 3484 2640 3566; x_wconf 88' lang='lat' dir='ltr'><strong>aliquo</strong></span> <span class='ocrx_word' id='word_1_524' title='bbox 2667 3482 2857 3547; x_wconf 91' lang='lat' dir='ltr'><strong>modo</strong></span> <span class='ocrx_word' id='word_1_525' title='bbox 2896 3486 3112 3546; x_wconf 89' lang='lat' dir='ltr'><strong>manet</strong></span> <span class='ocrx_word' id='word_1_526' title='bbox 3145 3498 3297 3545; x_wconf 89' lang='lat' dir='ltr'><strong>cum</strong></span> <span class='ocrx_word' id='word_1_527' title='bbox 3333 3481 3542 3563; x_wconf 85' lang='lat' dir='ltr'><strong>culpa,</strong></span> <span class='ocrx_word' id='word_1_528' title='bbox 3570 3496 3696 3543; x_wconf 87' lang='lat' dir='ltr'><strong>nec</strong></span> <span class='ocrx_word' id='word_1_529' title='bbox 3732 3477 3965 3542; x_wconf 81' lang='lat' dir='ltr'><strong>tollitur</strong></span> 
     </span>
     <span class='ocr_line' id='line_1_78' title="bbox 2430 3585 3965 3673; baseline -0.005 -17"><span class='ocrx_word' id='word_1_530' title='bbox 2430 3590 2710 3658; x_wconf 89' lang='lat' dir='ltr'><strong>totaliter</strong></span> <span class='ocrx_word' id='word_1_531' title='bbox 2733 3608 2848 3673; x_wconf 85' lang='lat' dir='ltr'><strong>per</strong></span> <span class='ocrx_word' id='word_1_532' title='bbox 2869 3591 3200 3671; x_wconf 85' lang='lat' dir='ltr'><strong>peccatum</strong></span> <span class='ocrx_word' id='word_1_533' title='bbox 3229 3608 3247 3652; x_wconf 76' lang='grc' dir='ltr'><strong>ι</strong></span> <span class='ocrx_word' id='word_1_534' title='bbox 3275 3588 3385 3651; x_wconf 90' lang='lat' dir='ltr'><strong>sed</strong></span> <span class='ocrx_word' id='word_1_535' title='bbox 3410 3586 3690 3651; x_wconf 85' lang='lat' dir='ltr'><strong>charitas</strong></span> <span class='ocrx_word' id='word_1_536' title='bbox 3709 3585 3965 3651; x_wconf 85' lang='lat' dir='ltr'><strong>omnino</strong></span> 
     </span>
     <span class='ocr_line' id='line_1_79' title="bbox 2431 3693 3969 3782; baseline -0.003 -18"><span class='ocrx_word' id='word_1_537' title='bbox 2431 3700 2675 3765; x_wconf 88' lang='lat' dir='ltr'><strong>tollitur</strong></span> <span class='ocrx_word' id='word_1_538' title='bbox 2709 3717 2824 3782; x_wconf 89' lang='lat' dir='ltr'><strong>per</strong></span> <span class='ocrx_word' id='word_1_539' title='bbox 2848 3698 3104 3781; x_wconf 89' lang='lat' dir='ltr'><strong>culpam</strong></span> <span class='ocrx_word' id='word_1_540' title='bbox 3133 3719 3152 3762; x_wconf 73' lang='grc' dir='ltr'>ε</span> <span class='ocrx_word' id='word_1_541' title='bbox 3184 3714 3343 3780; x_wconf 89' lang='lat' dir='ltr'><strong>ergo</strong></span> <span class='ocrx_word' id='word_1_542' title='bbox 3372 3696 3538 3760; x_wconf 88' lang='lat' dir='ltr'><strong>nihil</strong></span> <span class='ocrx_word' id='word_1_543' title='bbox 3566 3696 3838 3760; x_wconf 88' lang='lat' dir='ltr'><strong>omnino</strong></span> <span class='ocrx_word' id='word_1_544' title='bbox 3863 3693 3969 3759; x_wconf 79' lang='lat' dir='ltr'><strong>ad-</strong></span> 
     </span>
     <span class='ocr_line' id='line_1_80' title="bbox 2434 3804 3073 3889; baseline -0.006 -18"><span class='ocrx_word' id='word_1_545' title='bbox 2434 3808 2529 3873; x_wconf 87' lang='lat' dir='ltr'><strong>dit</strong></span> <span class='ocrx_word' id='word_1_546' title='bbox 2551 3822 2743 3889; x_wconf 82' lang='lat' dir='ltr'><strong>super</strong></span> <span class='ocrx_word' id='word_1_547' title='bbox 2772 3804 3073 3887; x_wconf 90' lang='lat' dir='ltr'><strong>gratiam.</strong></span> 
     </span>
    </p>
   </div>
   <div class='ocr_carea' id='block_1_12' title="bbox 2516 3904 4126 3990">
    <p class='ocr_par' dir='ltr' id='par_1_16' title="bbox 2516 3904 4126 3990">
     <span class='ocr_line' id='line_1_81' title="bbox 2516 3904 4126 3990; baseline -0.007 -11"><span class='ocrx_word' id='word_1_548' title='bbox 2516 3913 2746 3979; x_wconf 86' lang='lat' dir='ltr'><strong>Contra</strong></span> <span class='ocrx_word' id='word_1_549' title='bbox 2777 3930 2795 3977; x_wconf 77' lang='lat' dir='ltr'><strong><em>z</em></strong></span> <span class='ocrx_word' id='word_1_550' title='bbox 2827 3910 3211 3990; x_wconf 85' lang='lat' dir='ltr'><strong>Bernardus‚</strong></span> <span class='ocrx_word' id='word_1_551' title='bbox 3240 3911 3329 3977; x_wconf 77' lang='lat' dir='ltr'><strong>De</strong></span> <span class='ocrx_word' id='word_1_552' title='bbox 3354 3909 3582 3976; x_wconf 78' lang='lat' dir='ltr'><strong>Amore</strong></span> <span class='ocrx_word' id='word_1_553' title='bbox 3605 3907 3736 3974; x_wconf 77' lang='lat' dir='ltr'><strong>Dei</strong></span> <span class='ocrx_word' id='word_1_554' title='bbox 3755 3922 3781 3971; x_wconf 93' lang='lat'><strong>.·</strong></span> <span class='ocrx_word' id='word_1_555' title='bbox 3810 3928 3841 3966; x_wconf 76' lang='grc' dir='ltr'><strong>ι</strong></span> <span class='ocrx_word' id='word_1_556' title='bbox 3861 3904 3974 3969; x_wconf 79' lang='lat' dir='ltr'><strong>Vo-</strong></span> <span class='ocrx_word' id='word_1_557' title='bbox 3995 3906 4126 3953; x_wconf 52' lang='grc' dir='ltr'><strong>Ι*-</strong></span> 
     </span>
    </p>
   </div>
   <div class='ocr_carea' id='block_1_13' title="bbox 2435 4014 3986 4948">
    <p class='ocr_par' dir='ltr' id='par_1_17' title="bbox 2435 4014 3986 4948">
     <span class='ocr_line' id='line_1_82' title="bbox 2435 4014 3976 4098; baseline -0.007 -10"><span class='ocrx_word' id='word_1_558' title='bbox 2435 4025 2652 4088; x_wconf 87' lang='lat' dir='ltr'><strong>luntas</strong></span> <span class='ocrx_word' id='word_1_559' title='bbox 2676 4021 2898 4086; x_wconf 86' lang='lat' dir='ltr'><strong>crescit</strong></span> <span class='ocrx_word' id='word_1_560' title='bbox 2922 4021 2992 4084; x_wconf 90' lang='lat' dir='ltr'><strong>in</strong></span> <span class='ocrx_word' id='word_1_561' title='bbox 3018 4036 3306 4085; x_wconf 88' lang='lat' dir='ltr'><strong>amorem</strong></span> <span class='ocrx_word' id='word_1_562' title='bbox 3322 4066 3343 4098; x_wconf 89' lang='lat'><strong>,</strong></span> <span class='ocrx_word' id='word_1_563' title='bbox 3373 4034 3557 4082; x_wconf 86' lang='lat' dir='ltr'><strong>amor</strong></span> <span class='ocrx_word' id='word_1_564' title='bbox 3596 4015 3669 4079; x_wconf 88' lang='lat' dir='ltr'><strong>in</strong></span> <span class='ocrx_word' id='word_1_565' title='bbox 3702 4014 3976 4079; x_wconf 73' lang='lat' dir='ltr'><strong>charita-</strong></span> 
     </span>
     <span class='ocr_line' id='line_1_83' title="bbox 2439 4119 3976 4209; baseline -0.006 -14"><span class='ocrx_word' id='word_1_566' title='bbox 2439 4133 2599 4208; x_wconf 87' lang='lat' dir='ltr'><strong>tem,</strong></span> <span class='ocrx_word' id='word_1_567' title='bbox 2657 4127 2934 4192; x_wconf 86' lang='lat' dir='ltr'><strong>charitas</strong></span> <span class='ocrx_word' id='word_1_568' title='bbox 2980 4127 3047 4191; x_wconf 89' lang='lat' dir='ltr'><strong>in</strong></span> <span class='ocrx_word' id='word_1_569' title='bbox 3104 4126 3503 4209; x_wconf 86' lang='lat' dir='ltr'><strong>sapientiam.</strong></span> <span class='ocrx_word' id='word_1_570' title='bbox 3563 4142 3599 4183; x_wconf 75' lang='grc' dir='ltr'><strong>ι</strong></span> <span class='ocrx_word' id='word_1_571' title='bbox 3666 4119 3750 4185; x_wconf 80' lang='lat' dir='ltr'><strong>Et</strong></span> <span class='ocrx_word' id='word_1_572' title='bbox 3795 4120 3976 4204; x_wconf 81' lang='lat' dir='ltr'><strong>paulo</strong></span> 
     </span>
     <span class='ocr_line' id='line_1_84' title="bbox 2440 4232 3979 4322; baseline -0.008 -19"><span class='ocrx_word' id='word_1_573' title='bbox 2440 4242 2630 4322; x_wconf 87' lang='lat' dir='ltr'><strong>post:</strong></span> <span class='ocrx_word' id='word_1_574' title='bbox 2681 4260 2711 4297; x_wconf 74' lang='grc' dir='ltr'><strong><em>(ι</em></strong></span> <span class='ocrx_word' id='word_1_575' title='bbox 2741 4234 2916 4300; x_wconf 88' lang='lat' dir='ltr'><strong>Nihil</strong></span> <span class='ocrx_word' id='word_1_576' title='bbox 2956 4235 3136 4299; x_wconf 87' lang='lat' dir='ltr'><strong>enim</strong></span> <span class='ocrx_word' id='word_1_577' title='bbox 3184 4232 3358 4297; x_wconf 89' lang='lat' dir='ltr'><strong>aliud</strong></span> <span class='ocrx_word' id='word_1_578' title='bbox 3398 4235 3492 4296; x_wconf 87' lang='lat' dir='ltr'><strong>est</strong></span> <span class='ocrx_word' id='word_1_579' title='bbox 3533 4246 3745 4307; x_wconf 85' lang='lat' dir='ltr'><strong>amor,</strong></span> <span class='ocrx_word' id='word_1_580' title='bbox 3792 4246 3979 4311; x_wconf 78' lang='lat' dir='ltr'><strong>quam</strong></span> 
     </span>
     <span class='ocr_line' id='line_1_85' title="bbox 2442 4336 3980 4411; baseline -0.007 -1"><span class='ocrx_word' id='word_1_581' title='bbox 2442 4345 2789 4411; x_wconf 82' lang='lat' dir='ltr'><strong>vehemens</strong></span> <span class='ocrx_word' id='word_1_582' title='bbox 2834 4343 2903 4406; x_wconf 89' lang='lat' dir='ltr'><strong>in</strong></span> <span class='ocrx_word' id='word_1_583' title='bbox 2951 4343 3121 4406; x_wconf 88' lang='lat' dir='ltr'><strong>bono</strong></span> <span class='ocrx_word' id='word_1_584' title='bbox 3159 4340 3476 4405; x_wconf 84' lang='lat' dir='ltr'><strong>voluntas.</strong></span> <span class='ocrx_word' id='word_1_585' title='bbox 3527 4337 3650 4402; x_wconf 84' lang='lat' dir='ltr'><strong>Per</strong></span> <span class='ocrx_word' id='word_1_586' title='bbox 3688 4355 3764 4401; x_wconf 87' lang='lat' dir='ltr'><strong>se</strong></span> <span class='ocrx_word' id='word_1_587' title='bbox 3815 4336 3980 4401; x_wconf 86' lang='lat' dir='ltr'><strong>enim</strong></span> 
     </span>
     <span class='ocr_line' id='line_1_86' title="bbox 2441 4440 3982 4532; baseline -0.006 -16"><span class='ocrx_word' id='word_1_588' title='bbox 2441 4451 2614 4516; x_wconf 88' lang='lat' dir='ltr'><strong>hona</strong></span> <span class='ocrx_word' id='word_1_589' title='bbox 2637 4450 2936 4515; x_wconf 81' lang='lat' dir='ltr'><strong>voluntas</strong></span> <span class='ocrx_word' id='word_1_590' title='bbox 2962 4447 3234 4532; x_wconf 83' lang='lat' dir='ltr'><strong>simplex</strong></span> <span class='ocrx_word' id='word_1_591' title='bbox 3257 4450 3354 4512; x_wconf 81' lang='lat' dir='ltr'><strong>est</strong></span> <span class='ocrx_word' id='word_1_592' title='bbox 3374 4445 3663 4509; x_wconf 79' lang='lat' dir='ltr'><strong>aflectus.</strong></span> <span class='ocrx_word' id='word_1_593' title='bbox 3676 4464 3709 4502; x_wconf 71' lang='lat' dir='ltr'>n</span> <span class='ocrx_word' id='word_1_594' title='bbox 3733 4440 3806 4508; x_wconf 84' lang='lat' dir='ltr'><strong>Si</strong></span> <span class='ocrx_word' id='word_1_595' title='bbox 3832 4458 3982 4523; x_wconf 83' lang='lat' dir='ltr'><strong>ergo</strong></span> 
     </span>
     <span class='ocr_line' id='line_1_87' title="bbox 2445 4550 3981 4625; baseline -0.006 -2"><span class='ocrx_word' id='word_1_596' title='bbox 2445 4558 2713 4623; x_wconf 80' lang='lat' dir='ltr'><strong>affectus</strong></span> <span class='ocrx_word' id='word_1_597' title='bbox 2732 4557 3082 4623; x_wconf 81' lang='lat' dir='ltr'><strong>vehemens</strong></span> <span class='ocrx_word' id='word_1_598' title='bbox 3108 4560 3202 4620; x_wconf 87' lang='lat' dir='ltr'><strong>est</strong></span> <span class='ocrx_word' id='word_1_599' title='bbox 3226 4553 3305 4618; x_wconf 90' lang='lat' dir='ltr'><strong>de</strong></span> <span class='ocrx_word' id='word_1_600' title='bbox 3330 4551 3605 4618; x_wconf 86' lang='lat' dir='ltr'><strong>essentia</strong></span> <span class='ocrx_word' id='word_1_601' title='bbox 3637 4550 3981 4625; x_wconf 74' lang='lat' dir='ltr'><strong>charitatis.</strong></span> 
     </span>
     <span class='ocr_line' id='line_1_88' title="bbox 2447 4659 3986 4744; baseline -0.006 -15"><span class='ocrx_word' id='word_1_602' title='bbox 2447 4670 2511 4729; x_wconf 89' lang='lat' dir='ltr'><strong>et</strong></span> <span class='ocrx_word' id='word_1_603' title='bbox 2535 4663 2797 4729; x_wconf 84' lang='lat' dir='ltr'><strong>affectus</strong></span> <span class='ocrx_word' id='word_1_604' title='bbox 2822 4661 3197 4744; x_wconf 81' lang='lat' dir='ltr'><strong>hujusmodi</strong></span> <span class='ocrx_word' id='word_1_605' title='bbox 3221 4659 3398 4724; x_wconf 90' lang='lat' dir='ltr'><strong>aliud</strong></span> <span class='ocrx_word' id='word_1_606' title='bbox 3435 4663 3553 4738; x_wconf 85' lang='lat' dir='ltr'><strong>est,</strong></span> <span class='ocrx_word' id='word_1_607' title='bbox 3590 4674 3800 4741; x_wconf 84' lang='lat' dir='ltr'><strong>quam</strong></span> <span class='ocrx_word' id='word_1_608' title='bbox 3837 4674 3986 4738; x_wconf 83' lang='lat' dir='ltr'><strong>gra-</strong></span> 
     </span>
     <span class='ocr_line' id='line_1_89' title="bbox 2448 4764 3986 4855; baseline -0.007 -16"><span class='ocrx_word' id='word_1_609' title='bbox 2448 4775 2573 4853; x_wconf 87' lang='lat' dir='ltr'><strong>tia;</strong></span> <span class='ocrx_word' id='word_1_610' title='bbox 2629 4790 2790 4855; x_wconf 87' lang='lat' dir='ltr'><strong>ergo</strong></span> <span class='ocrx_word' id='word_1_611' title='bbox 2841 4771 3098 4837; x_wconf 82' lang='lat' dir='ltr'><strong>habitus</strong></span> <span class='ocrx_word' id='word_1_612' title='bbox 3147 4769 3476 4835; x_wconf 83' lang='lat' dir='ltr'><strong>charitatis</strong></span> <span class='ocrx_word' id='word_1_613' title='bbox 3523 4768 3711 4834; x_wconf 42' lang='lat' dir='ltr'><strong>&lt;addit</strong></span> <span class='ocrx_word' id='word_1_614' title='bbox 3753 4764 3986 4850; x_wconf 76' lang='lat' dir='ltr'><strong>aliquid</strong></span> 
     </span>
     <span class='ocr_line' id='line_1_90' title="bbox 2449 4881 2643 4948; baseline -0.01 -1"><span class='ocrx_word' id='word_1_615' title='bbox 2449 4881 2643 4948; x_wconf 90' lang='lat' dir='ltr'><strong>ultra.</strong></span> 
     </span>
    </p>
   </div>
   <div class='ocr_carea' id='block_1_14' title="bbox 2452 5035 3992 5107">
    <p class='ocr_par' dir='ltr' id='par_1_18' title="bbox 2452 5035 3992 5107">
     <span class='ocr_line' id='line_1_91' title="bbox 2452 5035 3992 5107; baseline -0.005 -14"><span class='ocrx_word' id='word_1_616' title='bbox 2452 5058 2498 5095; x_wconf 88' lang='lat' dir='ltr'><strong>c.</strong></span> <span class='ocrx_word' id='word_1_617' title='bbox 2528 5056 2638 5107; x_wconf 70' lang='lat' dir='ltr'><strong>CLI}</strong></span> <span class='ocrx_word' id='word_1_618' title='bbox 2668 5044 2874 5101; x_wconf 88' lang='lat' dir='ltr'><strong>Scotus,</strong></span> <span class='ocrx_word' id='word_1_619' title='bbox 2909 5041 2971 5091; x_wconf 85' lang='lat' dir='ltr'><strong>tlt</strong></span> <span class='ocrx_word' id='word_1_620' title='bbox 3001 5040 3157 5091; x_wconf 72' lang='lat' dir='ltr'><strong>Seni..</strong></span> <span class='ocrx_word' id='word_1_621' title='bbox 3186 5037 3300 5088; x_wconf 20' lang='lat' dir='ltr'><strong>dist.</strong></span> <span class='ocrx_word' id='word_1_622' title='bbox 3334 5050 3504 5101; x_wconf 79' lang='lat' dir='ltr'><strong>xxvu,</strong></span> <span class='ocrx_word' id='word_1_623' title='bbox 3534 5051 3587 5102; x_wconf 87' lang='lat' dir='ltr'><strong>q.</strong></span> <span class='ocrx_word' id='word_1_624' title='bbox 3610 5049 3668 5101; x_wconf 83' lang='lat'><strong>1;</strong></span> <span class='ocrx_word' id='word_1_625' title='bbox 3694 5035 3992 5096; x_wconf 61' lang='lat' dir='ltr'><strong>nicheam,</strong></span> 
     </span>
    </p>
   </div>
   <div class='ocr_carea' id='block_1_15' title="bbox 2455 5109 4126 5179">
    <p class='ocr_par' dir='ltr' id='par_1_19' title="bbox 2455 5109 4126 5179">
     <span class='ocr_line' id='line_1_92' title="bbox 2455 5109 4126 5179; baseline -0.004 -13"><span class='ocrx_word' id='word_1_626' title='bbox 2455 5117 2694 5178; x_wconf 65' lang='lat' dir='ltr'><strong>liment„</strong></span> <span class='ocrx_word' id='word_1_627' title='bbox 2711 5114 2994 5173; x_wconf 68' lang='lat' dir='ltr'><strong>dist-xxvii,</strong></span> <span class='ocrx_word' id='word_1_628' title='bbox 3013 5117 3109 5162; x_wconf 82' lang='lat' dir='ltr'><strong>art.</strong></span> <span class='ocrx_word' id='word_1_629' title='bbox 3132 5114 3182 5174; x_wconf 85' lang='grc'><strong>9,</strong></span> <span class='ocrx_word' id='word_1_630' title='bbox 3202 5126 3253 5175; x_wconf 89' lang='lat' dir='ltr'><strong>q.</strong></span> <span class='ocrx_word' id='word_1_631' title='bbox 3272 5110 3688 5174; x_wconf 78' lang='lat' dir='ltr'><strong>113Durand.,llt</strong></span> <span class='ocrx_word' id='word_1_632' title='bbox 3712 5109 3992 5173; x_wconf 53' lang='lat' dir='ltr'><strong>&amp;anstin-</strong></span> <span class='ocrx_word' id='word_1_633' title='bbox 4125 5164 4126 5179; x_wconf 13' lang='grc' dir='ltr'>χ</span> 
     </span>
    </p>
   </div>
   <div class='ocr_carea' id='block_1_16' title="bbox 2454 5186 3991 5386">
    <p class='ocr_par' dir='ltr' id='par_1_20' title="bbox 2454 5186 3991 5386">
     <span class='ocr_line' id='line_1_93' title="bbox 2454 5186 3991 5255; baseline -0.006 -12"><span class='ocrx_word' id='word_1_634' title='bbox 2454 5203 2602 5255; x_wconf 85' lang='lat' dir='ltr'><strong>xxv1,</strong></span> <span class='ocrx_word' id='word_1_635' title='bbox 2622 5205 2673 5254; x_wconf 90' lang='lat' dir='ltr'><strong>q.</strong></span> <span class='ocrx_word' id='word_1_636' title='bbox 2705 5203 2720 5240; x_wconf 90' lang='lat'>1</span> <span class='ocrx_word' id='word_1_637' title='bbox 2741 5206 2757 5253; x_wconf 87' lang='lat'>;</span> <span class='ocrx_word' id='word_1_638' title='bbox 2783 5188 2958 5253; x_wconf 83' lang='lat' dir='ltr'><strong>Steph.</strong></span> <span class='ocrx_word' id='word_1_639' title='bbox 2991 5186 3200 5250; x_wconf 68' lang='lat' dir='ltr'><strong>Brulet„</strong></span> <span class='ocrx_word' id='word_1_640' title='bbox 3228 5187 3292 5236; x_wconf 82' lang='grc' dir='ltr'><strong>ΙΙΙ</strong></span> <span class='ocrx_word' id='word_1_641' title='bbox 3321 5188 3482 5247; x_wconf 64' lang='lat' dir='ltr'><strong>Seni..</strong></span> <span class='ocrx_word' id='word_1_642' title='bbox 3500 5187 3624 5238; x_wconf 86' lang='lat' dir='ltr'><strong>dist.</strong></span> <span class='ocrx_word' id='word_1_643' title='bbox 3652 5199 3821 5249; x_wconf 73' lang='lat' dir='ltr'><strong>nvn,</strong></span> <span class='ocrx_word' id='word_1_644' title='bbox 3836 5200 3888 5250; x_wconf 82' lang='lat' dir='ltr'><strong>q.</strong></span> <span class='ocrx_word' id='word_1_645' title='bbox 3910 5197 3965 5235; x_wconf 92' lang='grc' dir='ltr'><strong>ιιι</strong></span> <span class='ocrx_word' id='word_1_646' title='bbox 3975 5199 3991 5243; x_wconf 73' lang='lat'><em>3</em></span> 
     </span>
     <span class='ocr_line' id='line_1_94' title="bbox 2460 5255 3990 5323; baseline -0.005 -9"><span class='ocrx_word' id='word_1_647' title='bbox 2460 5263 2587 5314; x_wconf 87' lang='lat' dir='ltr'><strong>Gab.</strong></span> <span class='ocrx_word' id='word_1_648' title='bbox 2609 5261 2756 5320; x_wconf 77' lang='lat' dir='ltr'><strong>Eiet..</strong></span> <span class='ocrx_word' id='word_1_649' title='bbox 2784 5262 2845 5310; x_wconf 75' lang='lat' dir='ltr'><strong>tu</strong></span> <span class='ocrx_word' id='word_1_650' title='bbox 2869 5260 3031 5322; x_wconf 67' lang='lat' dir='ltr'><strong>Seni„</strong></span> <span class='ocrx_word' id='word_1_651' title='bbox 3048 5259 3166 5308; x_wconf 83' lang='lat' dir='ltr'><strong>dist.</strong></span> <span class='ocrx_word' id='word_1_652' title='bbox 3187 5270 3336 5322; x_wconf 61' lang='lat' dir='ltr'><strong>xxm,</strong></span> <span class='ocrx_word' id='word_1_653' title='bbox 3365 5271 3421 5323; x_wconf 88' lang='lat' dir='ltr'><strong>q.</strong></span> <span class='ocrx_word' id='word_1_654' title='bbox 3451 5270 3492 5322; x_wconf 87' lang='lat'><strong>1,</strong></span> <span class='ocrx_word' id='word_1_655' title='bbox 3521 5262 3621 5311; x_wconf 79' lang='lat' dir='ltr'><strong>art.</strong></span> <span class='ocrx_word' id='word_1_656' title='bbox 3651 5255 3990 5313; x_wconf 73' lang='lat' dir='ltr'><strong>2.—⁸Amh..</strong></span> 
     </span>
     <span class='ocr_line' id='line_1_95' title="bbox 2460 5332 2916 5386; baseline -0.007 0"><span class='ocrx_word' id='word_1_657' title='bbox 2460 5335 2521 5385; x_wconf 80' lang='lat' dir='ltr'><strong>de</strong></span> <span class='ocrx_word' id='word_1_658' title='bbox 2537 5332 2693 5386; x_wconf 72' lang='lat' dir='ltr'><strong>Laud.</strong></span> <span class='ocrx_word' id='word_1_659' title='bbox 2718 5332 2916 5383; x_wconf 74' lang='lat' dir='ltr'><strong>Char-it.</strong></span> 
     </span>
    </p>
   </div>
   <div class='ocr_carea' id='block_1_17' title="bbox 4113 5224 4138 6047">
    <p class='ocr_par' dir='ltr' id='par_1_21' title="bbox 4113 5224 4138 6047">
     <span class='ocr_line' id='line_1_96' title="bbox 4113 5224 4138 6047; baseline 0 0"><span class='ocrx_word' id='word_1_660' title='bbox 4113 5224 4138 6047; x_wconf 95' lang='lat' dir='ltr'><strong> </strong></span> 
     </span>
    </p>
   </div>
  </div>
 </body>
</html>
