<?xml version="1.0" encoding="UTF-8"?>
<!DOCTYPE html PUBLIC "-//W3C//DTD XHTML 1.0 Transitional//EN"
    "http://www.w3.org/TR/xhtml1/DTD/xhtml1-transitional.dtd">
<html xmlns="http://www.w3.org/1999/xhtml" xml:lang="en" lang="en">
 <head>
  <title>
</title>
<meta http-equiv="Content-Type" content="text/html;charset=utf-8" />
  <meta name='ocr-system' content='tesseract 3.04.00' />
  <meta name='ocr-capabilities' content='ocr_page ocr_carea ocr_par ocr_line ocrx_word'/>
</head>
<body>
  <div class='ocr_page' id='page_1' title='image "./srecardinalissb01cargoog_0357.png"; bbox 0 0 4185 6288; ppageno 0'>
   <div class='ocr_carea' id='block_1_1' title="bbox 1130 468 2475 550">
    <p class='ocr_par' dir='ltr' id='par_1_1' title="bbox 1130 468 2475 550">
     <span class='ocr_line' id='line_1_1' title="bbox 1130 468 2475 550; baseline -0.001 -12"><span class='ocrx_word' id='word_1_1' title='bbox 1130 471 1511 539; x_wconf 83' lang='lat' dir='ltr'>DISTINC‘I&#39;.</span> <span class='ocrx_word' id='word_1_2' title='bbox 1550 470 1678 538; x_wconf 77' lang='lat' dir='ltr'>XV.</span> <span class='ocrx_word' id='word_1_3' title='bbox 1723 470 1905 537; x_wconf 70' lang='lat' dir='ltr'>Aur.</span> <span class='ocrx_word' id='word_1_4' title='bbox 1952 471 2003 536; x_wconf 89' lang='lat'>1.</span> <span class='ocrx_word' id='word_1_5' title='bbox 2048 468 2352 550; x_wconf 75' lang='lat' dir='ltr'>QUAEST.</span> <span class='ocrx_word' id='word_1_6' title='bbox 2399 471 2475 539; x_wconf 90' lang='lat'>11.</span> 
     </span>
    </p>
   </div>
   <div class='ocr_carea' id='block_1_2' title="bbox 256 605 1792 3889">
    <p class='ocr_par' dir='ltr' id='par_1_2' title="bbox 256 605 1792 3889">
     <span class='ocr_line' id='line_1_2' title="bbox 260 605 1755 690; baseline 0.001 -20"><span class='ocrx_word' id='word_1_7' title='bbox 260 605 432 684; x_wconf 88' lang='lat' dir='ltr'>dum,</span> <span class='ocrx_word' id='word_1_8' title='bbox 458 605 789 676; x_wconf 85' lang='lat' dir='ltr'>dicendum</span> <span class='ocrx_word' id='word_1_9' title='bbox 835 606 1009 690; x_wconf 86' lang='lat' dir='ltr'>quod</span> <span class='ocrx_word' id='word_1_10' title='bbox 1048 612 1143 672; x_wconf 83' lang='lat' dir='ltr'>est</span> <span class='ocrx_word' id='word_1_11' title='bbox 1182 607 1391 673; x_wconf 79' lang='lat' dir='ltr'>virtus</span> <span class='ocrx_word' id='word_1_12' title='bbox 1426 607 1755 687; x_wconf 82' lang='lat' dir='ltr'>naturalis,</span> 
     </span>
     <span class='ocr_line' id='line_1_3' title="bbox 259 710 1758 776; baseline 0.001 -3"><span class='ocrx_word' id='word_1_13' title='bbox 259 714 315 773; x_wconf 84' lang='lat' dir='ltr'>et</span> <span class='ocrx_word' id='word_1_14' title='bbox 334 713 418 773; x_wconf 76' lang='lat' dir='ltr'>est</span> <span class='ocrx_word' id='word_1_15' title='bbox 441 710 634 776; x_wconf 85' lang='lat' dir='ltr'>virtus</span> <span class='ocrx_word' id='word_1_16' title='bbox 663 710 927 775; x_wconf 85' lang='lat' dir='ltr'>moralis</span> <span class='ocrx_word' id='word_1_17' title='bbox 957 729 976 775; x_wconf 74' lang='grc' dir='ltr'><strong><em>ε</em></strong></span> <span class='ocrx_word' id='word_1_18' title='bbox 1006 714 1069 775; x_wconf 89' lang='lat' dir='ltr'>et</span> <span class='ocrx_word' id='word_1_19' title='bbox 1096 710 1452 776; x_wconf 86' lang='lat' dir='ltr'>secundum</span> <span class='ocrx_word' id='word_1_20' title='bbox 1482 710 1601 774; x_wconf 88' lang='lat' dir='ltr'>hoc</span> <span class='ocrx_word' id='word_1_21' title='bbox 1636 710 1758 775; x_wconf 85' lang='lat' dir='ltr'>du·</span> 
     </span>
     <span class='ocr_line' id='line_1_4' title="bbox 258 817 1758 902; baseline 0.001 -23"><span class='ocrx_word' id='word_1_22' title='bbox 258 817 387 899; x_wconf 81' lang='lat' dir='ltr'>plex</span> <span class='ocrx_word' id='word_1_23' title='bbox 408 821 491 883; x_wconf 73' lang='lat' dir='ltr'>est</span> <span class='ocrx_word' id='word_1_24' title='bbox 514 836 737 900; x_wconf 82' lang='lat' dir='ltr'>pugna</span> <span class='ocrx_word' id='word_1_25' title='bbox 784 823 848 883; x_wconf 85' lang='lat' dir='ltr'>et</span> <span class='ocrx_word' id='word_1_26' title='bbox 872 818 1111 902; x_wconf 83' lang='lat' dir='ltr'>duplex</span> <span class='ocrx_word' id='word_1_27' title='bbox 1144 822 1240 883; x_wconf 89' lang='lat' dir='ltr'>est</span> <span class='ocrx_word' id='word_1_28' title='bbox 1266 817 1533 882; x_wconf 88' lang='lat' dir='ltr'>victoria</span> <span class='ocrx_word' id='word_1_29' title='bbox 1559 841 1574 881; x_wconf 72' lang='grc' dir='ltr'>ε</span> <span class='ocrx_word' id='word_1_30' title='bbox 1607 837 1758 892; x_wconf 85' lang='lat' dir='ltr'>una,</span> 
     </span>
     <span class='ocr_line' id='line_1_5' title="bbox 257 924 1760 1008; baseline 0.001 -21"><span class='ocrx_word' id='word_1_31' title='bbox 257 941 388 1006; x_wconf 81' lang='lat' dir='ltr'>quae</span> <span class='ocrx_word' id='word_1_32' title='bbox 445 925 738 989; x_wconf 77' lang='lat' dir='ltr'>virmtem</span> <span class='ocrx_word' id='word_1_33' title='bbox 784 926 1139 989; x_wconf 78' lang='lat' dir='ltr'><strong>naturalem</strong></span> <span class='ocrx_word' id='word_1_34' title='bbox 1200 925 1493 1008; x_wconf 79' lang='lat' dir='ltr'>respicit3</span> <span class='ocrx_word' id='word_1_35' title='bbox 1541 924 1760 999; x_wconf 83' lang='lat' dir='ltr'>altera,</span> 
     </span>
     <span class='ocr_line' id='line_1_6' title="bbox 257 1031 1765 1114; baseline 0.001 -19"><span class='ocrx_word' id='word_1_36' title='bbox 257 1049 389 1113; x_wconf 80' lang='lat' dir='ltr'>quae</span> <span class='ocrx_word' id='word_1_37' title='bbox 409 1033 699 1098; x_wconf 80' lang='lat' dir='ltr'>virtutem</span> <span class='ocrx_word' id='word_1_38' title='bbox 728 1032 1058 1097; x_wconf 82' lang='lat' dir='ltr'><strong>moralem.</strong></span> <span class='ocrx_word' id='word_1_39' title='bbox 1089 1031 1321 1114; x_wconf 83' lang='lat' dir='ltr'>Pugna</span> <span class='ocrx_word' id='word_1_40' title='bbox 1346 1050 1507 1113; x_wconf 83' lang='lat' dir='ltr'>ergo</span> <span class='ocrx_word' id='word_1_41' title='bbox 1534 1037 1597 1096; x_wconf 89' lang='lat' dir='ltr'>et</span> <span class='ocrx_word' id='word_1_42' title='bbox 1622 1033 1765 1096; x_wconf 79' lang='lat' dir='ltr'>vic-</span> 
     </span>
     <span class='ocr_line' id='line_1_7' title="bbox 257 1139 1768 1223; baseline 0.001 -21"><span class='ocrx_word' id='word_1_43' title='bbox 257 1139 406 1203; x_wconf 89' lang='lat' dir='ltr'>toria</span> <span class='ocrx_word' id='word_1_44' title='bbox 443 1144 652 1204; x_wconf 87' lang='lat' dir='ltr'>contra</span> <span class='ocrx_word' id='word_1_45' title='bbox 690 1144 1021 1222; x_wconf 89' lang='lat' dir='ltr'>peccatum</span> <span class='ocrx_word' id='word_1_46' title='bbox 1059 1145 1294 1223; x_wconf 89' lang='lat' dir='ltr'>spectat</span> <span class='ocrx_word' id='word_1_47' title='bbox 1334 1140 1417 1204; x_wconf 90' lang='lat' dir='ltr'>ad</span> <span class='ocrx_word' id='word_1_48' title='bbox 1464 1140 1768 1204; x_wconf 85' lang='lat' dir='ltr'>virtutem</span> 
     </span>
     <span class='ocr_line' id='line_1_8' title="bbox 258 1245 1769 1328; baseline 0.001 -19"><span class='ocrx_word' id='word_1_49' title='bbox 258 1247 554 1312; x_wconf 77' lang='lat' dir='ltr'><strong>moralem.</strong></span> <span class='ocrx_word' id='word_1_50' title='bbox 607 1245 896 1313; x_wconf 86' lang='lat' dir='ltr'>Christus</span> <span class='ocrx_word' id='word_1_51' title='bbox 952 1252 1170 1313; x_wconf 85' lang='lat' dir='ltr'>autem</span> <span class='ocrx_word' id='word_1_52' title='bbox 1192 1295 1213 1328; x_wconf 94' lang='lat'>,</span> <span class='ocrx_word' id='word_1_53' title='bbox 1268 1265 1419 1312; x_wconf 90' lang='lat' dir='ltr'>cum</span> <span class='ocrx_word' id='word_1_54' title='bbox 1472 1248 1648 1312; x_wconf 85' lang='lat' dir='ltr'>venit</span> <span class='ocrx_word' id='word_1_55' title='bbox 1687 1247 1769 1312; x_wconf 89' lang='lat' dir='ltr'>ad</span> 
     </span>
     <span class='ocr_line' id='line_1_9' title="bbox 256 1352 1770 1435; baseline 0.001 -18"><span class='ocrx_word' id='word_1_56' title='bbox 256 1352 613 1420; x_wconf 82' lang='lat' dir='ltr'>vincendum</span> <span class='ocrx_word' id='word_1_57' title='bbox 674 1353 1115 1419; x_wconf 86' lang='lat' dir='ltr'>adversarium</span> <span class='ocrx_word' id='word_1_58' title='bbox 1138 1403 1159 1435; x_wconf 90' lang='lat'>,</span> <span class='ocrx_word' id='word_1_59' title='bbox 1200 1355 1376 1420; x_wconf 84' lang='lat' dir='ltr'>venit</span> <span class='ocrx_word' id='word_1_60' title='bbox 1430 1354 1511 1418; x_wconf 87' lang='lat' dir='ltr'>ad</span> <span class='ocrx_word' id='word_1_61' title='bbox 1563 1371 1770 1435; x_wconf 85' lang='lat' dir='ltr'>expu-</span> 
     </span>
     <span class='ocr_line' id='line_1_10' title="bbox 256 1461 1773 1544; baseline -0.001 -18"><span class='ocrx_word' id='word_1_62' title='bbox 256 1462 566 1542; x_wconf 78' lang='lat' dir='ltr'>gnandum</span> <span class='ocrx_word' id='word_1_63' title='bbox 621 1465 685 1526; x_wconf 86' lang='lat' dir='ltr'>et</span> <span class='ocrx_word' id='word_1_64' title='bbox 740 1461 1205 1526; x_wconf 88' lang='lat' dir='ltr'>devincendum</span> <span class='ocrx_word' id='word_1_65' title='bbox 1272 1465 1599 1544; x_wconf 84' lang='lat' dir='ltr'>peccatum</span> <span class='ocrx_word' id='word_1_66' title='bbox 1647 1479 1663 1521; x_wconf 89' lang='lat'>:</span> <span class='ocrx_word' id='word_1_67' title='bbox 1708 1465 1773 1525; x_wconf 90' lang='lat' dir='ltr'>et</span> 
     </span>
     <span class='ocr_line' id='line_1_11' title="bbox 257 1564 1774 1648; baseline -0.001 -18"><span class='ocrx_word' id='word_1_68' title='bbox 257 1564 384 1629; x_wconf 87' lang='lat' dir='ltr'>ideo</span> <span class='ocrx_word' id='word_1_69' title='bbox 417 1564 879 1648; x_wconf 87' lang='lat' dir='ltr'>competebatei</span> <span class='ocrx_word' id='word_1_70' title='bbox 902 1564 1111 1629; x_wconf 85' lang='lat' dir='ltr'>virtus</span> <span class='ocrx_word' id='word_1_71' title='bbox 1150 1564 1435 1643; x_wconf 89' lang='lat' dir='ltr'>moralis,</span> <span class='ocrx_word' id='word_1_72' title='bbox 1464 1567 1537 1628; x_wconf 89' lang='lat' dir='ltr'>ut</span> <span class='ocrx_word' id='word_1_73' title='bbox 1566 1569 1774 1646; x_wconf 89' lang='lat' dir='ltr'>posset</span> 
     </span>
     <span class='ocr_line' id='line_1_12' title="bbox 258 1670 1773 1753; baseline -0.001 -18"><span class='ocrx_word' id='word_1_74' title='bbox 258 1688 553 1753; x_wconf 85' lang='lat' dir='ltr'>superare.</span> <span class='ocrx_word' id='word_1_75' title='bbox 608 1670 827 1736; x_wconf 79' lang='lat' dir='ltr'>Virtus</span> <span class='ocrx_word' id='word_1_76' title='bbox 872 1676 1091 1737; x_wconf 90' lang='lat' dir='ltr'>autem</span> <span class='ocrx_word' id='word_1_77' title='bbox 1119 1671 1429 1736; x_wconf 88' lang='lat' dir='ltr'>naturalis</span> <span class='ocrx_word' id='word_1_78' title='bbox 1474 1671 1546 1735; x_wconf 91' lang='lat' dir='ltr'>in</span> <span class='ocrx_word' id='word_1_79' title='bbox 1593 1670 1773 1735; x_wconf 90' lang='lat' dir='ltr'>nullo</span> 
     </span>
     <span class='ocr_line' id='line_1_13' title="bbox 259 1776 1777 1860; baseline -0.003 -16"><span class='ocrx_word' id='word_1_80' title='bbox 259 1779 592 1844; x_wconf 84' lang='lat' dir='ltr'>conferebat</span> <span class='ocrx_word' id='word_1_81' title='bbox 639 1779 721 1843; x_wconf 89' lang='lat' dir='ltr'>ad</span> <span class='ocrx_word' id='word_1_82' title='bbox 763 1778 931 1842; x_wconf 84' lang='lat' dir='ltr'>banc</span> <span class='ocrx_word' id='word_1_83' title='bbox 975 1778 1345 1856; x_wconf 80' lang='lat' dir='ltr'>victoriam3</span> <span class='ocrx_word' id='word_1_84' title='bbox 1375 1777 1536 1860; x_wconf 89' lang='lat' dir='ltr'>quin</span> <span class='ocrx_word' id='word_1_85' title='bbox 1564 1776 1777 1860; x_wconf 88' lang='lat' dir='ltr'>potius</span> 
     </span>
     <span class='ocr_line' id='line_1_14' title="bbox 260 1884 1778 1969; baseline 0 -21"><span class='ocrx_word' id='word_1_86' title='bbox 260 1886 385 1965; x_wconf 88' lang='lat' dir='ltr'>ejus</span> <span class='ocrx_word' id='word_1_87' title='bbox 425 1886 780 1969; x_wconf 88' lang='lat' dir='ltr'>oppositum</span> <span class='ocrx_word' id='word_1_88' title='bbox 836 1904 851 1945; x_wconf 91' lang='lat'><strong>:</strong></span> <span class='ocrx_word' id='word_1_89' title='bbox 903 1885 1114 1967; x_wconf 80' lang='lat' dir='ltr'>magis</span> <span class='ocrx_word' id='word_1_90' title='bbox 1160 1885 1337 1950; x_wconf 89' lang='lat' dir='ltr'>enim</span> <span class='ocrx_word' id='word_1_91' title='bbox 1380 1884 1660 1949; x_wconf 84' lang='lat' dir='ltr'>vincitur</span> <span class='ocrx_word' id='word_1_92' title='bbox 1714 1888 1778 1948; x_wconf 89' lang='lat' dir='ltr'>et</span> 
     </span>
     <span class='ocr_line' id='line_1_15' title="bbox 259 1992 1775 2077; baseline 0 -21"><span class='ocrx_word' id='word_1_93' title='bbox 259 1992 525 2057; x_wconf 86' lang='lat' dir='ltr'>diabolus</span> <span class='ocrx_word' id='word_1_94' title='bbox 556 1998 621 2058; x_wconf 91' lang='lat' dir='ltr'>et</span> <span class='ocrx_word' id='word_1_95' title='bbox 656 1998 989 2077; x_wconf 87' lang='lat' dir='ltr'>peccatum</span> <span class='ocrx_word' id='word_1_96' title='bbox 1031 1993 1101 2057; x_wconf 89' lang='lat' dir='ltr'>in</span> <span class='ocrx_word' id='word_1_97' title='bbox 1141 1992 1504 2058; x_wconf 85' lang='lat' dir='ltr'>bumilitate</span> <span class='ocrx_word' id='word_1_98' title='bbox 1546 1997 1611 2056; x_wconf 91' lang='lat' dir='ltr'>et</span> <span class='ocrx_word' id='word_1_99' title='bbox 1656 2011 1775 2074; x_wconf 90' lang='lat' dir='ltr'>pa-</span> 
     </span>
     <span class='ocr_line' id='line_1_16' title="bbox 260 2099 1778 2186; baseline 0.001 -23"><span class='ocrx_word' id='word_1_100' title='bbox 260 2099 478 2165; x_wconf 83' lang='lat' dir='ltr'>tientia.</span> <span class='ocrx_word' id='word_1_101' title='bbox 530 2101 796 2186; x_wconf 81' lang='lat' dir='ltr'>Propter</span> <span class='ocrx_word' id='word_1_102' title='bbox 845 2102 1018 2185; x_wconf 85' lang='lat' dir='ltr'>quod</span> <span class='ocrx_word' id='word_1_103' title='bbox 1075 2101 1307 2166; x_wconf 91' lang='lat' dir='ltr'>dicitur</span> <span class='ocrx_word' id='word_1_104' title='bbox 1333 2101 1351 2136; x_wconf 87' lang='lat'>¹</span> <span class='ocrx_word' id='word_1_105' title='bbox 1381 2123 1398 2164; x_wconf 77' lang='lat'>2</span> <span class='ocrx_word' id='word_1_106' title='bbox 1442 2101 1667 2167; x_wconf 77' lang='lat' dir='ltr'>Virtus</span> <span class='ocrx_word' id='word_1_107' title='bbox 1705 2102 1778 2166; x_wconf 80' lang='lat' dir='ltr'>in</span> 
     </span>
     <span class='ocr_line' id='line_1_17' title="bbox 262 2208 1781 2292; baseline -0.001 -20"><span class='ocrx_word' id='word_1_108' title='bbox 262 2208 623 2288; x_wconf 73' lang='lat' dir='ltr'>infirmitate</span> <span class='ocrx_word' id='word_1_109' title='bbox 685 2210 1047 2292; x_wconf 75' lang='lat' dir='ltr'>perficitur.</span> <span class='ocrx_word' id='word_1_110' title='bbox 1109 2208 1266 2273; x_wconf 89' lang='lat' dir='ltr'>Cum</span> <span class='ocrx_word' id='word_1_111' title='bbox 1337 2227 1499 2289; x_wconf 85' lang='lat' dir='ltr'>ergo</span> <span class='ocrx_word' id='word_1_112' title='bbox 1552 2208 1781 2272; x_wconf 87' lang='lat' dir='ltr'>dicitur</span> 
     </span>
     <span class='ocr_line' id='line_1_18' title="bbox 262 2315 1781 2400; baseline -0.001 -20"><span class='ocrx_word' id='word_1_113' title='bbox 262 2317 417 2398; x_wconf 85' lang='lat' dir='ltr'>quod</span> <span class='ocrx_word' id='word_1_114' title='bbox 456 2317 733 2382; x_wconf 83' lang='lat' dir='ltr'>defectus</span> <span class='ocrx_word' id='word_1_115' title='bbox 763 2317 910 2400; x_wconf 88' lang='lat' dir='ltr'>plus</span> <span class='ocrx_word' id='word_1_116' title='bbox 963 2315 1177 2380; x_wconf 87' lang='lat' dir='ltr'>valent</span> <span class='ocrx_word' id='word_1_117' title='bbox 1219 2316 1300 2380; x_wconf 91' lang='lat' dir='ltr'>ad</span> <span class='ocrx_word' id='word_1_118' title='bbox 1356 2316 1781 2380; x_wconf 90' lang='lat' dir='ltr'>succumben-</span> 
     </span>
     <span class='ocr_line' id='line_1_19' title="bbox 263 2422 1780 2508; baseline -0.001 -21"><span class='ocrx_word' id='word_1_119' title='bbox 263 2423 405 2487; x_wconf 85' lang='lat' dir='ltr'>dum</span> <span class='ocrx_word' id='word_1_120' title='bbox 428 2444 621 2508; x_wconf 84' lang='lat' dir='ltr'>quam</span> <span class='ocrx_word' id='word_1_121' title='bbox 648 2425 730 2489; x_wconf 90' lang='lat' dir='ltr'>ad</span> <span class='ocrx_word' id='word_1_122' title='bbox 760 2425 1145 2489; x_wconf 86' lang='lat' dir='ltr'>vincendum</span> <span class='ocrx_word' id='word_1_123' title='bbox 1169 2472 1187 2501; x_wconf 88' lang='lat'>‚</span> <span class='ocrx_word' id='word_1_124' title='bbox 1218 2424 1560 2488; x_wconf 88' lang='lat' dir='ltr'>dicendum</span> <span class='ocrx_word' id='word_1_125' title='bbox 1607 2422 1780 2505; x_wconf 88' lang='lat' dir='ltr'>quod</span> 
     </span>
     <span class='ocr_line' id='line_1_20' title="bbox 264 2529 1785 2611; baseline -0.002 -17"><span class='ocrx_word' id='word_1_126' title='bbox 264 2530 405 2595; x_wconf 88' lang='lat' dir='ltr'>illud</span> <span class='ocrx_word' id='word_1_127' title='bbox 442 2550 573 2596; x_wconf 92' lang='lat' dir='ltr'>non</span> <span class='ocrx_word' id='word_1_128' title='bbox 622 2532 818 2597; x_wconf 85' lang='lat' dir='ltr'>habet</span> <span class='ocrx_word' id='word_1_129' title='bbox 844 2532 1198 2609; x_wconf 83' lang='lat' dir='ltr'>veritatem,</span> <span class='ocrx_word' id='word_1_130' title='bbox 1243 2530 1367 2595; x_wconf 87' lang='lat' dir='ltr'>nisi</span> <span class='ocrx_word' id='word_1_131' title='bbox 1392 2529 1785 2611; x_wconf 79' lang='lat' dir='ltr'>intelligatur</span> 
     </span>
     <span class='ocr_line' id='line_1_21' title="bbox 262 2636 1785 2720; baseline -0.001 -20"><span class='ocrx_word' id='word_1_132' title='bbox 262 2637 331 2700; x_wconf 88' lang='lat' dir='ltr'>de</span> <span class='ocrx_word' id='word_1_133' title='bbox 368 2657 585 2720; x_wconf 79' lang='lat' dir='ltr'>pugna</span> <span class='ocrx_word' id='word_1_134' title='bbox 629 2643 694 2702; x_wconf 91' lang='lat' dir='ltr'>et</span> <span class='ocrx_word' id='word_1_135' title='bbox 743 2639 1008 2704; x_wconf 83' lang='lat' dir='ltr'>victoria</span> <span class='ocrx_word' id='word_1_136' title='bbox 1059 2638 1129 2702; x_wconf 92' lang='lat' dir='ltr'>in</span> <span class='ocrx_word' id='word_1_137' title='bbox 1171 2638 1395 2702; x_wconf 88' lang='lat' dir='ltr'>eodem</span> <span class='ocrx_word' id='word_1_138' title='bbox 1424 2655 1685 2718; x_wconf 83' lang='lat' dir='ltr'>genere,</span> <span class='ocrx_word' id='word_1_139' title='bbox 1715 2636 1785 2698; x_wconf 91' lang='lat' dir='ltr'>in</span> 
     </span>
     <span class='ocr_line' id='line_1_22' title="bbox 264 2742 1787 2826; baseline -0.001 -18"><span class='ocrx_word' id='word_1_140' title='bbox 264 2761 378 2826; x_wconf 85' lang='lat' dir='ltr'>quo</span> <span class='ocrx_word' id='word_1_141' title='bbox 400 2749 554 2809; x_wconf 91' lang='lat' dir='ltr'>sunt</span> <span class='ocrx_word' id='word_1_142' title='bbox 578 2745 672 2808; x_wconf 87' lang='lat' dir='ltr'>illi</span> <span class='ocrx_word' id='word_1_143' title='bbox 701 2745 983 2814; x_wconf 85' lang='lat' dir='ltr'>defectus</span> <span class='ocrx_word' id='word_1_144' title='bbox 1012 2768 1027 2808; x_wconf 76' lang='grc' dir='ltr'>ε</span> <span class='ocrx_word' id='word_1_145' title='bbox 1057 2750 1121 2809; x_wconf 91' lang='lat' dir='ltr'>et</span> <span class='ocrx_word' id='word_1_146' title='bbox 1144 2745 1286 2809; x_wconf 90' lang='lat' dir='ltr'>ideo</span> <span class='ocrx_word' id='word_1_147' title='bbox 1313 2762 1447 2809; x_wconf 92' lang='lat' dir='ltr'>non</span> <span class='ocrx_word' id='word_1_148' title='bbox 1472 2743 1666 2807; x_wconf 88' lang='lat' dir='ltr'>habet</span> <span class='ocrx_word' id='word_1_149' title='bbox 1700 2742 1787 2806; x_wconf 96' lang='lat' dir='ltr'>lo-</span> 
     </span>
     <span class='ocr_line' id='line_1_23' title="bbox 263 2849 1786 2937; baseline -0.001 -22"><span class='ocrx_word' id='word_1_150' title='bbox 263 2869 395 2916; x_wconf 89' lang='lat' dir='ltr'>cum</span> <span class='ocrx_word' id='word_1_151' title='bbox 420 2854 489 2916; x_wconf 93' lang='lat' dir='ltr'>in</span> <span class='ocrx_word' id='word_1_152' title='bbox 515 2854 862 2937; x_wconf 86' lang='lat' dir='ltr'>proposit0,</span> <span class='ocrx_word' id='word_1_153' title='bbox 893 2854 1007 2918; x_wconf 91' lang='lat' dir='ltr'>ubi</span> <span class='ocrx_word' id='word_1_154' title='bbox 1041 2858 1136 2918; x_wconf 89' lang='lat' dir='ltr'>est</span> <span class='ocrx_word' id='word_1_155' title='bbox 1162 2851 1427 2917; x_wconf 86' lang='lat' dir='ltr'>victoria</span> <span class='ocrx_word' id='word_1_156' title='bbox 1463 2868 1576 2934; x_wconf 92' lang='lat' dir='ltr'>per</span> <span class='ocrx_word' id='word_1_157' title='bbox 1602 2849 1786 2914; x_wconf 86' lang='lat' dir='ltr'>forti-</span> 
     </span>
     <span class='ocr_line' id='line_1_24' title="bbox 265 2957 1789 3044; baseline -0.001 -23"><span class='ocrx_word' id='word_1_158' title='bbox 265 2959 532 3025; x_wconf 84' lang='lat' dir='ltr'>tudinem</span> <span class='ocrx_word' id='word_1_159' title='bbox 555 2961 858 3044; x_wconf 82' lang='lat' dir='ltr'>justitiae,</span> <span class='ocrx_word' id='word_1_160' title='bbox 892 2979 1023 3025; x_wconf 91' lang='lat' dir='ltr'>non</span> <span class='ocrx_word' id='word_1_161' title='bbox 1063 2978 1177 3043; x_wconf 91' lang='lat' dir='ltr'>per</span> <span class='ocrx_word' id='word_1_162' title='bbox 1204 2957 1643 3024; x_wconf 87' lang='lat' dir='ltr'>fortitudinem</span> <span class='ocrx_word' id='word_1_163' title='bbox 1672 2974 1789 3037; x_wconf 88' lang='lat' dir='ltr'>po-</span> 
     </span>
     <span class='ocr_line' id='line_1_25' title="bbox 264 3062 1789 3146; baseline -0.003 -16"><span class='ocrx_word' id='word_1_164' title='bbox 264 3068 481 3133; x_wconf 79' lang='lat' dir='ltr'>tentiae.</span> <span class='ocrx_word' id='word_1_165' title='bbox 526 3067 606 3132; x_wconf 84' lang='lat' dir='ltr'>Et</span> <span class='ocrx_word' id='word_1_166' title='bbox 628 3068 707 3133; x_wconf 92' lang='lat' dir='ltr'>de</span> <span class='ocrx_word' id='word_1_167' title='bbox 747 3067 867 3132; x_wconf 89' lang='lat' dir='ltr'>hac</span> <span class='ocrx_word' id='word_1_168' title='bbox 905 3067 1275 3133; x_wconf 87' lang='lat' dir='ltr'>fortitudine</span> <span class='ocrx_word' id='word_1_169' title='bbox 1315 3065 1464 3129; x_wconf 89' lang='lat' dir='ltr'>dicit</span> <span class='ocrx_word' id='word_1_170' title='bbox 1516 3062 1789 3146; x_wconf 87' lang='lat' dir='ltr'>Prophe-</span> 
     </span>
     <span class='ocr_line' id='line_1_26' title="bbox 266 3172 1792 3257; baseline 0.001 -21"><span class='ocrx_word' id='word_1_171' title='bbox 266 3177 321 3236; x_wconf 86' lang='lat' dir='ltr'>ta</span> <span class='ocrx_word' id='word_1_172' title='bbox 348 3175 662 3242; x_wconf 81' lang='lat' dir='ltr'>:Induere</span> <span class='ocrx_word' id='word_1_173' title='bbox 719 3175 1173 3257; x_wconf 71' lang='lat' dir='ltr'>fortitudinem</span> <span class='ocrx_word' id='word_1_174' title='bbox 1204 3223 1222 3254; x_wconf 91' lang='lat'>‚</span> <span class='ocrx_word' id='word_1_175' title='bbox 1281 3172 1614 3239; x_wconf 80' lang='lat' dir='ltr'>brachium</span> <span class='ocrx_word' id='word_1_176' title='bbox 1660 3172 1792 3237; x_wconf 82' lang='lat' dir='ltr'>Do·-</span> 
     </span>
     <span class='ocr_line' id='line_1_27' title="bbox 266 3279 1790 3363; baseline -0.001 -17"><span class='ocrx_word' id='word_1_177' title='bbox 266 3282 437 3347; x_wconf 83' lang='lat' dir='ltr'>mim‘.</span> <span class='ocrx_word' id='word_1_178' title='bbox 490 3282 710 3348; x_wconf 86' lang='lat' dir='ltr'>Posset</span> <span class='ocrx_word' id='word_1_179' title='bbox 754 3288 971 3348; x_wconf 81' lang='lat' dir='ltr'>tamen</span> <span class='ocrx_word' id='word_1_180' title='bbox 1013 3281 1285 3363; x_wconf 78' lang='lat' dir='ltr'><strong>intelligi</strong></span> <span class='ocrx_word' id='word_1_181' title='bbox 1313 3282 1393 3346; x_wconf 92' lang='lat' dir='ltr'>de</span> <span class='ocrx_word' id='word_1_182' title='bbox 1420 3279 1790 3345; x_wconf 86' lang='lat' dir='ltr'>fortitudine</span> 
     </span>
     <span class='ocr_line' id='line_1_28' title="bbox 265 3386 1791 3470; baseline -0.003 -15"><span class='ocrx_word' id='word_1_183' title='bbox 265 3392 546 3469; x_wconf 76' lang='lat' dir='ltr'>potentiae</span> <span class='ocrx_word' id='word_1_184' title='bbox 594 3414 610 3454; x_wconf 75' lang='lat' dir='ltr'><em>z</em></span> <span class='ocrx_word' id='word_1_185' title='bbox 657 3392 739 3456; x_wconf 91' lang='lat' dir='ltr'>ad</span> <span class='ocrx_word' id='word_1_186' title='bbox 778 3390 1215 3456; x_wconf 85' lang='lat' dir='ltr'>fortitudinem</span> <span class='ocrx_word' id='word_1_187' title='bbox 1241 3390 1413 3454; x_wconf 91' lang='lat' dir='ltr'>enim</span> <span class='ocrx_word' id='word_1_188' title='bbox 1431 3387 1699 3470; x_wconf 81' lang='lat' dir='ltr'>justitiae</span> <span class='ocrx_word' id='word_1_189' title='bbox 1722 3386 1791 3450; x_wconf 90' lang='lat' dir='ltr'>in</span> 
     </span>
     <span class='ocr_line' id='line_1_29' title="bbox 264 3495 1789 3576; baseline -0.005 -13"><span class='ocrx_word' id='word_1_190' title='bbox 264 3499 545 3575; x_wconf 76' lang='lat' dir='ltr'>praesenti</span> <span class='ocrx_word' id='word_1_191' title='bbox 563 3500 634 3562; x_wconf 91' lang='lat' dir='ltr'>in</span> <span class='ocrx_word' id='word_1_192' title='bbox 652 3499 899 3575; x_wconf 87' lang='lat' dir='ltr'>merito,</span> <span class='ocrx_word' id='word_1_193' title='bbox 920 3498 1328 3576; x_wconf 83' lang='lat' dir='ltr'>subsequitur</span> <span class='ocrx_word' id='word_1_194' title='bbox 1349 3495 1653 3560; x_wconf 80' lang='lat' dir='ltr'>fortitudo</span> <span class='ocrx_word' id='word_1_195' title='bbox 1675 3512 1789 3576; x_wconf 89' lang='lat' dir='ltr'>po-</span> 
     </span>
     <span class='ocr_line' id='line_1_30' title="bbox 266 3604 1789 3691; baseline 0.001 -22"><span class='ocrx_word' id='word_1_196' title='bbox 266 3606 463 3672; x_wconf 82' lang='lat' dir='ltr'>tentiae</span> <span class='ocrx_word' id='word_1_197' title='bbox 513 3610 586 3672; x_wconf 92' lang='lat' dir='ltr'>in</span> <span class='ocrx_word' id='word_1_198' title='bbox 629 3608 899 3690; x_wconf 81' lang='lat' dir='ltr'>praemio</span> <span class='ocrx_word' id='word_1_199' title='bbox 920 3656 940 3689; x_wconf 93' lang='lat'>,</span> <span class='ocrx_word' id='word_1_200' title='bbox 968 3608 1131 3672; x_wconf 89' lang='lat' dir='ltr'>sicut</span> <span class='ocrx_word' id='word_1_201' title='bbox 1172 3611 1346 3691; x_wconf 87' lang='lat' dir='ltr'>patet</span> <span class='ocrx_word' id='word_1_202' title='bbox 1385 3605 1452 3668; x_wconf 91' lang='lat' dir='ltr'>in</span> <span class='ocrx_word' id='word_1_203' title='bbox 1496 3604 1740 3669; x_wconf 87' lang='lat' dir='ltr'>Christo</span> <span class='ocrx_word' id='word_1_204' title='bbox 1771 3624 1789 3670; x_wconf 72' lang='grc' dir='ltr'><strong>ε</strong></span> 
     </span>
     <span class='ocr_line' id='line_1_31' title="bbox 265 3712 1789 3798; baseline -0.005 -18"><span class='ocrx_word' id='word_1_205' title='bbox 265 3715 404 3793; x_wconf 83' lang='lat' dir='ltr'>quia</span> <span class='ocrx_word' id='word_1_206' title='bbox 448 3716 565 3779; x_wconf 91' lang='lat' dir='ltr'>etsi</span> <span class='ocrx_word' id='word_1_207' title='bbox 607 3720 630 3755; x_wconf 87' lang='lat'>⁸</span> <span class='ocrx_word' id='word_1_208' title='bbox 666 3733 889 3798; x_wconf 88' lang='lat' dir='ltr'>passus</span> <span class='ocrx_word' id='word_1_209' title='bbox 918 3715 1004 3778; x_wconf 88' lang='lat' dir='ltr'>sit</span> <span class='ocrx_word' id='word_1_210' title='bbox 1049 3731 1131 3780; x_wconf 75' lang='lat' dir='ltr'>ex</span> <span class='ocrx_word' id='word_1_211' title='bbox 1188 3712 1599 3793; x_wconf 74' lang='lat' dir='ltr'>infirmitate,</span> <span class='ocrx_word' id='word_1_212' title='bbox 1644 3728 1789 3774; x_wconf 86' lang='lat' dir='ltr'>sur·-</span> 
     </span>
     <span class='ocr_line' id='line_1_32' title="bbox 264 3822 1050 3889; baseline 0.001 -5"><span class='ocrx_word' id='word_1_213' title='bbox 264 3822 418 3887; x_wconf 83' lang='lat' dir='ltr'>rexit</span> <span class='ocrx_word' id='word_1_214' title='bbox 441 3826 658 3888; x_wconf 89' lang='lat' dir='ltr'>tamen</span> <span class='ocrx_word' id='word_1_215' title='bbox 683 3839 766 3888; x_wconf 72' lang='lat' dir='ltr'>ea·</span> <span class='ocrx_word' id='word_1_216' title='bbox 788 3824 1050 3889; x_wconf 79' lang='lat' dir='ltr'>virtute.</span> 
     </span>
    </p>
   </div>
   <div class='ocr_carea' id='block_1_3' title="bbox 767 4011 1251 4093">
    <p class='ocr_par' dir='ltr' id='par_1_3' title="bbox 767 4011 1251 4093">
     <span class='ocr_line' id='line_1_33' title="bbox 767 4011 1251 4093; baseline -0.004 -16"><span class='ocrx_word' id='word_1_217' title='bbox 767 4011 1126 4093; x_wconf 87' lang='lat' dir='ltr'><strong>QUAESTIO</strong></span> <span class='ocrx_word' id='word_1_218' title='bbox 1170 4011 1251 4075; x_wconf 91' lang='lat'>11.</span> 
     </span>
    </p>
   </div>
   <div class='ocr_carea' id='block_1_4' title="bbox 321 4128 1749 4293">
    <p class='ocr_par' dir='ltr' id='par_1_4' title="bbox 321 4128 1749 4293">
     <span class='ocr_line' id='line_1_34' title="bbox 321 4128 1749 4253; baseline -0.003 -65"><span class='ocrx_word' id='word_1_219' title='bbox 321 4133 409 4188; x_wconf 75' lang='lat' dir='ltr'>An</span> <span class='ocrx_word' id='word_1_220' title='bbox 441 4130 684 4189; x_wconf 72' lang='lat' dir='ltr'>Christus</span> <span class='ocrx_word' id='word_1_221' title='bbox 711 4133 1061 4204; x_wconf 72' lang='lat' dir='ltr'>assumpserit</span> <span class='ocrx_word' id='word_1_222' title='bbox 1088 4144 1264 4253; x_wconf 61' lang='lat' dir='ltr'>00:7⁸oe</span> <span class='ocrx_word' id='word_1_223' title='bbox 1290 4128 1519 4197; x_wconf 75' lang='lat' dir='ltr'>detectus</span> <span class='ocrx_word' id='word_1_224' title='bbox 1542 4129 1749 4201; x_wconf 81' lang='lat' dir='ltr'>proeter</span> 
     </span>
     <span class='ocr_line' id='line_1_35' title="bbox 854 4223 1195 4293; baseline -0.015 -16"><span class='ocrx_word' id='word_1_225' title='bbox 854 4223 1132 4293; x_wconf 82' lang='lat' dir='ltr'>peccatum</span> <span class='ocrx_word' id='word_1_226' title='bbox 1181 4258 1195 4272; x_wconf 99' lang='lat'>.</span> 
     </span>
    </p>
   </div>
   <div class='ocr_carea' id='block_1_5' title="bbox 263 4351 1806 5306">
    <p class='ocr_par' dir='ltr' id='par_1_5' title="bbox 263 4351 1804 5180">
     <span class='ocr_line' id='line_1_36' title="bbox 338 4351 1799 4439; baseline -0.004 -16"><span class='ocrx_word' id='word_1_227' title='bbox 338 4358 565 4425; x_wconf 85' lang='lat' dir='ltr'>Utrum</span> <span class='ocrx_word' id='word_1_228' title='bbox 594 4358 879 4425; x_wconf 84' lang='lat' dir='ltr'>Christus</span> <span class='ocrx_word' id='word_1_229' title='bbox 902 4355 1314 4439; x_wconf 78' lang='lat' dir='ltr'>assumpserit</span> <span class='ocrx_word' id='word_1_230' title='bbox 1339 4371 1564 4419; x_wconf 88' lang='lat' dir='ltr'>omnes</span> <span class='ocrx_word' id='word_1_231' title='bbox 1595 4351 1799 4418; x_wconf 82' lang='lat' dir='ltr'>defec-</span> 
     </span>
     <span class='ocr_line' id='line_1_37' title="bbox 266 4460 1796 4548; baseline -0.006 -15"><span class='ocrx_word' id='word_1_232' title='bbox 266 4469 361 4531; x_wconf 87' lang='lat' dir='ltr'>tus</span> <span class='ocrx_word' id='word_1_233' title='bbox 397 4470 648 4532; x_wconf 86' lang='lat' dir='ltr'>nostros</span> <span class='ocrx_word' id='word_1_234' title='bbox 689 4473 920 4548; x_wconf 85' lang='lat' dir='ltr'>praeter</span> <span class='ocrx_word' id='word_1_235' title='bbox 963 4467 1295 4546; x_wconf 88' lang='lat' dir='ltr'>peccatum</span> <span class='ocrx_word' id='word_1_236' title='bbox 1320 4483 1339 4540; x_wconf 79' lang='lat'><em>3</em></span> <span class='ocrx_word' id='word_1_237' title='bbox 1366 4467 1431 4526; x_wconf 91' lang='lat' dir='ltr'>et</span> <span class='ocrx_word' id='word_1_238' title='bbox 1468 4461 1642 4544; x_wconf 86' lang='lat' dir='ltr'>quod</span> <span class='ocrx_word' id='word_1_239' title='bbox 1681 4460 1796 4539; x_wconf 93' lang='lat' dir='ltr'>sic,</span> 
     </span>
     <span class='ocr_line' id='line_1_38' title="bbox 264 4569 1797 4658; baseline -0.003 -21"><span class='ocrx_word' id='word_1_240' title='bbox 264 4574 508 4639; x_wconf 85' lang='lat' dir='ltr'>videtur</span> <span class='ocrx_word' id='word_1_241' title='bbox 533 4591 649 4658; x_wconf 91' lang='lat' dir='ltr'>per</span> <span class='ocrx_word' id='word_1_242' title='bbox 677 4573 1171 4649; x_wconf 86' lang='lat' dir='ltr'>Damascenum,</span> <span class='ocrx_word' id='word_1_243' title='bbox 1219 4569 1334 4653; x_wconf 89' lang='lat' dir='ltr'>qui</span> <span class='ocrx_word' id='word_1_244' title='bbox 1359 4569 1534 4634; x_wconf 90' lang='lat' dir='ltr'>bunc</span> <span class='ocrx_word' id='word_1_245' title='bbox 1559 4569 1629 4632; x_wconf 93' lang='lat' dir='ltr'>in</span> <span class='ocrx_word' id='word_1_246' title='bbox 1659 4586 1797 4633; x_wconf 92' lang='lat' dir='ltr'>mo·</span> 
     </span>
     <span class='ocr_line' id='line_1_39' title="bbox 265 4677 1803 4760; baseline -0.001 -17"><span class='ocrx_word' id='word_1_247' title='bbox 265 4679 410 4746; x_wconf 91' lang='lat' dir='ltr'>dum</span> <span class='ocrx_word' id='word_1_248' title='bbox 437 4682 569 4748; x_wconf 69' lang='lat' dir='ltr'>ait*</span> <span class='ocrx_word' id='word_1_249' title='bbox 599 4704 615 4746; x_wconf 75' lang='grc' dir='ltr'>ε</span> <span class='ocrx_word' id='word_1_250' title='bbox 651 4704 682 4741; x_wconf 78' lang='grc' dir='ltr'>α</span> <span class='ocrx_word' id='word_1_251' title='bbox 709 4681 907 4746; x_wconf 87' lang='lat' dir='ltr'>Totus</span> <span class='ocrx_word' id='word_1_252' title='bbox 933 4685 1140 4745; x_wconf 90' lang='lat' dir='ltr'>totum</span> <span class='ocrx_word' id='word_1_253' title='bbox 1178 4677 1521 4760; x_wconf 79' lang='lat' dir='ltr'>assumpsit</span> <span class='ocrx_word' id='word_1_254' title='bbox 1558 4694 1694 4757; x_wconf 87' lang='lat' dir='ltr'>me,</span> <span class='ocrx_word' id='word_1_255' title='bbox 1730 4681 1803 4741; x_wconf 90' lang='lat' dir='ltr'>ut</span> 
     </span>
     <span class='ocr_line' id='line_1_40' title="bbox 263 4784 1802 4867; baseline -0.002 -15"><span class='ocrx_word' id='word_1_256' title='bbox 263 4791 461 4854; x_wconf 88' lang='lat' dir='ltr'>totum</span> <span class='ocrx_word' id='word_1_257' title='bbox 511 4807 619 4854; x_wconf 90' lang='lat' dir='ltr'>me</span> <span class='ocrx_word' id='word_1_258' title='bbox 663 4792 947 4867; x_wconf 84' lang='lat' dir='ltr'>curaret,</span> <span class='ocrx_word' id='word_1_259' title='bbox 995 4791 1108 4852; x_wconf 87' lang='lat' dir='ltr'>aut</span> <span class='ocrx_word' id='word_1_260' title='bbox 1151 4787 1267 4851; x_wconf 88' lang='lat' dir='ltr'>toti</span> <span class='ocrx_word' id='word_1_261' title='bbox 1320 4785 1480 4851; x_wconf 85' lang='lat' dir='ltr'>mihi</span> <span class='ocrx_word' id='word_1_262' title='bbox 1530 4784 1802 4850; x_wconf 82' lang='lat' dir='ltr'>salutem</span> 
     </span>
     <span class='ocr_line' id='line_1_41' title="bbox 264 4893 1802 4978; baseline -0.002 -16"><span class='ocrx_word' id='word_1_263' title='bbox 264 4898 660 4977; x_wconf 80' lang='lat' dir='ltr'>gratificaret.</span> <span class='ocrx_word' id='word_1_264' title='bbox 690 4920 721 4957; x_wconf 75' lang='grc' dir='ltr'>ι)</span> <span class='ocrx_word' id='word_1_265' title='bbox 765 4896 936 4978; x_wconf 83' lang='lat' dir='ltr'>Ergo</span> <span class='ocrx_word' id='word_1_266' title='bbox 976 4898 1031 4960; x_wconf 90' lang='lat' dir='ltr'>si</span> <span class='ocrx_word' id='word_1_267' title='bbox 1066 4912 1292 4959; x_wconf 89' lang='lat' dir='ltr'>omnes</span> <span class='ocrx_word' id='word_1_268' title='bbox 1334 4893 1613 4959; x_wconf 81' lang='lat' dir='ltr'>defectus</span> <span class='ocrx_word' id='word_1_269' title='bbox 1652 4912 1802 4959; x_wconf 86' lang='lat' dir='ltr'>nos·</span> 
     </span>
     <span class='ocr_line' id='line_1_42' title="bbox 265 5003 1804 5088; baseline -0.004 -15"><span class='ocrx_word' id='word_1_270' title='bbox 265 5007 386 5073; x_wconf 81' lang='lat' dir='ltr'>tros</span> <span class='ocrx_word' id='word_1_271' title='bbox 410 5006 590 5073; x_wconf 85' lang='lat' dir='ltr'>venit</span> <span class='ocrx_word' id='word_1_272' title='bbox 616 5023 865 5085; x_wconf 88' lang='lat' dir='ltr'>curare,</span> <span class='ocrx_word' id='word_1_273' title='bbox 904 5005 1157 5070; x_wconf 84' lang='lat' dir='ltr'>videtur</span> <span class='ocrx_word' id='word_1_274' title='bbox 1182 5003 1353 5088; x_wconf 83' lang='lat' dir='ltr'>quod</span> <span class='ocrx_word' id='word_1_275' title='bbox 1381 5004 1602 5069; x_wconf 84' lang='lat' dir='ltr'>debuit</span> <span class='ocrx_word' id='word_1_276' title='bbox 1627 5021 1804 5068; x_wconf 86' lang='lat' dir='ltr'>assu-</span> 
     </span>
     <span class='ocr_line' id='line_1_43' title="bbox 265 5130 451 5180; baseline 0.016 -3"><span class='ocrx_word' id='word_1_277' title='bbox 265 5130 451 5180; x_wconf 90' lang='lat' dir='ltr'>mere.</span> 
     </span>
    </p>

    <p class='ocr_par' dir='ltr' id='par_1_6' title="bbox 337 5218 1806 5306">
     <span class='ocr_line' id='line_1_44' title="bbox 337 5218 1806 5306; baseline -0.001 -21"><span class='ocrx_word' id='word_1_278' title='bbox 337 5226 397 5287; x_wconf 73' lang='lat'>2.</span> <span class='ocrx_word' id='word_1_279' title='bbox 445 5222 627 5303; x_wconf 85' lang='lat' dir='ltr'>Item,</span> <span class='ocrx_word' id='word_1_280' title='bbox 673 5221 848 5306; x_wconf 87' lang='lat' dir='ltr'>quod</span> <span class='ocrx_word' id='word_1_281' title='bbox 918 5222 1041 5289; x_wconf 85' lang='lat' dir='ltr'>fuit</span> <span class='ocrx_word' id='word_1_282' title='bbox 1087 5218 1594 5303; x_wconf 77' lang='lat' dir='ltr'>inassumptibile</span> <span class='ocrx_word' id='word_1_283' title='bbox 1616 5266 1634 5296; x_wconf 93' lang='lat'>‚</span> <span class='ocrx_word' id='word_1_284' title='bbox 1684 5219 1806 5283; x_wconf 85' lang='lat' dir='ltr'>fuit</span> 
     </span>
    </p>
   </div>
   <div class='ocr_carea' id='block_1_6' title="bbox 267 5383 1805 5523">
    <p class='ocr_par' dir='ltr' id='par_1_7' title="bbox 267 5383 1805 5523">
     <span class='ocr_line' id='line_1_45' title="bbox 325 5383 1802 5450; baseline -0.001 -15"><span class='ocrx_word' id='word_1_285' title='bbox 325 5384 342 5419; x_wconf 91' lang='lat'>¹</span> <span class='ocrx_word' id='word_1_286' title='bbox 368 5386 407 5435; x_wconf 85' lang='lat' dir='ltr'>ll</span> <span class='ocrx_word' id='word_1_287' title='bbox 428 5387 567 5448; x_wconf 67' lang='lat' dir='ltr'>Cor„</span> <span class='ocrx_word' id='word_1_288' title='bbox 595 5396 691 5450; x_wconf 72' lang='grc' dir='ltr'>ιιι,</span> <span class='ocrx_word' id='word_1_289' title='bbox 720 5387 767 5433; x_wconf 87' lang='grc'>9.</span> <span class='ocrx_word' id='word_1_290' title='bbox 791 5410 844 5420; x_wconf 91' lang='lat'>—-</span> <span class='ocrx_word' id='word_1_291' title='bbox 866 5385 889 5418; x_wconf 86' lang='lat'><strong>¹</strong></span> <span class='ocrx_word' id='word_1_292' title='bbox 913 5384 1064 5446; x_wconf 66' lang='lat' dir='ltr'>laid„</span> <span class='ocrx_word' id='word_1_293' title='bbox 1090 5393 1209 5447; x_wconf 78' lang='lat'>1111,</span> <span class='ocrx_word' id='word_1_294' title='bbox 1238 5385 1286 5433; x_wconf 72' lang='lat'>4.</span> <span class='ocrx_word' id='word_1_295' title='bbox 1318 5411 1371 5420; x_wconf 89' lang='lat'>—</span> <span class='ocrx_word' id='word_1_296' title='bbox 1399 5384 1421 5418; x_wconf 85' lang='lat'>⁸</span> <span class='ocrx_word' id='word_1_297' title='bbox 1442 5385 1524 5446; x_wconf 81' lang='lat' dir='ltr'>Cf.</span> <span class='ocrx_word' id='word_1_298' title='bbox 1555 5383 1802 5434; x_wconf 75' lang='lat' dir='ltr'>Alexand.</span> 
     </span>
     <span class='ocr_line' id='line_1_46' title="bbox 267 5455 1805 5523; baseline -0.005 -10"><span class='ocrx_word' id='word_1_299' title='bbox 267 5456 473 5523; x_wconf 65' lang='lat' dir='ltr'>nensis,</span> <span class='ocrx_word' id='word_1_300' title='bbox 511 5472 565 5522; x_wconf 87' lang='lat' dir='ltr'>p.</span> <span class='ocrx_word' id='word_1_301' title='bbox 597 5457 686 5520; x_wconf 78' lang='lat'>1¹1,</span> <span class='ocrx_word' id='word_1_302' title='bbox 710 5469 868 5521; x_wconf 53' lang='lat' dir='ltr'><em>22¹1ae</em></span> <span class='ocrx_word' id='word_1_303' title='bbox 902 5456 1099 5509; x_wconf 82' lang='lat' dir='ltr'><strong>memb.</strong></span> <span class='ocrx_word' id='word_1_304' title='bbox 1127 5457 1187 5517; x_wconf 83' lang='lat'>2,</span> <span class='ocrx_word' id='word_1_305' title='bbox 1224 5458 1321 5507; x_wconf 84' lang='lat' dir='ltr'>art.</span> <span class='ocrx_word' id='word_1_306' title='bbox 1344 5459 1409 5518; x_wconf 73' lang='lat'>25</span> <span class='ocrx_word' id='word_1_307' title='bbox 1458 5459 1512 5508; x_wconf 82' lang='lat' dir='ltr'>S.</span> <span class='ocrx_word' id='word_1_308' title='bbox 1545 5455 1805 5521; x_wconf 81' lang='lat' dir='ltr'>Thomas,</span> 
     </span>
    </p>
   </div>
   <div class='ocr_carea' id='block_1_7' title="bbox 3293 480 3411 541">
    <p class='ocr_par' dir='ltr' id='par_1_8' title="bbox 3293 480 3411 541">
     <span class='ocr_line' id='line_1_47' title="bbox 3293 480 3411 541; baseline 0.008 -1"><span class='ocrx_word' id='word_1_309' title='bbox 3293 480 3411 541; x_wconf 78' lang='lat'>335</span> 
     </span>
    </p>
   </div>
   <div class='ocr_carea' id='block_1_8' title="bbox 1867 606 3445 3134">
    <p class='ocr_par' dir='ltr' id='par_1_9' title="bbox 1867 606 3423 1117">
     <span class='ocr_line' id='line_1_48' title="bbox 1867 606 3415 690; baseline 0.003 -21"><span class='ocrx_word' id='word_1_310' title='bbox 1867 607 2219 672; x_wconf 87' lang='lat' dir='ltr'>incurabile</span> <span class='ocrx_word' id='word_1_311' title='bbox 2270 630 2286 672; x_wconf 71' lang='grc' dir='ltr'><strong>ε</strong></span> <span class='ocrx_word' id='word_1_312' title='bbox 2331 625 2490 688; x_wconf 85' lang='lat' dir='ltr'>ergo</span> <span class='ocrx_word' id='word_1_313' title='bbox 2539 607 2593 669; x_wconf 90' lang='lat' dir='ltr'>si</span> <span class='ocrx_word' id='word_1_314' title='bbox 2645 606 2846 690; x_wconf 85' lang='lat' dir='ltr'>aliqui</span> <span class='ocrx_word' id='word_1_315' title='bbox 2891 607 3170 673; x_wconf 85' lang='lat' dir='ltr'>defectus</span> <span class='ocrx_word' id='word_1_316' title='bbox 3213 611 3415 674; x_wconf 90' lang='lat' dir='ltr'>nostri</span> 
     </span>
     <span class='ocr_line' id='line_1_49' title="bbox 1869 709 3420 793; baseline 0.002 -20"><span class='ocrx_word' id='word_1_317' title='bbox 1869 711 2131 775; x_wconf 86' lang='lat' dir='ltr'>fuerunt</span> <span class='ocrx_word' id='word_1_318' title='bbox 2178 731 2217 775; x_wconf 89' lang='lat' dir='ltr'>a</span> <span class='ocrx_word' id='word_1_319' title='bbox 2263 710 2508 775; x_wconf 86' lang='lat' dir='ltr'>Christo</span> <span class='ocrx_word' id='word_1_320' title='bbox 2548 709 3112 793; x_wconf 86' lang='lat' dir='ltr'>inassumptibiles,</span> <span class='ocrx_word' id='word_1_321' title='bbox 3158 712 3420 777; x_wconf 87' lang='lat' dir='ltr'>fuerunt</span> 
     </span>
     <span class='ocr_line' id='line_1_50' title="bbox 1871 815 3420 906; baseline 0.002 -26"><span class='ocrx_word' id='word_1_322' title='bbox 1871 817 2272 882; x_wconf 87' lang='lat' dir='ltr'>incurabiles.</span> <span class='ocrx_word' id='word_1_323' title='bbox 2315 815 2380 882; x_wconf 93' lang='lat' dir='ltr'>Si</span> <span class='ocrx_word' id='word_1_324' title='bbox 2408 835 2825 906; x_wconf 24' lang='lat' dir='ltr'>ergo-omnes</span> <span class='ocrx_word' id='word_1_325' title='bbox 2863 817 3124 881; x_wconf 86' lang='lat' dir='ltr'>fuerunt</span> <span class='ocrx_word' id='word_1_326' title='bbox 3161 820 3420 883; x_wconf 88' lang='lat' dir='ltr'>curabi-</span> 
     </span>
     <span class='ocr_line' id='line_1_51' title="bbox 1871 924 3423 1008; baseline 0.003 -20"><span class='ocrx_word' id='word_1_327' title='bbox 1871 924 1995 1004; x_wconf 87' lang='lat' dir='ltr'>les,</span> <span class='ocrx_word' id='word_1_328' title='bbox 2026 945 2250 990; x_wconf 88' lang='lat' dir='ltr'>omnes</span> <span class='ocrx_word' id='word_1_329' title='bbox 2276 926 2536 990; x_wconf 87' lang='lat' dir='ltr'>fuerunt</span> <span class='ocrx_word' id='word_1_330' title='bbox 2575 926 3040 1008; x_wconf 85' lang='lat' dir='ltr'>assumptibiles</span> <span class='ocrx_word' id='word_1_331' title='bbox 3072 945 3089 988; x_wconf 71' lang='grc' dir='ltr'>ε</span> <span class='ocrx_word' id='word_1_332' title='bbox 3119 944 3279 1008; x_wconf 81' lang='lat' dir='ltr'>ergo</span> <span class='ocrx_word' id='word_1_333' title='bbox 3314 928 3423 993; x_wconf 86' lang='lat' dir='ltr'>vi-</span> 
     </span>
     <span class='ocr_line' id='line_1_52' title="bbox 1873 1033 2967 1117; baseline 0.001 -20"><span class='ocrx_word' id='word_1_334' title='bbox 1873 1033 2058 1098; x_wconf 89' lang='lat' dir='ltr'>detur</span> <span class='ocrx_word' id='word_1_335' title='bbox 2084 1034 2256 1115; x_wconf 91' lang='lat' dir='ltr'>quod</span> <span class='ocrx_word' id='word_1_336' title='bbox 2282 1034 2698 1117; x_wconf 85' lang='lat' dir='ltr'>assumpserit</span> <span class='ocrx_word' id='word_1_337' title='bbox 2723 1052 2967 1098; x_wconf 89' lang='lat' dir='ltr'>omnes.</span> 
     </span>
    </p>

    <p class='ocr_par' dir='ltr' id='par_1_10' title="bbox 1874 1142 3434 2064">
     <span class='ocr_line' id='line_1_53' title="bbox 1956 1142 3420 1224; baseline 0.002 -19"><span class='ocrx_word' id='word_1_338' title='bbox 1956 1149 2013 1206; x_wconf 86' lang='lat'>3.</span> <span class='ocrx_word' id='word_1_339' title='bbox 2050 1142 2232 1221; x_wconf 84' lang='lat' dir='ltr'>Item,</span> <span class='ocrx_word' id='word_1_340' title='bbox 2263 1143 2332 1206; x_wconf 93' lang='lat' dir='ltr'>in</span> <span class='ocrx_word' id='word_1_341' title='bbox 2366 1143 2796 1224; x_wconf 83' lang='lat' dir='ltr'>assumptione</span> <span class='ocrx_word' id='word_1_342' title='bbox 2823 1145 3188 1207; x_wconf 89' lang='lat' dir='ltr'>nostrorum</span> <span class='ocrx_word' id='word_1_343' title='bbox 3215 1144 3420 1208; x_wconf 83' lang='lat' dir='ltr'>defec-</span> 
     </span>
     <span class='ocr_line' id='line_1_54' title="bbox 1874 1248 3419 1315; baseline 0.001 -2"><span class='ocrx_word' id='word_1_344' title='bbox 1874 1252 2063 1313; x_wconf 86' lang='lat' dir='ltr'>tuum</span> <span class='ocrx_word' id='word_1_345' title='bbox 2136 1250 2578 1314; x_wconf 84' lang='lat' dir='ltr'>manifestatur</span> <span class='ocrx_word' id='word_1_346' title='bbox 2640 1248 2860 1313; x_wconf 88' lang='lat' dir='ltr'>divina</span> <span class='ocrx_word' id='word_1_347' title='bbox 2926 1250 3352 1315; x_wconf 88' lang='lat' dir='ltr'>misericordia</span> <span class='ocrx_word' id='word_1_348' title='bbox 3401 1269 3419 1315; x_wconf 68' lang='grc' dir='ltr'><strong>ε</strong></span> 
     </span>
     <span class='ocr_line' id='line_1_55' title="bbox 1876 1356 3420 1439; baseline 0.002 -20"><span class='ocrx_word' id='word_1_349' title='bbox 1876 1374 2034 1437; x_wconf 82' lang='lat' dir='ltr'>ergo</span> <span class='ocrx_word' id='word_1_350' title='bbox 2078 1356 2149 1419; x_wconf 91' lang='lat' dir='ltr'>in</span> <span class='ocrx_word' id='word_1_351' title='bbox 2194 1357 2625 1439; x_wconf 86' lang='lat' dir='ltr'>assumptione</span> <span class='ocrx_word' id='word_1_352' title='bbox 2684 1356 2973 1438; x_wconf 91' lang='lat' dir='ltr'>plurium</span> <span class='ocrx_word' id='word_1_353' title='bbox 3021 1358 3383 1422; x_wconf 84' lang='lat' dir='ltr'>defectuum</span> <span class='ocrx_word' id='word_1_354' title='bbox 3400 1404 3420 1435; x_wconf 86' lang='lat'>,</span> 
     </span>
     <span class='ocr_line' id='line_1_56' title="bbox 1878 1462 3427 1545; baseline 0.001 -19"><span class='ocrx_word' id='word_1_355' title='bbox 1878 1462 2231 1527; x_wconf 87' lang='lat' dir='ltr'>ostenditur</span> <span class='ocrx_word' id='word_1_356' title='bbox 2299 1466 2508 1545; x_wconf 77' lang='lat' dir='ltr'>major</span> <span class='ocrx_word' id='word_1_357' title='bbox 2571 1462 3037 1542; x_wconf 90' lang='lat' dir='ltr'>misericordia;</span> <span class='ocrx_word' id='word_1_358' title='bbox 3095 1468 3158 1528; x_wconf 89' lang='lat' dir='ltr'>et</span> <span class='ocrx_word' id='word_1_359' title='bbox 3211 1464 3280 1527; x_wconf 90' lang='lat' dir='ltr'>in</span> <span class='ocrx_word' id='word_1_360' title='bbox 3325 1482 3427 1528; x_wconf 87' lang='lat' dir='ltr'>as-</span> 
     </span>
     <span class='ocr_line' id='line_1_57' title="bbox 1878 1569 3429 1653; baseline 0.002 -20"><span class='ocrx_word' id='word_1_361' title='bbox 1878 1571 2240 1653; x_wconf 87' lang='lat' dir='ltr'>sumptione</span> <span class='ocrx_word' id='word_1_362' title='bbox 2263 1570 2579 1645; x_wconf 87' lang='lat' dir='ltr'>omnium,</span> <span class='ocrx_word' id='word_1_363' title='bbox 2597 1569 2949 1635; x_wconf 81' lang='lat' dir='ltr'>ostenditur</span> <span class='ocrx_word' id='word_1_364' title='bbox 2977 1572 3283 1635; x_wconf 75' lang='lat' dir='ltr'>maxima.</span> <span class='ocrx_word' id='word_1_365' title='bbox 3306 1570 3429 1636; x_wconf 88' lang='lat' dir='ltr'>Sed</span> 
     </span>
     <span class='ocr_line' id='line_1_58' title="bbox 1881 1675 3427 1742; baseline 0.001 -2"><span class='ocrx_word' id='word_1_366' title='bbox 1881 1679 2169 1741; x_wconf 79' lang='lat' dir='ltr'>maxima</span> <span class='ocrx_word' id='word_1_367' title='bbox 2205 1677 2637 1741; x_wconf 86' lang='lat' dir='ltr'>misericordia</span> <span class='ocrx_word' id='word_1_368' title='bbox 2663 1675 2773 1740; x_wconf 90' lang='lat' dir='ltr'>Dei</span> <span class='ocrx_word' id='word_1_369' title='bbox 2800 1680 3053 1741; x_wconf 85' lang='lat' dir='ltr'>ostensa</span> <span class='ocrx_word' id='word_1_370' title='bbox 3077 1677 3196 1742; x_wconf 79' lang='lat' dir='ltr'>fuit</span> <span class='ocrx_word' id='word_1_371' title='bbox 3223 1678 3292 1742; x_wconf 93' lang='lat' dir='ltr'>in</span> <span class='ocrx_word' id='word_1_372' title='bbox 3328 1695 3427 1741; x_wconf 88' lang='lat' dir='ltr'>as·</span> 
     </span>
     <span class='ocr_line' id='line_1_59' title="bbox 1880 1783 3431 1868; baseline 0 -20"><span class='ocrx_word' id='word_1_373' title='bbox 1880 1785 2245 1868; x_wconf 87' lang='lat' dir='ltr'>sumptione</span> <span class='ocrx_word' id='word_1_374' title='bbox 2300 1790 2662 1848; x_wconf 84' lang='lat' dir='ltr'>nostrarum</span> <span class='ocrx_word' id='word_1_375' title='bbox 2716 1783 3167 1848; x_wconf 83' lang='lat' dir='ltr'>infirmitatum</span> <span class='ocrx_word' id='word_1_376' title='bbox 3218 1789 3282 1849; x_wconf 91' lang='lat' dir='ltr'>et</span> <span class='ocrx_word' id='word_1_377' title='bbox 3328 1785 3431 1848; x_wconf 90' lang='lat' dir='ltr'>de-</span> 
     </span>
     <span class='ocr_line' id='line_1_60' title="bbox 1882 1889 3434 1973; baseline 0.001 -19"><span class='ocrx_word' id='word_1_378' title='bbox 1882 1892 2165 1957; x_wconf 87' lang='lat' dir='ltr'>fectuum</span> <span class='ocrx_word' id='word_1_379' title='bbox 2190 1915 2205 1956; x_wconf 69' lang='grc' dir='ltr'>ι</span> <span class='ocrx_word' id='word_1_380' title='bbox 2232 1910 2393 1972; x_wconf 83' lang='lat' dir='ltr'>ergo</span> <span class='ocrx_word' id='word_1_381' title='bbox 2423 1889 2677 1955; x_wconf 86' lang='lat' dir='ltr'>videtur</span> <span class='ocrx_word' id='word_1_382' title='bbox 2703 1890 2877 1973; x_wconf 85' lang='lat' dir='ltr'>quod</span> <span class='ocrx_word' id='word_1_383' title='bbox 2906 1891 3187 1956; x_wconf 86' lang='lat' dir='ltr'>Christus</span> <span class='ocrx_word' id='word_1_384' title='bbox 3210 1909 3434 1955; x_wconf 88' lang='lat' dir='ltr'>omnes</span> 
     </span>
     <span class='ocr_line' id='line_1_61' title="bbox 1883 1997 3050 2064; baseline 0 -2"><span class='ocrx_word' id='word_1_385' title='bbox 1883 1998 2162 2063; x_wconf 82' lang='lat' dir='ltr'>defectus</span> <span class='ocrx_word' id='word_1_386' title='bbox 2187 2004 2436 2064; x_wconf 80' lang='lat' dir='ltr'>nostros</span> <span class='ocrx_word' id='word_1_387' title='bbox 2460 1997 2678 2062; x_wconf 86' lang='lat' dir='ltr'>debuit</span> <span class='ocrx_word' id='word_1_388' title='bbox 2703 2016 3050 2062; x_wconf 88' lang='lat' dir='ltr'>assumere.</span> 
     </span>
    </p>

    <p class='ocr_par' dir='ltr' id='par_1_11' title="bbox 1886 2106 3445 3134">
     <span class='ocr_line' id='line_1_62' title="bbox 1964 2106 3431 2189; baseline -0.001 -18"><span class='ocrx_word' id='word_1_389' title='bbox 1964 2113 2025 2172; x_wconf 71' lang='lat'>4.</span> <span class='ocrx_word' id='word_1_390' title='bbox 2063 2108 2221 2172; x_wconf 89' lang='lat' dir='ltr'>ltem</span> <span class='ocrx_word' id='word_1_391' title='bbox 2249 2110 2317 2172; x_wconf 92' lang='lat' dir='ltr'>in</span> <span class='ocrx_word' id='word_1_392' title='bbox 2346 2111 2711 2172; x_wconf 87' lang='lat' dir='ltr'>nostrorum</span> <span class='ocrx_word' id='word_1_393' title='bbox 2738 2106 3099 2171; x_wconf 81' lang='lat' dir='ltr'>defectuum</span> <span class='ocrx_word' id='word_1_394' title='bbox 3135 2125 3431 2189; x_wconf 89' lang='lat' dir='ltr'>assump-</span> 
     </span>
     <span class='ocr_line' id='line_1_63' title="bbox 1889 2213 3436 2279; baseline -0.002 0"><span class='ocrx_word' id='word_1_395' title='bbox 1889 2215 2059 2279; x_wconf 88' lang='lat' dir='ltr'>tione</span> <span class='ocrx_word' id='word_1_396' title='bbox 2098 2215 2217 2279; x_wconf 81' lang='lat' dir='ltr'>suit</span> <span class='ocrx_word' id='word_1_397' title='bbox 2243 2214 2601 2278; x_wconf 87' lang='lat' dir='ltr'>humiliatio</span> <span class='ocrx_word' id='word_1_398' title='bbox 2635 2236 2649 2277; x_wconf 91' lang='lat'>:</span> <span class='ocrx_word' id='word_1_399' title='bbox 2680 2213 2790 2276; x_wconf 92' lang='lat' dir='ltr'>sed</span> <span class='ocrx_word' id='word_1_400' title='bbox 2821 2217 3077 2278; x_wconf 86' lang='lat' dir='ltr'>tantum</span> <span class='ocrx_word' id='word_1_401' title='bbox 3102 2232 3170 2277; x_wconf 91' lang='lat' dir='ltr'>se</span> <span class='ocrx_word' id='word_1_402' title='bbox 3212 2214 3436 2278; x_wconf 83' lang='lat' dir='ltr'>humi·-</span> 
     </span>
     <span class='ocr_line' id='line_1_64' title="bbox 1886 2320 3436 2404; baseline -0.001 -19"><span class='ocrx_word' id='word_1_403' title='bbox 1886 2322 2105 2401; x_wconf 86' lang='lat' dir='ltr'>liavit,</span> <span class='ocrx_word' id='word_1_404' title='bbox 2139 2326 2453 2404; x_wconf 84' lang='lat' dir='ltr'>quantum</span> <span class='ocrx_word' id='word_1_405' title='bbox 2489 2321 2729 2403; x_wconf 87' lang='lat' dir='ltr'>potuit,</span> <span class='ocrx_word' id='word_1_406' title='bbox 2761 2321 3113 2385; x_wconf 91' lang='lat' dir='ltr'>secundum</span> <span class='ocrx_word' id='word_1_407' title='bbox 3147 2321 3319 2403; x_wconf 92' lang='lat' dir='ltr'>quod</span> <span class='ocrx_word' id='word_1_408' title='bbox 3344 2320 3436 2384; x_wconf 90' lang='lat' dir='ltr'>di-</span> 
     </span>
     <span class='ocr_line' id='line_1_65' title="bbox 1889 2427 3438 2509; baseline -0.001 -16"><span class='ocrx_word' id='word_1_409' title='bbox 1889 2430 1973 2493; x_wconf 90' lang='lat' dir='ltr'>cit</span> <span class='ocrx_word' id='word_1_410' title='bbox 2018 2429 2382 2493; x_wconf 88' lang='lat' dir='ltr'>Bernardus</span> <span class='ocrx_word' id='word_1_411' title='bbox 2432 2448 2449 2492; x_wconf 73' lang='grc' dir='ltr'>ε</span> <span class='ocrx_word' id='word_1_412' title='bbox 2500 2454 2530 2488; x_wconf 79' lang='grc' dir='ltr'>α</span> <span class='ocrx_word' id='word_1_413' title='bbox 2581 2428 2908 2492; x_wconf 86' lang='lat' dir='ltr'>Descendit</span> <span class='ocrx_word' id='word_1_414' title='bbox 2949 2432 3266 2509; x_wconf 89' lang='lat' dir='ltr'>quantum</span> <span class='ocrx_word' id='word_1_415' title='bbox 3302 2427 3438 2492; x_wconf 86' lang='lat' dir='ltr'>des-</span> 
     </span>
     <span class='ocr_line' id='line_1_66' title="bbox 1890 2536 3440 2620; baseline -0.001 -19"><span class='ocrx_word' id='word_1_416' title='bbox 1890 2538 2158 2602; x_wconf 89' lang='lat' dir='ltr'>cendere</span> <span class='ocrx_word' id='word_1_417' title='bbox 2186 2537 2410 2620; x_wconf 89' lang='lat' dir='ltr'>potuit.</span> <span class='ocrx_word' id='word_1_418' title='bbox 2447 2558 2477 2595; x_wconf 75' lang='lat' dir='ltr'>n</span> <span class='ocrx_word' id='word_1_419' title='bbox 2508 2536 2572 2599; x_wconf 84' lang='lat' dir='ltr'>Si</span> <span class='ocrx_word' id='word_1_420' title='bbox 2596 2554 2757 2616; x_wconf 80' lang='lat' dir='ltr'>ergo</span> <span class='ocrx_word' id='word_1_421' title='bbox 2787 2537 2993 2617; x_wconf 89' lang='lat' dir='ltr'>major</span> <span class='ocrx_word' id='word_1_422' title='bbox 3020 2540 3112 2599; x_wconf 87' lang='lat' dir='ltr'>est</span> <span class='ocrx_word' id='word_1_423' title='bbox 3140 2536 3440 2600; x_wconf 89' lang='lat' dir='ltr'>humilia-</span> 
     </span>
     <span class='ocr_line' id='line_1_67' title="bbox 1891 2642 3435 2724; baseline -0.001 -17"><span class='ocrx_word' id='word_1_424' title='bbox 1891 2644 1980 2707; x_wconf 87' lang='lat' dir='ltr'>tio</span> <span class='ocrx_word' id='word_1_425' title='bbox 2046 2643 2113 2706; x_wconf 89' lang='lat' dir='ltr'>in</span> <span class='ocrx_word' id='word_1_426' title='bbox 2183 2643 2614 2724; x_wconf 88' lang='lat' dir='ltr'>assumptione</span> <span class='ocrx_word' id='word_1_427' title='bbox 2679 2643 2963 2724; x_wconf 91' lang='lat' dir='ltr'>plurium</span> <span class='ocrx_word' id='word_1_428' title='bbox 3028 2642 3391 2706; x_wconf 76' lang='lat' dir='ltr'>defectuum</span> <span class='ocrx_word' id='word_1_429' title='bbox 3417 2690 3435 2720; x_wconf 92' lang='lat'>‚</span> 
     </span>
     <span class='ocr_line' id='line_1_68' title="bbox 1891 2748 3439 2832; baseline 0 -19"><span class='ocrx_word' id='word_1_430' title='bbox 1891 2767 2088 2832; x_wconf 89' lang='lat' dir='ltr'>quam</span> <span class='ocrx_word' id='word_1_431' title='bbox 2136 2767 2527 2832; x_wconf 79' lang='lat' dir='ltr'>paucorum3</span> <span class='ocrx_word' id='word_1_432' title='bbox 2578 2753 2639 2812; x_wconf 85' lang='lat' dir='ltr'>et</span> <span class='ocrx_word' id='word_1_433' title='bbox 2704 2748 2773 2811; x_wconf 88' lang='lat' dir='ltr'>in</span> <span class='ocrx_word' id='word_1_434' title='bbox 2825 2749 3256 2832; x_wconf 86' lang='lat' dir='ltr'>assumptione</span> <span class='ocrx_word' id='word_1_435' title='bbox 3299 2767 3439 2813; x_wconf 92' lang='lat' dir='ltr'>om-</span> 
     </span>
     <span class='ocr_line' id='line_1_69' title="bbox 1895 2854 3443 2937; baseline 0 -18"><span class='ocrx_word' id='word_1_436' title='bbox 1895 2856 2114 2933; x_wconf 72' lang='lat' dir='ltr'>nium,</span> <span class='ocrx_word' id='word_1_437' title='bbox 2173 2874 2370 2937; x_wconf 84' lang='lat' dir='ltr'>quam</span> <span class='ocrx_word' id='word_1_438' title='bbox 2430 2854 2898 2937; x_wconf 83' lang='lat' dir='ltr'>quorumdam3</span> <span class='ocrx_word' id='word_1_439' title='bbox 2954 2855 3210 2921; x_wconf 83' lang='lat' dir='ltr'>videtur</span> <span class='ocrx_word' id='word_1_440' title='bbox 3270 2855 3443 2937; x_wconf 88' lang='lat' dir='ltr'>quod</span> 
     </span>
     <span class='ocr_line' id='line_1_70' title="bbox 1896 2962 3445 3028; baseline -0.001 -1"><span class='ocrx_word' id='word_1_441' title='bbox 1896 2963 2180 3028; x_wconf 88' lang='lat' dir='ltr'>Christus</span> <span class='ocrx_word' id='word_1_442' title='bbox 2235 2980 2559 3027; x_wconf 89' lang='lat' dir='ltr'>assumere</span> <span class='ocrx_word' id='word_1_443' title='bbox 2610 2962 2904 3026; x_wconf 84' lang='lat' dir='ltr'>debuerit</span> <span class='ocrx_word' id='word_1_444' title='bbox 2962 2963 3445 3027; x_wconf 84' lang='lat' dir='ltr'>universitatem</span> 
     </span>
     <span class='ocr_line' id='line_1_71' title="bbox 1897 3070 2681 3134; baseline -0.003 -1"><span class='ocrx_word' id='word_1_445' title='bbox 1897 3070 2256 3134; x_wconf 88' lang='lat' dir='ltr'>defectuum</span> <span class='ocrx_word' id='word_1_446' title='bbox 2293 3075 2681 3134; x_wconf 89' lang='lat' dir='ltr'>nostrorum.</span> 
     </span>
    </p>
   </div>
   <div class='ocr_carea' id='block_1_9' title="bbox 1980 3176 3680 3248">
    <p class='ocr_par' dir='ltr' id='par_1_12' title="bbox 1980 3176 3680 3248">
     <span class='ocr_line' id='line_1_72' title="bbox 1980 3176 3680 3248; baseline 0.002 -6"><span class='ocrx_word' id='word_1_447' title='bbox 1980 3178 2104 3242; x_wconf 92' lang='lat' dir='ltr'>Sed</span> <span class='ocrx_word' id='word_1_448' title='bbox 2155 3183 2376 3242; x_wconf 88' lang='lat' dir='ltr'>contra</span> <span class='ocrx_word' id='word_1_449' title='bbox 2425 3201 2439 3242; x_wconf 90' lang='lat'>:</span> <span class='ocrx_word' id='word_1_450' title='bbox 2491 3177 2565 3241; x_wconf 92' lang='lat' dir='ltr'>In</span> <span class='ocrx_word' id='word_1_451' title='bbox 2612 3176 2793 3241; x_wconf 91' lang='lat' dir='ltr'>nobis</span> <span class='ocrx_word' id='word_1_452' title='bbox 2835 3177 3130 3243; x_wconf 86' lang='lat' dir='ltr'>videmus</span> <span class='ocrx_word' id='word_1_453' title='bbox 3169 3180 3445 3244; x_wconf 85' lang='lat' dir='ltr'>defectus</span> <span class='ocrx_word' id='word_1_454' title='bbox 3473 3202 3680 3248; x_wconf 62' lang='lat' dir='ltr'>randum.</span> 
     </span>
    </p>
   </div>
   <div class='ocr_carea' id='block_1_10' title="bbox 1898 3284 3458 5189">
    <p class='ocr_par' dir='ltr' id='par_1_13' title="bbox 1898 3284 3449 3792">
     <span class='ocr_line' id='line_1_73' title="bbox 1902 3284 3448 3366; baseline 0.002 -18"><span class='ocrx_word' id='word_1_455' title='bbox 1902 3287 2376 3364; x_wconf 84' lang='lat' dir='ltr'>membrorum,</span> <span class='ocrx_word' id='word_1_456' title='bbox 2406 3289 2469 3349; x_wconf 93' lang='lat' dir='ltr'>et</span> <span class='ocrx_word' id='word_1_457' title='bbox 2510 3284 2877 3366; x_wconf 88' lang='lat' dir='ltr'>aliquorum</span> <span class='ocrx_word' id='word_1_458' title='bbox 2915 3304 3223 3350; x_wconf 90' lang='lat' dir='ltr'>sensuum</span> <span class='ocrx_word' id='word_1_459' title='bbox 3269 3290 3448 3350; x_wconf 82' lang='lat' dir='ltr'>exte-</span> 
     </span>
     <span class='ocr_line' id='line_1_74' title="bbox 1898 3391 3448 3470; baseline -0.001 -14"><span class='ocrx_word' id='word_1_460' title='bbox 1898 3393 2176 3469; x_wconf 88' lang='lat' dir='ltr'>riorum,</span> <span class='ocrx_word' id='word_1_461' title='bbox 2219 3393 2387 3456; x_wconf 90' lang='lat' dir='ltr'>sicut</span> <span class='ocrx_word' id='word_1_462' title='bbox 2431 3392 2634 3470; x_wconf 79' lang='lat' dir='ltr'>visuS,</span> <span class='ocrx_word' id='word_1_463' title='bbox 2683 3394 2746 3454; x_wconf 89' lang='lat' dir='ltr'>et</span> <span class='ocrx_word' id='word_1_464' title='bbox 2790 3391 3096 3455; x_wconf 85' lang='lat' dir='ltr'>auditus:</span> <span class='ocrx_word' id='word_1_465' title='bbox 3142 3393 3250 3457; x_wconf 90' lang='lat' dir='ltr'>sed</span> <span class='ocrx_word' id='word_1_466' title='bbox 3291 3393 3448 3456; x_wconf 83' lang='lat' dir='ltr'>tales</span> 
     </span>
     <span class='ocr_line' id='line_1_75' title="bbox 1901 3497 3449 3580; baseline -0.001 -16"><span class='ocrx_word' id='word_1_467' title='bbox 1901 3499 2186 3564; x_wconf 87' lang='lat' dir='ltr'>Christus</span> <span class='ocrx_word' id='word_1_468' title='bbox 2215 3517 2344 3562; x_wconf 90' lang='lat' dir='ltr'>non</span> <span class='ocrx_word' id='word_1_469' title='bbox 2371 3497 2740 3580; x_wconf 85' lang='lat' dir='ltr'>assumpsit,</span> <span class='ocrx_word' id='word_1_470' title='bbox 2780 3516 2896 3561; x_wconf 85' lang='lat' dir='ltr'>nec</span> <span class='ocrx_word' id='word_1_471' title='bbox 2937 3498 3147 3563; x_wconf 87' lang='lat' dir='ltr'>decuit</span> <span class='ocrx_word' id='word_1_472' title='bbox 3178 3517 3330 3563; x_wconf 90' lang='lat' dir='ltr'>eum</span> <span class='ocrx_word' id='word_1_473' title='bbox 3355 3517 3449 3562; x_wconf 88' lang='lat' dir='ltr'>as-</span> 
     </span>
     <span class='ocr_line' id='line_1_76' title="bbox 1899 3604 3448 3686; baseline -0.001 -15"><span class='ocrx_word' id='word_1_474' title='bbox 1899 3624 2156 3671; x_wconf 89' lang='lat' dir='ltr'>sumere</span> <span class='ocrx_word' id='word_1_475' title='bbox 2188 3627 2204 3668; x_wconf 89' lang='lat'><strong>:</strong></span> <span class='ocrx_word' id='word_1_476' title='bbox 2247 3624 2406 3686; x_wconf 81' lang='lat' dir='ltr'>ergo</span> <span class='ocrx_word' id='word_1_477' title='bbox 2447 3624 2575 3669; x_wconf 91' lang='lat' dir='ltr'>non</span> <span class='ocrx_word' id='word_1_478' title='bbox 2616 3604 2830 3669; x_wconf 85' lang='lat' dir='ltr'>decuit</span> <span class='ocrx_word' id='word_1_479' title='bbox 2871 3605 3086 3686; x_wconf 89' lang='lat' dir='ltr'>ipsum</span> <span class='ocrx_word' id='word_1_480' title='bbox 3124 3623 3448 3669; x_wconf 90' lang='lat' dir='ltr'>assumere</span> 
     </span>
     <span class='ocr_line' id='line_1_77' title="bbox 1900 3711 3036 3792; baseline -0.002 -15"><span class='ocrx_word' id='word_1_481' title='bbox 1900 3730 2124 3778; x_wconf 86' lang='lat' dir='ltr'>omnes</span> <span class='ocrx_word' id='word_1_482' title='bbox 2151 3711 2432 3776; x_wconf 89' lang='lat' dir='ltr'>defectus</span> <span class='ocrx_word' id='word_1_483' title='bbox 2456 3715 2706 3775; x_wconf 87' lang='lat' dir='ltr'>nostros</span> <span class='ocrx_word' id='word_1_484' title='bbox 2737 3712 3036 3792; x_wconf 83' lang='lat' dir='ltr'>poenales.</span> 
     </span>
    </p>

    <p class='ocr_par' dir='ltr' id='par_1_14' title="bbox 1902 3817 3457 4529">
     <span class='ocr_line' id='line_1_78' title="bbox 1982 3817 3448 3901; baseline -0.001 -19"><span class='ocrx_word' id='word_1_485' title='bbox 1982 3818 2175 3898; x_wconf 83' lang='lat' dir='ltr'>Item,</span> <span class='ocrx_word' id='word_1_486' title='bbox 2225 3818 2296 3881; x_wconf 92' lang='lat' dir='ltr'>in</span> <span class='ocrx_word' id='word_1_487' title='bbox 2340 3818 2525 3882; x_wconf 91' lang='lat' dir='ltr'>nobis</span> <span class='ocrx_word' id='word_1_488' title='bbox 2582 3819 2989 3901; x_wconf 86' lang='lat' dir='ltr'>reperiuntur</span> <span class='ocrx_word' id='word_1_489' title='bbox 3032 3817 3448 3899; x_wconf 63' lang='lat' dir='ltr'>aegritudines</span> 
     </span>
     <span class='ocr_line' id='line_1_79' title="bbox 1904 3924 3451 4007; baseline -0.001 -16"><span class='ocrx_word' id='word_1_490' title='bbox 1904 3925 2267 4004; x_wconf 80' lang='lat' dir='ltr'>contrariae,</span> <span class='ocrx_word' id='word_1_491' title='bbox 2297 3924 2459 3989; x_wconf 89' lang='lat' dir='ltr'>sicut</span> <span class='ocrx_word' id='word_1_492' title='bbox 2485 3929 2657 4007; x_wconf 82' lang='lat' dir='ltr'>patet</span> <span class='ocrx_word' id='word_1_493' title='bbox 2684 3926 2754 3988; x_wconf 92' lang='lat' dir='ltr'>in</span> <span class='ocrx_word' id='word_1_494' title='bbox 2780 3925 3097 4002; x_wconf 88' lang='lat' dir='ltr'>febribus,</span> <span class='ocrx_word' id='word_1_495' title='bbox 3132 3925 3290 3989; x_wconf 91' lang='lat' dir='ltr'>etin</span> <span class='ocrx_word' id='word_1_496' title='bbox 3312 3925 3451 3989; x_wconf 89' lang='lat' dir='ltr'>aliis</span> 
     </span>
     <span class='ocr_line' id='line_1_80' title="bbox 1902 4031 3452 4115; baseline -0.001 -17"><span class='ocrx_word' id='word_1_497' title='bbox 1902 4033 2425 4111; x_wconf 79' lang='lat' dir='ltr'>infirmitatibus3</span> <span class='ocrx_word' id='word_1_498' title='bbox 2456 4032 2866 4115; x_wconf 89' lang='lat' dir='ltr'>reperiuntur</span> <span class='ocrx_word' id='word_1_499' title='bbox 2894 4033 3085 4097; x_wconf 87' lang='lat' dir='ltr'>etiam</span> <span class='ocrx_word' id='word_1_500' title='bbox 3116 4031 3452 4114; x_wconf 84' lang='lat' dir='ltr'>aegritudi-</span> 
     </span>
     <span class='ocr_line' id='line_1_81' title="bbox 1905 4138 3449 4222; baseline -0.002 -16"><span class='ocrx_word' id='word_1_501' title='bbox 1905 4160 2018 4206; x_wconf 88' lang='lat' dir='ltr'>nes</span> <span class='ocrx_word' id='word_1_502' title='bbox 2050 4138 2431 4203; x_wconf 89' lang='lat' dir='ltr'>incurabiles</span> <span class='ocrx_word' id='word_1_503' title='bbox 2464 4157 2480 4202; x_wconf 75' lang='grc' dir='ltr'><strong><em>ε</em></strong></span> <span class='ocrx_word' id='word_1_504' title='bbox 2515 4155 2671 4220; x_wconf 83' lang='lat' dir='ltr'>ergo</span> <span class='ocrx_word' id='word_1_505' title='bbox 2711 4139 2766 4202; x_wconf 91' lang='lat' dir='ltr'>si</span> <span class='ocrx_word' id='word_1_506' title='bbox 2792 4138 3108 4203; x_wconf 87' lang='lat' dir='ltr'>contraria</span> <span class='ocrx_word' id='word_1_507' title='bbox 3137 4158 3267 4203; x_wconf 90' lang='lat' dir='ltr'>non</span> <span class='ocrx_word' id='word_1_508' title='bbox 3299 4158 3449 4222; x_wconf 90' lang='lat' dir='ltr'>pos-</span> 
     </span>
     <span class='ocr_line' id='line_1_82' title="bbox 1906 4246 3457 4330; baseline -0.003 -15"><span class='ocrx_word' id='word_1_509' title='bbox 1906 4253 2058 4315; x_wconf 85' lang='lat' dir='ltr'>sunt</span> <span class='ocrx_word' id='word_1_510' title='bbox 2084 4248 2283 4312; x_wconf 87' lang='lat' dir='ltr'>simul</span> <span class='ocrx_word' id='word_1_511' title='bbox 2309 4266 2444 4313; x_wconf 89' lang='lat' dir='ltr'>esse</span> <span class='ocrx_word' id='word_1_512' title='bbox 2469 4248 2539 4312; x_wconf 93' lang='lat' dir='ltr'>in</span> <span class='ocrx_word' id='word_1_513' title='bbox 2566 4247 2812 4326; x_wconf 89' lang='lat' dir='ltr'>eodem,</span> <span class='ocrx_word' id='word_1_514' title='bbox 2841 4247 3095 4312; x_wconf 86' lang='lat' dir='ltr'>videtur</span> <span class='ocrx_word' id='word_1_515' title='bbox 3124 4246 3296 4330; x_wconf 85' lang='lat' dir='ltr'>quod</span> <span class='ocrx_word' id='word_1_516' title='bbox 3322 4266 3457 4311; x_wconf 90' lang='lat' dir='ltr'>om·</span> 
     </span>
     <span class='ocr_line' id='line_1_83' title="bbox 1906 4355 3451 4439; baseline -0.002 -18"><span class='ocrx_word' id='word_1_517' title='bbox 1906 4376 2021 4423; x_wconf 88' lang='lat' dir='ltr'>nes</span> <span class='ocrx_word' id='word_1_518' title='bbox 2056 4356 2337 4422; x_wconf 82' lang='lat' dir='ltr'>defectus</span> <span class='ocrx_word' id='word_1_519' title='bbox 2384 4361 2633 4421; x_wconf 89' lang='lat' dir='ltr'>nostros</span> <span class='ocrx_word' id='word_1_520' title='bbox 2672 4356 2952 4439; x_wconf 84' lang='lat' dir='ltr'>poenales</span> <span class='ocrx_word' id='word_1_521' title='bbox 2991 4374 3110 4420; x_wconf 89' lang='lat' dir='ltr'>nec</span> <span class='ocrx_word' id='word_1_522' title='bbox 3141 4355 3417 4438; x_wconf 89' lang='lat' dir='ltr'>potuerit</span> <span class='ocrx_word' id='word_1_523' title='bbox 3432 4402 3451 4435; x_wconf 95' lang='lat'>,</span> 
     </span>
     <span class='ocr_line' id='line_1_84' title="bbox 1907 4463 2941 4529; baseline -0.003 -1"><span class='ocrx_word' id='word_1_524' title='bbox 1907 4482 2023 4529; x_wconf 91' lang='lat' dir='ltr'>nec</span> <span class='ocrx_word' id='word_1_525' title='bbox 2050 4463 2346 4528; x_wconf 91' lang='lat' dir='ltr'>debuerit</span> <span class='ocrx_word' id='word_1_526' title='bbox 2374 4463 2569 4527; x_wconf 89' lang='lat' dir='ltr'>simul</span> <span class='ocrx_word' id='word_1_527' title='bbox 2595 4480 2941 4526; x_wconf 91' lang='lat' dir='ltr'>assumere.</span> 
     </span>
    </p>

    <p class='ocr_par' dir='ltr' id='par_1_15' title="bbox 1909 4569 3458 5189">
     <span class='ocr_line' id='line_1_85' title="bbox 1990 4569 3456 4652; baseline -0.002 -16"><span class='ocrx_word' id='word_1_528' title='bbox 1990 4571 2150 4636; x_wconf 87' lang='lat' dir='ltr'>Item</span> <span class='ocrx_word' id='word_1_529' title='bbox 2171 4572 2393 4647; x_wconf 85' lang='lat' dir='ltr'>fomes,</span> <span class='ocrx_word' id='word_1_530' title='bbox 2424 4575 2489 4634; x_wconf 85' lang='lat' dir='ltr'>et</span> <span class='ocrx_word' id='word_1_531' title='bbox 2513 4569 2795 4652; x_wconf 90' lang='lat' dir='ltr'>pronitas</span> <span class='ocrx_word' id='word_1_532' title='bbox 2820 4570 2900 4634; x_wconf 91' lang='lat' dir='ltr'>ad</span> <span class='ocrx_word' id='word_1_533' title='bbox 2931 4569 3173 4633; x_wconf 88' lang='lat' dir='ltr'>malum</span> <span class='ocrx_word' id='word_1_534' title='bbox 3201 4587 3332 4633; x_wconf 91' lang='lat' dir='ltr'>non</span> <span class='ocrx_word' id='word_1_535' title='bbox 3361 4573 3456 4633; x_wconf 89' lang='lat' dir='ltr'>est</span> 
     </span>
     <span class='ocr_line' id='line_1_86' title="bbox 1910 4677 3456 4762; baseline -0.003 -17"><span class='ocrx_word' id='word_1_536' title='bbox 1910 4681 2135 4762; x_wconf 89' lang='lat' dir='ltr'>culpa,</span> <span class='ocrx_word' id='word_1_537' title='bbox 2165 4681 2318 4762; x_wconf 88' lang='lat' dir='ltr'>quia</span> <span class='ocrx_word' id='word_1_538' title='bbox 2343 4682 2549 4761; x_wconf 80' lang='lat' dir='ltr'>potest</span> <span class='ocrx_word' id='word_1_539' title='bbox 2580 4696 2715 4742; x_wconf 90' lang='lat' dir='ltr'>esse</span> <span class='ocrx_word' id='word_1_540' title='bbox 2742 4678 2813 4741; x_wconf 91' lang='lat' dir='ltr'>in</span> <span class='ocrx_word' id='word_1_541' title='bbox 2843 4678 3027 4742; x_wconf 91' lang='lat' dir='ltr'>nobis</span> <span class='ocrx_word' id='word_1_542' title='bbox 3061 4678 3237 4741; x_wconf 90' lang='lat' dir='ltr'>omni</span> <span class='ocrx_word' id='word_1_543' title='bbox 3265 4677 3456 4760; x_wconf 90' lang='lat' dir='ltr'>culpa</span> 
     </span>
     <span class='ocr_line' id='line_1_87' title="bbox 1909 4783 3457 4852; baseline -0.005 0"><span class='ocrx_word' id='word_1_544' title='bbox 1909 4786 2114 4852; x_wconf 83' lang='lat' dir='ltr'>deleta</span> <span class='ocrx_word' id='word_1_545' title='bbox 2144 4807 2159 4849; x_wconf 73' lang='grc' dir='ltr'><strong><em>ε</em></strong></span> <span class='ocrx_word' id='word_1_546' title='bbox 2193 4786 2304 4851; x_wconf 89' lang='lat' dir='ltr'>sed</span> <span class='ocrx_word' id='word_1_547' title='bbox 2328 4785 2612 4850; x_wconf 86' lang='lat' dir='ltr'>Christus</span> <span class='ocrx_word' id='word_1_548' title='bbox 2639 4785 2833 4849; x_wconf 82' lang='lat' dir='ltr'>talem</span> <span class='ocrx_word' id='word_1_549' title='bbox 2863 4784 3179 4848; x_wconf 89' lang='lat' dir='ltr'>defectum</span> <span class='ocrx_word' id='word_1_550' title='bbox 3204 4801 3320 4847; x_wconf 91' lang='lat' dir='ltr'>nec</span> <span class='ocrx_word' id='word_1_551' title='bbox 3347 4783 3457 4845; x_wconf 87' lang='lat' dir='ltr'>ha·</span> 
     </span>
     <span class='ocr_line' id='line_1_88' title="bbox 1909 4889 3458 4973; baseline -0.003 -16"><span class='ocrx_word' id='word_1_552' title='bbox 1909 4893 2087 4972; x_wconf 86' lang='lat' dir='ltr'>buit,</span> <span class='ocrx_word' id='word_1_553' title='bbox 2138 4911 2257 4957; x_wconf 90' lang='lat' dir='ltr'>nec</span> <span class='ocrx_word' id='word_1_554' title='bbox 2301 4892 2538 4956; x_wconf 88' lang='lat' dir='ltr'>habere</span> <span class='ocrx_word' id='word_1_555' title='bbox 2580 4892 2822 4973; x_wconf 88' lang='lat' dir='ltr'>potuit,</span> <span class='ocrx_word' id='word_1_556' title='bbox 2874 4892 3027 4973; x_wconf 88' lang='lat' dir='ltr'>quia</span> <span class='ocrx_word' id='word_1_557' title='bbox 3072 4909 3203 4954; x_wconf 92' lang='lat' dir='ltr'>non</span> <span class='ocrx_word' id='word_1_558' title='bbox 3250 4889 3458 4972; x_wconf 87' lang='lat' dir='ltr'>potuit</span> 
     </span>
     <span class='ocr_line' id='line_1_89' title="bbox 1910 4997 3458 5085; baseline -0.005 -19"><span class='ocrx_word' id='word_1_559' title='bbox 1910 5019 2170 5085; x_wconf 88' lang='lat' dir='ltr'>peccare</span> <span class='ocrx_word' id='word_1_560' title='bbox 2198 5022 2214 5064; x_wconf 88' lang='lat'>:</span> <span class='ocrx_word' id='word_1_561' title='bbox 2248 5017 2405 5080; x_wconf 81' lang='lat' dir='ltr'>ergo</span> <span class='ocrx_word' id='word_1_562' title='bbox 2445 5017 2561 5062; x_wconf 91' lang='lat' dir='ltr'>nec</span> <span class='ocrx_word' id='word_1_563' title='bbox 2596 4999 2677 5062; x_wconf 90' lang='lat' dir='ltr'>ad</span> <span class='ocrx_word' id='word_1_564' title='bbox 2717 5002 3046 5080; x_wconf 90' lang='lat' dir='ltr'>peccatum</span> <span class='ocrx_word' id='word_1_565' title='bbox 3079 4997 3458 5078; x_wconf 87' lang='lat' dir='ltr'>pronitatem</span> 
     </span>
     <span class='ocr_line' id='line_1_90' title="bbox 1910 5106 3296 5189; baseline -0.004 -15"><span class='ocrx_word' id='word_1_566' title='bbox 1910 5111 2144 5174; x_wconf 89' lang='lat' dir='ltr'>habere</span> <span class='ocrx_word' id='word_1_567' title='bbox 2175 5114 2284 5173; x_wconf 85' lang='lat' dir='ltr'>:et</span> <span class='ocrx_word' id='word_1_568' title='bbox 2316 5108 2457 5172; x_wconf 91' lang='lat' dir='ltr'>ideo</span> <span class='ocrx_word' id='word_1_569' title='bbox 2480 5107 2643 5172; x_wconf 89' lang='lat' dir='ltr'>redit</span> <span class='ocrx_word' id='word_1_570' title='bbox 2669 5107 2862 5187; x_wconf 89' lang='lat' dir='ltr'>idem,</span> <span class='ocrx_word' id='word_1_571' title='bbox 2896 5107 3066 5189; x_wconf 90' lang='lat' dir='ltr'>quod</span> <span class='ocrx_word' id='word_1_572' title='bbox 3097 5106 3296 5188; x_wconf 79' lang='lat' dir='ltr'>priuS.</span> 
     </span>
    </p>
   </div>
   <div class='ocr_carea' id='block_1_11' title="bbox 1912 5233 3457 5375">
    <p class='ocr_par' dir='ltr' id='par_1_16' title="bbox 1912 5233 3457 5375">
     <span class='ocr_line' id='line_1_91' title="bbox 1912 5233 3457 5304; baseline -0.004 -18"><span class='ocrx_word' id='word_1_573' title='bbox 1912 5253 1963 5304; x_wconf 87' lang='lat' dir='ltr'>p.</span> <span class='ocrx_word' id='word_1_574' title='bbox 1996 5236 2081 5299; x_wconf 82' lang='grc' dir='ltr'><strong>ΙΙΙ,</strong></span> <span class='ocrx_word' id='word_1_575' title='bbox 2113 5248 2166 5299; x_wconf 90' lang='lat' dir='ltr'>q.</span> <span class='ocrx_word' id='word_1_576' title='bbox 2197 5246 2306 5298; x_wconf 78' lang='lat' dir='ltr'>m,</span> <span class='ocrx_word' id='word_1_577' title='bbox 2341 5236 2436 5284; x_wconf 89' lang='lat' dir='ltr'>art.</span> <span class='ocrx_word' id='word_1_578' title='bbox 2466 5237 2525 5297; x_wconf 63' lang='grc' dir='ltr'>ις</span> <span class='ocrx_word' id='word_1_579' title='bbox 2547 5238 2599 5283; x_wconf 84' lang='lat' dir='ltr'>et</span> <span class='ocrx_word' id='word_1_580' title='bbox 2626 5233 2693 5283; x_wconf 88' lang='lat'>111</span> <span class='ocrx_word' id='word_1_581' title='bbox 2713 5234 2872 5298; x_wconf 61' lang='lat' dir='ltr'>Seni„</span> <span class='ocrx_word' id='word_1_582' title='bbox 2896 5233 3014 5283; x_wconf 87' lang='lat' dir='ltr'>dist.</span> <span class='ocrx_word' id='word_1_583' title='bbox 3035 5245 3121 5297; x_wconf 69' lang='lat' dir='ltr'>XV,</span> <span class='ocrx_word' id='word_1_584' title='bbox 3136 5247 3187 5298; x_wconf 92' lang='lat' dir='ltr'>q.</span> <span class='ocrx_word' id='word_1_585' title='bbox 3213 5244 3247 5297; x_wconf 82' lang='grc' dir='ltr'>ῐ,</span> <span class='ocrx_word' id='word_1_586' title='bbox 3278 5234 3373 5282; x_wconf 85' lang='lat' dir='ltr'>art.</span> <span class='ocrx_word' id='word_1_587' title='bbox 3396 5233 3457 5296; x_wconf 81' lang='lat'>2;</span> 
     </span>
     <span class='ocr_line' id='line_1_92' title="bbox 1913 5308 3456 5375; baseline -0.008 -11"><span class='ocrx_word' id='word_1_588' title='bbox 1913 5317 1966 5364; x_wconf 89' lang='lat' dir='ltr'>et</span> <span class='ocrx_word' id='word_1_589' title='bbox 1991 5312 2167 5375; x_wconf 75' lang='lat' dir='ltr'>Opusc.</span> <span class='ocrx_word' id='word_1_590' title='bbox 2195 5311 2283 5373; x_wconf 82' lang='lat'>111,</span> <span class='ocrx_word' id='word_1_591' title='bbox 2310 5324 2355 5360; x_wconf 90' lang='lat' dir='ltr'>c.</span> <span class='ocrx_word' id='word_1_592' title='bbox 2390 5321 2615 5372; x_wconf 74' lang='lat' dir='ltr'>ccxxlm</span> <span class='ocrx_word' id='word_1_593' title='bbox 2636 5308 2897 5369; x_wconf 70' lang='lat' dir='ltr'>Richard„</span> <span class='ocrx_word' id='word_1_594' title='bbox 2935 5309 2998 5360; x_wconf 85' lang='grc' dir='ltr'>ΙΙΙ</span> <span class='ocrx_word' id='word_1_595' title='bbox 3029 5309 3190 5370; x_wconf 68' lang='lat' dir='ltr'>Seni„</span> <span class='ocrx_word' id='word_1_596' title='bbox 3219 5308 3335 5358; x_wconf 88' lang='lat' dir='ltr'>dist.</span> <span class='ocrx_word' id='word_1_597' title='bbox 3358 5319 3456 5372; x_wconf 66' lang='lat' dir='ltr'>xv,</span> 
     </span>
    </p>
   </div>
   <div class='ocr_carea' id='block_1_12' title="bbox 1913 5381 3459 5518">
    <p class='ocr_par' dir='ltr' id='par_1_17' title="bbox 1913 5381 3459 5518">
     <span class='ocr_line' id='line_1_93' title="bbox 1913 5381 3459 5449; baseline -0.003 -15"><span class='ocrx_word' id='word_1_598' title='bbox 1913 5399 1965 5449; x_wconf 85' lang='lat' dir='ltr'>q.</span> <span class='ocrx_word' id='word_1_599' title='bbox 1994 5395 2060 5434; x_wconf 85' lang='lat'>111</span> <span class='ocrx_word' id='word_1_600' title='bbox 2077 5399 2095 5444; x_wconf 66' lang='grc' dir='ltr'><strong><em>ς</em></strong></span> <span class='ocrx_word' id='word_1_601' title='bbox 2127 5382 2303 5446; x_wconf 83' lang='lat' dir='ltr'>Steph.</span> <span class='ocrx_word' id='word_1_602' title='bbox 2335 5381 2542 5445; x_wconf 81' lang='lat' dir='ltr'>Brulef.,</span> <span class='ocrx_word' id='word_1_603' title='bbox 2580 5382 2640 5430; x_wconf 78' lang='grc' dir='ltr'>ΙΙΙ</span> <span class='ocrx_word' id='word_1_604' title='bbox 2671 5382 2828 5445; x_wconf 68' lang='lat' dir='ltr'>Seni„</span> <span class='ocrx_word' id='word_1_605' title='bbox 2855 5382 2971 5432; x_wconf 83' lang='lat' dir='ltr'>dist.</span> <span class='ocrx_word' id='word_1_606' title='bbox 2995 5393 3080 5441; x_wconf 79' lang='lat' dir='ltr'>xv,</span> <span class='ocrx_word' id='word_1_607' title='bbox 3111 5395 3162 5445; x_wconf 87' lang='lat' dir='ltr'>q.</span> <span class='ocrx_word' id='word_1_608' title='bbox 3185 5393 3297 5431; x_wconf 88' lang='lat'>11—</span> <span class='ocrx_word' id='word_1_609' title='bbox 3318 5384 3336 5410; x_wconf 83' lang='lat'><strong>⁴</strong></span> <span class='ocrx_word' id='word_1_610' title='bbox 3364 5382 3459 5431; x_wconf 86' lang='lat' dir='ltr'>Da-</span> 
     </span>
     <span class='ocr_line' id='line_1_94' title="bbox 1914 5452 3083 5518; baseline -0.003 -13"><span class='ocrx_word' id='word_1_611' title='bbox 1914 5468 2202 5516; x_wconf 84' lang='lat' dir='ltr'>mascenus,</span> <span class='ocrx_word' id='word_1_612' title='bbox 2230 5452 2290 5503; x_wconf 82' lang='lat' dir='ltr'>de</span> <span class='ocrx_word' id='word_1_613' title='bbox 2317 5452 2444 5503; x_wconf 79' lang='lat' dir='ltr'>Fide</span> <span class='ocrx_word' id='word_1_614' title='bbox 2465 5452 2683 5515; x_wconf 64' lang='lat' dir='ltr'>orthod„</span> <span class='ocrx_word' id='word_1_615' title='bbox 2707 5453 2794 5502; x_wconf 86' lang='lat' dir='ltr'>lib.</span> <span class='ocrx_word' id='word_1_616' title='bbox 2832 5455 2917 5518; x_wconf 87' lang='lat' dir='ltr'>lll,</span> <span class='ocrx_word' id='word_1_617' title='bbox 2937 5468 2982 5504; x_wconf 90' lang='lat' dir='ltr'>c.</span> <span class='ocrx_word' id='word_1_618' title='bbox 3011 5464 3083 5502; x_wconf 80' lang='lat' dir='ltr'>v1.</span> 
     </span>
    </p>
   </div>
  </div>
 </body>
</html>
