4185 6288
1345 510 1542 579 ms'r.
1584 508 1721 577 vn.
1766 507 1948 577 Amr.
1990 511 2047 580 1.
2084 510 2390 591 QUAEST.
2434 514 2486 579 1.

310 650 853 734 quamvisistasit
880 668 1032 715 vera
1068 675 1083 717 z
1117 651 1334 715 «Caro
1363 647 1839 714 estanimata.»

313 758 679 841 Intelligitur
734 762 959 824 tamen
1014 775 1169 823 sane
1207 757 1381 840 quod
1439 756 1681 822 dietum
1725 759 1845 833 est,

310 868 628 934 hominem
668 867 1024 950 signifieat-i
1059 868 1130 931 in
1173 867 1576 932 concretione
1629 887 1645 930 ε
1693 883 1850 929 oon-

312 978 493 1042 cretio
515 976 695 1042 enim
721 976 981 1059 proprie
1007 975 1172 1039 dieta
1195 975 1514 1058 reperitur
1530 973 1601 1039 in
1627 974 1847 1038 termi-

308 1086 401 1150 nis
424 1083 944 1151 accidentalibus.

382 1197 440 1257 3.
471 1191 572 1256 Ad
598 1191 758 1256 illud
784 1190 958 1274 quod
984 1190 1352 1274 opponitur,
1386 1189 1560 1273 quod
1579 1190 1635 1253 si
1655 1189 1852 1254 homo

304 1299 686 1383 praedieutur
722 1298 804 1364 de
838 1297 966 1362 Deo
983 1345 1002 1374 ‚
1047 1303 1161 1362 aut
1202 1298 1589 1381 praedicatur
1615 1298 1694 1362 de
1722 1296 1852 1362 Deo

305 1407 573 1473 univooe
597 1454 618 1481 ‚
662 1409 778 1470 aut
821 1405 1149 1489 aequivooe
1210 1427 1225 1469 ε
1281 1405 1624 1470 dieendum
1679 1404 1852 1488 quod

303 1510 557 1593 proprie
601 1527 723 1573 nec
761 1507 1039 1573 univoce
1053 1557 1072 1584 ‚
1118 1526 1238 1572 neo
1282 1507 1611 1590 aequivoce
1656 1530 1672 1572 z
1720 1525 1851 1573 non

300 1617 660 1700 aequivoce,
688 1616 843 1700 quia
864 1633 999 1681 non
1033 1619 1131 1681 est
1158 1616 1411 1680 diversa
1451 1614 1737 1678 hominis
1776 1614 1855 1677 si-

299 1722 652 1804 gnificatio,
680 1722 1035 1787 secundum
1054 1723 1227 1805 quod
1252 1721 1487 1786 dicitnr
1512 1721 1592 1785 de
1611 1720 1760 1799 Deo,
1791 1726 1856 1787 et

299 1832 380 1895 de
420 1829 732 1908 Martium
784 1829 1060 1895 univooe
1098 1848 1231 1896 non
1248 1880 1267 1909 ,
1309 1829 1464 1912 quia
1489 1829 1607 1893 etsi
1658 1829 1856 1894 homo

304 1937 575 2002 retineat
601 1936 896 2003 eamdem
933 1937 1471 2020 significationem
1511 1952 1667 2001 eum
1706 1934 1858 2000 ‹llei-

300 2048 410 2107 tm·
433 2044 513 2108 de
540 2042 671 2108 Deo
699 2046 764 2108 et
791 2040 1011 2121 Petro,
1035 2042 1163 2107 alio
1191 2048 1411 2109 tamen
1440 2041 1633 2107 modo
1677 2061 1857 2107 com-

302 2155 570 2233 paratur
593 2149 679 2214 ad
706 2147 971 2215 Petrum
996 2154 1058 2213 et
1083 2147 1381 2229 Paulum,
1406 2148 1535 2214 alio
1558 2149 1749 2213 modo
1775 2148 1856 2214 ad

304 2260 533 2326 Deum.
562 2260 665 2325 Ad
695 2259 957 2325 Petrum
985 2265 1389 2344 eomparatur
1408 2259 1859 2344 praedicatione

304 2366 557 2432 formali
617 2371 684 2432 et
737 2367 1091 2445 essentiali3
1153 2367 1233 2432 ad
1305 2367 1513 2433 Deum
1572 2385 1729 2431 vero
1790 2367 1860 2432 in

307 2474 548 2539 unione
574 2473 937 2556 personali:
975 2476 1039 2538 et
1063 2473 1205 2538 ideo
1230 2474 1311 2539 ad
1339 2476 1648 2538 neutrum
1692 2491 1859 2556 prae-

309 2583 627 2648 dictorum
656 2581 996 2647 modorum
1022 2585 1289 2664 possunt
1312 2581 1440 2646 illae
1457 2582 1606 2646 duae
1624 2582 1862 2665 praedi·

317 2692 595 2756 mtiones
622 2690 909 2774 plenarie
935 2689 1146 2754 reduci
1181 2712 1197 2754 ε
1228 2689 1373 2755 lieet
1391 2688 1633 2773 aliquid
1666 2690 1864 2772 possit

319 2798 408 2862 ihi
435 2797 704 2881 reperiri
728 2797 810 2862 de
838 2815 972 2861 uuo
1004 2795 1455 2879 pradiotorum
1495 2795 1857 2877 modorum,

318 2905 557 2989 aliquid
584 2903 668 2969 de
692 2904 840 2968 alio.

393 3020 456 3079 4.
485 3012 585 3078 Ad
612 3011 774 3076 illud
799 3010 971 3094 quod
999 3010 1325 3094 objicitur,
1354 3010 1529 3093 quod
1574 3027 1724 3075 eum
1763 3011 1865 3075 di-

312 3122 525 3189 citur:
566 3143 598 3183 c
634 3118 804 3186 Deus
829 3121 928 3184 est
961 3119 1187 3199 homo,
1236 3142 1267 3179 n
1318 3124 1431 3184 aut
1483 3117 1866 3202 praedicatur

312 3248 554 3312 perse,
594 3231 712 3293 aut
750 3245 866 3310 per
909 3227 1197 3291 accidens
1241 3244 1258 3289 ε
1305 3226 1649 3292 dicendum
1692 3226 1866 3308 quod

314 3339 544 3400 neutro
571 3333 764 3398 modo
782 3380 802 3412 ,
832 3332 1201 3415 accipiendo
1240 3333 1498 3416 proprie
1537 3349 1653 3415 per
1690 3335 1866 3400 acci-

320 3440 480 3506 dens
509 3461 527 3504 z
559 3456 675 3523 per
700 3456 792 3517 se,
814 3439 1101 3521 inquam,
1132 3456 1268 3502 non
1293 3438 1697 3522 praedicatur,
1716 3457 1866 3504 eum

320 3567 453 3615 non
490 3548 576 3612 sit
606 3546 955 3612 essentialis
994 3546 1300 3612 habitudo
1340 3546 1541 3612 unius
1582 3547 1663 3612 ad
1702 3547 1866 3611 alte-

320 3672 501 3732 rum;
553 3671 672 3735 per
729 3651 1021 3717 accidens
1063 3670 1195 3716 non
1242 3652 1658 3734 praedioetur,
1712 3652 1870 3737 quia

321 3777 529 3824 unum
554 3776 690 3823 non
728 3757 1019 3823 accidens
1062 3758 1345 3823 alterius.
1402 3757 1531 3824 Neo
1573 3759 1731 3826 illud
1774 3765 1870 3824 est

320 3864 808 3944 inconveniens,
839 3864 993 3946 quia
1031 3863 1172 3929 talis
1214 3866 1443 3944 modus
1483 3866 1869 3949 praedioandi

322 3973 442 4036 sub
479 3971 787 4056 praedicta
819 3970 1128 4036 divisione
1167 3989 1299 4036 non
1343 3971 1536 4037 habet
1574 3991 1869 4058 eompre-

321 4079 517 4144 hendi
559 4081 601 4143 ².
636 4077 855 4144 Posset
896 4081 1114 4143 tamen
1156 4078 1283 4144 diei
1327 4080 1501 4162 quod
1531 4081 1704 4145 uniri
1749 4081 1870 4146 hu-

323 4204 535 4252 manae
563 4191 818 4250 naturae
859 4202 943 4258 ex
984 4188 1163 4269 parte
1191 4184 1303 4251 Dei
1351 4204 1485 4251 non
1513 4187 1662 4253 dicit
1704 4187 1869 4252 acci·

324 4292 500 4373 dem,
530 4293 641 4358 sed
669 4311 754 4357 ex
781 4296 960 4376 parte
993 4295 1241 4357 naturae
1282 4297 1654 4377 assumptae.
1691 4292 1871 4359 Unde

325 4401 603 4483 quodam
647 4400 838 4464 modo
886 4399 1027 4464 talis
1070 4400 1435 4483 praedicatio
1489 4405 1699 4483 posset
1748 4401 1872 4467 diei

327 4527 440 4593 per
460 4529 552 4587 se,
582 4509 866 4593 quodam
889 4510 1080 4574 modo
1103 4528 1217 4593 per
1242 4509 1534 4574 accidens
1566 4531 1583 4575 ι
1625 4529 1740 4593 per
1778 4529 1868 4590 se,

328 4617 754 4702 comparando
805 4616 1092 4682 divinam
1156 4621 1455 4682 naturam
1519 4617 1599 4684 ad
1653 4637 1872 4701 perso-

329 4742 502 4802 nam,
531 4724 602 4789 in
629 4741 761 4807 qua
785 4727 880 4787 est
904 4722 1084 4801 unio,
1114 4724 1193 4788 de
1217 4741 1349 4806 qua
1376 4743 1492 4808 per
1530 4745 1598 4791 se
1634 4727 1869 4809 praedi-

332 4835 545 4911 catur3
584 4849 700 4915 per
750 4830 1037 4895 accidens
1078 4836 1290 4913 posset
1319 4831 1474 4911 diei,
1517 4832 1875 4899 humanam

330 4945 627 5004 naturam
643 4937 1070 5021 comparando
1083 4939 1162 5002 ad
1178 4957 1535 5022 personam,
1558 4941 1667 5007 oui
1684 4940 1877 5007 habet

332 5045 507 5110 uniri
534 5064 650 5130 per
680 5046 983 5128 gratiam.

410 5159 470 5218 5.
502 5154 601 5218 Ad
628 5153 787 5219 illud
822 5155 996 5237 quod
1034 5155 1369 5237 quaeritur,
1409 5158 1633 5221 utrum
1680 5155 1875 5222 homo

331 5261 713 5344 praedicetur
742 5260 1053 5340 absolute,
1082 5262 1186 5328 vel
1208 5262 1469 5329 relative
1482 5312 1501 5342 ‚
1535 5260 1758 5328 dioend
1766 5281 1875 5328 um

329 5369 501 5452 quod
521 5370 646 5435 dici
671 5369 976 5451 relative,
1016 5374 1111 5435 est
1146 5369 1481 5453 dupliciter
1520 5392 1536 5433 ι
1571 5371 1671 5435 vel
1712 5371 1876 5434 rela-

388 5495 412 5532 ¹
447 5499 521 5549 Ad
548 5498 661 5550 hnc
699 5498 881 5551 alludit
909 5501 1128 5565 Sootus,
1153 5500 1270 5551 dist.
1300 5499 1558 5565 prasenti,
1585 5514 1638 5565 q.
1679 5512 1726 5563 1,
1758 5501 1874 5554 ibi:

3376 514 3488 580 m

1952 647 2125 714 tione
2150 650 2480 734 implicita,
2507 651 2612 716 vel
2634 648 2954 733 explicita.
3008 650 3167 716 Cum
3206 668 3366 733 ergo
3411 650 3500 715 di·

1956 755 2126 822 citur
2155 781 2172 822 :
2207 782 2240 819 ι
2265 757 2432 824 Deus
2457 763 2551 824 est
2577 760 2795 836 homo,
2824 779 2856 817 a
2891 758 3088 822 homo
3117 758 3502 843 praedicatur

1955 864 2034 929 de
2048 864 2176 930 Deo
2191 870 2473 950 quodam
2490 866 2678 931 modo
2693 865 3000 941 absolute,
3020 866 3296 948 quodam
3310 866 3501 931 modo

1954 971 2223 1037 relative
2240 996 2267 1039 .·
2292 974 2599 1052 absolute,
2631 977 2946 1056 quantum
2969 973 3050 1037 ad
3076 973 3502 1055 privationem

1957 1078 2282 1144 relationis
2307 1081 2677 1146 extrinsecae
2702 1102 2720 1159 ;
2750 1080 3010 1144 relative
3030 1129 3046 1157 ,
3076 1095 3392 1164 quantum
3421 1081 3501 1144 ad

1958 1187 2338 1268 positionem
2376 1188 2700 1253 relationis
2744 1187 3125 1252 intrinsecae.
3174 1187 3286 1253 Est
3329 1187 3502 1252 enim

1958 1313 2185 1360 sensus
2216 1318 2232 1362 :
2274 1320 2306 1358 ε
2333 1296 2504 1361 Deus
2532 1301 2626 1360 est
2650 1296 2870 1372 homo,
2900 1317 2931 1354 n
2968 1295 3035 1359 id
3059 1298 3176 1370 est,
3219 1296 3385 1360 Deus
3410 1299 3506 1360 est

1958 1402 2266 1470 humanae
2312 1407 2564 1468 naturae
2615 1402 2839 1467 unitus
2893 1402 3136 1467 unitate
3191 1418 3499 1484 personas,

1960 1511 2208 1577 ratione
2235 1514 2422 1595 cujus
2463 1511 2661 1578 homo
2708 1511 2789 1576 de
2821 1508 2972 1589 Deo,
3020 1513 3085 1575 et
3124 1508 3290 1574 Deus
3316 1508 3507 1573 habet

1959 1617 2083 1682 dici
2109 1619 2188 1684 de
2213 1618 2496 1684 homine.

2043 1730 2105 1788 6.
2137 1724 2233 1789 Ad
2265 1724 2423 1790 illud
2448 1723 2622 1807 quod
2651 1722 2975 1805 objicitur,
3000 1722 3170 1804 quod
3197 1721 3253 1785 si
3271 1721 3504 1804 praedi-

1961 1837 2145 1897 oatur
2168 1833 2366 1899 homo
2393 1833 2472 1898 de
2498 1832 2647 1911 Deo,
2677 1835 2792 1897 aut
2820 1830 3205 1913 praedicatur
3239 1830 3308 1894 in
3338 1829 3506 1912 plus,

1961 1938 2172 2004 autin
2197 1940 2437 2019 minus,
2467 1939 2676 2004 autin
2703 1954 2920 2020 aeque,
2955 1936 3299 2001 dicendum
3334 1935 3510 2019 quod

1962 2046 2286 2130 quoddam
2334 2051 2430 2111 est
2471 2065 2681 2129 genus
2724 2044 3192 2129 praedioationis
3208 2090 3224 2119 ‚
3273 2044 3342 2107 in
3381 2061 3512 2125 quo

1965 2154 2384 2237 praedieatum
2424 2159 2487 2218 et
2531 2154 2893 2235 subjectum
2920 2171 2987 2216 se
3031 2151 3265 2215 hahent
3290 2154 3366 2215 ut
3390 2167 3511 2214 ex-

1967 2264 2255 2329 cedentia
2280 2269 2345 2328 et
2368 2282 2650 2341 excessa,
2678 2267 2755 2327 ut
2780 2280 2931 2326 cum
2948 2260 3220 2325 dicitur:
3253 2284 3284 2321 α
3306 2260 3514 2325 Homo

1965 2375 2060 2435 est
2085 2370 2309 2435 albus:
2342 2394 2373 2430 ι
2409 2375 2472 2434 et
2501 2371 2593 2434 sio
2618 2374 2714 2432 est
2740 2369 2808 2432 in
2839 2367 3183 2451 proposito.
3212 2365 3375 2431 Nam
3397 2367 3516 2430 etsi

1968 2477 2163 2542 homo
2184 2476 2432 2541 dicatur
2474 2475 2554 2540 de
2595 2473 2810 2556 aliquo
2844 2474 3175 2555 supposito
3219 2472 3350 2551 Dei,
3384 2490 3516 2536 non

1966 2589 2185 2651 tamen
2218 2583 2451 2648 dieitur
2481 2583 2559 2647 de
2593 2581 2906 2665 quolibet,
2948 2599 3067 2644 nec
3093 2599 3130 2645 e
3171 2597 3478 2645 converso
3494 2598 3515 2660 ;

1969 2692 2134 2756 sicut
2160 2709 2290 2756 non
2321 2691 2537 2755 omnis
2565 2688 2760 2752 homo
2800 2693 2896 2752 est
2939 2689 3144 2767 albus,
3178 2705 3300 2753 neo
3323 2705 3518 2753 omne

1969 2799 2191 2864 album
2217 2803 2312 2863 est
2337 2797 2556 2863 homo.

2052 2910 2115 2982 ’1,
2146 2912 2187 2972 8
2225 2910 2290 2970 et
2315 2909 2379 2970 9.
2413 2905 2512 2970 Ad
2545 2903 2699 2968 illud
2725 2901 2898 2986 quod
2942 2902 3320 2985 opponitur,
3348 2902 3521 2983 quod

1971 3015 2136 3079 siout
2163 3014 2304 3078 haeo
2334 3017 2429 3076 est
2458 3029 2612 3076 vera
2639 3029 2757 3095 pro
2781 3028 3052 3092 persona
3070 3009 3215 3073 Filii
3246 3032 3260 3073 ε
3302 3031 3336 3069 (ι
3360 3009 3524 3073 Deus

1971 3126 2066 3188 est
2088 3122 2308 3200 homo,
2340 3142 2370 3179 n
2407 3120 2497 3184 ita
2523 3119 2660 3184 haec
2706 3136 2824 3202 pro
2867 3134 3139 3200 persona
3190 3114 3394 3181 Patris
3430 3120 3525 3181 est

1972 3249 2130 3295 vera
2167 3252 2182 3293 :
2225 3252 2256 3290 α
2297 3229 2465 3294 Deus
2508 3246 2641 3292 non
2688 3232 2784 3290 est
2823 3226 3056 3302 hom03
3106 3246 3136 3284 n
3184 3224 3523 3289 dicendum

1973 3338 2146 3422 quod
2175 3355 2308 3401 non
2334 3341 2430 3401 est
2452 3335 2656 3399 simile
2674 3382 2691 3412 ,
2719 3334 2873 3416 quia
2892 3382 2908 3411 ,
2930 3333 3095 3396 sicut
3126 3332 3195 3396 in
3225 3332 3431 3414 primo
3457 3331 3528 3394 li-

1973 3445 2092 3511 bro
2131 3454 2155 3487 ³
2189 3445 2429 3510 dictum
2469 3444 2609 3523 fuit,
2637 3444 2755 3506 iste
2784 3441 3124 3515 termium,
3163 3439 3359 3516 Deus,
3388 3456 3528 3521 par-

1976 3555 2094 3619 tim
2175 3551 2369 3616 hahet
2445 3554 2743 3613 naturam
2822 3546 3080 3611 termini
3166 3545 3530 3610 eommunis

1976 3664 2235 3745 propter
2269 3656 2744 3740 suppositorum
2786 3653 3247 3737 pluralitatem,
3289 3652 3525 3734 partim

1977 3772 2279 3831 naturam
2328 3764 2586 3829 termini
2632 3761 2882 3827 discreti
2942 3764 3202 3842 propter
3253 3759 3530 3824 formam

1977 3871 2618 3957 immultiplieabilem
2631 3918 2653 3949 ,
2699 3869 2937 3933 seilicet
2980 3867 3404 3932 divinitatem.
3453 3865 3532 3933 Et

1979 3983 2145 4063 ideo,
2171 3982 2327 4064 quia
2344 3985 2643 4044 naturam
2664 3976 2856 4041 habet
2866 3974 3128 4040 termini
3142 3973 3527 4055 communis,

1977 4090 2366 4154 locutionem
2419 4090 2623 4169 potest
2665 4083 2928 4149 reddere
2965 4101 3189 4148 veram
3237 4097 3356 4164 pro
3393 4099 3530 4145 uno

1977 4195 2335 4279 supposito;
2366 4193 2520 4276 quia
2547 4209 2705 4257 vero
2722 4194 3023 4255 naturam
3049 4189 3241 4253 habet
3265 4187 3528 4252 termini

1979 4302 2255 4378 discreti,
2283 4301 2426 4365 ideo
2449 4317 2587 4365 non
2635 4300 2829 4363 refert
2868 4297 2919 4361 si
2963 4298 3396 4379 praeponatur,
3427 4296 3533 4359 vel

1979 4414 2396 4493 postponatur
2428 4408 2487 4472 ei
2526 4407 2788 4489 negatio
2828 4427 2844 4468 :
2886 4403 3058 4469 unde
3100 4402 3170 4466 in
3223 4400 3531 4483 negativa

1980 4523 2257 4599 negatur
2282 4532 2401 4599 pro
2427 4514 2730 4578 omnibus
2754 4511 3116 4596 suppositis,
3140 4507 3441 4592 quamvis
3457 4507 3529 4572 in

1980 4622 2367 4689 affirmativa
2394 4621 2591 4702 possit
2613 4619 2877 4684 reddere
2896 4617 3285 4682 locutionem
3305 4632 3530 4678 veram

1986 4749 2101 4814 pro
2125 4748 2256 4794 uno
2282 4730 2419 4794 solo
2450 4750 2464 4792 :
2495 4732 2561 4793 et
2586 4729 2727 4792 ideo
2763 4728 2904 4792 haeo
2940 4731 3037 4790 est
3063 4725 3221 4789 salsa
3249 4743 3273 4787 .·
3308 4746 3340 4783 α
3365 4722 3535 4787 Deus

1985 4856 2114 4902 non
2130 4842 2224 4902 est
2240 4837 2435 4902 homo
2453 4857 2470 4914 ;
2498 4858 2528 4894 ι)
2554 4835 2708 4918 quia
2725 4834 3144 4918 praedicatum
3165 4833 3535 4896 removetur

1983 4964 2118 5018 non
2146 4950 2399 5011 tantum
2426 4963 2543 5029 pro
2575 4943 2782 5020 Patre,
2811 4943 2920 5005 sed
2950 4941 3144 5005 etiam
3184 4956 3300 5022 pro
3328 4936 3525 5018 Filio;
3659 4919 3664 4926 ¹

1985 5071 2066 5118 ex
2091 5053 2215 5118 hoo
2246 5052 2598 5117 necessario
2626 5049 2915 5134 sequitur
2943 5047 3116 5131 quod
3141 5046 3533 5111 affirmativa

1983 5161 2103 5225 sihi
2132 5159 2418 5244 opposita
2444 5158 2526 5222 sit
2551 5156 2901 5233 verm-haee
2927 5155 3163 5218 scilieet
3217 5175 3234 5217 ε
3296 5175 3327 5212 α
3367 5152 3533 5216 Deus

1984 5271 2083 5333 est
2105 5268 2325 5331 homo.
2352 5286 2383 5324 n
2434 5263 2609 5331 Unde
2657 5264 2713 5328 si
2752 5265 3107 5347 quaeratur,
3148 5263 3394 5343 quanta
3436 5261 3534 5322 est

1986 5429 2175 5490 Quarto
2197 5423 2483 5489 videndum,
2496 5431 2550 5477 et
2574 5426 2645 5477 ibi
2669 5439 2682 5476 ;
2709 5425 2909 5490 Quinto.
2930 5447 2991 5459 -
3010 5421 3032 5455 ²
3070 5419 3183 5471 Lib.
3225 5421 3240 5468 Ι
3263 5455 3279 5481 ,
3312 5417 3431 5470 dist.
3474 5426 3524 5481 v,

1986 5515 2038 5566 q.
2061 5511 2078 5549 ι
2108 5502 2159 5549 et
2186 5508 2257 5548 lv.
