4185 6288
719 571 891 637 hanc
915 570 1281 652 expectant,
1312 571 1379 633 et
1412 568 1700 634 nondum
1723 568 1983 649 habent,
2012 568 2270 635 videtur

727 678 901 765 quod
925 676 1203 743 habeant
1227 694 1428 760 spem.

808 786 996 870 Resp.
1025 784 1372 852 Dicendum
1401 784 1575 868 quod
1594 833 1612 863 ,
1653 784 1819 849 sicut
1854 783 2006 849 dicit
2031 781 2269 866 Magis-

728 901 848 976 ter,
872 913 990 960 nec
1017 892 1326 972 Christus,
1357 910 1476 957 nec
1505 892 1739 957 animae
1766 891 1995 972 beatas,
2025 909 2144 957 nec
2166 910 2274 956 an-

728 1004 897 1087 geli,
928 1002 1183 1086 proprie
1209 1001 1559 1085 loquendo,
1595 1000 1832 1064 habent
1857 1018 2059 1083 spem.
2089 1000 2273 1066 Ratio

728 1111 930 1194 buius
968 1113 1095 1187 est,
1127 1109 1278 1193 quia
1311 1126 1455 1191 spes
1484 1111 1580 1174 est
1626 1106 1978 1191 expectatio
2020 1108 2275 1190 praemii

732 1216 1169 1284 substantialis
1191 1236 1451 1283 :omnes
1479 1220 1699 1282 autem
1722 1217 1795 1281 hi
1817 1216 2095 1299 praedicti
2127 1216 2273 1280 sub-

732 1325 1021 1391 stantiale
1066 1324 1407 1408 praemium
1453 1324 1693 1391 habent
1730 1345 1748 1390 t
1793 1329 1857 1388 et
1886 1324 2027 1389 ideo
2058 1327 2276 1388 carent

734 1452 844 1518 spe
871 1432 1128 1516 proprie
1153 1431 1339 1496 dicta.
1372 1430 1515 1495 Alia
1541 1434 1758 1497 autem
1782 1431 1948 1496 ratio
1977 1434 2092 1510 est,
2123 1431 2277 1515 quia

734 1558 876 1622 spes
901 1539 1091 1603 habet
1116 1555 1436 1603 annexam
1477 1538 1671 1603 fidem
1701 1560 1717 1602 ε
1753 1538 1912 1602 fides
1937 1540 2151 1602 autem
2185 1541 2279 1601 est

735 1646 1016 1729 cognitio
1061 1645 1467 1728 aenigmatica
1493 1667 1509 1710 z
1536 1647 1601 1710 et
1628 1645 1783 1728 quia
1807 1645 2058 1710 claritas
2078 1645 2275 1710 visio·

735 1752 837 1818 nis
874 1753 1110 1818 divinae
1137 1752 1301 1817 tollit
1338 1771 1528 1817 omne
1555 1753 1874 1834 aem'gma,
1903 1771 2019 1837 per
2054 1770 2274 1816 conse·

737 1878 941 1946 quens
984 1862 1253 1925 evacuat
1287 1860 1514 1938 fldem3
1552 1865 1615 1924 et
1650 1861 2021 1925 evacuando
2058 1861 2274 1939 fldem,

738 1970 1006 2034 evacuat
1029 1968 1234 2051 ipsam
1274 1986 1455 2050 spem
1486 1986 1503 2032 ε
1534 1971 1597 2032 et
1628 1969 1709 2032 ob
1748 1967 1918 2031 hanc
1958 1968 2280 2050 duplicem

739 2076 1081 2153 rationem,
1112 2075 1279 2139 sicut
1323 2074 1756 2158 multipliciter
1794 2076 2025 2139 dicitur
2065 2075 2133 2139 in
2173 2075 2278 2140 lit-

740 2189 899 2265 tera,
929 2181 1380 2249 convenienter
1404 2182 1683 2261 videtur,
1718 2182 1890 2266 quod
1916 2200 2036 2247 nec
2063 2181 2280 2248 Chris-

740 2296 848 2357 tus
867 2339 886 2371 ,
931 2310 1051 2356 nec
1093 2291 1292 2356 sancti
1311 2340 1329 2370 ,
1373 2309 1493 2356 nec
1534 2292 1749 2374 angeli
1795 2291 1965 2355 beati
2007 2291 2287 2358 habeant

744 2417 944 2483 spem.
975 2397 1076 2463 Ad
1101 2398 1380 2463 rationes
1421 2402 1636 2463 autem
1672 2398 1754 2462 ad
1789 2398 2156 2481 oppositum
2182 2417 2285 2464 re-

746 2506 1092 2590 spondetur
1134 2505 1399 2571 faciliter
1418 2555 1438 2587 ,
1472 2523 1589 2589 pro
1618 2523 1695 2571 eo
1723 2506 1896 2589 q'uod
1930 2506 2077 2570 licet
2101 2505 2169 2570 in
2198 2507 2289 2571 eis

745 2632 877 2679 non
904 2617 1181 2698 ponatur
1218 2632 1362 2697 spes
1401 2613 1658 2697 proprie
1697 2612 1862 2678 dicta
1884 2661 1902 2693 ,
1932 2613 2288 2680 secundum

750 2720 923 2805 quod
968 2723 1065 2786 est
1112 2720 1466 2803 expectatio
1519 2719 1771 2804 praemii
1822 2719 2286 2802 substantialis;

749 2834 954 2914 potest
994 2834 1212 2895 tamen
1232 2878 1252 2910 ,
1299 2829 1482 2912 large
1532 2828 1897 2914 accipiendo
1942 2848 2123 2912 spem
2175 2848 2293 2912 pro

752 2955 1159 3022 quacumque
1187 2935 1621 3020 expectatione
1636 2982 1658 3014 ,
1682 2935 1977 3000 videlicet
2000 2935 2180 3000 stolae
2202 2953 2295 3001 se-

753 3043 982 3108 cundae
997 3091 1014 3119 ‚
1046 3046 1112 3106 et
1139 3041 1413 3126 alicujus
1441 3041 1664 3124 gaudii
1691 3040 2113 3121 accidentalis,
2143 3042 2295 3125 poni

755 3152 825 3216 in
852 3150 1137 3229 Christo,
1175 3152 1239 3214 et
1276 3148 1558 3232 angeliS‚
1602 3151 1667 3213 et
1692 3149 2030 3214 animabus
2069 3149 2293 3215 beatis.

756 3257 880 3326 Sed
907 3276 1106 3341 quare
1128 3275 1272 3339 spes
1297 3256 1505 3323 virtus
1529 3274 1662 3321 non
1692 3259 1775 3320 sit
1809 3259 2101 3339 respectu
2126 3276 2294 3341 prae-

758 3368 871 3432 mii
910 3363 1341 3444 accidentalis,
1373 3362 1484 3428 sed
1518 3363 1981 3444 substantiam,
2012 3366 2075 3428 et
2101 3382 2300 3447 quare

759 3475 950 3541 etiam
977 3474 1045 3537 in
1072 3471 1304 3538 sanctis
1330 3476 1700 3547 evacuetur,
1731 3471 1855 3537 hoc
1880 3472 2112 3537 melius
2136 3473 2303 3538 infra

760 3582 1297 3658 manifestabitur,
1326 3599 1475 3645 cum
1518 3583 1749 3662 agetur
1786 3580 1865 3644 de
1890 3581 2304 3646 evacuatione

761 3690 1101 3758 virtutum.
1129 3689 1228 3753 Ad
1252 3688 1414 3752 illud
1441 3690 1658 3751 tamen
1695 3686 1865 3769 quod
1892 3686 2190 3769 objicitur
2226 3690 2306 3755 de

763 3797 1075 3865 desiderio
1093 3845 1111 3876 ,
1139 3795 1476 3862 dicendum
1504 3795 1674 3878 quod
1701 3813 1831 3860 non
1858 3797 1952 3860 est
1980 3794 2187 3861 simile
2226 3796 2306 3861 de

766 3903 1081 3970 desiderio
1108 3908 1170 3968 et
1196 3921 1309 3986 spe
1339 3924 1356 3967 ε
1387 3903 1545 3986 quia
1571 3920 1715 3986 spes
1737 3906 1832 3967 est
1858 3908 2150 3986 respectu
2177 3923 2308 3970 non

768 4012 1008 4089 habiti3
1038 4010 1148 4076 sed
1187 4010 1572 4075 desiderium
1601 4013 1808 4093 potest
1845 4028 1980 4076 esse
2021 4015 2310 4096 respectu

767 4117 969 4185 habiti
983 4166 1003 4198 ,
1033 4120 1109 4183 ut
1133 4117 1541 4200 continuetur
1567 4120 1633 4183 et
1655 4117 1914 4185 tollatur
1942 4117 2305 4184 fastidium:

770 4229 836 4292 et
867 4226 957 4289 sic
982 4227 1078 4290 est
1117 4224 1185 4289 in
1222 4224 1489 4305 angelis.
1516 4224 1821 4290 Similiter
1847 4224 1930 4290 ad
1955 4225 2114 4290 illud
2141 4226 2315 4308 quod

771 4331 1074 4417 oincitur
1123 4331 1202 4397 de
1244 4333 1619 4396 auctoritate
1665 4331 1932 4412 Psalmi,
1981 4334 2317 4399 consuevit

752 4441 893 4506 dici
916 4440 1089 4523 quod
1107 4441 1229 4505 hoc
1245 4439 1477 4505 dicitur
1494 4439 1573 4503 de
1589 4438 1835 4506 Christo
1853 4442 2100 4506 ratione
2119 4459 2317 4506 mem-

772 4547 1065 4615 brorum.
1091 4547 1237 4613 Alia
1260 4547 1412 4612 satis
1436 4548 1671 4630 patent.

1408 4760 1546 4809 mm.
1590 4761 1682 4810 vl.

773 4914 849 4963 De
876 4910 1097 4977 antiquis
1120 4921 1245 4961 vero
1271 4907 1501 4973 patribus
1518 4943 1535 4971 ‚
1565 4906 1652 4972 qui
1678 4909 1813 4972 apud
1840 4909 2037 4961 inferos
2068 4924 2230 4976 usque
2254 4912 2321 4963 ad

835 4983 1131 5050 passionem
1160 4982 1497 5043 tenebantur,
1524 4991 1631 5030 non
1656 4979 1942 5046 incongrue
1980 4980 2080 5033 dici
2117 4987 2288 5046 potest
2307 5020 2325 5048 ,

836 5056 977 5122 quod
996 5056 1152 5106 fldem
1178 5058 1231 5104 et
1256 5066 1406 5118 spem
1433 5051 1744 5103 habuerunt.

734 5186 738 5191 ’
857 5206 1129 5272 Contra:
1164 5205 1322 5288 Spes
1355 5222 1421 5269 se
1450 5204 1863 5269 commetitur
1903 5205 2097 5268 statui
2140 5204 2265 5269 viae
2300 5227 2317 5269 z

779 5311 886 5376 sed
930 5311 1023 5375 illi
1067 5327 1201 5375 non
1242 5314 1428 5377 erant
1467 5311 1538 5376 in
1580 5315 1748 5375 statu
1795 5310 1922 5376 viae
1951 5329 1970 5376 ε
2004 5328 2163 5393 ergo
2187 5328 2319 5376 non

846 5439 863 5474 ¹
886 5434 994 5495 «lob,
1014 5436 1199 5498 nas.
1221 5461 1283 5473 -
1311 5436 1457 5490 ¹lino
1484 5434 1656 5503 potius
1682 5438 1877 5495 auctor,
1902 5434 2211 5501 quicumque
2236 5434 2318 5489 ille

1878 428 2504 499 SENTENTIARUM
2543 432 2693 500 un.
2737 433 2848 500 111.

2374 570 2697 635 habebant
2739 587 2940 654 spem.
2973 569 3130 636 Item
3173 587 3318 655 spes
3341 571 3536 637 datur
3560 569 3812 636 homini
3838 571 3914 636 ad

2373 678 2499 742 hoc
2519 678 2696 762 quod
2735 683 3058 742 mereatur
3092 700 3108 742 z
3139 695 3299 760 ergo
3323 679 3378 742 si
3405 678 3499 742 illi
3527 681 3716 742 erant
3743 681 3919 742 extra

2375 789 2614 851 statum
2642 787 2885 867 meriti,
2921 805 3052 851 non
3078 787 3338 852 videtur
3379 787 3554 871 quod
3582 786 3927 851 habuerint

2376 911 2577 977 spem.
2622 892 2818 959 Juxta
2857 895 2982 960 hoc
3031 896 3348 978 quaeritur
3402 895 3482 960 de
3542 893 3921 972 animabus,

2376 1014 2525 1082 quae
2578 1002 2731 1064 sunt
2786 1000 2856 1063 in
2907 1000 3285 1083 purgatorio
3307 1049 3327 1081 ,
3379 1005 3606 1065 utrum
3653 999 3929 1065 habeant

2376 1123 2554 1189 spem
2569 1128 2586 1184 3
2617 1109 2682 1172 et
2707 1107 2879 1190 quod
2906 1108 3033 1183 sic,
3067 1107 3348 1185 videtur,
3378 1108 3537 1191 quia
3559 1107 3775 1172 adhuc
3799 1125 3927 1172 non

2377 1212 2616 1278 habent
2657 1217 2944 1297 apertam
2985 1214 3301 1280 visionem
3348 1233 3465 1299 per
3509 1233 3694 1299 spem
3725 1236 3745 1280 τ
3774 1232 3929 1296 ergo

2377 1338 2521 1404 spes
2547 1338 2681 1386 non
2710 1324 2807 1387 est
2832 1324 3144 1387 evacuata
3164 1320 3234 1386 in
3259 1322 3371 1387 eis.
3401 1321 3529 1387 Sed
3558 1325 3788 1389 contra
3811 1323 3929 1386 boc

2379 1432 2497 1509 est,
2530 1426 2684 1511 quia
2725 1426 2848 1511 ipsi
2887 1428 3041 1492 certi
3067 1433 3222 1492 sunt
3247 1477 3266 1506 ,
3293 1431 3466 1513 quod
3488 1448 3624 1494 non
3661 1432 3931 1512 possunt

2378 1534 2717 1601 damnari:
2748 1552 2908 1616 ergo
2931 1536 3187 1601 videtur
3215 1537 3387 1620 quod
3430 1537 3554 1620 ipsi
3595 1555 3734 1602 non
3776 1536 3930 1602 indi·

2381 1646 2574 1725 geant
2601 1641 2971 1708 fulcimento
3016 1644 3173 1725 spei.
3217 1642 3414 1708 Juxta
3448 1643 3572 1709 hoc
3617 1644 3932 1726 quaeritur

2382 1754 2605 1814 utrum
2624 1750 2949 1816 daemones
2966 1750 3182 1833 aliquo
3205 1749 3395 1815 modo
3417 1750 3699 1815 habeant
3719 1767 3927 1834 spem;

2383 1861 2448 1923 et
2471 1857 2641 1940 quod
2670 1858 2760 1922 sic
2781 1907 2800 1936 ,
2833 1857 3118 1936 videtur,
3145 1858 3302 1940 quia
3329 1857 3563 1923 dicitur
3609 1858 3693 1923 de
3721 1857 3926 1924 Bebe-

2384 1967 2564 2032 moth
2594 1975 2659 2030 ¹:
2690 1971 2852 2034 Ecce
2892 1983 3034 2050 spes
3069 1967 3208 2050 ejus
3248 1967 3682 2048 frustrabitur
3712 1990 3741 2033 .·
3778 1984 3932 2049 ergo

2385 2074 2578 2139 babet
2614 2093 2816 2158 spem.
2861 2075 2984 2140 Sed
3030 2079 3250 2139 contra
3283 2094 3302 2139 ε
3333 2073 3564 2141 Sciunt
3600 2080 3932 2160 peccatum

2389 2200 2584 2247 suum
2612 2181 3076 2247 irremediabile
3111 2205 3126 2246 ε
3163 2200 3320 2264 ergo
3359 2183 3701 2266 desperant
3734 2204 3752 2245 :
3784 2199 3935 2264 ergo

2388 2308 2520 2354 non
2565 2289 2806 2354 habent
2847 2308 3049 2372 spem.
3084 2288 3163 2355 Et
3208 2290 3622 2373 Augustinus
3669 2288 3823 2354 dicit
3863 2289 3937 2352 de

2387 2396 2640 2461 diabolo
2662 2398 2688 2433 ¹
2725 2417 2743 2461 :
2802 2420 2834 2459 α
2878 2397 2952 2462 Et
2995 2397 3076 2463 ad
3121 2397 3459 2464 cumulum
3511 2395 3941 2463 damnationis

2391 2520 2529 2570 suae
2557 2504 2934 2588 desperavit.
2968 2526 3000 2566 n

2471 2610 2658 2694 Resp.
2710 2610 3066 2677 Dicendum
3113 2611 3287 2695 quod
3330 2628 3475 2694 spes
3518 2628 3674 2675 non,
3702 2610 3944 2676 tollitur

2394 2719 2519 2784 nisi
2547 2736 2661 2801 per
2705 2718 3102 2802 subsequens
3142 2716 3485 2802 praemium
3505 2767 3528 2798 ‚
3556 2722 3625 2783 et
3659 2736 3778 2802 per
3804 2735 3943 2782 con·

2394 2825 2664 2890 trarium
2689 2824 3012 2892 habitum.
3045 2826 3120 2892 Et
3144 2826 3347 2891 sancti
3377 2825 3447 2890 in
3467 2825 3696 2903 limbo,
3730 2832 3797 2891 et
3820 2826 3947 2890 ani·

2399 2951 2524 2998 mae
2556 2931 2627 2996 in
2668 2933 3044 3016 purgatorio
3081 2951 3200 2998 nec
3239 2935 3422 2999 erant
3467 2934 3747 2998 assecuti
3782 2950 3941 3017 prae-

2401 3040 2606 3105 mium
2624 3088 2642 3118 ,
2673 3057 2792 3104 nec
2835 3041 3189 3106 inciderant
3221 3040 3294 3104 in
3337 3040 3738 3105 contrarium
3767 3040 3941 3105 habi-

2401 3154 2541 3214 tum
2559 3197 2577 3229 ,
2608 3149 2745 3214 sive
2771 3149 2840 3213 in
2864 3149 3180 3215 defectum
3211 3171 3229 3214 ι
3265 3149 3420 3213 hinc
3446 3152 3542 3215 aet
3566 3150 3746 3232 quod
3773 3166 3946 3234 spem

2401 3257 2752 3339 habebant,
2781 3256 2945 3323 sicut
2994 3257 3146 3323 dicit
3192 3256 3365 3323 Beda
3388 3305 3411 3337 ,
3456 3260 3522 3321 et
3563 3256 3841 3322 habetur
3886 3257 3950 3320 in

2402 3365 2567 3431 libro
2610 3369 2837 3448 quarto
2858 3366 2881 3401 ⁸
2900 3413 2921 3445 ,
2958 3364 3132 3447 quod
3182 3370 3394 3448 patres
3436 3365 3509 3429 in
3549 3364 3754 3430 limbo
3798 3365 3951 3429 felia·

2406 3492 2518 3559 spe
2544 3473 2912 3555 ingressum
2931 3472 3158 3555 januae
3185 3472 3460 3537 coelestis
3489 3472 3910 3556 expectabant
3932 3491 3948 3551 3

2407 3588 2732 3653 daemones
2764 3602 2951 3664 vero,
2983 3587 3048 3649 et
3082 3582 3192 3648 alii
3230 3584 3514 3648 damnati
3530 3632 3548 3659 ,
3579 3585 3696 3667 qui
3729 3583 3955 3648 habent

2409 3691 2801 3759 contrarium
2845 3690 3148 3757 habitum
3189 3692 3367 3773 spei,
3399 3692 3638 3756 scilicet
3672 3678 3957 3776 despera-

2410 3801 2672 3880 tionem,
2701 3817 2882 3883 spem
2902 3796 3144 3863 habere
3175 3815 3306 3863 non
3335 3803 3629 3881 possunt.
3664 3799 3958 3863 Similiter

2412 3906 2610 3972 sancti
2641 3907 2706 3971 et
2728 3906 2895 3971 beati
2939 3905 3210 3972 assecuti
3251 3911 3403 3970 sunt
3439 3907 3788 3989 praemium
3807 3956 3826 3986 ,
3852 3923 3961 3989 per

2414 4020 2589 4104 quod
2623 4038 2767 4102 spes
2797 4021 3169 4096 evacuatur,
3202 4019 3368 4085 sicut
3401 4020 3574 4084 infra
3604 4020 3961 4084 manifesta-

2415 4128 2608 4194 bitur.
2649 4127 2749 4193 Ad
2793 4126 2950 4192 illud
2994 4144 3149 4193 vero
3199 4128 3370 4209 quod
3417 4127 3727 4210 objicitur
3753 4175 3773 4203 ,
3800 4124 3960 4209 quod

2417 4253 2560 4318 spes
2584 4234 2990 4300 commetitur
3016 4251 3085 4299 se
3128 4234 3321 4299 statui
3365 4234 3490 4298 vise
3508 4282 3528 4314 ,
3565 4237 3632 4297 et
3666 4232 3858 4297 datur
3889 4229 3963 4296 ad

2420 4341 2799 4407 merendum
2818 4389 2840 4421 ,
2885 4339 3224 4405 dicendum
3271 4340 3445 4423 quod
3494 4339 3702 4403 sancti
3756 4343 3959 4422 patres

2422 4449 2702 4534 quodam
2730 4449 2919 4515 modo
2941 4454 3124 4512 erant
3150 4448 3220 4512 in
3246 4448 3356 4513 via
3372 4496 3390 4527 ,
3415 4450 3479 4512 et
3514 4447 3813 4512 nondum
3840 4463 3967 4529 per-

2423 4559 2732 4622 venerant
2748 4554 2828 4619 ad
2844 4553 3122 4638 patriam
3142 4574 3160 4633 ;
3184 4556 3494 4637 praeterea
3504 4553 3830 4618 'meritum
3849 4570 3966 4616 non

2425 4662 2678 4747 respicit
2703 4662 2908 4745 ipsam
2950 4678 3132 4744 spem
3176 4659 3626 4726 universaliter
3649 4708 3669 4740 ,
3715 4661 3829 4725 sed
3871 4677 3965 4723 se-

2426 4770 2710 4835 cundum
2758 4772 3023 4835 statum.
3070 4767 3170 4833 Ad
3214 4766 3371 4832 illud
3413 4769 3590 4851 quod
3632 4767 3932 4852 objicitur
3945 4814 3962 4844 ,

2423 4877 2600 4961 quod
2628 4877 2861 4942 animae
2886 4876 2957 4941 in
2984 4875 3365 4959 purgatorio
3394 4878 3588 4939 certae
3632 4880 3786 4940 sunt
3807 4873 3964 4958 quod

2427 5003 2558 5050 non
2601 4987 2864 5067 possunt
2890 4983 3182 5047 damnari
3203 5031 3224 5062 ,
3267 4982 3607 5047 dicendum
3651 4982 3828 5066 quod
3850 4982 3964 5045 hoc

2427 5110 2560 5158 non
2602 5096 2696 5158 est
2741 5095 2999 5175 propter
3044 5091 3508 5183 assecutionem
3551 5090 3784 5173 gloriae
3800 5138 3819 5170 ,
3863 5087 3960 5152 sed

2427 5202 2683 5285 propter
2709 5197 3259 5264 confirmationem
3285 5197 3470 5261 liberi
3497 5197 3779 5278 arbitrii,
3803 5194 3957 5279 quod

2429 5364 2506 5423 sit,
2532 5362 2647 5413 libri
2675 5361 2736 5411 de
2756 5359 3078 5412 Mirabilibus
3097 5373 3225 5407 sacr.
3252 5358 3459 5421 Ser-ipa,
3488 5357 3578 5408 lib.
3607 5358 3646 5421 Ι,
3679 5373 3728 5409 e.
3759 5371 3820 5420 11,
3843 5358 3957 5407 inter

2428 5448 2584 5500 opera
2601 5436 2655 5486 S·
2669 5430 3185 5498 Augustini,append.
3208 5434 3333 5483 tom.
3350 5429 3493 5480 111.-
3518 5429 3541 5466 ⁸
3561 5430 3674 5483 Lib.
3696 5429 3952 5492 1v‚dist.1.
