4185 6288
788 418 910 484 212

680 582 689 595 ·
790 553 1165 638 praecipitati
1184 555 1356 618 sunt.
1374 550 1451 615 Et
1462 550 1603 615 ideo
1633 551 1689 613 si
1714 550 2081 634 simpliciter
2104 553 2326 618 adorat

789 664 936 746 quis
977 660 1201 726 Christi
1231 659 1664 725 adversarium
1682 708 1699 738 ,
1742 678 1874 725 non
1910 665 2254 725 excusatur
2286 680 2326 726 a

790 775 1067 854 peccat0,
1084 769 1333 834 etiamsi
1354 769 1567 833 credat
1591 768 1804 850 ipsum
1825 786 1959 832 esse
1978 768 2320 834 Christum.

547 885 762 934 Adon-andi
792 877 861 943 Si
886 882 1101 942 autem
1128 877 1346 942 adoret
1378 876 1501 939 sub
1540 876 1925 956 conditione,
1967 877 2092 941 hoc
2125 880 2329 960 potest

568 953 740 998 modun·

791 1004 926 1052 esse
950 985 1323 1068 dupliciter:
1349 987 1463 1048 aut
1488 983 1643 1065 quia
1668 988 1765 1048 est
1787 983 1893 1047 illa
1913 983 2188 1048 conditio
2215 984 2329 1047 ha-

784 1093 1238 1174 bitudinaliter,
1269 1095 1380 1156 aut
1407 1092 1733 1156 actualiter
1760 1092 2172 1171 considerata,
2192 1091 2328 1155 sive

783 1200 1070 1284 apposita
1103 1222 1118 1263 ε
1154 1199 1208 1262 si
1237 1198 1598 1276 actualiter,
1659 1199 1749 1262 sic
1789 1217 1921 1262 non
1968 1198 2190 1263 adorat
2230 1199 2327 1281 ip-

783 1325 931 1372 sum
958 1307 1345 1383 Luciferum,
1376 1306 1485 1371 sed
1515 1307 1724 1388 magis
1766 1307 2086 1371 Christum
2107 1355 2125 1386 ,
2173 1306 2326 1388 quia

781 1433 915 1482 non
940 1419 1064 1481 stat
1080 1416 1361 1479 adoratio
1376 1415 1500 1478 nisi
1525 1419 1728 1478 stante
1747 1414 2138 1492 conditione;
2165 1416 2230 1476 et
2247 1413 2321 1477 ad

782 1542 934 1590 eum
984 1524 1257 1587 refertur
1305 1521 1587 1586 adoratio
1600 1570 1619 1601 ,
1677 1522 1758 1585 ad
1805 1540 2002 1604 quem
2052 1522 2326 1585 retertur

783 1629 1166 1695 adorationis
1194 1629 1562 1713 implicatio·
1591 1628 1657 1694 Si
1684 1632 1900 1693 autem
1919 1628 2028 1693 illa
2050 1628 2326 1693 conditio

782 1739 864 1802 sit
881 1738 1001 1801 sub
1020 1736 1516 1801 consideratione
1533 1734 1970 1811 habitudinali,
1990 1735 2113 1799 hoc
2139 1735 2327 1799 modo
2377 1716 2386 1734 ³

783 1863 917 1909 non
941 1844 1175 1907 sufficit
1207 1845 1289 1909 ad
1325 1844 1658 1907 vitandum
1698 1848 2026 1925 peccatum
2073 1843 2328 1907 idolola-

666 2022 673 2029 ‚
782 1952 923 2015 triae
945 1957 1235 2033 respectu
1259 1950 1460 2033 hujus
1486 1950 1924 2034 apparitioniS,
1961 1950 2097 2014 sive
2125 1954 2327 2013 trans-

781 2058 1228 2139 figurationi53
1258 2057 1493 2122 sufficit
1532 2062 1747 2120 tamen
1778 2061 2067 2139 respectu
2109 2075 2323 2121 sacra-

781 2165 983 2230 menti
1025 2164 1260 2229 altaris.
1315 2163 1474 2229 Nam
1513 2163 1657 2227 talis
1706 2164 2185 2244 transfiguratio
2231 2170 2326 2229 est

780 2271 1066 2348 insolita,
1090 2275 1154 2336 et
1180 2271 1322 2336 ideo
1346 2287 1477 2335 non
1505 2269 1691 2335 debet
1724 2270 1802 2334 ad
1841 2287 1983 2333 eam
2028 2269 2321 2352 praecipi-

779 2381 989 2442 tenter
1015 2377 1198 2459 sequi
1216 2377 1522 2455 adoratio,
1554 2376 1662 2441 sed
1691 2394 1841 2441 cum
1869 2376 2235 2440 maturitate
2261 2380 2325 2440 et

779 2485 1022 2567 praevia
1040 2485 1347 2549 oratione.
1379 2484 1501 2549 Sed
1530 2484 1916 2548 consecratio
1959 2483 2187 2549 hostiae
2230 2486 2325 2547 est

780 2596 1083 2657 consueta
1113 2612 1129 2656 :
1161 2591 1302 2656 ideo
1328 2591 1563 2655 sufficit
1592 2590 1763 2673 quod
1804 2590 2074 2655 adorans
2102 2591 2171 2655 in
2205 2591 2323 2654 ha-

777 2698 917 2765 bitu
958 2699 1124 2764 hanc
1165 2699 1396 2763 habeat
1433 2697 1863 2762 conditionem
1882 2746 1899 2774 ,
1928 2698 2222 2763 videlicet
2266 2699 2322 2762 si

779 2808 1163 2873 consecratio
1208 2807 1416 2871 debito
1465 2805 1657 2883 modo
1700 2805 1861 2869 facta
1916 2808 2010 2870 est
2073 2824 2091 2867 ε
2151 2805 2321 2870 unde

778 2915 997 2997 pauci,
1027 2915 1131 2979 vel
1183 2914 1346 2979 nulli
1404 2913 1620 2977 fideles
1674 2913 1742 2976 in
1793 2913 1913 2976 hac
1956 2911 2321 2977 adoratione

778 3027 1041 3104 peccant
1072 3038 1089 3083 ε
1116 3038 1339 3085 omnes
1363 3020 1539 3084 enim
1576 3020 1882 3084 accedunt
1916 3037 2065 3082 cum
2096 3019 2321 3084 condi-

777 3130 949 3194 tione
975 3128 1116 3193 ista.
1148 3126 1329 3206 Quod
1373 3131 1589 3192 autem
1635 3126 1953 3208 objicitur,
1996 3127 2178 3209 quod
2211 3147 2318 3193 sa·-

776 3236 994 3303 cerdos
1020 3235 1167 3299 facit
1194 3252 1302 3299 eos
1328 3233 1746 3320 idololatrare,
1769 3232 1891 3297 hoc
1911 3234 2311 3316 intelligitur,

776 3346 1089 3425 quantum
1138 3342 1209 3405 in
1260 3359 1328 3405 se
1380 3345 1504 3419 est,
1554 3341 1706 3423 quia
1759 3359 1873 3423 per
1920 3342 2133 3424 ipsum
2185 3360 2316 3407 non

774 3454 1083 3528 remanet,
1113 3448 1381 3514 scienter
1405 3448 1576 3511 enim
1604 3447 1863 3512 exhibet
1894 3448 2313 3529 adorandum,

776 3555 950 3638 quod
975 3556 1093 3620 scit
1117 3553 1516 3621 adorandum
1555 3573 1689 3620 non
1724 3572 1883 3620 esse.
1934 3555 2110 3620 Patet
2159 3574 2318 3638 ergo

775 3661 949 3744 quod
1017 3661 1228 3726 cultus
1294 3662 1496 3727 latriae
1560 3666 1713 3727 non·
1762 3667 1964 3745 potest
2030 3663 2318 3727 exhiberi

778 3769 1007 3835 Christi
1018 3769 1382 3835 adversario
1397 3768 1636 3850 absque
1645 3774 1900 3851 peccato
1918 3768 2311 3836 idololatriae.

776 3876 855 3942 Et
873 3876 1289 3942 concedendae
1307 3880 1459 3940 sunt
1473 3877 1750 3940 rationes
1767 3876 1846 3941 ad
1860 3877 1982 3940 hoc
2008 3877 2312 3941 inductae.

858 3991 919 4050 1.
968 3983 1064 4049 Ad
1115 3982 1273 4048 illud
1327 4000 1484 4064 ergo
1537 3982 1711 4066 quod
1764 3983 2089 4065 objicitur,
2145 3986 2315 4066 quod

773 4090 1141 4175 ignorantia
1160 4089 1305 4154 facti
1331 4094 1615 4169 excusat,
1644 4090 1929 4156 adhibita
1954 4091 2310 4173 diligentia3

775 4202 1114 4267 dicendum
1144 4199 1317 4282 quod
1344 4216 1495 4263 cum
1523 4197 1771 4263 Lucifer
1796 4197 2119 4278 adoratur,
2149 4218 2316 4265 nun-

774 4326 967 4391 quam
997 4306 1207 4372 debita
1235 4304 1566 4386 diligentia
1591 4304 1926 4369 adhibetur
1956 4323 1974 4368 ε
2001 4323 2175 4385 nam,
2223 4307 2314 4369 si·-

781 4418 896 4479 cut
937 4413 1181 4478 dictum
1222 4415 1355 4488 est,
1409 4411 1642 4494 triplex
1693 4411 2049 4477 remedium
2113 4416 2317 4495 potest

773 4522 993 4585 contra
1017 4520 1141 4585 hoc
1173 4518 1475 4584 inveniri.

851 4632 912 4693 2.
959 4627 1057 4693 Ad
1098 4627 1255 4693 illud
1302 4625 1475 4709 quod
1519 4625 1837 4708 objicitur,
1880 4627 2048 4711 quod
2096 4645 2314 4693 emens

772 4752 1078 4817 cuprum,
1104 4733 1438 4798 intendens
1456 4750 1668 4796 emere
1686 4752 1945 4813 aurum,
1972 4752 2102 4799 non
2130 4736 2312 4801 dam-

770 4842 1071 4907 nificatur
1087 4890 1105 4923 ,
1151 4840 1493 4907 dicendum
1531 4840 1701 4922 quod
1747 4840 2013 4905 intentio
2058 4842 2311 4906 emendi

771 4969 1029 5029 aurum,
1058 4953 1172 5014 aut
1192 4951 1396 5032 potest
1420 4965 1554 5013 esse
1580 4948 1789 5012 solum
1813 4949 2166 5034 in·mente,
2199 4952 2313 5014 aut

837 5076 856 5111 ¹
896 5075 1024 5128 Dist.
1053 5086 1141 5141 ιι,
1166 5078 1264 5127 art.
1298 5079 1346 5137 ι,
1365 5088 1420 5138 q.
1449 5085 1507 5128 11.

1900 413 2521 487 SENTENTIARUM
2561 422 2712 488 LIB.
2752 423 2861 489 111.

2431 556 2499 621 in
2526 576 2819 623 sermone
2882 581 2897 623 z
2953 558 3006 621 si
3058 557 3268 623 solum
3314 557 3385 620 in
3436 560 3670 637 mente,
3702 560 3773 621 ut
3792 556 3954 621 nulla

2430 665 2747 745 praecedat
2770 665 3012 729 mentio
3042 665 3113 728 in
3140 682 3463 740 sermone,
3493 682 3626 729 non
3651 663 3833 727 habet
3852 666 3950 746 jus

2430 773 2777 854 repetendi.
2810 772 2878 837 Si
2905 777 3123 836 autem
3152 772 3221 835 in
3249 789 3544 835 sermone
3590 772 3702 834 fiat
3734 770 3951 835 mentio

2432 877 2509 941 de
2541 896 2725 958 auro,
2778 880 2850 942 fit
2890 878 3347 951 circumventio
3388 879 3466 942 de
3508 877 3633 941 alio
3675 898 3690 940 ε
3733 881 3792 940 et
3815 876 3953 960 quia

2432 988 2792 1051 contractus
2826 991 3142 1069 quantum
3170 988 3251 1051 ad
3265 988 3461 1053 verba
3477 992 3540 1050 et
3557 985 3952 1050 intentionem

2432 1097 2729 1158 versatur
2785 1094 2953 1158 circa
2995 1094 3187 1159 aliam
3234 1094 3564 1158 materiam
3588 1141 3606 1173 ,
3654 1092 3790 1157 ideo
3836 1109 3952 1155 non

2434 1197 2882 1265 damnificatur
2909 1202 3265 1266 secundum
3284 1203 3481 1283 Jura:
3516 1218 3600 1264 ex
3616 1199 3735 1263 hoc
3757 1201 3955 1262 autem

2431 1323 2564 1369 non
2586 1308 2835 1389 sequitu
2844 1327 2894 1386 r,
2916 1310 3088 1390 quod
3111 1311 3435 1391 peccatum
3456 1305 3823 1372 idololatriae
3838 1322 3954 1368 non

2432 1416 2832 1495 perpetretur
2867 1415 3187 1479 adorando
3222 1414 3545 1479 diabolum
3584 1412 3952 1494 simpliciter,

2432 1520 2542 1583 sed
2581 1521 2753 1603 quod
2804 1539 2934 1585 non
2977 1525 3373 1604 perpetretur
3412 1538 3566 1585 cum
3605 1518 3958 1585 conditionis

2432 1626 2783 1709 adjectione
2811 1629 2999 1692 tacita
3025 1628 3129 1692 vel
3157 1646 3472 1710 expressa.

2512 1736 2574 1797 3.
2623 1734 2723 1798 Ad
2765 1751 3040 1817 sequens
3083 1734 3252 1817 quod
3295 1734 3592 1817 objicitur
3630 1734 3710 1798 de
3757 1731 3958 1796 matri-

2433 1841 2632 1904 monii
2666 1859 2980 1905 consensu
3018 1841 3087 1904 in
3142 1858 3355 1906 errore
3396 1859 3722 1923 personae,
3775 1842 3962 1922 potest

2431 1947 2801 2029 responderi
2823 1948 3135 2011 similiter.
3169 1946 3378 2011 Potest
3410 1948 3598 2011 etiam
3646 1947 3765 2010 dici
3805 1944 3960 2029 quod

2430 2070 2562 2118 non
2602 2057 2695 2118 est
2732 2055 2969 2134 simile,
3018 2055 3170 2137 quia
3214 2055 3304 2118 sic
3343 2073 3476 2118 non
3512 2059 3715 2138 potest
3751 2051 3959 2118 evitari

2431 2177 2611 2225 error
2635 2162 2761 2241 ille,
2794 2162 2957 2226 sicut
2976 2162 3092 2227 iste
3142 2184 3158 2225 :
3209 2162 3400 2225 habet
3445 2163 3618 2226 enim
3651 2162 3860 2238 homo,
3889 2157 3960 2222 ad

2431 2268 2762 2333 vitandum
2800 2269 2974 2333 hunc
3003 2286 3312 2346 errorem,
3352 2267 3748 2350 adJutorium
3789 2269 3961 2349 Juxta

2434 2390 2527 2438 se.

2511 2488 2573 2546 4.
2605 2482 2698 2545 Ad
2731 2481 2886 2546 illud
2914 2482 3088 2564 quod
3121 2481 3446 2564 oincitur,
3485 2482 3657 2564 quod
3687 2499 3842 2564 opus
3866 2495 3959 2543 se-

2430 2588 2654 2671 quitur
2682 2587 3116 2652 credulitatem
3158 2592 3221 2652 et
3262 2589 3684 2654 intentionem
3707 2637 3726 2668 ,
3763 2588 3960 2651 dicen·
4035 2592 4040 2597 ’

2429 2696 2587 2760 dum
2614 2694 2787 2778 quod
2809 2712 3039 2759 verum
3073 2699 3165 2758 est
3205 2695 3275 2757 in
3314 2695 3448 2776 his,
3480 2712 3633 2778 quae
3669 2714 3796 2760 non
3827 2697 3963 2758 sunt

2428 2803 2598 2867 mala
2626 2802 2980 2866 secundum
3007 2820 3108 2881 se;
3145 2802 3215 2865 in
3241 2801 3380 2865 aliis
3407 2806 3652 2880 autem,
3681 2803 3838 2866 sicut
3860 2818 3958 2865 os-

2425 2913 2681 2974 tensum
2710 2909 2895 2974 estin
2919 2908 3195 2974 secundo
3220 2909 3386 2973 libro
3416 2914 3462 2989 ¹,
3488 2928 3626 2974 non
3649 2910 3835 2973 habet
3855 2925 3960 2970 ve·-

2426 3017 2708 3080 ritatem.
2745 3015 3059 3079 Praeterea
3083 3015 3190 3079 illa
3235 3016 3599 3097 credulitae,
3628 3035 3759 3099 qua
3782 3014 3964 3080 credit

2428 3122 2623 3188 homo
2648 3124 2823 3188 hunc
2845 3141 2981 3188 esse
3014 3122 3359 3204 Christum,
3388 3124 3733 3189 temeraria
3754 3129 3877 3188 est:
3906 3125 3962 3186 et

2428 3230 2571 3295 ideo
2603 3226 2681 3294 ad
2710 3250 2873 3313 opus
2897 3232 3311 3296 temerarium
3342 3230 3630 3312 deducit,
3676 3235 3750 3296 ut
3772 3231 3956 3308 hunc,

2429 3357 2621 3420 quem
2652 3340 2855 3416 videt,
2887 3339 3134 3418 adoret3
3182 3339 3336 3421 quia
3374 3339 3549 3403 enim
3592 3341 3662 3403 in
3701 3336 3962 3402 creduli-

2427 3449 2556 3510 tate
2580 3446 2731 3509 etin
2782 3445 3135 3510 intentione
3157 3463 3289 3509 non
3316 3444 3528 3509 solum
3570 3445 3735 3510 cadit
3761 3442 3961 3509 Chris-

2426 3557 2552 3631 tus,
2584 3552 2691 3616 sed
2720 3554 2912 3616 etiam
2938 3553 3066 3632 hic,
3095 3571 3291 3636 quem
3317 3552 3511 3632 videt,
3556 3553 3697 3619 ideo
3716 3549 3961 3616 honoris

2427 3660 2735 3724 exhibitio
2754 3661 2967 3744 aliquo
2982 3661 3172 3726 modo
3189 3661 3654 3726 determinatur
3666 3661 3746 3725 ad
3761 3661 3957 3724 hunc:

2424 3766 2568 3831 ideo
2608 3786 2729 3831 nec
2771 3772 2942 3832 recta
2979 3767 3099 3831 fuit
3128 3768 3427 3848 intentiO,
3463 3768 3570 3834 vel
3615 3766 3957 3842 credulita,

2426 3892 2545 3940 nec
2566 3881 2740 3941 recta
2763 3880 2858 3941 est
2881 3875 3185 3941 adoratio·

2884 4128 3368 4200 ARTICULUS
3416 4132 3503 4202 11.

2505 4307 2974 4389 consequenter
3012 4307 3325 4389 quaeritur
3358 4308 3437 4373 de
3479 4309 3760 4374 secundo
3789 4306 3958 4393 prin-

2425 4413 2633 4497 cipali,
2660 4413 2951 4477 videlicet
2973 4414 3053 4478 de
3079 4414 3218 4496 ipsa
3239 4414 3421 4478 latria
3436 4418 3793 4481 secundum
3810 4411 3958 4477 illud

2426 4521 2598 4605 quod
2622 4525 2747 4600 est;
2782 4525 2847 4585 et
2877 4521 3044 4585 circa
3068 4521 3192 4586 hoc
3218 4526 3605 4605 quaeruntur
3641 4526 3953 4606 quatuor:

2426 4630 2635 4712 primo
2662 4629 2976 4714 quaeritur
3003 4631 3229 4693 utrum
3271 4630 3456 4694 latria
3501 4632 3584 4695 sit
3631 4632 3701 4695 in
3738 4644 3960 4713 genere

2425 4735 2682 4801 virtutis
2699 4758 2714 4815 3
2742 4734 3039 4815 secundo,
3063 4740 3287 4800 utrum
3302 4737 3385 4801 sit
3404 4738 3613 4802 virtus
3636 4735 3956 4821 generalis,

2425 4843 2531 4908 vel
2554 4842 2878 4925 specialis3
2927 4841 3143 4921 tertio,
3187 4847 3411 4907 utrum
3449 4842 3638 4908 latria
3664 4844 3749 4908 sit
3773 4844 3962 4908 virtus

2420 4950 2783 5030 cardinalis,
2818 4947 2923 5013 vel
2949 4947 3338 5031 theologica;
3369 4954 3625 5032 quarto,
3658 4954 3873 5017 utrum
3890 4946 3964 5014 sit

2420 5057 2627 5124 virtus
2653 5059 2914 5125 diversa
2936 5075 2977 5121 a
2995 5055 3190 5120 dulia.
