4185 6288
1182 517 1379 584 DIST.
1418 515 1630 582 xxvl.
1669 513 1850 581 ΛΒΤ.
1898 513 1945 578 1.
1990 512 2287 591 QUAEST.
2335 515 2409 579 V.

717 810 1078 890 QUAESTIO
1116 809 1192 876 V.

342 1010 433 1066 An
458 1024 575 1082 spoe
600 1011 663 1065 in
687 1023 780 1065 suo
806 1013 933 1064 actu
956 1010 1032 1064 sit
1057 1010 1231 1074 certa,
1262 1021 1337 1062 an
1358 1005 1527 1061 dubia
1548 1005 1585 1061 ¹.

49 1208 163 1250 lam.
274 1194 500 1260 Utrum
529 1212 673 1276 spes
698 1194 767 1257 in
795 1197 941 1258 actu
965 1211 1084 1257 suo
1118 1193 1200 1256 sit
1236 1189 1691 1255 certitudinalis
1711 1237 1729 1267 ‚

194 1321 279 1367 an
298 1302 497 1366 dubia
521 1321 537 1365 ε
562 1305 626 1365 et
649 1300 822 1382 quod
843 1299 924 1362 sit
947 1296 1429 1375 certitudinem,
1453 1295 1731 1370 videtur,

197 1409 407 1493 primo
434 1426 549 1490 per
574 1406 735 1471 illud
779 1406 952 1488 quod
991 1404 1222 1468 dicitur
1246 1403 1271 1439 ²
1298 1426 1313 1467 ε
1353 1402 1568 1469 Certus
1595 1417 1737 1468 sum

195 1514 367 1598 quod
392 1530 589 1597 neque
616 1527 820 1592 mora,
850 1519 1059 1595 meque
1097 1513 1238 1578 vita
1263 1560 1280 1588 ‚
1328 1527 1524 1593 neque
1558 1526 1738 1575 crea-

195 1631 346 1688 tura
390 1621 528 1687 alia
566 1621 802 1703 poterit
843 1635 960 1687 nos
1002 1634 1299 1700 separare
1341 1635 1382 1684 a
1424 1617 1739 1684 charitate

203 1731 342 1795 Dei.
373 1728 499 1794 Sed
534 1727 872 1812 Apostolus
898 1745 1029 1793 non
1074 1730 1212 1791 erat
1252 1726 1330 1790 de
1369 1725 1491 1790 hoc
1531 1731 1742 1789 certus

198 1837 577 1902 certitudine
601 1834 1188 1919 comprehensionis
1223 1852 1420 1915 :ergo
1447 1837 1584 1898 erat
1609 1851 1743 1896 cer·

199 1946 471 2009 titudine
498 1942 957 2027 expectationis
986 1947 1219 2022 certus,
1252 1942 1387 2006 sive
1415 1940 1741 2005 confiden-

197 2055 307 2118 tiae
333 2053 532 2135 ipsius
557 2053 686 2136 spei
716 2076 731 2116 t
771 2050 927 2133 ergo
957 2069 1101 2134 spes
1128 2052 1196 2115 in
1223 2054 1369 2115 actu
1393 2068 1512 2113 suo
1541 2049 1745 2114 reddit

199 2159 531 2225 hominem
561 2163 829 2223 certum.
1696 2155 1699 2158 ‘

284 2269 439 2333 ltem
467 2268 591 2333 hoc
620 2269 835 2351 ipsum
861 2266 1216 2331 ostenditur
1255 2285 1369 2348 per
1414 2265 1744 2329 diffinitio-

201 2395 352 2441 nem
387 2376 552 2460 spei,
597 2394 793 2457 quam
841 2374 1142 2455 Magister
1174 2372 1353 2456 ponit
1380 2372 1451 2436 in
1488 2372 1740 2436 littera:

204 2508 237 2545 α
271 2482 424 2567 Spes
450 2488 547 2548 est
571 2487 742 2546 certa
772 2481 1126 2564 expectatio
1152 2479 1388 2544 futurae
1415 2478 1748 2544 beatitudi-

201 2591 327 2654 nis.
362 2612 393 2650 υ
425 2588 491 2654 Si
520 2607 679 2671 ergo
710 2587 1020 2653 certitudo
1066 2590 1160 2651 est
1186 2587 1353 2651 circa
1395 2590 1605 2651 actum
1647 2586 1745 2668 ip·

201 2699 339 2763 sius
365 2698 537 2781 spei,
559 2713 702 2779 spes
729 2698 798 2760 in
830 2715 947 2760 suo
975 2699 1122 2760 actu
1148 2700 1244 2758 est
1264 2692 1742 2759 certitudinalis.

286 2805 445 2869 Item
497 2804 669 2887 quod
725 2807 1016 2868 removet
1072 2802 1568 2880 haesitationem,
1610 2791 1754 2864 sive'

205 2911 696 2987 vacillationem,
725 2909 947 2974 tribuit
970 2908 1416 2973 certitudinem
1444 2926 1461 2972 ε
1489 2907 1596 2972 sed
1621 2907 1750 2971 hae-'

200 3019 414 3084 sitatio
433 3064 450 3095 ,
485 3034 633 3100 quae
659 3016 809 3080 facit
833 3014 1164 3080 hominem
1192 3015 1513 3093 vacillare,
1543 3032 1750 3078 remo·

201 3130 392 3193 vetur
436 3143 548 3208 per
591 3123 1039 3190 confidentiam
1084 3123 1241 3207 spei.
1291 3123 1358 3187 Si
1399 3139 1559 3206 ergo
1609 3140 1751 3205 spes

201 3235 315 3298 dat
340 3232 791 3297 certitudinem
820 3232 943 3315 ipsi
978 3232 1255 3316 speranti
1274 3279 1292 3311 ,
1325 3247 1483 3312 ergo
1511 3230 1578 3293 in
1605 3234 1751 3294 actu

202 3360 325 3407 suo
360 3345 458 3406 est
484 3339 959 3405 certitudinalis.

290 3448 471 3528 Item,
502 3447 667 3513 sicut
694 3447 1083 3530 impossibile
1109 3451 1204 3510 est
1227 3465 1551 3511 summam
1577 3446 1747 3513 veri-

202 3560 403 3621 tatem
431 3554 648 3619 fallere
678 3557 741 3620 et
772 3553 1058 3637 decipere
1086 3553 1208 3618 sibi
1237 3554 1598 3618 credentem
1616 3601 1634 3631 ,
1661 3554 1751 3617 sic

203 3663 591 3747 impossibile
640 3665 734 3725 est
777 3662 980 3744 ipsam
1028 3662 1316 3726 deserere
1354 3680 1750 3745 quemquam

204 3773 277 3834 in
318 3788 389 3834 se
427 3770 849 3834 confidentem
894 3791 909 3831 :
961 3786 1118 3851 ergo
1161 3769 1327 3834 sicut
1374 3769 1636 3835 credens
1681 3770 1751 3834 in

205 3879 412 3944 Deum
442 3882 653 3942 certus
678 3882 774 3942 est
799 3878 876 3942 de
908 3878 1177 3942 veritate
1204 3877 1437 3942 credita
1454 3924 1470 3954 ‚
1501 3878 1592 3942 sic
1617 3896 1748 3960 spe-

205 4003 362 4049 rans
379 3983 452 4048 in
478 3986 691 4068 ipsum
718 3989 927 4049 certus
951 3988 1048 4050 est
1064 3985 1143 4049 de
1160 3984 1363 4048 salute
1389 3988 1746 4067 expectata:

206 4111 371 4174 ergo
408 4091 660 4157 videtur
698 4091 869 4172 quod
914 4092 1079 4157 circa
1126 4095 1342 4156 actum
1380 4092 1580 4174 ipsius
1618 4093 1751 4175 spei

207 4198 521 4266 certitudo
550 4200 873 4264 consistat.
1456 4223 1460 4226 ⁴

292 4308 450 4373 Item
475 4357 493 4388 ,
522 4307 576 4372 si
607 4308 814 4372 virtus
852 4311 946 4372 est
981 4306 1209 4371 certior
1234 4308 1412 4371 omni
1439 4312 1597 4387 arte,
1627 4326 1752 4372 an-

204 4416 409 4481 chora
440 4414 734 4479 omnium
764 4413 1080 4479 virtutum
1106 4414 1292 4477 debet
1315 4432 1451 4479 esse
1477 4415 1753 4478 certissi-

202 4542 319 4588 ma
351 4542 369 4587 :
402 4541 552 4588 cum
593 4540 755 4604 ergo
789 4539 936 4606 spes
976 4522 1116 4604 ipsa
1158 4521 1238 4587 ad
1271 4522 1440 4605 ipsas
1480 4522 1752 4590 virtutes

202 4651 278 4698 se
303 4631 538 4697 habeat
557 4633 632 4695 ut
655 4630 949 4712 quaedam
977 4630 1287 4708 anchora,
1315 4631 1571 4695 videtur
1593 4650 1753 4714 ergo

204 4737 384 4824 quod
410 4739 551 4821 ipsa
578 4753 719 4820 spes
741 4736 809 4799 in
836 4739 987 4800 actu
1010 4753 1130 4801 suo
1158 4736 1240 4800 sit
1264 4735 1447 4802 valde
1475 4742 1667 4802 certa.

290 4847 413 4912 Sed
458 4851 725 4935 contra:
758 4850 817 4909 1.
849 4844 1006 4927 Spes
1045 4844 1395 4908 seeundum
1436 4831 1756 4910 suum'ac-

138 4937 149 4947 ’
208 4965 353 5024 tum
400 4957 684 5042 procedit
726 4973 809 5019 ex
850 4954 1073 5019 habitu
1091 5001 1110 5034 ,
1138 4951 1243 5019 vel
1284 4973 1368 5018 ex
1392 4955 1755 5020 considera-

207 5068 382 5132 tione
411 5063 642 5149 gratiae
669 5067 732 5128 et
757 5061 1132 5126 meritorum
1166 5082 1180 5126 ;
1211 5061 1323 5126 sed
1362 5063 1580 5128 nullus
1613 5082 1752 5128 cer-

204 5181 313 5244 tus
342 5181 439 5243 est
466 5178 690 5241 utrum
715 5170 946 5235 habeat
972 5168 1246 5252 gratiam
1278 5187 1363 5233 an
1390 5189 1521 5235 non
1548 5193 1563 5234 :
1598 5191 1756 5252 ergo

267 5307 390 5372 ¹01⁹.
414 5298 794 5359 Memnoneis,
816 5298 980 5357 Cant„
1001 5296 1154 5359 p.111,
1172 5295 1341 5346 collat.
1364 5306 1454 5358 ιιι,
1475 5300 1605 5347 arm
1632 5302 1685 5348 et
1699 5301 1749 5364 23

571 5622 726 5674 ΤΟΙ.
762 5621 852 5669 Π.

3276 524 3390 584 577

1835 648 2089 714 videtur
2115 648 2286 731 quod
2314 666 2458 732 spes
2476 650 2545 713 in
2569 668 2687 714 suo
2710 653 2858 714 actu
2875 651 3120 716 nullam
3145 653 3376 719 habeat

1837 755 2305 820 certitudinem.

1917 867 1977 926 2.
2010 862 2170 928 Item
2212 863 2375 927 nihil
2405 863 2687 946 pendeus
2728 885 2767 932 a
2807 866 3216 931 vertibilitate
3258 885 3372 932 vo-

1839 968 2104 1033 luntatis
2129 970 2323 1035 habet
2363 972 2845 1038 certitudinem:
2877 974 2986 1038 sed
3014 993 3156 1056 spes
3182 979 3279 1038 est
3306 975 3376 1037 in

1840 1074 2039 1140 libero
2085 1077 2346 1139 arbitrio
2398 1081 2462 1140 et
2514 1083 2693 1143 actus
2735 1083 2877 1162 ejus
2897 1128 2916 1158 ,
2970 1084 3036 1144 et
3079 1081 3379 1143 meritum

1844 1180 2074 1263 pendet
2097 1201 2136 1245 a
2157 1168 2562 1247 vertibilitate
2589 1185 2936 1249 voluntatis
2956 1206 2973 1263 ;
3004 1185 3294 1249 similiter
3320 1190 3384 1250 et

1844 1290 2188 1369 praemium
2217 1338 2236 1368 ,
2293 1290 2463 1372 quod
2522 1295 2812 1373 expectat
2841 1314 2858 1356 t
2913 1308 3079 1372 ergo
3132 1292 3385 1356 videtur

1844 1396 2015 1477 quod
2042 1396 2291 1460 nullam
2318 1396 2545 1462 habeat
2572 1398 3033 1463 certitudinem.

1926 1511 1986 1572 3.
2037 1507 2196 1571 Item
2238 1509 2455 1573 nullus
2500 1515 2594 1573 est
2636 1513 2845 1574 certus
2886 1512 2965 1574 de
2996 1513 3387 1578 assecutione

1847 1613 2017 1679 illius
2039 1616 2161 1695 rei,
2192 1616 2271 1680 ad
2299 1634 2496 1699 quam
2525 1636 2859 1700 nunquam
2891 1621 3252 1702 pervenietx
3279 1621 3386 1685 sed

1849 1709 2213 1785 multisunt
2244 1724 2356 1804 qui
2383 1722 2625 1788 habent
2665 1725 2891 1804 fldem,
2930 1744 3109 1808 spem
3137 1730 3203 1791 et
3245 1727 3390 1791 cha-

1849 1828 2103 1893 ritatem
2134 1876 2150 1906 ‚
2198 1831 2311 1912 qui
2356 1831 2631 1895 finaliter
2674 1831 2928 1914 reprobi
2974 1813 3385 1898 efficiuntur:

1850 1953 2008 2017 ergo
2035 1936 2105 1999 in
2139 1936 2369 2002 talibus
2393 1938 2600 2002 virtus
2637 1938 2773 2020 spei
2818 1957 2950 2003 non
2985 1939 3178 2005 habet
3202 1941 3385 2005 certi-

1852 2042 2145 2107 tudinem
2173 2043 2322 2108 :sed
2347 2063 2480 2126 qua
2501 2043 2746 2108 ratione
2778 2046 2846 2109 in
2875 2045 3106 2109 talibus
3132 2063 3261 2110 non
3283 2046 3393 2110 ha·

1851 2149 1987 2228 bet,
2023 2151 2231 2215 necin
2255 2151 2425 2231 aliie,
2452 2171 2601 2217 cum
2628 2153 2696 2217 in
2722 2154 3026 2218 omnibus
3049 2155 3128 2217 sit
3153 2156 3394 2219 confor-

1853 2257 2046 2321 miter
2074 2262 2136 2321 et
2162 2258 2609 2322 uniformiter:
2645 2277 2803 2341 ergo
2832 2260 2901 2323 in
2929 2260 3107 2325 nullo
3147 2261 3398 2326 certitu·

1853 2364 2068 2428 dinem
2094 2364 2308 2430 habet.

1935 2475 1995 2534 4.
2027 2470 2217 2551 Item,
2248 2473 2402 2555 quia
2447 2474 2604 2538 fides
2640 2479 2810 2538 certa
2847 2479 2979 2555 est,
3009 2475 3397 2559 impossibile

1856 2586 1950 2644 est
1975 2581 2148 2664 quod
2173 2581 2401 2664 aliquis
2431 2583 2499 2646 in
2526 2588 2673 2646 actu
2697 2583 2801 2647 vel
2830 2588 3011 2648 motu
3050 2583 3201 2649 fidei
3224 2583 3398 2648 falla-

1855 2692 1984 2765 tur,
2016 2688 2119 2753 vel
2164 2688 2514 2770 decipiatur
2545 2711 2560 2752 :
2606 2708 2764 2771 ergo
2789 2690 2844 2753 si
2872 2708 3016 2773 spes
3041 2690 3230 2756 habet
3258 2711 3394 2757 cer-

1855 2796 2198 2861 titudinem
2235 2799 2305 2861 in
2333 2802 2476 2861 actu
2506 2816 2626 2862 suo
2645 2847 2663 2878 ,
2693 2799 3080 2882 impossibile
3107 2804 3201 2864 est
3227 2801 3398 2882 quod

1856 2902 2089 2985 aliquis
2116 2903 2372 2968 fallatur
2399 2909 2463 2969 et
2488 2906 2828 2971 frustretur
2853 2907 2934 2969 ab
2962 2925 3038 2972 eo
3065 2907 3237 2989 quod
3264 2926 3403 2990 spe-

1857 3021 1956 3079 rat
1981 3037 1997 3079 :
2023 3015 2134 3079 sed
2162 3016 2284 3080 hoc
2301 3020 2395 3080 est
2419 3016 2752 3081 manifeste
2777 3017 3010 3083 falsum
3035 3036 3233 3101 :ergo
3259 3038 3403 3102 spae

1858 3140 1987 3189 non
2015 3122 2208 3189 habet
2247 3124 2691 3190 certitudinem
2719 3124 2886 3191 circa
2922 3144 3120 3191 suum
3159 3132 3395 3192 actum.

1859 3231 1926 3297 Si
1969 3236 2041 3297 tu
2083 3233 2286 3311 dicae,
2330 3234 2504 3315 quod
2550 3233 2770 3299 nullus
2810 3253 3072 3318 sperans
3115 3234 3397 3315 fallitur,

1859 3357 1976 3423 pro
2002 3358 2078 3405 eo
2102 3342 2270 3423 quod
2293 3359 2437 3423 spes
2453 3359 2589 3406 non
2612 3340 2759 3405 facit
2783 3343 3152 3426 simpliciter
3178 3362 3403 3427 expec-

1858 3453 1995 3513 tare
2014 3496 2029 3525 ,
2060 3449 2170 3512 sed
2209 3449 2330 3512 sub
2370 3448 2757 3530 conditione,
2790 3450 3078 3517 videlicet
3104 3452 3158 3515 si
3185 3470 3397 3535 perse-

1859 3557 2179 3622 veraverit
2206 3574 2411 3639 usque
2439 3555 2506 3620 in
2539 3558 2756 3637 tinem3
2781 3562 3006 3623 contra
3026 3578 3044 3622 z
3068 3557 3225 3644 Spes
3250 3578 3400 3643 per·-

1860 3666 2023 3729 tinet
2060 3664 2143 3730 ad
2183 3669 2400 3729 actum
2445 3664 2743 3747 potentiae
2781 3665 3111 3732 irascibilis
3147 3716 3164 3744 ‚
3216 3670 3406 3750 cuius

1860 3790 1992 3836 non
2028 3777 2124 3836 est
2162 3771 2592 3836 conditionem
2636 3789 2976 3854 apponere.
3008 3772 3086 3838 Et
3111 3773 3348 3838 iterum
3381 3795 3398 3841 :

1860 3878 2008 3943 Esto
2047 3878 2221 3961 quod
2249 3876 2523 3942 conditio
2548 3876 2661 3941 illa
2687 3883 3068 3961 apponatur,
3101 3898 3250 3944 cum
3293 3880 3402 3946 illa

1861 3986 2135 4051 conditio
2181 3985 2264 4049 sit
2291 3985 2474 4049 valde
2501 3984 2698 4050 dubia
2722 4034 2740 4064 ,
2775 3989 2977 4050 totum
3027 3986 3233 4051 reddit
3273 3987 3398 4053 du-

1860 4094 2043 4159 bium
2076 4116 2090 4157 :
2123 4110 2282 4173 ergo
2307 4091 2444 4156 sive
2479 4090 2765 4154 absolute
2782 4138 2800 4170 ‚
2845 4092 2981 4157 sive
3022 4093 3143 4157 sub
3172 4095 3399 4160 condi-

1860 4202 2034 4266 tione
2060 4204 2271 4284 speret
2294 4201 2438 4283 quis
2453 4248 2473 4280 ‚
2504 4198 2757 4264 videtur
2782 4202 2955 4283 quod
2983 4201 3150 4266 circa
3184 4206 3398 4268 actum

1861 4310 1998 4394 spei
2024 4308 2203 4373 nulla
2228 4308 2310 4372 sit
2341 4306 2671 4371 certitudo.

1942 4422 2003 4481 ὃ.
2037 4415 2194 4480 Item
2240 4412 2548 4479 certitudo
2589 4413 2934 4495 opponitur
2969 4414 3345 4492 dubitationi
3377 4437 3393 4481 ε

1861 4541 2019 4606 ergo
2047 4540 2199 4587 cum
2225 4520 2530 4586 dubitatio
2565 4519 2876 4601 pertineat
2904 4520 2984 4584 ad
3010 4520 3214 4604 ipsam
3242 4539 3399 4603 cog-

1867 4632 2136 4697 nitivam
2164 4678 2182 4708 ‚
2225 4632 2289 4693 et
2331 4626 2615 4710 opposita
2660 4629 2809 4689 nata
2863 4627 2990 4691 sint
3042 4629 3183 4692 fleri
3235 4628 3403 4695 circa

1871 4742 2071 4816 idem,
2100 4734 2410 4801 certitudo
2435 4732 2641 4797 solum
2672 4737 2912 4815 spectat
2948 4736 3025 4799 ad
3054 4737 3402 4818 potentiam

1867 4846 2259 4931 cognitivam
2293 4866 2307 4907 ε
2337 4842 2443 4906 sed
2472 4859 2614 4924 spes
2641 4858 2773 4904 non
2809 4842 3001 4906 estin
3035 4845 3360 4926 cognitiva
3384 4895 3402 4925 ,

1864 4956 2067 5021 sedin
2094 4951 2384 5018 affectiva
2413 4972 2428 5012 :
2463 4965 2622 5030 ergo
2665 4948 2920 5014 videtur
2958 4950 3132 5034 quod
3159 4950 3230 5015 in
3256 4958 3405 5018 actu

1865 5083 1983 5131 suo
2008 5082 2138 5128 non
2169 5062 2399 5126 habeat
2429 5061 2871 5126 certitudinem
2896 5061 3199 5145 aliquam.

1870 5227 2048 5350 Βῑορὲιό
2077 5223 2283 5288 Exulet,
2305 5224 2367 5273 lll
2390 5223 2549 5285 Seni„
2571 5221 2686 5272 dist.
2709 5234 2849 5285 xxvr,
2864 5238 2916 5288 q.
2939 5236 3063 5276 v.-
3080 5226 3099 5259 *
3117 5226 3272 5293 nom„
3293 5239 3409 5294 vm,

1870 5303 1927 5351 38
1942 5336 1956 5364 ,
2051 5336 2065 5350 .

3102 5612 3179 5674 37
