4185 6288
1204 500 1582 571 DISTINCT.
1626 500 1704 567 X.
1748 497 1931 567 ΛΒΤ.
1977 500 2057 565 11.
2103 496 2404 579 QUAEST.
2448 497 2530 564 n.

264 666 407 713 aona
443 645 687 712 Christi
713 643 892 709 nullo
932 643 1203 707 istorum
1244 640 1585 704 modorum
1613 637 1808 701 etiam

264 752 613 818 secundum
654 754 953 813 naturam
994 751 1389 829 assumptam
1442 744 1671 808 habuit
1705 761 1812 808 ex·

264 855 687 933 traneitatem‚
719 851 876 936 quia
892 869 1010 915 nec
1056 853 1388 932 peccatum
1416 846 1664 922 habuit,
1693 863 1812 909 nec

261 962 491 1028 habere
534 959 794 1045 potuit,
825 976 1048 1022 omnes
1090 961 1309 1020 autem
1338 955 1480 1019 aliae
1522 969 1811 1038 personae

259 1068 564 1147 habentes
602 1067 906 1149 gratiam,
955 1065 1328 1130 habuerunt
1363 1062 1645 1145 aliquam
1694 1078 1813 1124 ex-

257 1176 695 1251 traneitatem3
727 1173 878 1237 hinc
920 1171 1215 1254 estquod
1260 1170 1339 1235 de
1365 1168 1670 1233 omnibus
1694 1166 1810 1230 ha-

257 1283 552 1348 bentibus
586 1281 866 1363 gratiam
897 1283 1103 1364 potest
1134 1278 1257 1343 dici
1299 1276 1471 1359 quod
1506 1277 1660 1340 sunt
1694 1273 1812 1337 fllii

258 1391 537 1476 adoptivi
554 1440 573 1469 ,
618 1393 883 1472 excepta
922 1388 1057 1452 sola
1095 1404 1369 1471 persona
1408 1382 1675 1462 Christi,
1704 1400 1809 1445 ra·

256 1499 428 1563 tione
450 1500 596 1580 jam
627 1496 813 1561 dicta.
860 1492 1291 1560 Concedendae
1317 1494 1472 1556 sunt
1518 1507 1679 1571 ergo
1706 1506 1813 1552 ra·

257 1608 467 1672 tionoe
494 1607 842 1691 adpartem
858 1604 1071 1667 istam.

338 1720 399 1778 1.
434 1714 538 1778 Ad
576 1712 739 1777 illud
763 1728 924 1793 ergo
953 1708 1129 1794 quod
1172 1709 1383 1792 primo
1409 1705 1712 1789 objicitur
1733 1703 1813 1769 de

265 1821 532 1899 Hilario,
561 1819 738 1902 quod
781 1817 852 1883 in
879 1817 1126 1881 Christo
1152 1814 1522 1880 humanitas
1549 1813 1813 1895 adopta-

260 1934 391 2006 tur,
420 1926 771 1992 dicendum
787 1925 962 2009 quod
982 1922 1353 1988 humanitas
1374 1920 1816 2003 dicitur-adop-

264 2036 382 2099 tari
438 2051 577 2098 non
637 2032 885 2097 ratione
938 2031 1109 2095 illius
1146 2028 1499 2111 singularis
1538 2029 1812 2102 naturae,

265 2159 409 2225 qnae
423 2144 759 2223 assumpta
785 2139 968 2204 suita
992 2137 1201 2203 Verbo
1238 2138 1303 2200 in
1328 2136 1639 2201 unitatem
1663 2150 1815 2217 per-

268 2267 466 2329 sonae,
517 2247 629 2312 sed
669 2248 918 2311 ratione
968 2241 1460 2335 consimilium—t
1503 2241 1660 2324 quia
1703 2257 1818 2322 per

266 2356 436 2420 illam
492 2355 812 2420 unionem
879 2353 1159 2435 adoptati
1214 2355 1367 2414 sunt
1433 2348 1541 2412 alii
1603 2346 1818 2412 homi·

269 2482 402 2527 nes.
975 2474 985 2483 ·

343 2574 405 2635 2.
439 2568 544 2633 Ad
582 2568 745 2633 illud
783 2567 957 2651 quod
993 2566 1330 2649 objicitur,
1361 2562 1533 2647 quod
1558 2561 1819 2645 spiritus

269 2675 592 2742 charitatis
636 2675 784 2739 tacit
848 2674 990 2738 illos
1042 2674 1407 2756 adoptivos,
1477 2670 1819 2734 dicendum

272 2786 439 2867 quod
465 2803 697 2851 verum
726 2786 821 2848 eet
846 2784 916 2847 in
945 2784 1047 2847 his
1070 2801 1219 2866 quae
1246 2782 1482 2846 habent
1506 2779 1820 2845 extranei-

272 2896 463 2957 tatem
494 2891 780 2974 aliquam
817 2912 833 2953 ε
865 2894 930 2954 et
972 2889 1127 2972 quia
1153 2889 1321 2952 hanc
1344 2906 1474 2952 non
1503 2891 1598 2951 est
1630 2905 1819 2970 repe-

274 3003 396 3065 rire
423 3001 497 3063 in
517 2998 792 3074 Christo,
821 2997 966 3062 ideo
990 3015 1121 3061 non
1139 2999 1312 3060 tenet
1324 2996 1485 3060 ratio
1504 2995 1632 3073 illa,
1664 2994 1820 3077 quia

273 3106 556 3190 procedit
576 3106 660 3170 ab
685 3103 1120 3170 insufficienti.
1587 3096 1596 3107 ’

346 3218 411 3278 3.
428 3213 531 3278 Ad
552 3213 711 3277 illud
732 3212 905 3295 quod
931 3211 1262 3294 objicitur,
1294 3214 1517 3275 utrum
1536 3209 1822 3275 Christus

272 3322 352 3385 sit
376 3321 582 3386 Filius
620 3321 725 3385 Dei
755 3321 1109 3386 secundum
1136 3319 1308 3403 quod
1351 3319 1583 3398 homo,
1617 3324 1824 3402 potoet

272 3428 532 3493 concedi
570 3427 743 3511 quod
771 3428 882 3491 sic.
926 3427 1002 3491 Et
1040 3427 1094 3490 si
1121 3431 1453 3511 quaeratur
1492 3431 1711 3490 utrum
1741 3426 1825 3489 sit

270 3535 442 3599 filius
492 3554 608 3618 per
641 3535 940 3617 gratiam,
965 3535 1070 3601 vel
1099 3554 1213 3618 per
1251 3540 1572 3613 naturam,
1606 3534 1824 3598 dicen-

271 3642 429 3707 dum
461 3643 666 3725 quod,
690 3642 1040 3707 secundum
1072 3642 1243 3725 quod
1268 3642 1484 3721 homo,
1526 3647 1621 3706 est
1646 3642 1822 3706 filius

274 3767 388 3831 per
411 3750 692 3831 gratiam
716 3767 733 3813 ε
764 3750 873 3814 sed
902 3755 1056 3814 tunc
1082 3768 1212 3813 non
1235 3750 1557 3832 sequitur:
1601 3771 1633 3809 α
1652 3747 1822 3829 Ergo

275 3860 367 3919 est
395 3855 571 3920 filius
596 3856 936 3939 adoptivus
953 3904 969 3932 ,
989 3877 1022 3915 ι
1049 3855 1202 3938 quia
1226 3855 1349 3920 hoc
1390 3873 1522 3920 non
1561 3860 1656 3919 est
1707 3872 1823 3938 per

273 3964 554 4045 gratiam
581 3963 943 4046 adoptionis
969 4012 988 4040 ,
1028 3964 1138 4028 sed
1168 3982 1284 4046 per
1326 3963 1601 4044 gratiam
1628 3963 1817 4027 unio-

272 4072 398 4149 nis,
430 4089 582 4154 quae
614 4071 816 4136 multo
845 4076 943 4135 est
976 4071 1385 4136 excellentior
1418 4090 1435 4135 ε
1470 4089 1588 4135 nec
1633 4071 1824 4136 habet

274 4175 773 4258 repugnantiam
836 4175 917 4239 ad
982 4175 1355 4239 filiationem
1427 4174 1815 4253 naturalem,

276 4281 406 4347 imo
425 4283 578 4347 facit
612 4282 788 4348 illam
815 4283 1279 4347 communicari
1313 4306 1328 4348 ε
1373 4300 1493 4347 nec
1524 4282 1824 4364 importat

277 4389 555 4473 aliquam
580 4392 1145 4474 imperfectionem,
1192 4409 1312 4456 nec
1339 4389 1673 4469 amittitur,
1703 4408 1823 4454 nec

277 4495 677 4560 eonsumitur
692 4543 712 4575 ,
751 4494 919 4560 sicut
966 4496 1176 4578 gratia
1222 4494 1598 4578 adoptionis,
1630 4498 1824 4577 prout

281 4601 667 4684 explicatum
689 4602 829 4666 ruit.
1136 4645 1139 4648 -

356 4711 417 4771 4.
460 4708 558 4771 Ad
585 4708 741 4773 illud
773 4709 946 4791 quod
985 4708 1307 4792 objicitur,
1339 4707 1511 4790 quod
1542 4705 1657 4770 fllii
1705 4724 1821 4788 per

280 4816 658 4881 creationem
683 4817 855 4880 flunt
872 4815 986 4879 fllii
1011 4834 1126 4898 per
1151 4815 1579 4898 adoptionem,
1598 4813 1819 4878 dicen-

279 4922 431 4987 dum
457 4923 634 5008 quod
659 4940 793 4987 non
820 4925 913 4986 est
939 4921 1165 5001 simile,
1191 4921 1344 5004 quia
1366 4920 1481 4984 fllii
1509 4938 1623 5003 per
1649 4937 1820 4984 crea-

280 5028 532 5110 tionem,
555 5027 863 5112 quamvis
884 5046 1019 5092 non
1041 5027 1168 5091 sint
1184 5025 1449 5092 omnino
1470 5025 1754 5091 extranei
1780 5044 1819 5090 a

281 5134 417 5217 De0,
480 5144 699 5204 tamen
737 5139 1004 5218 possunt
1048 5153 1186 5200 esse
1237 5135 1546 5212 extranei,
1604 5135 1658 5198 si
1705 5151 1822 5217 per

335 5335 350 5371 ¹
375 5335 457 5400 Cf.
486 5336 637 5387 Δία.
665 5331 887 5385 Alenaiz,
902 5344 952 5394 p.
974 5332 1061 5394 lu,
1085 5345 1137 5395 q.
1166 5342 1217 5393 x,
1238 5332 1431 5383 memb.
1454 5334 1511 5393 63
1532 5334 1586 5385 S.
1612 5333 1816 5396 Thom„

276 5406 430 5471 p.111,
449 5422 501 5473 q.
525 5418 668 5467 ¹111,
697 5407 797 5455 art.
822 5406 843 5453 l
869 5406 955 5464 ;et
983 5403 1043 5453 ΙΙΙ
1076 5403 1237 5465 Seni„
1258 5404 1376 5454 dist.
1405 5415 1456 5462 x,
1474 5407 1570 5454 art.
1593 5409 1638 5463 l,
1666 5419 1720 5469 q.
1747 5416 1816 5467 1¹3

272 5478 433 5545 AEgid.
462 5482 644 5543 Rom„
674 5475 748 5528 lll
775 5475 934 5538 Sem..
961 5474 1074 5529 dist
1100 5486 1165 5539 ῃ,
1184 5489 1240 5540 p.
1268 5487 1333 5540 11,
1360 5489 1411 5539 q.
1440 5487 1500 5528 ιιι
1515 5491 1533 5538 3
1561 5476 1816 5539 aicham-d..

3342 496 3463 559 235

1914 635 2171 719 culpam
2189 635 2357 698 flunt
2382 633 2498 696 mii
2519 630 2753 697 diaboli
2774 652 2792 696 ι
2811 647 2929 695 nec
2947 647 3063 713 per
3070 630 3459 695 creationem

1917 746 2069 806 sunt
2089 741 2350 824 perfecti
2377 740 2518 819 filii,
2548 739 2704 822 quia
2724 755 2857 802 non
2879 741 3033 801 sunt
3050 736 3468 802 similitudine

1916 848 2146 930 gratiae
2186 848 2496 930 insigniti.
2529 846 2669 912 Non
2705 846 2794 909 sic
2839 850 3054 908 autem
3103 846 3200 907 est
3248 844 3327 907 de
3363 861 3464 919 e0,

1916 957 2029 1039 qui
2070 976 2187 1039 per
2229 956 2715 1038 generationem
2761 959 2854 1019 est
2894 953 3069 1017 filins
3098 975 3113 1017 ε
3144 952 3249 1016 ille
3290 952 3461 1016 enim

1918 1082 2050 1128 non
2077 1067 2175 1128 est
2200 1069 2565 1142 extraneus,
2587 1081 2705 1127 nec
2719 1066 2921 1146 potest
2931 1062 3095 1136 fleri,
3119 1077 3238 1124 nec
3265 1063 3470 1141 potest

1920 1170 2130 1252 magis
2166 1170 2533 1251 consignari
2577 1188 2594 1232 ε
2635 1173 2700 1233 et
2740 1168 2882 1232 ideo
2926 1183 3059 1231 non
3101 1170 3305 1248 potest
3353 1182 3471 1247 per

1918 1279 2325 1362 adoptionem
2368 1276 2541 1340 sslius
2571 1277 2678 1341 Dei
2706 1275 2785 1339 de
2811 1292 2983 1339 novo
3009 1272 3148 1337 fieri
3182 1294 3198 1335 ι
3230 1275 3294 1335 et
3324 1271 3467 1337 ideo

1919 1386 2083 1450 ratio
2129 1385 2237 1448 illa
2267 1401 2399 1449 non
2429 1383 2632 1465 valet,
2654 1382 2957 1465 quoniam
2983 1398 3116 1445 non
3141 1385 3238 1446 est
3264 1377 3470 1443 simile

1918 1492 2069 1556 hinc
2095 1491 2336 1557 etinde.

2463 1703 2826 1783 QUAESTIO
2867 1704 2950 1770 11.

1919 1870 2013 1926 An
2024 1870 2232 1940 filiatio
2246 1867 2556 1941 adoptionis
2568 1870 2849 1925 cmwertiat
2861 1866 3015 1925 nobis
3027 1883 3131 1941 per
3140 1868 3412 1925 christun·
3430 1877 3468 1923 ⁸.

2003 2027 2233 2093 Utrum
2261 2028 2484 2093 filiatio
2528 2029 2886 2112 adoptionis
2930 2027 3270 2094 conveniat
3290 2027 3475 2091 nohis
3500 2053 3713 2099 rm...

1920 2154 2035 2220 per
2070 2135 2415 2216 Christum,
2446 2140 2607 2216 etc.;
2658 2141 2723 2201 et
2749 2138 2921 2220 quod
2951 2138 3064 2216 sic,
3116 2137 3372 2201 videtur
3397 2143 3421 2179 ⁸
3453 2158 3469 2199 ε

1925 2242 2123 2311 Dedit
2150 2246 2244 2311 eis
2269 2249 2642 2327 potestatem
2667 2243 2841 2324 filios
2883 2245 2997 2310 Dei
3024 2246 3193 2326 fieri,
3221 2245 3326 2309 his
3362 2245 3477 2326 qui

1922 2350 2192 2417 credunt
2217 2354 2293 2417 in
2314 2353 2572 2418 nominc
2585 2350 2723 2432 eius
2752 2371 2775 2416 .·
2795 2355 3038 2416 constat
3066 2351 3236 2435 quod
3263 2351 3477 2416 Evan-

1923 2458 2151 2538 gelista
2170 2458 2456 2541 loquitur
2476 2459 2555 2523 de
2573 2456 2782 2524 Verbo
2808 2459 3136 2523 incarnato
3152 2475 3341 2538 :ergo
3370 2457 3478 2520 vi-

1924 2565 2112 2631 detur
2145 2566 2318 2648 quod
2364 2585 2481 2649 per
2522 2566 2738 2649 ipsum
2766 2584 2885 2630 nos
2924 2566 3128 2629 simus
3172 2564 3287 2628 filii
3312 2563 3423 2628 Dei
3457 2587 3472 2628 ε

1926 2674 2036 2739 sed
2063 2692 2193 2737 non
2215 2673 2346 2753 alii,
2364 2692 2562 2756 quam
2591 2673 2874 2756 adoptivi
2904 2696 2918 2738 ε
2952 2691 3130 2755 ergo,
3162 2678 3280 2737 etc.

2010 2780 2167 2847 Item
2196 2786 2258 2845 ⁸:
2296 2783 2475 2848 nisit
2502 2781 2669 2846 Deus
2683 2779 2897 2860 tilium
2916 2796 3107 2845 suum
3125 2778 3368 2859 factum
3394 2795 3480 2845 ex

1927 2887 2215 2966 muliere,
2267 2893 2340 2954 ut
2379 2887 2788 2969 adoptionem
2839 2887 3125 2968 filiorum
3167 2888 3479 2968 recipere-

1929 3011 2071 3060 mus
2095 3018 2121 3060 .·
2148 3013 2307 3077 ergo
2328 2995 2382 3058 si
2402 2994 2573 3059 filius
2599 2995 2679 3058 ad
2724 2995 2847 3060 hoc
2877 2995 3113 3058 missus
3139 2995 3324 3058 estin
3346 3012 3480 3058 car-

1927 3121 2103 3184 nem,
2130 3103 2382 3168 videtur
2404 3101 2575 3186 quod
2617 3120 2732 3186 per
2771 3102 3090 3168 Christum
3135 3101 3338 3165 simus
3365 3101 3480 3165 mii

1927 3210 2231 3293 adoptivi.

2009 3319 2169 3384 Item
2193 3339 2385 3386 omne
2413 3340 2527 3404 per
2553 3321 2844 3386 accidens
2874 3318 3203 3383 reducitur
3242 3317 3323 3380 ad
3364 3332 3479 3399 per

1929 3445 1997 3491 ae
2031 3427 2178 3490 :sed
2211 3427 2325 3490 mii
2352 3427 2884 3510 per-adoptionem
2913 3429 3062 3488 sunt
3089 3424 3204 3487 filii
3231 3442 3347 3506 per
3371 3441 3480 3487 ac-

1930 3535 2144 3599 cidens
2166 3541 2459 3618 respectu
2502 3536 2619 3600 filii
2650 3534 2960 3599 naturalis
2985 3581 3002 3610 ,
3029 3533 3141 3615 qui
3184 3550 3297 3614 per
3325 3551 3394 3596 se
3419 3536 3484 3596 et

1931 3642 2185 3724 proprie
2215 3647 2310 3707 est
2339 3644 2509 3707 filius
2547 3665 2562 3707 ε
2608 3660 2767 3724 ergo
2792 3642 2846 3704 si
2866 3640 3038 3704 solus
3080 3638 3368 3704 Christus
3389 3644 3484 3703 est

1930 3750 2104 3813 filius
2134 3750 2464 3829 naturalia,
2501 3750 2752 3814 videtur
2773 3748 2944 3831 quod
2971 3747 3189 3810 nullus
3215 3747 3482 3829 adopte-

1931 3858 2125 3922 turin
2143 3856 2354 3920 fllium
2383 3857 2507 3920 nisi
2533 3875 2648 3939 per
2673 3857 2912 3938 ipsum.

2013 3963 2173 4027 Item
2200 3982 2315 4046 per
2343 3964 2555 4045 ipsum
2584 3981 2810 4028 sumus
2832 3960 2946 4024 filii
2974 3961 3084 4026 Dei
3107 3961 3338 4040 effecti,
3368 3977 3483 4043 per

1931 4090 2128 4154 quem
2157 4090 2383 4136 sumus
2423 4071 2549 4136 Deo
2601 4069 2990 4135 reconciliati
3032 4091 3048 4132 t
3085 4069 3193 4133 sed
3223 4069 3351 4133 Deo
3376 4087 3481 4133 re-

1931 4174 2245 4238 conciliati
2271 4193 2497 4238 sumus
2513 4192 2627 4256 per
2646 4173 2991 4248 Christum,
3008 4171 3171 4235 sicut
3192 4171 3479 4235 dicitur-⁸:

1931 4285 2097 4349 Deus
2142 4299 2260 4350 nos
2295 4282 2424 4348 sibi
2475 4281 2919 4348 reconciliavit
2949 4295 3067 4361 per
3108 4277 3428 4345 Christum
3457 4298 3480 4340 .-

1930 4407 2089 4471 ergo
2117 4389 2375 4455 videtur
2413 4389 2580 4472 quod
2631 4387 2910 4470 adoptati
2956 4403 3184 4451 sumus
3219 4402 3334 4468 per
3380 4385 3482 4467 ip-

1929 4516 2102 4561 sum.

2010 4605 2135 4670 Sed
2154 4609 2393 4684 contra,
2411 4611 2438 4668 ι
2459 4605 2480 4641 ⁸
2495 4626 2509 4667 ;
2525 4603 2668 4670 Non
2680 4604 3020 4685 accepistis
3029 4602 3336 4684 spiritum
3352 4616 3482 4666 ser-

1929 4714 2165 4780 vitutis
2192 4715 2429 4780 iterum
2442 4714 2518 4778 in
2544 4714 2791 4790 timore,
2807 4711 2923 4777 sed
2944 4712 3253 4793 spiritum
3281 4709 3481 4791 adop-

1928 4821 2133 4886 tionis
2158 4820 2444 4899 filiorum
2470 4838 2492 4879 .·
2522 4835 2680 4898 ergo
2730 4817 2990 4882 videtur
3029 4816 3202 4899 quod
3244 4821 3477 4881 nostrae

1928 4924 2251 4990 filiationis
2275 4925 2528 5007 adoptio
2545 4923 2800 5007 proprie
2822 4924 3231 4988 attribuenda
3245 4923 3325 4988 sit
3343 4923 3480 5007 Spi-

1927 5033 2083 5098 ritui
2095 5036 2332 5109 sanctu,
2352 5049 2484 5095 non
2511 5031 2782 5096 Christo·

2008 5145 2068 5204 2.
2095 5139 2285 5204 ltem⁸
2307 5156 2325 5202 ι
2347 5138 2499 5205 Nisi
2516 5139 2665 5220 quis
2684 5145 2949 5205 renatus
2977 5139 3178 5220 ruerit
3201 5156 3286 5207 cx
3306 5125 3480 5223 aqua

1928 5336 1994 5386 ΙΙΙ
2014 5336 2172 5392 Seni..
2192 5335 2310 5385 diat.
2331 5346 2384 5394 x,
2404 5337 2502 5385 art.
2530 5337 2579 5394 3,
2606 5348 2659 5398 q.
2694 5346 2743 5398 ις
2771 5334 2947 5398 Steph-
2981 5335 3190 5399 Brules„
3216 5335 3279 5386 nl
3311 5335 3477 5397 sent„

1928 5407 2041 5458 dist.
2072 5418 2101 5455 x
2124 5442 2139 5465 ,
2168 5420 2222 5469 q.
2252 5417 2402 5455 vi.—
2423 5407 2444 5439 ἱ
2467 5407 2630 5469 Ιοαη.,
2661 5417 2701 5468 1,
2740 5408 2813 5456 12.
2835 5405 2934 5442 —-⁸
2960 5407 3095 5462 Gal..
3130 5419 3201 5467 ιν,
3228 5409 3274 5458 4.
3301 5434 3363 5445 -
3384 5407 3406 5443 δ
3435 5405 3478 5458 11

1929 5480 2068 5542 Gor„
2092 5490 2139 5544 V,
2173 5480 2249 5529 18.
2269 5479 2362 5516 —⁸
2389 5478 2548 5541 Rom„
2575 5488 2693 5545 vm,
2724 5481 2801 5531 15.
2825 5480 2927 5517 -θ
2952 5480 3121 5544 loen„
3144 5492 3228 5546 ιιι,
3254 5483 3305 5530 5.

3522 4613 3586 4660 Ad
3607 4623 3712 4669 opp.
