4185 6288
751 581 998 648 ratione
1024 581 1479 667 complexionis
1492 629 1512 662 ,
1539 599 1701 666 ergo
1725 584 1790 648 et
1815 581 2009 661 fldes;
2036 580 2172 647 imo
2199 584 2297 646 est

752 689 841 755 ihi
869 689 1111 754 fallacia
1136 690 1374 772 flgurae
1393 689 1708 771 dictionis,
1725 688 1833 754 vel
1858 692 1953 754 est
1980 689 2290 769 accidens,

753 797 907 879 quia
943 798 1305 880 proceditur
1331 797 1412 862 ab
1447 797 1691 862 unitate
1733 795 1826 861 rei
1864 797 1945 860 ad
1980 796 2294 860 unitatem

750 903 946 968 modi.
980 903 1059 967 Et
1084 905 1136 968 si
1173 907 1245 969 tu
1273 921 1563 988 quaeras,
1592 921 1790 985 quare
1814 902 1974 968 fides
2009 921 2140 967 non
2186 919 2293 966 as-

750 1011 945 1075 sentit
985 1012 1230 1095 objecto
1256 1029 1375 1075 suo
1417 1028 1534 1093 per
1572 1010 1839 1074 modum
1883 1009 2291 1093 incomplexi,

750 1117 913 1182 sicut
951 1117 1138 1196 visio,
1183 1118 1335 1182 satis
1372 1116 1564 1200 plana
1602 1119 1701 1181 est
1739 1115 2063 1199 responsio
2094 1137 2110 1180 z
2141 1117 2297 1199 quia

749 1223 911 1289 visio
948 1223 1172 1307 patriae
1213 1242 1350 1290 uno
1390 1226 1453 1289 et
1494 1223 1766 1307 simplici
1809 1228 2068 1307 aspectu
2110 1223 2296 1288 faciet

748 1333 984 1413 videri,
1014 1337 1079 1398 et
1103 1333 1402 1416 cognosci
1429 1335 1636 1401 multa
1665 1337 1924 1417 propter
1959 1333 2295 1415 perlectio-

748 1458 899 1506 nem
928 1441 1155 1524 gloriae
1187 1464 1203 1507 ε
1244 1460 1376 1507 non
1412 1443 1501 1507 sic
1546 1445 1765 1507 autem
1805 1445 1899 1507 est
1931 1440 2010 1506 de
2058 1439 2294 1522 cogni-

749 1549 922 1615 tione
956 1550 1308 1615 secundum
1338 1552 1576 1615 statum
1604 1549 1727 1616 vite
1747 1599 1766 1629 ,
1795 1567 1991 1633 quem
2031 1549 2293 1632 quidem

748 1660 984 1723 statum
1007 1657 1263 1741 respicit
1285 1658 1423 1740 ipsa
1444 1657 1627 1722 fides.

829 1770 892 1829 4.
934 1765 1029 1829 Ad
1053 1764 1212 1829 illud
1251 1764 1425 1847 quod
1451 1763 1756 1845 objicitur
1780 1762 1860 1828 de
1888 1781 1999 1847 spe
2035 1768 2100 1829 et
2138 1764 2289 1828 cha-

750 1872 967 1952 ritate,
1000 1871 1338 1936 dicendum
1382 1870 1554 1954 quod
1589 1889 1723 1936 non
1747 1875 1843 1937 est
1870 1871 2110 1952 simile,
2139 1871 2295 1953 quia

751 1980 1084 2064 proprium
1149 1977 1501 2043 intellectus
1579 1983 1673 2042 est
1743 1978 2061 2059 negotiari
2128 1978 2294 2042 circa

751 2089 1155 2171 complexum
1169 2135 1188 2166 ‚
1220 2086 1328 2151 sed
1365 2086 1630 2151 affectus
1655 2095 1750 2150 est
1777 2085 2094 2167 negotiari
2129 2086 2296 2150 circa

751 2196 957 2279 ipsam
984 2213 1122 2261 rem
1154 2217 1170 2260 t
1200 2195 1441 2278 etquis
1479 2213 1582 2260 res
1616 2194 1688 2261 in
1721 2195 1926 2279 seipsa
1949 2193 2143 2258 habet
2181 2211 2293 2257 ra-

750 2304 990 2369 tionem
1016 2302 1565 2386 incomplexionis,
1597 2302 1726 2381 sed,
1757 2305 1947 2386 prout
1974 2306 2070 2365 est
2091 2300 2161 2364 in
2187 2299 2289 2364 in·

752 2411 1027 2491 tellectu‚
1054 2410 1246 2475 habet
1271 2410 1588 2476 rationem
1614 2409 2108 2492 complexionis;
2140 2408 2294 2473 hinc

751 2524 848 2585 est
876 2520 1071 2602 quod,
1104 2519 1401 2602 quamvis
1424 2518 1701 2581 virtutes
1739 2517 2155 2600 respicientes
2193 2517 2294 2580 af-

751 2627 991 2691 fectum
1053 2629 1180 2692 sint
1226 2629 1395 2693 circa
1447 2627 1769 2708 objectum
1814 2643 2010 2690 suum
2060 2628 2297 2708 praeter

748 2735 1060 2800 rationem
1102 2735 1562 2819 complexionis
1580 2782 1599 2812 ,
1631 2752 1767 2798 non
1794 2739 2009 2799 tamen
2036 2738 2295 2818 propter

747 2840 871 2906 hoc
910 2843 1066 2908 fides
1083 2891 1101 2919 ,
1140 2843 1294 2927 quia
1331 2845 1428 2907 est
1468 2841 1700 2923 regula
1745 2840 2119 2904 intellectus.
2166 2839 2296 2904 Nec

752 2951 921 3016 valet
959 2951 1133 3033 quod
1160 2949 1214 3013 si
1256 2949 1429 3014 idem
1471 2952 1568 3013 est
1603 2949 1926 3030 objectum
1971 2947 2292 3011 virtutum

753 3057 1282 3140 theologicarum,
1312 3058 1486 3139 quod
1512 3060 1769 3139 propter
1795 3056 1941 3135 hoc,
1975 3055 2045 3118 in
2067 3072 2291 3138 quan-

752 3169 895 3230 tum
928 3171 1023 3231 est
1067 3167 1238 3247 fidei,
1271 3169 1481 3230 careat
1506 3164 1982 3248 complexione,
2016 3164 2183 3227 sicut
2225 3163 2296 3228 in

754 3279 1071 3359 quantum
1097 3282 1191 3340 est
1216 3274 1486 3340 aliarum
1518 3294 1534 3338 ε
1566 3272 1971 3355 complexum
1998 3271 2197 3347 enim,
2234 3273 2297 3335 et

751 3382 1258 3466 incomplexum,
1317 3400 1449 3447 non
1497 3381 1718 3447 dicunt
1764 3378 2181 3443 variationem
2255 3395 2295 3443 a

751 3494 930 3573 parte
970 3491 1102 3567 rei,
1150 3489 1260 3554 sed
1304 3488 1515 3554 solum
1564 3506 1604 3551 a
1652 3488 1830 3568 parte
1875 3485 2082 3563 modi,
2133 3485 2299 3548 sicut

750 3598 931 3681 prius
957 3598 1172 3664 visum
1199 3602 1293 3663 est
1324 3618 1342 3661 t
1370 3600 1434 3661 et
1460 3594 1757 3679 quamvis
1787 3591 2061 3658 virtutes
2109 3591 2294 3655 theo·

747 3704 974 3787 logicae
1019 3705 1298 3770 habeant
1340 3704 1512 3769 idem
1564 3702 1889 3784 objectum
1936 3698 2293 3764 secundum

747 3829 887 3877 rem
912 3817 975 3877 et
1000 3811 1442 3890 substantiam,
1466 3809 1709 3875 habent
1741 3812 1956 3873 tamen
1994 3806 2293 3872 differens

746 3919 1102 3984 secundum
1127 3919 1438 3985 rationem
1463 3922 1529 3983 et
1553 3918 1843 3983 modum.

830 4032 890 4094 5.
937 4029 1036 4093 Ad
1082 4027 1243 4093 illud
1287 4027 1461 4110 quod
1504 4027 1804 4109 objicitur
1845 4025 1925 4090 de
1975 4024 2292 4102 Cornelio,

742 4139 881 4221 jam
921 4139 1094 4220 patet
1121 4134 1450 4218 responsio
1481 4156 1499 4199 z
1528 4134 1684 4217 quia
1720 4133 2048 4199 Cornelius
2090 4133 2298 4198 habe-

748 4246 859 4310 bat
883 4245 1079 4310 fldem
1111 4242 1518 4326 implicitam,
1548 4245 1609 4305 et
1644 4240 1786 4305 ideo
1824 4259 1958 4305 non
2000 4241 2296 4305 credebat

751 4352 1278 4431 incarnationem,
1315 4349 1422 4417 vel
1444 4348 2000 4429 resurrectionem,
2026 4348 2149 4413 sub
2175 4348 2298 4412 dif-

751 4460 1019 4526 ferentia
1041 4458 1347 4543 temporis
1372 4456 1790 4524 determinata
1822 4475 1840 4520 ε
1872 4460 1936 4521 et
1960 4460 2299 4539 propterea

752 4587 889 4635 non
908 4568 1197 4645 errabat3
1226 4566 1337 4632 sed
1363 4563 1698 4648 explicatio
1726 4562 1878 4628 fidei
1907 4563 2029 4627 sibi
2055 4562 2295 4640 deerat,

755 4678 835 4743 ad
864 4694 1064 4761 quam
1091 4673 1447 4740 faciendam
1468 4671 1642 4736 misit
1659 4670 1971 4737 Dominus
2003 4668 2297 4735 Ecclesiae

754 4785 1191 4852 architectum.

1178 4916 1729 5025 ARTICULUS
1776 4946 1875 5021 11.

838 5111 1307 5194 consequenter
1330 5105 1644 5190 quaeritur
1674 5103 1754 5171 de
1779 5104 2027 5188 objecto
2049 5099 2198 5167 fidei
2224 5100 2296 5165 in

828 5310 943 5374 ¹Cs.
968 5307 1112 5359 Alex.
1133 5304 1347 5370 Mensis,
1367 5318 1422 5370 p.
1442 5304 1529 5368 lli,
1554 5318 1605 5369 q.
1626 5314 1814 5367 mm,
1827 5302 2020 5355 memb.
2037 5304 2085 5364 Ἰ,
2107 5303 2203 5351 art.
2228 5300 2291 5366 33

761 5390 812 5437 ct
842 5387 1005 5442 eant..
1027 5397 1079 5448 p.
1096 5383 1185 5447 lii,
1215 5383 1328 5432 coll.
1360 5391 1549 5444 xxxm,
1573 5384 1667 5430 art.
1691 5384 1752 5445 45
1785 5383 1837 5431 S.
1861 5379 1979 5442 Th„
2008 5378 2147 5438 ll-ll,
2168 5390 2219 5440 q.
2244 5387 2298 5439 1,

761 5461 854 5509 art.
885 5460 949 5520 ⁴5
977 5459 1030 5505 et
1059 5455 1124 5505 ΙΙΙ
1153 5454 1312 5517 sent„
1338 5450 1458 5501 dist.
1485 5462 1612 5501 xxiv
1634 5485 1648 5513 ,
1693 5464 1744 5515 q.
1778 5463 1822 5513 1,
1850 5459 1947 5500 art.
1976 5451 2048 5511 ²3
2083 5446 2288 5498 Richar-

1860 443 2486 513 SENTENTIARIJM
2526 446 2674 513 Lm.
2721 447 2833 514 111.

2403 583 2876 666 comparatione
2909 584 2992 648 ad
3023 588 3310 649 nostram
3355 585 3839 668 coguitionem3
3886 592 3948 653 ct

2404 689 2571 754 circa
2595 689 2718 753 hoc
2761 694 3148 772 quaeruntur
3175 690 3299 755 tria
3330 713 3345 755 ε
3377 691 3592 774 primo
3635 694 3949 775 quaeritur

2403 800 2627 862 utrum
2666 798 2825 861 fides
2859 798 2941 862 sit
2990 799 3067 864 de
3110 798 3235 877 his,
3279 800 3359 864 de
3393 799 3636 882 quibus
3678 799 3952 866 habetur

2403 904 2566 968 visio
2596 906 2946 985 sensibilis;
2976 907 3287 989 secundo,
3318 910 3544 973 utrum
3585 909 3670 972 sit
3706 908 3784 974 de
3812 910 3942 989 his,

2404 1011 2483 1077 de
2509 1011 2747 1095 quibus
2782 1014 3055 1080 habetur
3080 1016 3427 1099 probabilis
3452 1016 3709 1101 opinio;
3740 1019 3944 1094 tertio,

2401 1123 2625 1184 utrum
2662 1120 2745 1184 sit
2771 1121 2848 1186 de
2875 1121 2979 1187 his
3000 1169 3018 1200 ,
3046 1123 3127 1188 de
3153 1123 3388 1207 quibus
3413 1123 3697 1190 habetur
3721 1127 3949 1208 cogni-

2404 1225 2495 1290 tio
2518 1226 2876 1293 scientialis.

2893 1378 3305 1457 QUAESTIO
3376 1381 3427 1447 Ι.

2403 1518 2498 1577 An
2515 1519 2805 1593 fidessitde
2830 1521 2916 1579 his
2936 1521 3000 1579 de
3016 1522 3209 1595 quibus
3229 1524 3607 1583 liabetur-visio
3624 1524 3946 1582 sensibilis&

2484 1655 2713 1721 Utrum
2754 1658 2913 1723 fides
2949 1660 3032 1722 sit
3069 1660 3149 1724 de
3183 1660 3284 1724 his
3306 1709 3324 1738 ,
3358 1661 3438 1727 de
3473 1662 3710 1744 quibus
3752 1662 3952 1727 habe-
3974 1705 4134 1750 ,ιώ

2400 1766 2510 1827 tur
2553 1763 2716 1828 visio
2758 1765 3108 1846 sensibilis3
3138 1770 3203 1831 et
3243 1767 3500 1833 videtur
3542 1769 3717 1851 quod
3761 1771 3854 1834 sic
3877 1771 3947 1834 ¹:

2408 1870 2573 1943 Ouia
2624 1870 2861 1939 vidisti
2914 1890 3010 1939 me
3031 1920 3053 1953 ,
3105 1873 3360 1953 Thomu,
3412 1876 3778 1945 credidisti.
3827 1877 3950 1943 Sed

2403 1982 2645 2043 constat
2676 1981 2849 2063 quod
2893 1980 3171 2046 Thomas
3214 2002 3438 2049 veram
3481 1984 3711 2050 hahuit
3757 1986 3951 2051 fldem

2402 2073 2780 2150 de'Domino
2805 2087 2977 2168 Jesu,
3008 2089 3164 2172 quia
3181 2091 3454 2156 credidit
3479 2091 3724 2172 Jesum,
3759 2111 3950 2176 quem

2401 2191 2593 2272 vidit,
2625 2199 2688 2257 et
2714 2196 2924 2277 tetigit
2955 2214 2972 2260 ε
3006 2215 3165 2278 ergo
3209 2198 3405 2263 simul
3434 2199 3512 2264 de
3543 2200 3774 2265 eodem
3815 2206 3953 2266 emt

2402 2300 2559 2365 fides
2583 2300 2871 2384 interior,
2900 2308 2964 2369 et
2993 2305 3161 2370 visio
3188 2307 3488 2372 exterior.

2484 2407 2641 2473 item
2662 2413 2686 2449 ⁸
2718 2430 2734 2473 ε
2772 2410 2950 2484 Quod
2978 2412 3308 2493 vidimus,
3340 2422 3402 2482 et
3437 2414 3822 2482 audivimus
3844 2464 3864 2494 ,
3893 2424 3955 2484 ct

2399 2518 2870 2598 perspeximus,
2901 2524 2964 2587 ec
2993 2536 3227 2588 manus
3251 2528 3488 2589 nostrae
3523 2529 3946 2590 contrectave-

2403 2631 2560 2691 runt
2598 2624 2674 2691 de
2710 2625 2908 2693 Verbo
2951 2629 3128 2696 vitoe.
3162 2629 3228 2694 Si
3269 2646 3430 2712 ergo
3455 2630 3536 2694 de
3560 2629 3773 2695 Verbo
3799 2631 3947 2696 vitae

2401 2728 2721 2796 habebant
2747 2735 3015 2817 apostoli
3040 2736 3260 2812 fldem,
3289 2736 3413 2800 hoc
3444 2740 3543 2800 est
3570 2737 3651 2801 de
3681 2736 3946 2817 Christo,

2403 2841 2466 2901 et
2495 2839 2572 2903 de
2609 2840 2835 2904 eodem
2860 2842 3181 2907 habebant
3219 2843 3588 2909 sensibilem
3630 2845 3946 2927 cognitio-

2402 2963 2575 3023 nem,
2606 2947 2771 3011 redit
2796 2948 2966 3012 idem
2994 2950 3166 3032 quod
3192 2951 3397 3032 priuS.

2484 3053 2641 3118 Item
2669 3054 2933 3137 apostoli
2959 3056 3258 3121 viderunt
3299 3056 3623 3122 Christum
3653 3076 3908 3141 passum
3926 3109 3945 3139 ,

2403 3165 2467 3226 et
2492 3161 2814 3227 Christum
2840 3164 3285 3229 ascendentem
3337 3187 3354 3230 ε
3383 3170 3449 3230 et
3480 3171 3733 3231 constat
3775 3168 3944 3251 quod

2403 3268 2725 3333 Christum
2765 3289 2901 3336 esse
2929 3290 3188 3354 passum
3212 3320 3229 3348 ,
3261 3275 3325 3337 et
3355 3272 3679 3339 Christum
3730 3294 3950 3341 ascen-

2403 3376 2589 3454 disse,
2618 3382 2769 3443 sunt
2793 3380 2921 3444 duo
2947 3381 3202 3445 articuli
3225 3382 3302 3463 (a)
3338 3382 3343 3391 '
3404 3381 3458 3444 si
3483 3399 3648 3464 ergo
3687 3383 3945 3466 apostoli

2402 3483 2595 3548 fidem
2623 3489 2687 3550 et
2723 3487 3027 3552 meritum
3057 3492 3373 3571 quantum
3402 3488 3484 3554 ad
3507 3490 3630 3554 hos
3654 3491 3945 3557 articulos

2402 3610 2537 3657 non
2589 3595 2983 3676 amiserunt,
3036 3596 3296 3661 videtur
3343 3597 3516 3679 quod
3561 3598 3731 3664 circa
3777 3598 3942 3664 idem

2402 3700 2602 3783 possit
2626 3719 2762 3766 esse
2787 3702 2946 3767 fides
2963 3751 2981 3783 ,
3009 3707 3075 3768 et
3099 3705 3261 3769 visio
3288 3705 3588 3770 exterior.

2484 3807 2641 3873 Item
2669 3809 2741 3873 B.
2787 3808 2986 3892 Virgo
3014 3811 3297 3875 sensibili
3336 3812 3783 3894 experimento
3831 3830 3949 3877 no-

2403 3914 2500 3979 vit
2541 3933 2609 3979 se
2650 3916 3010 4000 concepisse
3047 3917 3128 3982 de
3172 3914 3418 4001 Spiritu
3457 3923 3678 3984 sancto
3714 3920 3948 4003 absque

2404 4022 2575 4087 virili
2601 4025 2843 4088 semine
2874 4046 2892 4088 z
2923 4025 3032 4089 sed
3073 4029 3366 4090 constans
3391 4029 3521 4107 est,
3550 4026 3723 4109 quod
3761 4046 3946 4111 prop-

2403 4134 2502 4195 ter
2521 4132 2993 4215 conceptionem
3011 4130 3155 4197 Filii
3169 4132 3278 4196 Dei
3305 4132 3471 4197 nihil
3496 4133 3829 4218 demptum
3856 4140 3946 4200 eet

2404 4238 2550 4302 fidei
2580 4256 2716 4303 suae
2749 4256 2769 4303 ε
2797 4239 3174 4321 ergosimul
3201 4240 3451 4305 stabant
3478 4242 3552 4305 in
3572 4260 3651 4307 ea
3672 4243 3946 4324 cognitio

2404 4346 2585 4425 fidei,
2617 4352 2683 4413 et
2707 4348 2988 4430 cognitio
3027 4348 3344 4415 sensibilis
3381 4351 3823 4433 experimenti.

2486 4455 2610 4521 Sed
2663 4462 2884 4520 contra
2926 4475 2946 4521 z
2989 4461 3030 4522 ²¹
3044 4504 3060 4521 .
3115 4456 3324 4541 Super
3362 4457 3521 4524 illud
3558 4458 3830 4526 Joamu’s
3858 4461 3885 4494 ⁴
3919 4482 3945 4526 .·
3966 4453 4118 4505 ⁴⁴⁸³*

2415 4564 2596 4632 Vaelo
2643 4580 2877 4647 parare
2915 4564 3096 4631 vobis
3140 4563 3370 4644 locum,
3416 4564 3637 4630 Glossa
3678 4568 3944 4649 Augus-

2405 4671 2522 4735 tini
2556 4693 2571 4735 :
2611 4694 2643 4732 α
2668 4670 2784 4736 Eat
2805 4671 3114 4736 Dominus
3135 4674 3210 4736 ut
3238 4675 3418 4754 paret
3447 4671 3662 4737 locum
3684 4722 3705 4753 ‚
3734 4678 3840 4739 eat
3863 4693 3944 4740 ne

2405 4779 2731 4859 videatur,
2776 4780 2969 4845 lateat
3015 4782 3089 4846 ut
3133 4778 3450 4844 credatur.
3477 4801 3511 4840 1>
3547 4779 3616 4845 Si
3661 4798 3816 4863 ergo
3866 4781 3947 4847 ad

2407 4888 2664 4975 credere
2690 4887 3114 4953 necessarium
3142 4890 3238 4951 est
3262 4887 3482 4968 latere,
3498 4886 3754 4953 videtur
3777 4887 3946 4971 quod

2405 4995 2798 5079 impossibile
2847 4996 2932 5060 sit
2972 4994 3291 5060 visionem
3337 4992 3736 5080 corporalem
3781 4995 3949 5061 circa

2405 5102 2578 5168 idem
2601 5106 2770 5168 stare
2797 5102 2993 5171 simul
3016 5119 3169 5169 cum
3200 5101 3348 5167 fide.

2407 5284 2536 5347 dus,
2565 5285 2632 5336 ΙΙΙ
2656 5286 2814 5349 8εηί.,
2841 5285 3124 5346 diet.xx1v‚
3153 5299 3206 5350 q.
3232 5285 3429 5336 1v.-’
3454 5286 3622 5350 loon„
3649 5295 3742 5349 xx,
3771 5286 3850 5336 29.
3887 5307 3947 5321 -

2406 5356 2476 5406 ⁸·1
2503 5358 2666 5418 loun„
2694 5369 2733 5419 1,
2763 5362 2810 5408 ¹.
2837 5359 2940 5396 —⁴
2964 5357 3128 5421 Jonn„
3159 5367 3269 5419 nr,
3297 5359 3344 5407 2.

2473 5446 2538 5510 (α)
2558 5445 2699 5496 san.
2732 5446 2847 5497 ven.
2866 5446 2986 5498 aad.
3012 5451 3082 5499 et.
