4185 6288
1606 506 1985 575 ms‘rmc'r.
2028 506 2245 573 xxm.
2886 596 2890 601 q
3399 510 3521 573 475

330 647 474 741 ipsa
499 648 664 719 fides
687 647 957 740 incipiat
990 671 1112 741 per
1152 655 1173 693 ¹
1216 647 1635 718 dilectionem
1681 645 1966 739 operari.
2012 645 2109 714 Ea
2151 644 2330 714 enim
2375 645 2514 715 sola
2553 645 2728 715 bona
2770 665 2969 736 opera
3010 641 3289 713 dicenda
3332 650 3513 730 sunt,

329 788 480 859 quae
525 765 699 834 fiunt
742 787 860 858 per
899 764 1316 835 dilectionem
1372 763 1514 835 Dei.
1555 765 1703 855 Ipsa
1743 763 1921 833 enim
1964 762 2228 832 dilectio
2263 783 2423 855 opus
2459 760 2627 853 fidei
2677 760 2918 830 dicitur
2961 766 3007 827 ³.
3060 758 3255 829 Fides
3299 782 3457 850 ergo
3495 812 3515 846 ,

327 904 531 975 quam
559 882 888 952 daemones
913 890 979 950 et
1000 882 1148 951 falsi
1173 879 1509 950 christiani
1534 880 1803 966 habent,
1845 879 2130 972 qualitas
2170 877 2409 947 mentis
2452 884 2584 964 est,
2631 876 2743 946 sed
2783 876 3123 963 informis„
3166 878 3327 969 quia
3372 876 3514 946 sine

326 998 640 1067 charitate
681 1005 800 1067 est.
843 997 1010 1067 Nam
1057 1006 1121 1066 et
1163 998 1370 1067 malos
1411 996 1610 1066 fidem
1651 996 1927 1081 habere,
1973 1018 2127 1064 cum
2180 1002 2399 1063 tamen
2444 992 2756 1063 charitate
2806 998 3102 1078 careant,
3160 993 3515 1085 Apostolus

325 1115 609 1185 ostendit
633 1115 855 1184 dicens
879 1121 903 1158 ⁸
939 1140 954 1181 :
984 1115 1061 1184 Si
1084 1113 1368 1183 habuero
1395 1137 1659 1184 omnem
1680 1111 1915 1205 fidem,
1948 1111 2347 1181 charitatem
2377 1123 2600 1183 autem
2638 1133 2774 1179 non
2817 1108 3098 1178 habeam
3117 1162 3134 1194 ,
3183 1117 3303 1178 etc.
3349 1108 3510 1192 Quas

326 1232 491 1301 fides
516 1232 710 1301 etiam
737 1229 987 1299 donum
1016 1229 1134 1298 Dei
1160 1229 1287 1298 dici
1314 1238 1548 1322 potest,
1579 1231 1739 1321 quia
1763 1238 1828 1299 et
1851 1230 1923 1298 in
1953 1229 2145 1298 malis
2168 1228 2468 1320 quasdam
2497 1227 2614 1297 Dei
2642 1227 2815 1295 dona
2840 1234 3018 1295 sunt.

415 1349 488 1418 Si
516 1371 673 1418 vero
698 1347 1020 1440 quaeritur
1047 1356 1272 1417 utrum
1300 1347 1418 1416 illa
1443 1346 1744 1415 informis
1770 1346 2076 1438 qualitas,
2108 1332 2243 1438 qua
2272 1344 2485 1413 malus
2510 1343 2902 1412 christianus
2928 1342 3237 1411 universa
3263 1342 3498 1429 credit,
3549 1436 3559 1445 θ
3588 1377 3655 1417 Α,
3678 1374 3753 1448 il}-

319 1488 472 1558 quae
497 1465 711 1534 bonus
738 1464 1155 1549 christianus,
1204 1462 1541 1533 accedente
1567 1463 1904 1547 charitate,
1937 1470 2270 1530 remaneat
2291 1470 2355 1529 et
2383 1461 2499 1529 fiat
2526 1460 2773 1545 virtus,
2806 1483 2891 1527 an
2919 1459 3059 1551 ipsa
3094 1459 3501 1547 eliminetur,
3547 1436 3740 1554 ’ξζῖἷῗζζ

319 1591 383 1650 et
408 1581 540 1650 alia
581 1580 866 1674 qualitas
891 1580 1213 1664 succedat,
1254 1602 1407 1672 quae
1456 1579 1670 1647 virtus
1713 1578 1839 1646 sit:
1897 1577 2289 1647 utrumlibet
2332 1577 2473 1644 sine
2520 1576 2810 1669 periculo
2851 1575 2979 1644 dici
3033 1585 3279 1667 potest3
3335 1576 3500 1646 mihi
3549 1563 3733 1680 ᾟξζυζη·

3587 1688 3701 1731 malo

317 1705 537 1766 tamen
582 1695 867 1780 videtur,
916 1696 1096 1789 quod
1145 1697 1261 1765 illa
1304 1696 1624 1789 qualitas,
1668 1718 1821 1787 quae
1867 1695 2051 1787 prius
2095 1703 2269 1779 erat,
2321 1700 2689 1777 remaneat,
2742 1701 2806 1762 et
2859 1716 3108 1761 accessu
3164 1693 3503 1763 charitatis
3554 1751 3745 1795 chrim-

315 1814 530 1883 virtus
555 1813 700 1883 fiat.
3554 1819 3736 1921 32⁶3}ss-

402 1930 702 2021 Cumque
733 1928 1009 1998 diversis
1034 1929 1244 1998 modis
1271 1923 1527 1997 dicatur
1554 1928 1740 2014 fides,
1788 1929 2131 1998 fatendum
2177 1936 2274 1997 est
2318 1936 2537 1997 tamen
2584 1951 2786 1997 unam
2831 1952 2967 1997 esse
3008 1928 3205 1999 fidem
3229 1981 3246 2014 ,
3293 1938 3367 1998 ut
3405 1930 3498 1998 ait
3535 1942 3752 2052 3303:

316 2045 669 2139 Apostolus
722 2046 745 2080 ⁴
794 2067 810 2112 ι
879 2048 1056 2113 Unus
1108 2046 1459 2130 Dominam,
1514 2068 1654 2113 una
1702 2045 1897 2136 fides.
1957 2046 2117 2115 Sive
2168 2046 2346 2114 enim
2387 2046 2550 2113 fides
2606 2045 2957 2137 accipiatur
3011 2068 3127 2138 pro
3182 2069 3260 2114 eo
3312 2046 3491 2138 quod
3591 2068 3754 2141 Exqup

311 2162 624 2247 creditur,
654 2162 792 2230 sive
817 2184 937 2253 pro
965 2184 1041 2229 eo
1068 2184 1201 2253 quo
1229 2161 1539 2245 creditur,
1571 2170 1740 2230 recte
1767 2162 2008 2230 dicitur
2041 2161 2205 2230 fides
2234 2184 2387 2230 una.
2416 2160 2488 2229 Si
2514 2161 2689 2229 enim
2720 2184 2839 2252 pro
2865 2185 2940 2230 eo
2967 2162 3146 2255 quod
3174 2162 3494 2248 creditur,
3536 2132 3756 2238 2:¹2³:ssss

308 2276 690 2369 accipiatur,
720 2300 801 2345 ex
829 2276 950 2344 bac
976 2277 1415 2367 intelligentia
1439 2276 1678 2345 dicitur
1722 2300 1858 2346 una
1903 2277 2101 2364 fides,
2135 2278 2291 2368 quia
2318 2277 2491 2345 idem
2513 2277 2831 2367 jubemur
2875 2278 3159 2363 credere,
3192 2287 3257 2346 et
3289 2301 3499 2347 unum
3538 2254 3663 2300 ⁶⁶⁶⁸·

311 2394 617 2485 idemque
662 2400 758 2461 est
805 2393 984 2485 quod
1027 2393 1315 2461 creditur
1355 2416 1396 2460 a
1441 2392 1691 2460 cunctis
1736 2393 2086 2479 fidelibus;
2146 2416 2280 2461 una
2326 2394 2490 2462 fides
2535 2394 2851 2493 catholica
2913 2394 3192 2480 dicitur,
3252 2394 3321 2462 id
3377 2403 3506 2487 est,

310 2509 724 2579 universalis».
766 2509 840 2578 Si
867 2532 1022 2579 vero
1050 2510 1406 2603 accipiatur
1450 2510 1612 2578 fides
1658 2532 1779 2602 pro
1816 2533 1892 2580 eo
1938 2534 2073 2603 quo
2116 2510 2439 2596 creditur,
2486 2532 2563 2577 ea
2604 2510 2855 2578 ratione
2903 2533 3037 2577 una
3073 2509 3314 2578 dicitur
3360 2534 3498 2580 esse

310 2626 496 2712 fides,
526 2648 659 2695 non
686 2626 846 2720 quia
870 2627 954 2694 sit
999 2648 1135 2695 una
1174 2648 1453 2695 numero
1498 2628 1567 2695 in
1618 2627 1962 2709 omnibus,
2015 2626 2127 2694 sed
2180 2648 2449 2715 genere,
2502 2625 2570 2693 id
2612 2633 2744 2709 est,
2794 2624 3248 2694 similitudine.
3300 2626 3502 2696 Unde

307 2742 748 2832 Augustinus,
778 2741 951 2811 libro
978 2743 1157 2829 XIII,
1189 2742 1270 2812 de
1303 2742 1628 2813 Trinitate
1668 2750 1689 2783 ⁸
1723 2769 1741 2811 :
1777 2770 1810 2809 «
1859 2744 2051 2812 Fides
2075 2795 2094 2829 ,
2140 2767 2340 2836 quam
2381 2744 2499 2835 qui
2546 2743 2812 2827 habent,
2868 2741 3094 2810 fideles
3121 2752 3443 2813 vocantur
3486 2770 3505 2832 ;

306 2860 515 2950 etqui
549 2881 683 2928 non
710 2859 976 2945 habent,
1010 2860 1326 2943 infideleS,
1359 2861 1727 2930 communis
1752 2869 1848 2929 est
1874 2861 2182 2930 omnibus
2209 2859 2518 2929 fidelibus
2552 2884 2567 2927 :
2600 2859 2765 2928 sicut
2794 2859 3095 2951 pluribus
3115 2859 3497 2931 hominibus

309 2999 443 3044 una
477 2974 671 3044 facies
698 2977 1069 3045 communis
1113 3000 1248 3045 esse
1291 2977 1561 3065 dicitur,
1609 3000 1761 3046 cum
1809 2986 2026 3045 tamen
2067 2977 2317 3067 singuli
2360 2999 2514 3044 suas
2558 2974 2861 3043 habeant.
2908 2974 3055 3044 Non
3107 2976 3285 3044 enim
3324 2977 3487 3046 fides

304 3114 584 3162 numero
609 3099 706 3160 est
731 3114 891 3178 una,
922 3092 1033 3161 sed
1062 3115 1298 3182 genere
1331 3118 1346 3162 t
1377 3116 1523 3186 quae
1548 3116 1701 3163 cum
1727 3093 1811 3162 sit
1836 3094 1908 3164 in
1940 3117 2102 3179 un0,
2149 3102 2213 3163 et
2258 3093 2328 3161 in
2370 3093 2516 3162 aliis
2543 3146 2559 3178 ,
2604 3115 2739 3162 non
2767 3091 2909 3185 ipsa
2929 3146 2944 3176 ‚
2997 3092 3107 3162 sed
3136 3092 3395 3180 similis,
3431 3104 3505 3166 et

303 3217 571 3300 propter
597 3208 1102 3278 similitudinem
1145 3211 1356 3299 magis
1383 3233 1586 3280 unam
1615 3211 1894 3279 dicimus
1935 3233 2097 3296 esse,
2142 3233 2343 3302 quam
2388 3209 2651 3277 multas,
2703 3209 2887 3278 Sicut
2926 3210 3099 3278 idem
3129 3211 3489 3280 volentium

303 3324 547 3393 dicitur
573 3348 709 3393 una
734 3325 1064 3412 voluntas,
1112 3348 1264 3395 cum
1307 3334 1523 3396 tamen
1566 3328 1807 3419 cuique
1843 3328 1928 3395 sit
1971 3351 2090 3395 sua
2141 3327 2444 3395 voluntas
2484 3351 2499 3393 :
2548 3335 2612 3395 et
2652 3326 2936 3395 duorum
2992 3326 3487 3397 simillimorum

302 3441 547 3510 dicitur
575 3442 769 3510 facies
798 3465 958 3510 una.
991 3466 1027 3506 n

389 3557 769 3626 Notandum
808 3581 1074 3651 quoque
1113 3566 1248 3642 est,
1307 3559 1484 3652 quod
1530 3559 1689 3628 fides
1731 3561 1992 3653 proprie
2037 3561 2119 3630 de
2162 3583 2297 3629 non
2335 3559 2803 3654 apparentibus
2848 3568 3103 3629 tantum
3143 3568 3262 3629 est.
3302 3560 3493 3631 Unde
3575 3586 3699 3638 Quod

3531 3647 3637 3691 fides
3681 3652 3750 3693 cst

301 3674 660 3764 Gregorius
687 3679 710 3712 ‘
741 3700 758 3743 ε
786 3702 821 3742 α
849 3677 1252 3768 Apparentia
1278 3700 1413 3745 non
1440 3677 1686 3746 habent
1711 3678 1936 3762 fidem,
1979 3678 2092 3747 sed
2141 3677 2566 3767 agnitionem.
2600 3703 2633 3741 »
2668 3677 2847 3746 Idem
2898 3701 2914 3744 ε
2965 3704 3001 3744 α
3037 3680 3199 3747 Cum
3238 3677 3487 3747 Paulus
3556 3711 3610 3754 de
3650 3711 3720 3754 hi·

301 3791 474 3860 dicat
500 3799 522 3832 ⁷
556 3819 574 3862 z
610 3789 802 3862 Fides
834 3806 930 3862 est
955 3793 1329 3863 substantia
1357 3818 1578 3863 rerum
1605 3794 2116 3888 sperandarum,
2148 3805 2615 3887 arqumentum
2658 3816 2794 3860 non
2821 3793 3289 3885 apparentium
3308 3818 3337 3877 ,·
3364 3794 3487 3863 hoc
3530 3785 3750 3878 ἓξῖζηξῗ

303 3908 619 3978 veraciter
639 3909 881 3978 dicitur
906 3911 1108 3997 credi,
1137 3912 1313 4004 quod
1342 3933 1477 3980 non
1507 3911 1679 3980 valet
1708 3912 1939 3980 videri.
1970 3911 2140 3980 Nam
2183 3912 2356 3980 credi
2396 3912 2537 4002 jam
2577 3933 2707 3980 non
2763 3916 3008 4001 potest,
3057 3909 3236 4002 quod
3283 3911 3504 3980 videri
3540 3898 3734 4018 23⁶2}-

302 4033 534 4117 potest.
565 4026 851 4096 Thomas
874 4026 1057 4096 aliud
1089 4027 1278 4113 vidit,
1309 4035 1374 4096 et
1399 4028 1582 4096 aliud
1607 4028 1886 4097 credidit
1930 4052 1949 4096 ε
2002 4029 2334 4096 hominem
2381 4028 2588 4112 vidit,
2637 4035 2701 4095 et
2747 4027 2958 4095 Deum
3001 4026 3332 4096 confessus
3376 4037 3499 4121 est,
3534 4037 3748 4131 :ffir's

301 4141 522 4210 dicens
544 4149 608 4208 ⁸:
647 4143 973 4213 Dominus
999 4166 1201 4227 meus,
1236 4157 1301 4214 et
1331 4147 1506 4213 Deus
1533 4167 1738 4214 meus.
1774 4145 1870 4213 De
1895 4144 2019 4213 hoc
2046 4145 2244 4213 etiam
2274 4143 2688 4234 Augustinus
2712 4143 2804 4212 ait
2863 4168 2878 4211 :
2916 4170 2951 4209 «
2982 4143 3217 4213 Fidem
3272 4145 3483 4235 ipsam
3533 4161 3723 4265 (1ἳέἐέ

300 4257 481 4327 videt
503 4258 784 4351 quisque
812 4258 882 4327 in
911 4260 1104 4330 corde
1130 4283 1252 4329 suo
1280 4283 1439 4345 esse,
1469 4261 1526 4328 si
1552 4260 1757 4330 credit
1767 4290 1785 4348 3
1823 4261 1923 4329 vel
1955 4284 2091 4330 nou
2120 4284 2280 4346 esse,
2311 4261 2367 4328 si
2396 4282 2529 4329 non
2555 4260 2794 4329 credit:
2830 4283 2964 4329 non
2992 4260 3161 4329 sicut
3186 4282 3382 4352 corpo
3394 4284 3492 4346 ra,

299 4396 451 4466 quae
478 4373 778 4443 videmus
801 4376 1010 4445 oculis
1032 4375 1383 4469 corporeis,
1416 4385 1481 4445 et
1511 4399 1624 4468 per
1648 4376 1944 4467 ipsorum
1975 4377 2295 4466 imagines
2320 4429 2337 4462 ,
2373 4400 2538 4468 quas
2565 4376 2882 4445 memoria
2926 4385 3223 4446 tenemus
3264 4378 3492 4468 etiam,

299 4491 630 4560 abscentia
652 4491 1054 4582 cogitamus;
1087 4516 1208 4562 nec
1235 4492 1404 4562 sicut
1431 4516 1533 4578 ea,
1565 4517 1716 4585 quae
1744 4517 1877 4568 non
1905 4494 2219 4580 vidimus,
2251 4503 2423 4563 etex
2470 4493 2574 4561 his
2618 4516 2770 4585 quae
2800 4493 3110 4578 vidimuS,
3159 4493 3493 4582 cogitatio-

299 4630 452 4676 nem
510 4616 867 4700 utcumque
919 4608 1306 4696 formamuS,
1361 4619 1426 4680 et
1482 4610 1811 4680 memoriae
1862 4610 2402 4679 commendamus
2427 4637 2444 4696 ;
2503 4633 2623 4678 nec
2673 4610 2841 4678 sicut
2894 4608 3255 4695 hominem,
3297 4610 3492 4702 cujus

299 4724 589 4793 animam
617 4724 736 4793 etsi
765 4747 900 4794 non
929 4724 1255 4812 videmus,
1287 4749 1370 4795 ex
1395 4733 1617 4796 nostra
1642 4727 2052 4818 conjicimuS,
2084 4735 2148 4795 et
2175 4749 2256 4795 ex
2285 4727 2572 4796 motibus
2596 4726 2887 4818 corporis
2929 4726 3291 4812 hominem,
3322 4727 3490 4797 sicut

307 4841 588 4910 videndo
615 4840 920 4928 dicimus,
949 4842 1288 4913 intuemur
1316 4843 1512 4912 etiam
1542 4843 1927 4934 cogitando,
1964 4867 2097 4912 non
2130 4845 2222 4912 sic
2249 4844 2512 4914 videtur
2539 4844 2701 4913 fides
2738 4844 2804 4912 in
2851 4843 3044 4912 corde
3084 4843 3155 4911 in
3200 4867 3333 4937 quo
3371 4854 3491 4932 est,

310 4957 394 5026 ab
420 4957 710 5049 eocujus
743 4968 876 5044 est,
914 4959 1025 5028 sed
1071 4982 1214 5029 eam
1260 4968 1438 5030 tenet
1479 4961 1839 5030 certissima
1879 4961 2172 5030 scientia.
2223 4962 2391 5031 Cum
2440 4983 2596 5050 ergo
2641 4960 2789 5029 ideo
2838 4959 3101 5030 credere
3147 4960 3489 5052 jubemur,

296 5074 453 5166 quia
479 5073 550 5142 id
576 5075 754 5168 quod
782 5075 1041 5145 credere
1060 5075 1400 5167 jubemur,
1433 5078 1656 5147 videre
1686 5100 1817 5146 non
1845 5099 2196 5168 possumus
2243 5102 2258 5144 :
2300 5078 2509 5169 ipsam
2542 5087 2757 5145 tamen
2803 5076 3028 5162 fidem,
3073 5076 3343 5168 quando
3388 5087 3486 5148 est

295 5188 364 5258 in
398 5190 613 5279 nobis,
645 5191 947 5261 videmus
970 5191 1041 5259 in
1070 5192 1284 5278 nobis,
1314 5193 1474 5286 quia
1500 5203 1561 5263 et
1592 5216 1815 5263 rerum
1843 5192 2215 5262 absentium
2243 5216 2525 5284 praesens
2549 5202 2646 5265 est
2672 5191 2870 5278 fides,
2921 5203 2990 5264 et.
3022 5215 3248 5264 rerum
3268 5247 3288 5281 ,
3335 5217 3484 5286 quae

360 5365 376 5399 ¹
406 5362 545 5423 Gal„
563 5374 612 5426 ν,
631 5367 680 5416 6.
700 5389 766 5403 -
795 5361 858 5412 ¹1
890 5361 1074 5422 These„
1100 5374 1138 5426 1,
1170 5365 1217 5414 3.
1240 5389 1297 5403 --
1316 5365 1340 5401 ⁸
1360 5366 1377 5416 1
1398 5363 1538 5428 Cor„
1561 5367 1833 5430 xm,2.—
1853 5364 1876 5400 δ
1898 5365 2104 5430 ephes„
2129 5378 2203 5429 ιν,
2226 5368 2274 5416 5.
2296 5391 2352 5404 --
2384 5367 2403 5399 ⁸
2430 5368 2579 5431 Aug„
2598 5364 2660 5416 de
2688 5365 2892 5431 Trinit„
2916 5366 3008 5419 lib.
3026 5367 3163 5431 xm,
3188 5381 3234 5420 c.
3257 5378 3320 5428 11,
3350 5381 3405 5418 n.
3434 5370 3487 5431 5,
3568 5335 3579 5345 ι

291 5432 468 5500 paucis
486 5436 720 5500 mutatis,
756 5435 810 5484 et
843 5431 1072 5496 pluribus
1101 5433 1325 5486 omissis.
1346 5459 1407 5474 -—
1432 5437 1456 5472 ⁸
1477 5437 1652 5501 Greg..
1682 5437 1736 5486 in
1765 5437 1981 5501 Evnnq„
2026 5436 2173 5488 hom.
2211 5447 2358 5500 xxw,
2392 5438 2527 5490 circa
2560 5436 2730 5500 med.;
2762 5437 2989 5504 Dialoq„
3015 5437 3101 5492 lib.
3145 5438 3236 5504 lv,
3270 5452 3315 5488 c.
3352 5448 3401 5490 v.
3422 5463 3488 5480 ·-

289 5506 313 5542 ⁷
337 5504 509 5569 Helm,
536 5517 611 5575 ιι,
636 5504 797 5564 1.—⁸
817 5504 986 5570 Ioum,
1011 5515 1103 5566 xx,
1130 5507 1321 5560 28.-⁹
1342 5509 1494 5573 Aug„
1520 5507 1585 5557 de
1605 5507 1808 5568 Triuia,
1834 5507 1927 5562 lib.
1959 5509 2097 5572 lull,
2126 5522 2172 5558 c.
2198 5519 2236 5574 1,
2265 5521 2322 5559 n.
2354 5511 2401 5561 3.
