4185 6288
1236 496 1434 563 mS‘r.
1478 494 1691 561 XXIII.
1736 493 1917 559 ΛΒΤ.
1968 494 2044 560 11.
2084 494 2389 574 QUAEST.
2434 495 2537 560 lv.

299 625 590 694 informis
632 630 726 693 est
766 629 1002 709 virtue,
1046 632 1198 715 quia
1251 650 1381 697 non
1423 629 1836 695 adbaerebant

297 735 417 818 ipsi
444 735 671 818 primae
691 737 942 802 veritati
965 744 1222 821 propter
1246 758 1335 804 se.
1831 729 1836 733 ’

377 847 436 907 4.
480 843 578 908 Ad
614 843 767 909 illud
797 845 969 928 quod
1006 846 1325 930 objicitur,
1356 844 1527 928 quod
1555 861 1835 925 cognos-

298 951 524 1014 cebant
567 950 768 1017 Deum
814 970 950 1016 esse
990 953 1236 1017 trinum
1263 958 1329 1017 et
1355 971 1585 1027 unum,
1614 951 1832 1016 dicen-

297 1057 455 1121 dum
488 1058 657 1140 quod
698 1057 805 1123 illa
834 1059 1111 1141 cognitio
1147 1061 1219 1124 in
1256 1059 1655 1125 daemonibus
1698 1061 1834 1120 erat

298 1164 592 1229 derelicta
617 1183 700 1230 ex
727 1168 1112 1249 cognitione,
1134 1187 1330 1250 quam
1357 1167 1727 1231 habuerunt
1748 1182 1830 1229 ex

295 1272 504 1359 prima
530 1274 630 1336 sui
657 1273 1036 1339 conditione.
1069 1275 1437 1340 Secundum
1460 1274 1634 1338 enim
1662 1271 1832 1354 quod

295 1379 445 1443 dicit
471 1380 806 1464 Dionysius
831 1383 898 1445 in
926 1384 1087 1447 libro
1115 1384 1193 1451 de
1233 1384 1496 1449 Divinis
1524 1381 1826 1447 Nomini-

296 1486 433 1566 bu8,
485 1489 686 1571 capite
735 1495 1001 1573 quarto,
1032 1491 1179 1556 data
1222 1489 1621 1555 daemonibus
1663 1488 1831 1550 dona

296 1612 701 1678 nequaquam
743 1597 882 1680 ipsa
921 1602 1165 1663 mutata
1207 1616 1342 1662 esse
1376 1597 1682 1672 dicimus;
1720 1593 1830 1657 sed

296 1707 447 1767 sunt
475 1702 727 1786 integra
748 1708 814 1769 et
840 1705 1369 1788 splendidissima,
1388 1703 1687 1787 quamvis
1708 1700 1830 1785 ipsi

295 1827 427 1873 non
472 1810 729 1874 videant
765 1810 1129 1876 claudentes
1152 1811 1221 1874 in
1244 1810 1464 1893 seipsis
1491 1809 1829 1893 speculati-

294 1934 409 1980 vas
449 1916 744 1981 veritates
774 1940 789 1981 :
822 1923 884 1982 et
928 1919 1018 1982 sic
1063 1937 1193 1983 non
1229 1921 1477 2002 oportet
1502 1934 1737 2001 ponere
1762 1916 1832 1979 in

295 2024 698 2089 daemonibus
739 2025 1035 2090 habitum
1079 2027 1226 2092 fidei
1263 2026 1525 2105 intusae,
1556 2042 1706 2089 cum
1735 2029 1831 2087 ta-

251 2133 422 2198 ·Iem
472 2133 763 2198 notitiam
810 2134 1154 2200 habuerint
1204 2154 1243 2199 a
1296 2135 1504 2219 prima
1559 2132 1833 2199 naturali

84 3020 146 3061 Ad
168 3033 272 3075 opp.

295 2258 412 2304 sua
460 2240 819 2306 conditione
841 2290 859 2318 ‚
904 2241 1049 2306 licet
1082 2260 1225 2306 eam
1253 2242 1527 2307 habeant
1551 2241 1831 2324 quodam

296 2346 487 2413 modo
530 2349 747 2413 minus
780 2350 1050 2433 perfecte
1077 2354 1331 2433 propter
1358 2368 1621 2414 suarum
1651 2366 1831 2412 men-

295 2456 460 2520 tium
487 2456 996 2523 obcaecationem.

778 2670 1134 2750 QUAESTIO
1178 2669 1282 2736 lv.
1320 2702 1336 2719 ο

301 2833 392 2890 An
410 2834 538 2905 fidet
554 2836 806 2903 infamis
823 2835 1129 2907 expellam
1148 2849 1249 2907 per
1275 2833 1563 2890 adventum
1588 2828 1834 2902 qratioe2.

381 2995 467 3059 De
494 2996 694 3078 ipsius
723 2995 870 3060 fidei
916 2994 1202 3062 informis
1245 2993 1608 3071 duratione;
1644 3000 1708 3057 et
1737 2996 1831 3057 est

303 3103 571 3186 quaestio
605 3125 622 3168 ε
655 3108 876 3169 utrum
904 3103 1061 3168 fides
1102 3102 1390 3168 informis
1429 3101 1695 3168 omnino
1722 3119 1834 3166 ex·

305 3213 575 3297 pellatur
602 3232 716 3297 per
742 3213 1089 3278 adventum
1123 3212 1374 3295 gratiae.
1403 3211 1482 3277 Et
1510 3211 1681 3294 quod
1707 3211 1795 3274 sic
1818 3257 1835 3287 ‚

302 3323 574 3388 videtur.
608 3320 810 3403 Major
844 3325 937 3384 est
965 3320 1406 3384 convenientia
1429 3318 1576 3383 fidei
1602 3320 1836 3382 forma-

303 3436 389 3496 tae
415 3430 494 3495 ad
517 3429 819 3511 gloriam,
843 3445 1040 3511 quam
1068 3427 1216 3492 fidei
1237 3428 1526 3491 formatae
1550 3426 1631 3490 ad
1651 3427 1841 3491 fldem

305 3537 668 3616 informem,
692 3554 809 3619 pro
834 3554 910 3599 eo
936 3535 1109 3618 quod
1135 3534 1344 3617 gloria
1362 3553 1494 3598 non
1521 3539 1615 3599 est
1641 3535 1841 3614 aliud,

308 3661 504 3726 quam
527 3643 735 3725 gratia
759 3645 1202 3706 consummata
1222 3658 1240 3701 z
1261 3641 1370 3705 sed
1396 3641 1601 3722 gloria
1628 3659 1847 3723 super-

308 3751 571 3816 veniens
598 3755 863 3816 evacuat
889 3749 1183 3814 habitum
1219 3749 1368 3813 fidei
1397 3750 1686 3814 sormatae
1702 3797 1720 3828 ‚
1758 3739 1845 3811 si·

311 3862 419 3923 cut
462 3858 604 3922 vult
648 3857 988 3941 Apostolus
1013 3857 1037 3892 ²
1082 3880 1096 3920 ε
1130 3874 1289 3937 ergo
1315 3904 1332 3932 ,
1361 3856 1847 3944 superveniente

312 3965 434 4030 fide
457 3965 759 4040 formata,
786 3963 1029 4027 tollitur
1066 3962 1221 4026 fides
1258 3962 1582 4040 informis,
1614 3967 1676 4028 et
1702 3980 1846 4027 eva-

311 4077 558 4138 cuatur.

392 4185 455 4245 2.
483 4177 638 4243 Item
670 4180 883 4261 majus
908 4178 1129 4242 lumen
1169 4178 1461 4242 absorbet
1496 4178 1715 4242 minus
1738 4179 1847 4243 lu-

314 4305 464 4353 men
493 4310 509 4350 :
543 4305 700 4368 ergo
727 4287 782 4349 si
807 4286 1030 4350 lumen
1072 4285 1300 4366 gratiae
1327 4287 1587 4367 gratum
1611 4285 1850 4349 facien·

314 4398 395 4461 tis
411 4394 854 4481 superexcellit
869 4391 1445 4475 incomparabiliter
1462 4378 1684 4455 lumen
1707 4411 1853 4475 gra-

314 4504 424 4568 tiae
454 4502 656 4584 gratis
680 4500 844 4565 datae
855 4546 877 4578 ,
901 4498 1158 4564 videtur
1182 4498 1353 4579 quod
1380 4496 1536 4562 fides
1563 4497 1852 4562 informis

316 4630 433 4696 per
453 4609 728 4693 gratiam
757 4606 1310 4690 supervenientem
1337 4604 1568 4669 habeat
1593 4606 1848 4688 expelli.

399 4725 457 4784 3.
487 4718 648 4783 Item
688 4714 844 4780 fides
889 4711 1181 4777 informis
1219 4730 1556 4793 nunquam
1596 4717 1691 4777 est
1729 4714 1852 4777 nisi

317 4828 388 4892 in
433 4827 787 4909 peccatore,
834 4838 987 4886 nam
1022 4820 1092 4883 in
1134 4819 1310 4883 omni
1342 4821 1515 4900 justo
1556 4823 1652 4884 est
1700 4820 1855 4883 fides

320 4935 588 4998 formata
619 4953 635 4994 ε
686 4929 794 4994 sed
842 4928 1051 5010 gratia
1098 4928 1358 5007 gratum
1403 4926 1635 4990 faciens
1679 4945 1856 4992 nun-

322 5059 516 5125 quam
552 5042 758 5123 potest
794 5053 931 5100 esse
977 5053 1126 5100 cum
1164 5037 1417 5116 peccato
1450 5054 1465 5097 ε
1498 5051 1654 5115 ergo
1683 5052 1858 5097 nun-

322 5166 517 5232 quam
559 5150 762 5231 potest
808 5162 943 5209 esse
988 5160 1140 5206 cum
1184 5140 1309 5204 fide
1353 5141 1608 5205 informi
1639 5159 1657 5204 z
1696 5158 1857 5222 ergo

323 5254 671 5322 necessario
700 5269 844 5316 eam
869 5251 940 5313 in
965 5249 1245 5313 adventu
1272 5266 1391 5312 suo
1416 5247 1695 5331 expellit.

402 5362 463 5427 Ιι.
496 5362 648 5427 Item
694 5376 916 5424 omnes
958 5355 1231 5420 virtutes
1274 5354 1469 5418 simul
1504 5354 1859 5419 intundun-

389 5493 406 5526 ι
426 5489 564 5546 Alex.
580 5485 797 5547 islensis,
812 5498 861 5562 p.
882 5484 969 5544 ΙΙΙ,
987 5480 1152 5533 collat.
1164 5484 1491 5545 nnuma-t.
1507 5482 1536 5532 3
1545 5496 1563 5545 ;
1581 5482 1636 5532 S.
1656 5481 1859 5550 Thom,
1877 5547 1887 5556 ⁵

3365 505 3484 566 505

1945 634 2053 696 tur
2083 653 2099 696 ε
2132 650 2291 713 ergo
2330 649 2487 695 cum
2521 631 2880 697 infunditur
2926 632 3232 713 charitas,
3262 635 3484 700 infun-

1943 738 2118 803 ditur
2152 739 2307 803 fldes
2331 740 2603 803 formata
2635 760 2649 803 z
2681 739 2790 803 sed
2826 738 3212 821 impossibile
3237 747 3333 806 est
3354 743 3483 807 duo

1944 844 2290 910 accidentia
2345 846 2635 928 ejusdem
2691 844 2918 928 speciei
2961 865 3099 911 esse
3143 847 3233 911 in·
3257 849 3482 914 eodem

1945 954 2232 1035 subjecto
2276 974 2294 1016 :
2341 972 2498 1036 ergo
2544 952 2931 1037 impossibile
2984 957 3080 1019 est
3126 955 3285 1019 duas
3327 956 3483 1021 fides

1945 1078 2079 1124 esse
2114 1062 2182 1125 in
2222 1062 2443 1127 eadem
2486 1062 2705 1127 anima
2737 1084 2752 1127 z
2784 1080 2945 1144 ergo
2986 1079 3237 1126 necesse
3280 1067 3377 1127 est
3400 1064 3483 1126 fl-

1944 1166 2090 1231 dem
2120 1168 2457 1233 informem
2482 1168 2712 1252 expelli
2738 1169 2819 1234 ad
2848 1169 3198 1234 adventum
3226 1169 3476 1251 gratiae.

2026 1278 2086 1338 5.
2119 1274 2276 1340 Item
2306 1282 2418 1341 aut
2445 1276 2667 1341 lumen
2692 1276 2918 1358 gratiae
2956 1281 3219 1358 gratum
3246 1276 3483 1341 facien-

1947 1382 2028 1445 tis
2056 1383 2291 1447 sufficit
2317 1384 2394 1448 ad
2432 1383 2818 1449 credendum
2839 1432 2856 1460 ,
2882 1388 2996 1448 aut
3021 1402 3192 1449 non:
3226 1384 3279 1448 si
3304 1402 3434 1448 non
3455 1432 3478 1463 ,

1943 1507 2103 1572 ergo
2130 1492 2337 1571 gratia
2384 1494 2645 1573 gratum
2690 1491 2925 1556 faciens
2966 1510 3098 1557 non
3140 1491 3373 1555 sufficit
3397 1490 3478 1555 ad

1944 1598 2434 1679 promerendam
2489 1599 2802 1676 salutem3
2841 1599 2895 1661 si
2951 1598 3221 1675 sufficit,
3260 1617 3478 1681 super-

1945 1704 2151 1769 fluum
2175 1710 2269 1768 est
2294 1707 2496 1770 facere
2521 1724 2636 1789 per
2662 1705 2848 1788 plura
2864 1754 2881 1784 ,
2912 1705 3085 1788 quod
3110 1710 3313 1788 potest
3337 1706 3478 1769 fleri

1943 1828 2057 1893 per
2106 1812 2402 1893 pauciora
2435 1835 2449 1876 z
2490 1830 2648 1893 ergo
2678 1812 2930 1877 videtur
2973 1810 3147 1893 quod
3172 1830 3483 1893 superve-

1943 1919 2158 1982 niente
2202 1919 2412 2001 gratia
2455 1924 2716 2001 gratum
2748 1919 3036 1983 ·faciente
3070 1965 3092 1997 ,
3135 1920 3485 2002 superfluat

1942 2025 2178 2091 habere
2204 2027 2396 2091 fldem
2424 2028 2783 2092 informem.

2026 2133 2149 2198 Sed
2176 2140 2394 2199 contra
2424 2154 2442 2199 z
2476 2134 2691 2200 Gratia
2729 2152 2862 2198 non
2905 2131 3164 2214 expellit
3188 2132 3314 2196 nisi
3340 2131 3483 2196 cul-
3512 2175 3720 2220 rnna-m.

1944 2259 2094 2324 pam
2110 2290 2131 2321 ‚
2163 2242 2265 2307 vel
2299 2260 2693 2326 consequens
2719 2241 2798 2305 ad
2841 2241 3096 2323 culpam
3131 2262 3145 2305 ε
3175 2240 3287 2304 sed
3323 2240 3485 2305 fides

1945 2350 2235 2415 informis
2274 2369 2392 2415 nec
2432 2355 2527 2416 est
2564 2350 2751 2434 culpa
2764 2399 2782 2426 ‚
2814 2368 2933 2415 nec
2966 2366 3361 2430 consequens
3404 2349 3484 2415 ad

1947 2453 2200 2537 culpam
2236 2478 2251 2520 ε
2284 2473 2442 2537 ergo
2481 2454 2638 2519 fides
2671 2454 2962 2520 informis
2987 2471 3120 2518 non
3147 2453 3484 2535 expellitur

1947 2578 1987 2624 a
2013 2562 2225 2642 gratia
2250 2562 2757 2645 superveniente.

2031 2667 2212 2748 Item,
2235 2670 2398 2734 sicut
2419 2688 2488 2734 se
2513 2669 2706 2734 habet
2732 2673 2912 2734 actus
2936 2669 3017 2734 ad
3040 2673 3276 2749 actum,
3298 2669 3386 2733 ita
3413 2684 3480 2731 se

1949 2773 2143 2840 habet
2167 2776 2423 2840 habitus
2460 2776 2538 2841 ad
2581 2776 2874 2842 habitum
2900 2799 2920 2839 ε
2952 2777 3064 2841 sed
3098 2777 3307 2858 gratia
3331 2794 3486 2857 gra-

1950 2891 2088 2949 tum
2117 2887 2352 2950 iaciens
2375 2887 2523 2951 facit
2551 2887 2805 2952 credere
2830 2888 2900 2951 in
2924 2887 3124 2952 Deum
3146 2936 3164 2968 ,
3188 2892 3254 2953 et
3279 2886 3488 2969 gratia

1951 2992 2153 3074 gratis
2192 2993 2338 3057 data
2380 2992 2529 3056 facit
2572 2994 2699 3059 Deo
2727 2994 2980 3058 credere
3015 3016 3030 3057 :
3059 2994 3113 3058 si
3148 3011 3306 3076 ergo
3344 3010 3487 3057 cre-

1951 3099 2104 3165 dere
2129 3099 2197 3164 in
2223 3098 2425 3165 Deum
2455 3118 2585 3165 non
2611 3099 2870 3185 expellit
2896 3101 3153 3167 credere
3182 3100 3310 3166 Deo
3332 3148 3349 3178 ‚
3379 3097 3490 3165 sed

1952 3207 2168 3291 potius
2212 3209 2696 3291 praesupponit,
2744 3209 3002 3273 videtur
3054 3209 3228 3292 quod
3282 3207 3492 3289 gratia

1956 3320 2219 3397 gratum
2271 3317 2506 3382 faciens
2558 3335 2689 3382 non
2732 3317 3008 3400 expellat
3051 3317 3244 3382 fldem
3289 3315 3487 3379 infor-

1952 3442 2148 3488 mem.

2037 3533 2193 3599 Item
2226 3535 2434 3616 magis
2475 3534 2863 3599 conveniunt
2904 3533 3073 3598 dona
3103 3533 3315 3596 infusa
3342 3546 3494 3595 cum

1959 3641 2181 3707 infusis
2199 3691 2217 3722 ‚
2265 3661 2460 3726 quam
2509 3642 2719 3706 infusa
2768 3658 2915 3704 cum
2969 3639 3292 3723 acquisitis
3321 3658 3339 3702 z
3382 3636 3494 3701 sed

1959 3751 2172 3832 gratia
2198 3753 2459 3831 gratum
2485 3748 2746 3827 faciens,
2776 3765 2928 3812 cum
2953 3746 3332 3823 infunditur,
3361 3762 3494 3809 non

1959 3856 2218 3939 expellit
2242 3854 2497 3918 habitus
2529 3854 2874 3936 acquisitos
2903 3872 2921 3916 ε
2952 3871 3111 3935 ergo
3145 3850 3348 3917 multo
3377 3850 3497 3916 for-

1960 3965 2089 4028 tius
2112 3981 2242 4028 non
2269 3960 2528 4044 expellit
2552 3961 2845 4025 habitum
2866 3961 3014 4025 fidei
3040 3959 3353 4038 informis,
3383 3957 3498 4041 qui

1960 4076 2058 4135 est
2081 4071 2351 4135 infusus.

2044 4180 2226 4260 Item,
2247 4181 2410 4245 sicut
2433 4197 2502 4244 se
2516 4179 2708 4244 habet
2727 4177 2915 4260 culpa
2938 4175 3017 4240 ad
3040 4174 3232 4239 fldem
3254 4174 3499 4237 sorma-
3539 4207 3546 4216 ·

1962 4292 2118 4364 tam,
2148 4287 2237 4352 ita
2263 4307 2331 4352 se
2356 4288 2549 4352 habet
2572 4285 2782 4369 gratia
2798 4284 2878 4348 ad
2904 4284 3098 4347 fldem
3123 4281 3451 4344 informem
3477 4297 3495 4342 ε

1964 4397 2074 4462 sed
2102 4397 2290 4480 culpa
2323 4414 2471 4460 cum
2499 4390 3038 4477 superinducitur,
3075 4389 3191 4454 etsi
3227 4385 3502 4469 expellat

1961 4505 2238 4569 sormam
2257 4504 2442 4582 fidei,
2472 4521 2605 4567 non
2644 4504 2859 4564 tamen
2895 4497 3153 4580 expellit
3187 4496 3394 4577 ipsam
3420 4493 3497 4557 fl-

1965 4611 2134 4687 dem,
2165 4611 2477 4693 quiajam
2516 4609 2749 4673 faceret
2776 4605 3108 4670 bominem
3134 4601 3496 4667 infidelem:

1965 4738 2125 4801 ergo
2147 4719 2288 4801 pari
2313 4717 2558 4781 ratione
2577 4714 2786 4796 gratia
2809 4718 3068 4795 gratum
3096 4711 3331 4775 faciens
3350 4726 3503 4773 cum

1965 4825 2484 4908 superinducitur
2505 4871 2524 4902 ,
2558 4822 2680 4886 etsi
2716 4821 2893 4885 tollat
2926 4818 3381 4884 informitatem
3421 4818 3499 4880 fl·

1967 4933 2109 5010 dei,
2145 4949 2277 4995 non
2319 4934 2533 4994 tamen
2562 4927 2722 4992 tollit
2763 4925 3183 4990 substantiam
3223 4923 3498 4988 habitus.

2051 5036 2208 5100 Item
2226 5082 2246 5113 ‚
2277 5034 2332 5097 si
2361 5032 2619 5096 habitus
2651 5030 2799 5094 fidei
2834 5029 3125 5093 informis
3169 5027 3409 5091 tollitur
3434 5027 3504 5091 in

1962 5142 2420 5227 justificatione
2455 5137 2673 5221 impii,
2704 5154 2861 5218 ergo
2901 5154 3049 5200 cum
3085 5135 3316 5218 aliquis
3342 5135 3502 5202 reci·

1970 5248 2147 5312 divat
2189 5246 2260 5309 in
2305 5246 2634 5327 peccatum
2660 5289 2678 5317 ‚
2721 5244 2838 5303 aut
2880 5239 3151 5303 efficitur
3194 5238 3465 5303 infidelis
3484 5286 3505 5319 ,

1975 5410 2040 5460 111
2072 5408 2233 5469 Sena,
2260 5406 2377 5457 dist.
2398 5415 2552 5467 xxm,
2581 5416 2631 5467 q.
2666 5412 2746 5467 m,
2773 5404 2871 5452 art.
2895 5402 2920 5451 ὁ
2934 5415 2953 5463 3
2992 5400 3274 5464 Stephanus
3301 5399 3510 5462 Brulel'„

1974 5482 2040 5534 ΙΙΙ
2060 5481 2220 5543 sent„
2245 5478 2363 5530 dist.
2383 5488 2537 5540 xxm,
2560 5488 2611 5539 q.
2644 5485 2720 5528 ιιι.
2738 5500 2801 5512 -
2824 5473 2847 5509 ²
2869 5473 2887 5523 1
2911 5473 3045 5536 Cor„
3071 5483 3190 5533 xm,
3223 5475 3297 5523 ιο.
