4185 6288
56 1759 115 1799 Ad
134 1772 217 1816 opp

1180 430 1373 496 DIST.
1413 429 1627 498 XXVI.
1673 417 1854 495 ΛΒΤ.
1904 429 1982 494 ΙΙ.
2026 430 2325 508 QUAEST.
2370 433 2477 498 111.

277 567 625 649 perfeetum
660 568 967 634 antecedit
1000 568 1342 651 perrectum
1362 616 1380 643 ‚
1409 585 1544 633 uon
1569 585 1605 631 e
1650 585 1801 632 con-

277 693 460 741 verso
489 698 507 741 :
543 677 654 741 sed
689 677 959 741 charitas
1000 677 1204 758 major
1239 679 1333 739 est
1371 680 1434 739 et
1477 675 1808 756 perfectior

277 802 470 865 quam
519 783 675 848 fides
717 788 780 848 et
821 802 1001 865 spes,
1047 782 1399 847 secundum
1445 781 1617 865 quod
1659 780 1806 845 dici-

276 892 382 954 tur
413 892 431 928 ¹
476 912 491 954 ε
541 890 752 974 Maior
796 895 1009 958 autem
1051 889 1278 956 horum
1319 893 1413 976 est
1448 888 1737 957 charitas
1780 906 1804 952 :

271 1014 452 1077 ergo,
484 1000 602 1063 etc.

351 1105 507 1170 Item
547 1106 763 1171 nullus
812 1110 1014 1189 potest
1055 1124 1270 1171 amare
1310 1111 1568 1190 propter
1609 1125 1699 1185 se,
1742 1109 1805 1170 et

269 1230 460 1296 super
483 1215 721 1292 omnia,
749 1215 994 1279 honum
1024 1215 1103 1278 ad
1141 1215 1313 1297 quod
1340 1233 1472 1279 nou
1500 1218 1710 1295 sperat
1734 1232 1803 1277 se

269 1339 449 1401 posse
487 1341 773 1404 unquam
818 1321 1152 1405 pervenire
1187 1343 1203 1385 t
1235 1323 1291 1386 si
1332 1340 1490 1403 ergo
1529 1322 1802 1385 charitas

265 1427 478 1509 diligit
505 1433 760 1512 propter
784 1449 871 1509 se,
894 1436 957 1493 et
980 1447 1172 1512 super
1194 1430 1431 1508 omnia,
1451 1432 1630 1494 actus
1653 1429 1800 1494 cha-

264 1534 468 1600 ritatis
492 1538 900 1621 consequitur
939 1541 1155 1602 actum
1183 1537 1314 1620 spei
1345 1556 1362 1601 ε
1393 1555 1552 1617 ergo
1585 1536 1799 1600 chari-

264 1647 361 1707 tas
389 1643 593 1726 ipsam
620 1663 819 1729 spem.

342 1749 466 1816 Sed
511 1758 730 1818 contra
772 1754 913 1819 haec
957 1754 1255 1837 objicitur
1318 1761 1378 1818 1.
1430 1753 1801 1817 auctoritate

265 1857 552 1940 Magistri
580 1859 651 1924 in
688 1861 898 1926 littera
926 1880 944 1926 ε
981 1886 1013 1924 α
1043 1861 1198 1945 Spes
1239 1865 1337 1925 est
1372 1865 1543 1924 certa
1571 1878 1802 1942 expec—

261 1964 416 2029 tatio
442 1967 683 2031 futurae
710 1968 1135 2047 beatitudiniS,
1160 1968 1428 2032 veniens
1452 1985 1533 2030 ex
1561 1966 1801 2030 meritis

260 2073 761 2154 praecedentibus
814 2074 1019 2156 ipsam
1071 2092 1271 2157 spem.
1318 2096 1347 2132 n
1403 2073 1521 2137 Sed
1575 2073 1800 2137 merita

258 2181 638 2246 naturaliter
675 2181 862 2264 praeit
895 2182 1166 2246 charitas
1200 2203 1215 2246 :
1244 2198 1401 2262 ergo
1445 2179 1798 2243 secundum

258 2288 618 2352 naturalem
665 2289 955 2353 ordinem
992 2287 1264 2352 charitas
1303 2292 1568 2350 estante
1593 2304 1794 2369 spem.

336 2400 397 2458 2.
429 2393 587 2458 Item
618 2395 1056 2476 AugustinuS,
1086 2395 1155 2458 in
1190 2395 1353 2458 libro
1388 2397 1474 2460 De
1520 2395 1799 2459 Civitate

256 2500 405 2580 Dei,
452 2502 639 2580 dicit,
694 2504 866 2586 quod
911 2504 1121 2568 omnis
1159 2501 1406 2567 affectio
1466 2501 1666 2565 oritur
1715 2519 1797 2565 ex
1848 2593 1851 2596 Δ

255 2628 473 2675 amore
510 2631 526 2675 t
559 2628 718 2692 ergo
757 2612 966 2676 omnis
1005 2611 1252 2675 affectio
1277 2614 1448 2675 recta
1472 2628 1556 2673 ex
1581 2626 1798 2674 amore

254 2722 424 2781 recto
479 2739 494 2781 ε
549 2736 698 2782 cum
756 2737 916 2800 ergo
966 2718 1241 2783 charitas
1293 2717 1529 2798 dirigat
1583 2716 1796 2799 ipsum

252 2844 539 2892 amorem
569 2827 944 2904 voluntem,
990 2828 1198 2891 virtus
1234 2830 1449 2890 autem
1476 2825 1611 2907 spei
1639 2824 1796 2888 diri-

250 2939 361 3014 gat
389 2952 594 2998 unam
621 2934 697 2998 de
724 2939 1000 3017 quatuor
1025 2933 1466 2998 affectionibus
1491 2979 1507 3008 ,
1537 2931 1796 2997 videtur

251 3042 417 3122 quod
446 3060 593 3125 spae
619 3042 701 3105 sit
724 3041 1027 3124 posterior
1052 3041 1379 3104 charitate.

329 3154 388 3214 3.
435 3151 596 3215 ltem
647 3149 863 3213 nullus
901 3152 1149 3232 sperat,
1193 3148 1317 3211 nisi
1361 3146 1532 3230 quod
1578 3151 1787 3224 amat;

248 3260 417 3340 quod
468 3258 646 3323 enim
691 3276 821 3321 non
869 3258 1043 3340 cupit
1084 3256 1335 3337 aliquiS,
1374 3254 1552 3318 nullo
1601 3254 1793 3317 modo

247 3372 456 3449 sperat
490 3391 506 3431 ι
537 3385 696 3448 ergo
719 3366 1031 3431 rectitudo
1059 3364 1295 3428 amoris
1322 3362 1623 3447 praecedit
1653 3380 1790 3426 ree-

248 3475 591 3540 titudinem
628 3472 1081 3557 expectationis
1115 3494 1129 3535 :
1171 3470 1280 3535 sed
1324 3470 1597 3534 charitas
1636 3468 1794 3533 diri-

248 3582 343 3663 git
369 3583 439 3646 in
465 3583 765 3657 amando,
793 3599 937 3663 spes
964 3584 1182 3646 autem
1209 3579 1434 3660 dirigit
1458 3579 1526 3642 in
1554 3597 1790 3661 expec-

249 3692 437 3755 tando
466 3708 484 3755 :
513 3708 670 3770 ergo
696 3689 970 3753 charitas
995 3693 1089 3752 est
1116 3693 1263 3751 ante
1292 3705 1494 3769 spem.

324 3801 384 3860 4.
418 3797 583 3863 Item
608 3797 800 3861 timor
826 3802 887 3858 et
905 3813 1049 3878 spes
1077 3798 1228 3859 suut
1254 3794 1400 3858 duae
1427 3793 1790 3856 affectiones

246 3906 431 3987 quasi
458 3904 653 3968 simul
685 3908 1054 3982 currentes;
1087 3903 1259 3967 unde
1302 3902 1368 3964 in
1406 3900 1658 3964 Glossa¹
1688 3898 1785 3962 di-

247 4017 484 4077 cuntur
529 4029 665 4076 esse
708 4011 855 4075 duae
899 4009 1090 4073 molae
1132 4031 1148 4071 ε
1183 4008 1293 4072 sed
1342 4007 1552 4071 omnis
1597 4006 1791 4069 timor

245 4120 532 4202 procedit
574 4138 656 4183 ex
698 4136 918 4183 amore
958 4139 974 4180 z
1016 4134 1177 4197 ergo
1233 4121 1297 4179 et
1345 4116 1555 4178 omnis
1592 4132 1783 4196 spes:

128 4301 135 4309 ,
246 4247 403 4311 ergo
446 4245 593 4311 spes
632 4226 911 4308 gratuita
955 4223 1234 4308 procedit
1275 4240 1359 4285 ex
1396 4238 1615 4285 amore
1642 4238 1789 4302 gra-

247 4337 406 4401 tuito
441 4358 455 4401 :
509 4352 669 4417 ergo
712 4333 1067 4398 secundum
1105 4330 1462 4395 naturalem
1498 4327 1788 4393 ordinem

245 4443 521 4508 charitas
551 4441 860 4507 antecedit
884 4458 1087 4523 spem.

328 4557 386 4616 5.
437 4550 597 4615 Item
640 4551 882 4632 quanto
928 4545 1168 4629 aliquid
1214 4549 1306 4609 est
1348 4544 1784 4624 communius,

247 4662 424 4723 tanto
452 4658 633 4741 prius
657 4656 801 4722 :sed
826 4672 1020 4720 omne
1044 4652 1433 4738 sperandum
1458 4652 1554 4715 est
1577 4669 1790 4715 aman-

246 4764 426 4843 dum,
458 4770 522 4830 et
545 4783 680 4829 non
720 4763 1110 4829 convertitur
1156 4783 1171 4825 ε
1200 4778 1358 4841 ergo
1384 4758 1791 4824 communior

246 4877 339 4936 est
366 4877 547 4937 actus
571 4871 921 4938 dilectionis
942 4918 960 4948 ,
989 4887 1188 4953 quam
1230 4873 1408 4931 actus
1437 4867 1611 4949 spei;
1645 4870 1709 4930 et
1732 4867 1789 4951 si

245 4982 674 5059 communior,
704 4998 863 5061 ergo
889 4978 1084 5062 prior.

324 5094 386 5154 6.
420 5090 579 5153 Item
624 5089 681 5152 is
724 5091 821 5152 est
848 5086 1004 5151 ordo
1039 5086 1295 5150 virtutis
1330 5086 1410 5149 ad
1456 5084 1784 5164 virtutem,

243 5197 357 5280 qui
397 5201 493 5260 est
537 5197 693 5261 ordo
731 5195 893 5259 dotis
932 5194 1011 5257 ad
1050 5193 1261 5257 dotem
1295 5209 1312 5254 ε
1361 5192 1469 5256 sed
1517 5193 1791 5275 perfecta

243 5304 467 5381 tentio,
499 5320 648 5386 quae
685 5307 781 5365 est
817 5301 932 5364 dos
974 5299 1472 5382 correspondens
1499 5300 1656 5382 spei,
1688 5318 1791 5364 se-

314 5430 329 5463 ¹
358 5430 374 5478 Ι
408 5427 546 5492 Gor„
575 5440 693 5490 ιω,
725 5429 799 5477 13.
824 5408 877 5463 ἷ-
902 5426 924 5462 ²
958 5425 1120 5475 Gloes.
1143 5439 1255 5488 sup.
1289 5426 1509 5481 Denter..
1536 5437 1679 5485 xxrv,
1712 5429 1789 5476 10.

3310 437 3457 501 .585

1910 566 2133 649 quitur
2162 568 2504 649 perfectam
2543 569 2964 642 dilectionem,
2998 585 3148 653 quae
3195 573 3292 634 est
3338 570 3453 635 dos

1910 675 2406 757 correspondens
2437 677 2725 741 charitati
2755 697 2773 740 z
2803 695 2961 759 ergo
2989 677 3240 742 videtur
3275 676 3450 759 quod

1910 779 1980 845 in
2027 782 2136 847 via
2183 783 2458 847 charitas
2502 784 2818 865 praecedat
2867 802 3047 866 spem
3093 785 3448 850 secundum

1910 886 2262 952 naturalem
2290 889 2601 955 ordinem.

2448 1084 2900 1152 CONCLUSIO.

1908 1237 2038 1309 Spes
2071 1244 2124 1294 et
2149 1238 2387 1295 charitas
2419 1255 2484 1294 ea
2515 1241 2729 1296 ratione
2751 1255 2862 1311 qua
2899 1240 3093 1296 habitu
3129 1244 3290 1312 sunt,
3338 1257 3446 1298 non

1976 1329 2349 1400 sepraecedunt
2368 1347 2384 1384 ε
2405 1329 2607 1400 <mocisi
2631 1328 2707 1385 ad
2730 1334 2881 1386 actm
2905 1344 3023 1386 suos
3048 1345 3137 1387 eas
3154 1344 3445 1401 compares,

1978 1423 2131 1474 actus
2166 1422 2284 1491 spei
2330 1421 2609 1491 proeparat
2652 1418 2728 1475 ad
2776 1423 2957 1476 actum
3016 1420 3304 1476 citaritatis
3338 1436 3356 1474 ε
3393 1424 3445 1476 et

1975 1511 2190 1564 ratione
2209 1507 2365 1578 hujus
2388 1524 2505 1581 spes
2529 1509 2850 1566 charitatem
2871 1510 3152 1581 proecedit.

1986 1645 2171 1729 Resp.
2208 1647 2285 1710 ad
2311 1665 2452 1728 arg.
2503 1647 2849 1712 Dicendum
2892 1648 3063 1731 quod
3105 1648 3441 1731 dupliciter

1905 1758 2000 1816 est
2059 1771 2427 1836 comparare
2487 1753 2780 1818 habitum
2833 1755 2966 1836 spei
3028 1754 3107 1819 ad
3147 1756 3439 1821 habitum

1903 1859 2227 1924 charitatis
2250 1882 2265 1923 ε
2287 1864 2401 1923 aut
2428 1859 2668 1923 ratione
2699 1860 3058 1938 habituum,
3089 1862 3443 1926 secundum

1905 1984 1973 2029 se
2014 1967 2591 2044 consideratorum;
2644 1972 2757 2031 aut
2807 1967 3051 2031 ratione
3100 1967 3442 2033 habituum

1904 2079 2418 2156 comparatorum
2477 2075 2558 2139 ad
2600 2080 2799 2139 actus.
2849 2074 2917 2138 Si
2965 2075 3307 2157 loquamur
3367 2076 3444 2140 de

1903 2179 2059 2262 ipsis
2084 2181 2408 2246 habitibus
2425 2182 2782 2246 seeundum
2806 2199 2874 2244 se
2901 2181 3330 2260 consideratis,
3355 2183 3445 2246 sic

1903 2304 2035 2351 non
2077 2289 2314 2352 habent
2353 2289 2672 2363 ordinem,
2702 2289 2808 2353 sed
2836 2289 3222 2353 simultatem
3256 2311 3272 2351 :
3305 2308 3447 2355 om-

1902 2414 2017 2459 nes
2043 2398 2216 2460 enim
2245 2397 2513 2460 virtutes
2538 2397 2838 2478 gratuitae
2865 2396 3056 2461 simul
3088 2397 3445 2462 infundun-

1902 2507 2032 2582 tur,
2058 2504 2408 2568 secundum
2433 2504 2604 2586 quod
2630 2504 2796 2566 iufra
2824 2503 3348 2569 manifestabitur.
3376 2502 3446 2569 Si

1903 2614 2119 2673 autem
2144 2612 2485 2693 loquamur
2518 2610 2594 2676 de
2622 2611 2774 2692 ipsis
2802 2610 3125 2675 habitibus
3163 2611 3234 2674 in
3271 2629 3442 2676 com-

1904 2718 2229 2800 paratione
2256 2718 2336 2780 ad
2361 2723 2573 2796 actus,
2604 2718 2695 2780 sic
2722 2736 2889 2781 unus
2923 2718 3116 2782 habet
3150 2719 3441 2784 ordinem

1901 2823 1983 2888 ad
2021 2824 2317 2905 alterum,
2349 2826 2503 2907 quia
2549 2832 2728 2889 actus
2774 2825 2969 2888 unius
3016 2829 3333 2907 praeparat
3375 2832 3441 2891 et
3497 2839 3500 2842 ·

1901 2934 2179 3016 disponit
2218 2938 2298 3000 ad
2341 2939 2556 3001 actum
2596 2937 2885 3015 alterius,
2918 2939 2981 3000 et
3023 2939 3442 3020 praeparando

1900 3048 1964 3108 et
1986 3043 2375 3126 disponendo
2393 3093 2410 3124 ,
2441 3049 2537 3110 est
2560 3049 2702 3128 ejus
2733 3045 3014 3128 quodam
3043 3048 3233 3110 modo
3260 3046 3443 3127 prin-

1900 3152 2020 3234 cipi
2031 3171 2140 3215 um
2176 3156 2242 3216 et
2278 3153 2464 3235 origo
2493 3172 2510 3217 ε
2539 3158 2603 3218 et
2647 3154 2890 3217 ratione
2928 3154 3070 3216 talis
3117 3170 3440 3235 praepara-

1900 3260 2094 3323 tionis
2143 3265 2207 3323 et
2253 3261 2559 3342 originis,
2607 3264 2702 3323 est
2743 3259 2830 3322 ihi
2879 3260 3057 3324 ordo.
3120 3259 3439 3337 Quoniam

1897 3385 2057 3448 ergo
2083 3373 2263 3430 actus
2288 3368 2420 3450 spei
2464 3371 2779 3450 praeparat
2806 3371 2869 3431 et
2895 3366 3169 3448 disponit
3209 3367 3293 3432 ad
3333 3387 3440 3432 ae-

1899 3479 2038 3540 tum
2066 3475 2389 3539 charitatis
2414 3479 2722 3557 tanquam
2747 3474 2826 3539 ad
2854 3474 3303 3556 perfectionem
3326 3523 3343 3549 ‚
3378 3482 3443 3541 et

1898 3583 2245 3667 spiritualis
2301 3582 2555 3647 aedificii
2608 3582 3180 3664 complementum,
3255 3601 3445 3647 nemo

1899 3692 2072 3754 enim
2117 3690 2325 3771 diligit
2366 3689 2608 3772 aliquid
2651 3689 2894 3752 honum
2939 3694 3197 3771 propter
3240 3686 3332 3769 se,
3381 3693 3447 3755 et

1900 3816 2094 3882 super
2120 3798 2366 3876 omnia,
2395 3797 2521 3861 nisi
2548 3800 2755 3878 speret
2778 3814 2847 3860 se
2872 3796 2952 3860 ad
2991 3795 3150 3861 iliud
3197 3797 3443 3863 bonum

1896 3906 2391 3985 perventurum,
2418 3901 2573 3964 hinc
2608 3905 2705 3964 est
2736 3898 2907 3982 quod
2950 3899 3307 3965 secundum
3334 3919 3447 3965 or·-

1898 4013 2115 4076 dinem
2156 4014 2407 4075 naturae
2455 4012 2635 4072 actus
2680 4007 2817 4089 spei
2860 4008 3172 4073 antecedit
3225 4014 3447 4075 actum

1898 4119 2221 4182 charitatis
2253 4140 2267 4179 :
2299 4122 2363 4181 et
2388 4116 2538 4180 hinc
2564 4115 2858 4197 estquod
2886 4115 3142 4179 habitus
3171 4114 3335 4197 spei,
3368 4116 3442 4181 in

1898 4226 2367 4310 comparatione
2424 4223 2506 4287 ad
2563 4223 2755 4288 talem
2820 4226 3038 4287 actum
3062 4270 3080 4299 ,
3137 4222 3443 4289 charitate

1897 4334 2072 4417 prior
2098 4336 2214 4397 est.
2244 4331 2420 4398 Unde
2442 4329 2860 4395 concedendae
2881 4334 3036 4395 sunt
3057 4330 3333 4395 rationes
3358 4330 3442 4395 ad

1899 4441 2085 4506 istam
2115 4443 2383 4524 partem.

1980 4555 2038 4614 1.
2070 4548 2166 4614 Ad
2194 4548 2353 4613 illud
2378 4565 2532 4613 vero
2557 4546 2728 4630 quod
2760 4543 3059 4627 objicitur
3082 4543 3154 4607 in
3181 4547 3436 4609 contra-

1898 4655 2072 4720 rium
2118 4673 2203 4719 ex
2246 4654 2621 4719 auctoritate
2669 4650 2998 4732 Magistri,
3043 4650 3212 4733 quod
3262 4669 3439 4733 spem

1900 4768 2133 4827 natura
2180 4761 2481 4845 praecedit
2528 4759 2800 4824 charitas
2816 4805 2834 4834 ‚
2879 4757 3218 4821 dicendum
3269 4757 3440 4839 quod

1899 4890 2043 4954 spes
2069 4871 2160 4936 ibi
2187 4869 2492 4952 accipitur
2519 4867 2623 4931 vel
2651 4883 2767 4948 pro
2793 4882 2864 4930 re
2891 4867 3161 4946 sperata,
3189 4862 3295 4929 vel
3322 4882 3441 4946 pro

1898 4977 2035 5058 ipso
2062 4979 2232 5038 statu
2255 4972 2387 5055 spei
2410 4993 2427 5049 ;
2457 4988 2590 5034 non
2615 4974 2834 5034 autem
2864 4985 2980 5050 pro
3006 4966 3265 5049 proprio
3299 4968 3443 5049 eJus

1899 5086 2046 5145 actu
2066 5128 2084 5161 ,
2131 5081 2237 5145 vel
2292 5078 2537 5142 habitu.
2587 5076 2805 5140 Posset
2849 5076 3043 5141 etiam
3106 5073 3227 5137 dici
3270 5074 3443 5156 quod

1898 5188 2057 5253 illud
2097 5187 2244 5251 dicit
2283 5184 2586 5266 Magister
2611 5182 2965 5247 secundum
2991 5199 3177 5246 suam
3204 5180 3445 5263 opinio-

1899 5316 2072 5373 nem,
2103 5315 2232 5379 qua
2268 5293 2464 5359 credit
2490 5292 2864 5357 charitalem
2905 5308 3038 5354 non
3074 5307 3210 5354 esse
3254 5289 3446 5354 habi-

1904 5413 2040 5471 tum
2085 5405 2409 5479 creatum,
2453 5401 2562 5471 sed
2604 5398 2914 5481 Spiritum
2959 5404 3284 5475 sanctum,
3328 5396 3444 5484 qui
