4185 6288
1302 492 1495 560 ms‘r.
1542 495 1622 561 11.
1665 493 1849 561 ΛΒΤ.
1897 493 1950 559 1.
1998 494 2301 574 QUAEST.
2341 497 2422 564 11.
3421 508 3502 570 3⁹

278 619 393 685 lius
416 620 528 686 Dei
552 629 940 691 assumeret
960 630 1260 693 naturam
1277 648 1486 697 suam.
1523 631 1847 715 1183111111-

287 729 558 811 digebat,
586 732 758 814 quia
783 737 961 798 totus
989 736 1208 818 lapsus
1233 738 1462 803 tuerat.
1494 738 1710 805 Minus
1740 740 1849 804 in-

289 836 513 918 dignus
537 845 686 904 erat
708 889 728 918 ,
765 841 921 923 quia
947 861 1065 924 per
1081 843 1284 909 alium
1312 853 1661 912 corruerat.
1697 845 1849 913 Plus

291 944 347 1007 ei
368 946 708 1027 proderat,
753 948 909 1030 quia
938 949 1152 1015 adhuc
1194 952 1261 1015 in
1298 952 1469 1017 malo
1495 955 1849 1020 obstinatus

294 1068 415 1114 non
438 1058 604 1117 erat.
638 1054 961 1132 Quoniam
987 1075 1148 1139 ergo
1173 1058 1393 1123 divina
1412 1059 1848 1127 misericordia

294 1158 403 1222 ista
438 1159 567 1224 tria
588 1169 820 1244 pensat
838 1165 908 1229 in
935 1165 1283 1246 beneflciis,
1313 1185 1463 1250 quae
1490 1167 1841 1252 impendit;

294 1265 437 1330 hinc
459 1274 560 1331 est
584 1273 759 1353 quod
785 1272 952 1337 Deus
969 1275 989 1310 ¹
1018 1275 1138 1356 qm·
1161 1281 1256 1341 est
1289 1275 1475 1342 dives
1495 1278 1574 1342 in
1592 1277 1848 1343 miseri-

293 1373 535 1451 cordia,
555 1384 822 1459 propter
851 1381 1131 1447 nimiam
1156 1381 1563 1462 charitatem,
1578 1400 1711 1465 qua
1737 1383 1844 1449 di-

296 1479 457 1547 lea-it
479 1499 624 1556 nos,
655 1487 867 1565 magis
894 1489 1237 1571 assumpsit
1266 1488 1623 1554 humanam
1654 1496 1847 1555 natu-

296 1607 454 1669 ram,
484 1609 683 1672 quam
713 1594 1074 1675 angelicam
1089 1643 1108 1671 ,
1141 1596 1295 1678 quia
1322 1600 1532 1680 major
1560 1600 1843 1681 reperie-

298 1696 485 1760 batur
521 1699 591 1761 in
638 1716 716 1763 ea
761 1701 1184 1782 congruentia
1241 1702 1323 1766 ad
1363 1705 1846 1788 suscipiendum

300 1808 543 1867 tantum
571 1805 959 1870 heneficium
996 1807 1234 1873 divinae
1260 1810 1743 1890 misericordiae,
1781 1817 1847 1878 et

301 1916 374 1974 ut
394 1930 508 1993 per
531 1912 690 1976 illud
731 1912 1126 1979 relevaretur
1150 1935 1192 1980 a
1218 1916 1498 1983 miseria,
1542 1919 1695 1985 Haec
1721 1939 1840 1985 au·

301 2022 428 2082 tem
452 2020 637 2099 ratio,
669 2038 819 2103 quae
845 2027 1104 2105 sumpta
1130 2029 1225 2088 est
1248 2025 1332 2088 ab
1352 2025 1625 2090 humani
1651 2045 1845 2108 gene·

304 2125 391 2188 ris
410 2128 802 2209 reparatione
823 2176 844 2208 ‚
868 2130 1185 2195 efficacior
1203 2136 1268 2195 et
1285 2132 1697 2216 principalior
1723 2140 1840 2215 est,

308 2253 491 2317 quam
499 2239 862 2320 praeoedens
878 2261 897 2318 ;
920 2241 1099 2322 quia,
1113 2241 1277 2307 sicut
1291 2262 1488 2327 supra
1510 2249 1840 2311 ostensum

309 2343 459 2425 fuit,
505 2348 832 2430 praeeipua
861 2348 1029 2412 ratio
1056 2348 1511 2416 incarnationis
1548 2352 1671 2417 ruit
1712 2354 1843 2419 hu-

316 2454 473 2517 mani
493 2455 745 2535 generis
766 2456 1110 2537 reparatio.

388 2566 441 2623 l.
466 2561 561 2625 Ad
599 2561 759 2626 illud
794 2580 958 2644 ergo
997 2564 1171 2645 quod
1212 2565 1421 2646 primo
1465 2569 1837 2650 opponitur,

320 2667 467 2747 quod
491 2670 760 2750 angelus
784 2671 1034 2735 ratione
1049 2670 1519 2754 spiritualitatis
1536 2674 1680 2757 plus
1693 2694 1842 2741 con-

322 2774 472 2838 venit
484 2795 628 2840 cum
649 2777 800 2853 Deo,
819 2796 1019 2860 quam
1037 2777 1257 2854 homo,
1283 2779 1626 2846 dicendum
1637 2783 1835 2865 quod,

322 2882 420 2945 etsi
455 2883 591 2965 plus
636 2884 984 2948 conveniat
1029 2884 1346 2951 intensive
1367 2935 1387 2965 ,
1425 2906 1552 2953 non
1623 2892 1837 2955 tamen

329 2989 449 3070 plus
471 2991 793 3055 extensive
825 3010 841 3051 :
872 2991 1070 3057 homo
1092 2992 1267 3056 enim
1292 2995 1593 3060 convenit
1622 2995 1689 3059 in
1717 2998 1840 3080 spi·

327 3098 627 3165 ritualitate
660 3100 909 3165 ratione
955 3101 1191 3165 animae
1211 3150 1230 3181 ,
1262 3104 1327 3166 et
1368 3119 1604 3185 corpus
1641 3122 1837 3188 supe-

323 3206 608 3272 radditum
629 3208 781 3272 facit
796 3208 878 3273 ad
902 3208 1363 3273 conformitatis
1373 3210 1829 3293 majoritatem:

326 3318 377 3375 et
410 3314 490 3378 sic
529 3320 800 3398 utroque
816 3364 836 3395 ,
867 3315 1159 3380 videlicet
1193 3315 1425 3399 spiritu
1451 3321 1518 3381 et
1540 3336 1829 3401 corpore,

328 3422 502 3502 major
522 3424 601 3486 sit
626 3423 1107 3505 repraesentatio
1134 3423 1637 3506 exemplar-itatis
1662 3424 1834 3489 divi-

326 3546 429 3593 nae.
460 3529 765 3596 Praeterea
799 3531 1127 3614 praecipua
1152 3531 1319 3595 ratio
1354 3534 1829 3615 congruentiae,

324 3644 579 3720 respectu
616 3638 880 3703 unionis
903 3686 921 3715 ,
964 3655 1100 3702 non
1143 3638 1492 3703 attenditur
1540 3646 1832 3724 respectu

326 3746 551 3827 majoris
588 3745 1038 3827 congruentiae
1089 3744 1159 3808 in
1213 3745 1686 3829 spiritualitate,
1723 3749 1832 3813 sed

323 3852 505 3930 potius
540 3856 802 3937 majoris
847 3852 1208 3917 idoneitatis
1241 3854 1324 3917 ad
1352 3854 1830 3938 suscipiendum

322 3957 673 4024 heneficium
695 3960 939 4025 divinae
964 3960 1443 4027 misericordiae.

380 4071 438 4129 Ξ.
462 4067 553 4130 Ad
579 4067 738 4131 illud
769 4067 943 4150 quod
970 4068 1318 4149 opponitur
1348 4067 1427 4131 de
1451 4068 1831 4135 exaltatione

314 4178 537 4256 naturae
561 4177 932 4256 assumptae,
961 4171 1303 4237 dicendum
1331 4175 1529 4257 quod,
1561 4176 1677 4239 etsi
1711 4196 1830 4241 an-

309 4280 478 4361 gelus
528 4280 712 4346 altior
753 4280 839 4343 sit
890 4285 1157 4357 natura,
1198 4299 1398 4362 quam
1438 4281 1672 4362 homo;
1715 4303 1830 4367 per

306 4388 563 4469 gratiam
589 4393 809 4452 tamen
844 4387 1105 4452 unionis
1138 4388 1347 4470 magis
1372 4389 1587 4454 decuit
1609 4390 1828 4455 homi-

302 4512 439 4559 nem
458 4544 477 4575 ,
503 4513 701 4579 quam
745 4495 1056 4577 angelum
1082 4494 1371 4575 exaltari,
1402 4501 1467 4561 et
1490 4498 1573 4562 ad
1597 4499 1830 4564 confu-

300 4602 542 4668 tandam
575 4602 945 4686 superbiam
978 4601 1252 4667 Luciferi
1267 4650 1287 4682 ‚
1317 4603 1435 4685 qui
1468 4603 1599 4670 Deo
1624 4606 1832 4672 voluit

296 4709 559 4792 equari,
585 4714 649 4776 et
676 4709 758 4774 ad
786 4708 1360 4774 commendandam
1387 4710 1665 4793 gratiam
1691 4710 1823 4792 Dei,

294 4822 367 4883 ut
398 4822 692 4902 appareat
737 4817 912 4901 quod
949 4816 1319 4882 sublimatio
1347 4816 1418 4881 in
1452 4816 1663 4898 gloria
1696 4836 1825 4883 uon

291 4927 371 4992 sit
392 4944 476 4990 ex
500 4930 764 5005 natura,
818 4925 932 4990 sed
967 4924 1183 5008 potius
1226 4944 1310 4990 ex
1349 4926 1561 5008 gratia
1585 4926 1825 4993 divina.

288 5033 366 5110 Et
385 5032 527 5097 haec
540 5037 633 5098 est
656 5032 833 5098 enim
850 5033 1042 5112 ratic),
1064 5050 1264 5115 quare
1290 5032 1599 5099 Dominus
1612 5038 1829 5102 noster

284 5140 465 5210 Iesus
500 5140 775 5208 Christus
812 5141 1034 5224 magis
1084 5140 1280 5224 elegit
1304 5148 1329 5184 ¹
1370 5158 1686 5225 pauperes
1708 5190 1730 5224 ,
1764 5150 1828 5211 et

344 5269 361 5305 ¹
382 5266 589 5333 Ephes„
610 5280 665 5330 11,
695 5270 806 5319 4.-
824 5268 889 5319 ¹1
923 5268 1067 5330 Gor„
1095 5279 1133 5331 1,
1157 5268 1486 5320 26·29.—⁸1
1520 5267 1662 5333 Tim„
1683 5280 1721 5333 1,
1748 5271 1827 5320 17.

1957 632 2266 714 iqnobiles
2285 684 2303 713 ,
2353 653 2551 718 quam
2590 642 2880 719 potentes
2902 686 2920 715 ,
2974 642 3046 703 ut
3080 637 3501 718 confunderet

1955 731 2118 811 alta,
2157 738 2222 796 et
2262 733 2501 815 tortia,
2528 740 2593 799 et
2625 750 2758 802 non
2796 734 3179 818 olor-iuretur
3208 737 3285 801 in
3325 751 3502 805 cons·

1953 845 2138 919 vectu
2165 837 2303 920 qius
2338 843 2547 906 onmis
2579 848 2877 908 creatura
2901 863 2924 903 .-
2949 842 3105 924 quia
3125 843 3149 879 ⁸
3180 844 3340 926 Περί
3372 858 3501 910 soe-

1954 944 2241 1012 culorum
2276 947 2629 1015 immortali
2655 956 2718 1016 et
2742 950 3069 1018 invisibili
3092 950 3216 1029 soli
3245 952 3369 1019 Deo
3395 952 3503 1018 de·

1955 1053 2063 1117 bet
2088 1071 2226 1118 esse
2251 1054 2476 1134 honor,
2504 1062 2565 1122 et
2585 1055 2817 1139 aloria.

2036 1164 2097 1225 3.
2129 1161 2225 1225 Ad
2255 1161 2410 1227 illud
2441 1164 2613 1245 quod
2637 1164 3006 1247 opponitur,
3029 1165 3204 1248 quod
3227 1166 3501 1247 angelus

1955 1268 2164 1350 magis
2203 1268 2532 1350 indigebat
2565 1320 2586 1351 ,
2627 1291 2827 1356 quam
2864 1272 3061 1337 bomo
3086 1320 3105 1352 ‚
3157 1271 3500 1339 dicendum

1953 1377 2128 1457 quod
2173 1377 2408 1443 salsum
2444 1385 2577 1445 aet:
2603 1380 2801 1445 homo
2827 1380 3004 1445 enim
3030 1381 3304 1445 totaliter
3339 1381 3500 1447 indi·

1953 1485 2181 1566 gebat,
2220 1487 2376 1569 quia
2403 1488 2676 1552 totaliter
2706 1486 2926 1570 lapsus
2951 1488 3197 1567 suerat3
3226 1489 3500 1570 angelus

1953 1611 2110 1658 vero
2135 1611 2288 1659 nou.
2321 1594 2399 1661 Et
2424 1595 2476 1659 si
2502 1596 2766 1678 objicias
2786 1595 2960 1678 quod
2986 1596 3261 1678 angelus
3283 1596 3500 1679 lapsus

1953 1701 2164 1783 magis
2191 1702 2539 1784 indigebat,
2568 1721 2767 1785 quam
2790 1703 2987 1769 homo
3015 1703 3254 1787 lapsus,
3287 1703 3500 1769 dicen·

1952 1808 2108 1873 dum
2144 1810 2315 1893 quod
2348 1811 2466 1875 etsi
2506 1811 2717 1892 magis
2758 1811 3118 1893 indigebat,
3151 1812 3369 1877 minus
3394 1816 3496 1877 ta-

1952 1934 2101 1981 men
2129 1917 2372 1999 dignus
2395 1923 2554 1997 erat,
2579 1919 2887 2001 quoniam
2912 1937 2996 1983 ex
3027 1920 3256 2002 majori
3280 1937 3500 2003 super·

1951 2024 2058 2089 hia
2078 2032 2471 2106 peccaverat.
2491 2025 2669 2091 Unde
2683 2024 3064 2106 Bernardus,
3087 2027 3162 2092 in
3183 2027 3455 2094 Cantica
3471 2048 3497 2092 .·

1959 2132 2157 2208 «Quis
2183 2136 2314 2195 tam
2343 2132 2585 2213 indiget
2599 2133 3052 2212 misericordia,
3070 2133 3237 2198 sicut
3251 2135 3446 2199 miser
3467 2139 3495 2199 t

1948 2244 2013 2303 et
2035 2239 2186 2321 quis
2207 2242 2341 2303 tam
2370 2240 2679 2321 indignus
2713 2245 2811 2305 est
2836 2241 3301 2321 misericordia,
3333 2243 3499 2308 sicut

1950 2346 2145 2412 miser
2171 2347 2530 2428 superbus?
2547 2368 2579 2406 ι
2609 2346 2947 2427 Praeterea,
2977 2348 3117 2431 ipsa
3143 2350 3497 2433 assumptio

1948 2453 2519 2534 angelicaenaturae
2543 2455 2777 2536 angelo
2795 2454 2974 2537 lapso
2992 2472 3123 2519 non
3147 2456 3492 2538 prodesset,

1947 2560 2106 2642 quia
2130 2578 2281 2625 cum
2310 2561 2607 2626 obstinati
2634 2561 2761 2625 sint
2782 2560 3229 2626 universaliter
3252 2561 3323 2626 in
3346 2580 3491 2627 ma-

1946 2667 2122 2748 litia,
2154 2687 2290 2734 non
2324 2668 2878 2734 inflammarentur
2913 2668 2994 2733 ad
3037 2668 3490 2751 humilitatem,

1949 2794 2065 2840 nec
2103 2776 2185 2841 ad
2222 2776 2598 2841 charitatem
2619 2824 2637 2856 ,
2668 2794 2782 2858 per
2824 2775 3289 2842 exhibitionem
3333 2779 3494 2844 tanti

1947 2883 2236 2949 beneficii
2263 2890 2326 2949 et
2351 2884 2649 2968 exempli.
2680 2883 2759 2950 Et
2786 2882 2947 2949 illud
2977 2882 3272 2950 videmus
3301 2884 3492 2952 hodie

1947 2991 2016 3056 in
2038 2990 2258 3055 multis
2283 2991 2741 3074 peccatoribus,
2760 2991 3000 3074 quibus
3029 2995 3288 3075 propter
3304 3011 3491 3056 suam

1946 3099 2425 3181 perversitatem
2451 3098 2636 3166 valde
2661 3116 2895 3183 parum
2924 3098 3181 3192 prodest
3202 3099 3492 3168 incarna-

1943 3209 2033 3273 tio
2060 3206 2314 3273 Christi.

2022 3319 2086 3382 4.
2118 3316 2217 3382 Ad
2243 3316 2401 3381 illud
2431 3316 2606 3399 quod
2635 3315 3006 3399 opponitur,
3048 3316 3223 3398 quod
3244 3334 3489 3399 praeva-

1941 3423 2166 3488 ricatio
2212 3423 2485 3505 sumpsit
2524 3422 2863 3487 exordium
2906 3422 2990 3486 81)
3031 3423 3299 3504 angelo,
3328 3442 3487 3506 ergo

1943 3534 2007 3594 et
2031 3530 2346 3613 reparatio
2373 3530 2664 3594 similiter
2689 3530 2875 3594 debet
2896 3530 2980 3594 81)
3004 3529 3115 3594 illo
3151 3529 3483 3609 inchoare;

1942 3638 2284 3704 dicendum
2326 3638 2502 3722 quod
2552 3639 2998 3721 praevaricatio
3041 3639 3298 3720 generis
3350 3639 3487 3706 hu-

1944 3747 2118 3809 mani
2137 3746 2410 3829 sumpsit
2435 3745 2774 3809 exordium
2789 3763 2830 3809 a
2846 3744 3139 3810 daemone
3162 3749 3226 3809 et
3252 3746 3334 3811 ab
3361 3747 3486 3812 ho-

1944 3854 2154 3931 mine;
2192 3853 2301 3917 sed
2342 3852 2425 3916 ab
2455 3851 2720 3917 homine
2752 3857 3059 3935 tanquam
3086 3872 3127 3916 a
3148 3852 3483 3937 principali

1942 3966 2200 4024 auctore
2221 4007 2239 4036 ,
2269 3978 2309 4023 a
2350 3959 2644 4023 daemone
2687 3959 2851 4022 sicut
2888 3977 2928 4022 a
2964 3965 3344 4041 suggestore
3373 3978 3392 4024 :
3421 3965 3487 4025 et

1940 4067 2250 4150 quoniam
2279 4065 2563 4132 Christus
2588 4072 2810 4130 auctor
2841 4070 2939 4130 est
2970 4069 3207 4156 nostrie
3233 4066 3487 4132 redem-

1941 4176 2213 4260 ptionis,
2256 4176 2401 4240 ideo
2446 4174 2657 4256 magis
2693 4174 2882 4239 debet
2919 4176 3234 4258 reparatio
3266 4176 3486 4241 incho-

1940 4283 2038 4347 ari
2065 4282 2150 4346 81)
2174 4282 2458 4360 homine,
2487 4299 2688 4365 quam
2705 4282 2787 4345 ab
2813 4283 3068 4364 angelo,
3099 4283 3288 4347 ut‘sic
3310 4302 3483 4366 repa-

1939 4390 2103 4454 ratio
2142 4388 2431 4453 inchoari
2467 4387 2551 4451 81)
2580 4387 2873 4467 homine,
2900 4406 3100 4469 quam
3121 4389 3203 4453 ab
3225 4390 3480 4470 ange10,

1938 4498 2171 4564 directe
2229 4497 2606 4580 respondeat
2648 4497 2877 4578 lapsui.
2937 4496 3017 4560 Et
3065 4496 3481 4578 quemadmo-

1938 4608 2099 4672 dum
2139 4604 2429 4670 diabolus
2475 4603 2544 4668 in
2591 4603 2778 4686 lapsu
2829 4603 3075 4686 decepit
3109 4601 3312 4667 Evam
3329 4653 3348 4683 ,
3392 4603 3483 4667 sic

1937 4715 2008 4780 in
2060 4712 2461 4796 reparatione
2517 4709 2766 4775 Gabriel
2825 4710 3133 4774 instruxit
3187 4708 3479 4776 Mariam.

1938 4822 2017 4889 Et
2041 4818 2585 4905 quemadmodum
2611 4819 2681 4883 in
2708 4817 2916 4901 primo
2951 4816 3157 4882 Adam
3188 4818 3353 4883 facta
3387 4822 3486 4884 est

1939 4935 2175 4998 nostrae
2230 4927 2773 5012 praevaricationis
2822 4926 3290 4991 consummatio
3319 4974 3336 5005 ,
3391 4929 3484 4991 sic

1939 5059 2053 5125 per
2077 5035 2313 5104 secund
2322 5055 2432 5099 um
2454 5035 2660 5100 Adam
2688 5035 2852 5099 facta
2870 5038 2965 5098 est
2985 5037 3219 5099 nostrae
3234 5035 3484 5109 redem-

1939 5145 2176 5233 ptionis
2206 5142 2505 5227 perfectio
2529 5162 2546 5208 ε
2571 5140 2744 5208 etsie
2762 5144 2934 5225 patet
2953 5141 3278 5227 responsio
3301 5141 3382 5210 ad
3403 5160 3482 5209 ea

1940 5271 2089 5338 quae
2113 5250 2528 5335 objiciuntur.
