4185 6288
1259 449 1454 517 nls'r.
1501 450 1715 517 XXVI.
1766 454 1947 521 ΛΒΤ.
1999 454 2047 520 1.
2088 455 2394 537 QUAEST.
2441 458 2488 522 1.

363 589 424 650 2.
455 586 555 652 Ad
580 585 740 652 illud
766 588 940 669 quod
977 588 1272 671 objicitur
1295 637 1312 667 ‚
1342 588 1512 671 quod
1555 588 1719 653 sicut
1751 607 1819 655 se

279 695 468 760 habet
495 696 845 778 expectatio
870 695 949 760 ad
979 697 1225 776 sutura,
1257 696 1347 759 sic
1373 696 1818 762 rememoratio

275 802 356 868 ad
384 803 722 885 praeterita,
751 804 1088 869 dicendum
1113 804 1281 887 quod
1305 822 1435 868 non
1462 810 1556 868 est
1578 823 1819 886 usque-

276 928 531 992 quaque
559 910 764 996 simile
795 911 871 977 de
897 912 1426 976 rememoratione
1457 913 1816 994 praeterito-

274 1036 446 1097 rum,
465 1025 526 1081 et
549 1017 627 1082 de
640 1019 1069 1101 expectatione
1087 1020 1474 1083 futurorum.
1494 1019 1634 1084 Non
1647 1019 1819 1084 enirn

275 1126 365 1190 sic
391 1127 676 1191 consistit
708 1128 1109 1206 rectificati0‚
1151 1129 1250 1193 vel
1284 1129 1633 1211 obliquatio
1673 1130 1819 1194 ani-

275 1253 402 1299 mae
439 1223 869 1318 principaliter
910 1237 1075 1300 circa
1117 1255 1190 1299 ea
1230 1256 1378 1319 quae
1403 1243 1554 1301 sunt
1583 1245 1819 1321 praete-

273 1343 417 1421 rita,
449 1343 612 1406 sicut
639 1342 803 1406 circa
830 1360 906 1405 ea
931 1360 1078 1424 quae
1104 1348 1253 1406 sunt
1278 1346 1496 1409 futura
1518 1396 1533 1424 ,
1567 1347 1691 1409 nisi
1741 1366 1819 1411 ex

275 1440 709 1533 consequenti.
742 1450 959 1514 Virtus
991 1452 1165 1515 enim
1207 1453 1459 1535 proprie
1482 1453 1691 1533 magis
1714 1472 1821 1518 or-

276 1559 454 1624 dinat
497 1559 577 1622 ad
604 1558 761 1623 illud
788 1559 959 1640 quod
992 1561 1315 1640 agendum
1356 1566 1484 1640 est,
1517 1580 1711 1645 quam
1738 1562 1819 1626 ad

273 1667 428 1732 illud
457 1667 626 1749 quod
650 1671 866 1729 actum
890 1671 1005 1731 est.
1046 1668 1187 1731 Alia
1214 1669 1661 1734 dissimilitudo
1688 1675 1814 1751 est,

274 1775 426 1857 quia
444 1774 902 1838 rememoratio
924 1776 1179 1858 respicit
1204 1782 1419 1841 actum
1448 1779 1814 1858 cognitivae,

276 1881 627 1964 expectatio
653 1886 869 1944 autem
915 1886 1161 1946 motum
1209 1884 1517 1948 affectivae
1557 1906 1573 1947 t
1624 1887 1817 1949 recti-

272 1991 430 2056 tudo
451 1995 666 2053 autem
695 1990 951 2054 virtutis
977 2009 1108 2054 non
1134 1991 1224 2054 sic
1259 1991 1606 2055 attenditur
1628 2010 1820 2074 penes

273 2119 350 2164 ea
375 2117 522 2181 quae
553 2103 703 2161 sunt
733 2099 1136 2178 cognitioniS,
1163 2099 1325 2162 sicut
1350 2117 1543 2180 penes
1570 2116 1646 2162 ea
1672 2116 1819 2181 quae

271 2210 423 2270 sunt
450 2205 820 2269 affectionis
853 2207 1029 2271 Unde
1057 2207 1249 2269 etiam
1278 2207 1816 2285 rememorationi‚

273 2313 624 2377 secundum
650 2313 823 2394 quod
840 2314 1146 2394 jungitur
1171 2315 1506 2388 affectioni,
1542 2314 1823 2377 annecti-

272 2426 381 2485 tur
425 2425 604 2484 actus
645 2419 923 2498 virtutis,
950 2423 1025 2482 ut
1054 2420 1407 2502 prudentiae
1432 2470 1450 2500 ,
1482 2421 1583 2484 vel
1613 2421 1817 2502 poeni-

274 2529 514 2607 tentiae,
546 2527 646 2590 vel
673 2526 1014 2605 eharitatiS,
1046 2527 1180 2591 sive
1208 2529 1687 2607 benevolentias,
1718 2547 1816 2592 se-

272 2637 559 2702 cundum
585 2634 756 2718 quod
780 2634 1149 2697 recordatur
1194 2636 1659 2716 praeteritorum
1690 2635 1820 2697 fac-

273 2752 490 2812 torum
512 2792 528 2822 ,
560 2747 637 2808 111
680 2743 897 2806 futura
937 2741 1165 2805 melius
1188 2748 1367 2823 agan
1401 2743 1506 2806 vel
1534 2742 1821 2825 praeteri-

272 2859 489 2918 torum
519 2851 861 2926 malorum,
876 2853 947 2912 ut
973 2847 1179 2914 doleat
1195 2871 1211 2927 ;
1229 2848 1326 2911 vel
1350 2851 1821 2933 praeteritorum

275 2960 757 3033 beneficiorum,
790 2963 862 3020 ut
889 2958 1126 3038 gratias
1154 2961 1325 3036 agat.

375 3074 433 3132 3.
476 3067 570 3129 Ad
622 3065 778 3129 illud
822 3065 991 3148 quod
1036 3064 1369 3147 objicitur,
1418 3064 1586 3147 quod
1633 3064 1825 3127 timor

277 3197 407 3242 non
436 3182 528 3241 est
555 3177 626 3239 in
651 3194 888 3257 genere
915 3174 1168 3238 virtutis
1196 3176 1388 3238 etiam
1412 3175 1477 3236 in
1506 3178 1821 3254 quantum

279 3286 555 3357 habitus.
583 3302 740 3365 ergo
766 3302 884 3347 nec
918 3301 1090 3365 speS,
1116 3283 1456 3346 dicendum
1482 3282 1651 3364 quod
1692 3299 1824 3343 non

272 3400 370 3459 est
397 3393 626 3471 simile,
654 3391 807 3473 quia
834 3390 1081 3453 affectio
1108 3391 1305 3472 ipsius
1326 3368 1570 3453 timoris
1596 3387 1826 3451 consis-

272 3496 347 3560 tit
371 3497 437 3559 in
476 3494 754 3578 quadam
799 3493 1142 3557 resilitione
1164 3541 1184 3571 ‚
1234 3494 1340 3557 sed
1388 3493 1636 3556 affectio
1688 3490 1823 3572 spei

267 3604 552 3668 consistit
578 3603 643 3665 in
670 3603 948 3684 quadam
974 3602 1377 3683 protensione
1409 3624 1424 3664 ε
1464 3606 1526 3665 01
1554 3601 1692 3664 ideo
1718 3600 1813 3663 af-

266 3686 453 3776 factio
479 3710 731 3774 timoris
756 3708 901 3791 plus
926 3709 1118 3772 habet
1138 3710 1213 3772 de
1240 3709 1553 3790 passione,
1572 3707 1823 3771 affectio

268 3838 424 3884 vero
450 3819 581 3901 spei
610 3818 753 3900 plus
778 3817 970 3880 habet
996 3817 1074 3880 de
1100 3816 1366 3879 actione.
1399 3816 1478 3879 Et
1516 3815 1822 3896 quoniam

270 3927 530 3992 habitus
553 3924 872 3988 virtutum
911 3922 1201 4002 dirigunt
1228 3923 1510 3985 animam
1538 3922 1605 3984 in
1660 3921 1821 3984 acti-

269 4034 391 4098 bus
406 4025 487 4096 'in
513 4032 742 4113 quibus
771 4030 1052 4092 consistit
1084 4029 1391 4093 rectitudo
1422 4029 1572 4092 vitae
1590 4077 1606 4105 ,
1631 4031 1819 4111 juxta

269 4141 430 4205 illud
456 4140 625 4221 quod
654 4137 908 4214 dicitur,
926 4137 1094 4217 quod
1125 4137 1330 4199 virtus
1355 4140 1450 4199 est
1472 4136 1641 4198 bona
1668 4154 1823 4217 qua·

269 4250 415 4314 litas
462 4246 693 4311 mentis
713 4293 735 4325 ,
782 4263 912 4326 qua
973 4247 1140 4308 recte
1190 4244 1475 4307 vivitur:
1527 4244 1675 4307 hinc
1729 4246 1823 4305 est

268 4354 441 4439 quod
470 4371 611 4435 spes
636 4352 847 4433 magis
874 4351 1049 4414 estin
1062 4367 1301 4429 genere
1320 4349 1595 4424 virtutis,
1622 4366 1819 4431 quam

268 4465 483 4528 timor.
516 4460 593 4525 Et
623 4478 706 4523 ex
734 4458 855 4522 hac
895 4458 1115 4521 eadem
1155 4476 1347 4521 causa
1369 4504 1386 4533 ,
1418 4460 1588 4539 patet
1621 4475 1820 4538 quare

265 4571 481 4652 magis
504 4570 670 4632 circa
694 4566 1094 4631 affectionem
1137 4565 1272 4646 spei
1306 4565 1587 4628 consistit
1641 4563 1821 4626 habi-

267 4684 371 4742 tus
412 4674 670 4740 virtutis
694 4721 712 4751 ‚
761 4691 958 4754 quam
1000 4673 1165 4735 cirea
1215 4671 1493 4752 aliquam
1545 4669 1819 4733 aliarum

267 4784 467 4850 trium
495 4782 930 4847 affectionum.
962 4778 1277 4843 Gaudium
1305 4779 1479 4841 enim
1517 4781 1579 4840 et
1604 4776 1815 4856 dolor,

269 4893 425 4977 quia
467 4891 708 4955 habent
733 4889 979 4971 objecta
1021 4887 1141 4951 sibi
1192 4887 1529 4967 conjuncta
1551 4933 1568 4961 ,
1610 4883 1821 4964 magis

272 5000 520 5064 suntin
544 4996 938 5065 sustinendo.
970 4994 1237 5060 Affectio
1280 5010 1435 5057 vero
1476 4991 1610 5074 spei
1655 4991 1821 5054 inter

276 5113 535 5171 caeteras
553 5110 647 5168 est
669 5121 816 5185 quae
837 5103 979 5184 plus
1000 5103 1195 5166 habet
1211 5101 1289 5165 de
1300 5100 1544 5179 ratione
1561 5098 1817 5180 agendi,

276 5217 341 5278 et
364 5230 511 5297 quae
541 5210 751 5291 magis
770 5210 918 5271 dicit
942 5213 1189 5272 motum
1217 5208 1297 5271 ab
1324 5207 1579 5270 anima:
1604 5222 1824 5287 quam-

277 5321 377 5386 vis
404 5327 467 5385 et
492 5321 631 5404 ipsa
657 5316 1012 5382 secuudum
1053 5316 1290 5398 aliquid
1318 5315 1420 5380 sui
1466 5315 1631 5379 dicat
1678 5331 1827 5394 pas-

345 5463 413 5523 (a)
435 5463 555 5511 (ἰαί.
575 5459 699 5510 edit.
730 5458 828 5508 hic.
853 5480 913 5496 --
943 5456 1012 5520 (b)
1041 5458 1264 5519 Spectat.

3357 467 3474 528 569

1925 591 2170 658 sionem
2219 594 2388 658 circa
2434 593 2718 660 animam
2738 644 2755 671 ,
2799 600 2863 660 et
2906 596 3259 661 secundum
3316 597 3474 661 illud

1927 719 2059 764 non
2089 702 2282 766 habet
2308 703 2473 766 circa
2500 721 2644 766 eam
2672 703 3008 767 consistere
3046 703 3304 767 habitus
3339 705 3476 781 vir-

1928 808 2105 886 tutis,
2140 809 2251 872 sed
2280 810 2492 888 magis
2519 809 2870 873 secundum
2894 811 3064 892 quod
3102 811 3251 875 dicit
3277 812 3469 876 ratio-

1930 933 2082 977 nem
2117 920 2327 979 motus
2356 920 2420 979 et
2443 917 2870 998 protensionis
2904 917 3105 1000 ipsius
3137 918 3372 982 animae
3406 918 3475 984 in

1931 1022 2135 1104 ipsam
2166 1040 2303 1084 rem
2330 1027 2668 1104 speratam.

2011 1133 2072 1191 4.
2107 1129 2203 1191 Ad
2231 1130 2382 1191 illud
2413 1130 2582 1212 quod
2612 1129 2957 1212 opponitur
2981 1177 2997 1204 ,
3046 1131 3215 1212 quod
3244 1147 3474 1212 expec-

1932 1237 2066 1298 tare
2095 1236 2337 1299 bonum
2368 1255 2497 1300 non
2524 1241 2621 1300 est
2649 1236 2919 1315 difficile,
2938 1226 3278 1302 dicendum
3306 1240 3475 1320 quod

1932 1341 2097 1405 sicut
2121 1343 2376 1406 credere
2400 1344 2570 1425 quod
2595 1345 2850 1408 videtur
2869 1392 2888 1422 ,
2920 1362 3049 1408 non
3089 1346 3281 1409 hahet
3307 1346 3475 1410 diffl-

1932 1450 2233 1514 cultatem
2260 1500 2277 1529 ,
2327 1451 2579 1515 credere
2627 1456 2840 1514 tamen
2889 1452 3253 1517 firmissime
3305 1456 3477 1534 qnod

1933 1576 2061 1620 non
2091 1558 2376 1637 videtur,
2407 1561 2596 1624 habet
2644 1578 2948 1641 magnam
2993 1560 3472 1642 difficultatem3

1933 1664 2023 1727 sic
2052 1665 2538 1747 intelligendum
2566 1670 2681 1744 est,
2713 1667 2884 1748 quod
2908 1668 3206 1747 quamvis
3222 1686 3478 1750 sperare

1928 1773 2098 1837 bona
2127 1761 2673 1857 praesentia,'quae
2717 1775 2933 1856 aliquo
2960 1774 3150 1837 modo
3178 1775 3479 1840 videntur

1929 1881 1997 1944 in
2026 1900 2116 1957 se,
2154 1881 2255 1945 vel
2283 1883 2349 1946 in
2375 1901 2493 1946 suo
2519 1883 2733 1960 simili,
2765 1902 2896 1946 non
2924 1889 3019 1946 est
3047 1882 3326 1948 multum
3352 1885 3477 1949 dir-

1926 1988 2113 2067 ficile,
2144 1990 2313 2053 hona
2351 1995 2562 2055 tamen
2587 1992 2932 2055 invisibilia
2955 1997 3018 2056 et
3043 1997 3306 2071 aeterna,
3328 2012 3477 2076 quae

1926 2095 2149 2159 oculus
2168 2117 2299 2160 11011
2323 2097 2509 2175 vidit,
2539 2103 2870 2181 expectare
2897 2104 3065 2163 certa
3109 2099 3341 2163 fiducia
3363 2149 3379 2176 ,
3415 2105 3478 2165 et

1926 2220 2044 2285 pro
2073 2203 2196 2267 illis
2223 2206 2594 2286 temporalia
2623 2207 2791 2269 bona
2817 2211 3253 2287 contemnere,
3285 2209 3476 2272 ethis

1927 2312 2257 2387 omnibus,
2290 2331 2437 2394 quae
2478 2313 2799 2392 videntur,
2832 2316 3212 2396 superferri,
3244 2316 3363 2380 hoc
3391 2319 3472 2396 (a)

1930 2438 2236 2501 magnam
2289 2420 2481 2485 habet
2533 2421 2965 2486 difficultatem
2990 2471 3007 2502 ,
3065 2429 3129 2486 01
3175 2441 3477 2504 magnam

1926 2528 2325 2608 dignitatem.
2355 2527 2432 2591 Et
2459 2528 2602 2592 ideo
2633 2529 3064 2593 indubitanter
3091 2549 3318 2594 verum
3347 2534 3473 2608 est,

1927 2654 2107 2718 spem
2135 2656 2270 2700 esse
2299 2637 2365 2699 in
2397 2655 2633 2717 genere
2661 2637 2913 2701 virtutis
2935 2639 3258 2719 gratuitae.

2010 2748 2070 2807 5.
2105 2743 2198 2807 Ad
2237 2744 2392 2807 illud
2436 2745 2605 2824 quod
2655 2745 2955 2825 oincitur
3005 2746 3272 2824 ultim0,
3305 2745 3474 2827 quod

1928 2869 2071 2933 spes
2099 2853 2164 2913 in
2192 2871 2308 2913 suo
2332 2855 2477 2915 actu
2496 2852 2757 2933 impedit
2773 2852 2981 2916 meriti
3001 2853 3472 2934 perfectionem,

1927 2958 2268 3022 dicendum
2319 2959 2488 3041 quod
2538 2959 2772 3023 falsum
2819 2964 2912 3023 est
2943 2983 2959 3038 ;
2996 2961 3163 3038 imo,
3194 2962 3359 3025 sicut
3379 2961 3475 3025 di-

1929 3065 2014 3128 cit
2045 3065 2410 3147 ApostoluS,
2442 3069 2774 3148 consurgit
2801 3085 2884 3131 ex
2913 3122 2922 3134 .
2932 3067 3312 3149 perfectione
3341 3087 3478 3133 me·

1931 3173 2036 3236 riti
2065 3195 2080 3236 1
2111 3178 2348 3254 quanto
2374 3174 2547 3237 enim
2575 3174 2807 3256 aliquis
2850 3178 3097 3256 majora
3123 3179 3188 3240 et
3215 3176 3479 3242 meliora

1929 3280 2122 3344 habet
2147 3282 2394 3355 merita,
2425 3286 2601 3345 tanto
2630 3283 2884 3345 firmius
2907 3287 2969 3346 et
2994 3283 3227 3347 certius
3244 3291 3472 3366 sperat.

1932 3387 2006 3450 Et
2031 3388 2086 3448 si
2117 3388 2473 3467 objiciatur,
2502 3389 2673 3469 quod
2693 3388 2963 3453 charitas
2977 3390 3316 3470 praemium
3342 3410 3478 3456 uon

1932 3497 2238 3576 intuetur,
2308 3498 2646 3561 dicendum
2717 3497 2889 3578 quod
2956 3497 3110 3561 illud
3170 3497 3476 3578 intelligi-

1933 3610 2037 3668 tur
2105 3606 2182 3668 de
2252 3605 2514 3686 praemio
2574 3608 2782 3667 creato
2816 3626 2832 3680 ;
2897 3604 2975 3668 de
3043 3604 3308 3685 praemio
3359 3622 3476 3668 au-

1932 3716 2061 3776 tem
2113 3713 2388 3776 increato
2443 3730 2573 3775 non
2649 3710 2841 3773 habet
2888 3711 3226 3775 veritatem
3252 3760 3268 3787 ,
3326 3712 3478 3794 quia

1934 3822 2215 3885 maxima
2266 3820 2538 3884 charitas
2601 3819 2882 3884 maxime
2951 3820 3260 3885 desiderat
3307 3821 3478 3885 uniri

1932 3929 2077 4007 De0,
2111 3936 2171 3992 et
2196 3929 2430 3992 habere
2471 3928 2694 3992 Deum.
2739 3927 2896 4010 Spes
2941 3933 3160 3992 autem
3207 3930 3480 4010 perfecta

1930 4037 2143 4117 magis
2171 4037 2393 4117 aspicit
2423 4036 2778 4101 mercedem
2807 4036 3190 4113 increatam,
3232 4036 3311 4100 de
3352 4054 3481 4118 qua

1928 4143 2404 4208 dixitDominus
2416 4142 2757 4209 Abrahae12
2782 4143 2905 4224 qu
2927 4158 3156 4208 merces
3178 4148 3313 4217 tua,
3355 4148 3474 4206 010.

1929 4250 2094 4315 Eum
2126 4252 2300 4314 enim
2326 4253 2616 4332 expectat
2664 4249 2810 4331 quis
2860 4267 2975 4331 per
3015 4250 3149 4330 spei
3186 4249 3482 4313 habitum

1927 4360 2141 4420 tenere
2167 4357 2234 4419 in
2259 4356 2462 4438 patria
2484 4403 2504 4433 ‚
2542 4355 2645 4419 cui
2681 4373 2794 4437 per
2845 4354 3219 4419 charitatem
3263 4356 3332 4418 in
3374 4356 3481 4420 via

1930 4464 2103 4527 uniri
2127 4464 2472 4536 desiderat.
2508 4462 2690 4526 Alius
2728 4465 2822 4525 est
2860 4461 3052 4525 etiam
3096 4462 3326 4527 modus
3371 4481 3478 4527 re-

1929 4574 2302 4656 spondendi,
2335 4572 2792 4654 distinguendo
2819 4572 2895 4635 de
2923 4590 3032 4654 spe
3061 4572 3476 4653 mercenaria,

1930 4704 2056 4765 qua
2079 4684 2226 4765 quis
2251 4683 2450 4747 servit
2474 4682 2600 4747 Deo
2630 4685 2886 4763 propter
2912 4681 3276 4763 praemium,
3307 4680 3478 4762 quod

1930 4799 2218 4874 expectat
2242 4791 2314 4874 (b)
2353 4812 2366 4854 :
2403 4790 2557 4872 quia
2582 4790 2882 4872 quasdam
2907 4794 3005 4854 est
3043 4790 3474 4868 mercenaria,

1931 4917 2077 4981 quae
2104 4898 2428 4963 constituit
2445 4898 2644 4961 finem
2670 4896 2734 4959 in
2755 4896 3012 4978 proprio
3041 4896 3398 4974 commod0‚
3418 4899 3480 4960 et

1934 5007 2055 5075 ista
2081 5009 2177 5068 est
2218 5004 2609 5071 mercenaria
2634 5003 2805 5066 mala
2823 5050 2840 5081 ,
2870 5003 2935 5066 et
2975 5020 3108 5066 non
3136 5001 3418 5084 procedit
3441 5020 3481 5065 a

1935 5130 2044 5193 spe
2063 5115 2233 5174 recta
2252 5115 2316 5173 et
2343 5111 2642 5184 formata3
2668 5106 2962 5188 quaedam
2988 5108 3181 5170 etiam
3210 5110 3308 5170 051
3330 5124 3480 5190 quae

1931 5237 2059 5281 non
2089 5215 2414 5279 constituit
2440 5215 2638 5277 ssnem
2664 5214 2734 5277 in
2762 5215 3018 5296 proprio
3044 5214 3238 5289 bono,
3269 5214 3377 5279 sed
3394 5220 3483 5278 to·

1932 5333 2075 5389 tum
2097 5324 2337 5388 confert
2362 5326 2426 5387 et
2451 5320 2700 5386 ordinat
2726 5322 2805 5386 ad
2834 5322 3077 5385 bonum
3110 5339 3475 5388 summum:

2003 5452 2013 5488 ¹
2047 5452 2189 5514 Gen„
2223 5463 2309 5514 XV,
2339 5454 2381 5501 t.
