4185 6288
1604 461 1980 530 ms‘rlNc'r.
2025 464 2269 534 mm.

331 622 680 670 commune
700 653 719 684 ‚
751 609 815 670 et
839 603 1095 669 habitus
1120 620 1234 686 per
1266 619 1460 667 suum
1501 603 1742 665 actum.
1775 598 1874 664 Ad

331 711 493 776 illud
542 711 717 795 quod
762 711 1058 794 oincitur
1080 758 1098 788 ‚
1144 709 1317 792 quod
1370 708 1481 773 illa
1535 705 1876 772 notificatio

333 818 636 883 convenit
668 817 986 882 dilectioni
1014 818 1082 881 in
1119 820 1290 881 statu
1320 814 1700 879 innocentiae
1729 862 1746 893 ,
1775 813 1878 878 di-

332 923 614 990 cendum
660 923 832 1005 quod
860 923 1218 988 differentia
1258 927 1351 986 ost
1397 923 1465 986 in
1507 920 1696 986 modo
1732 918 1880 985 dili-

332 1033 534 1113 gendi
558 1031 762 1096 Deum
788 1039 1047 1115 propter
1074 1050 1163 1109 se,
1199 1031 1554 1107 secundum
1581 1029 1755 1113 quod
1779 1027 1881 1092 di-

334 1138 567 1220 ligitur
599 1138 679 1220 (a)
715 1139 1046 1204 dilectione
1072 1139 1389 1214 naturali,
1420 1142 1484 1202 et
1514 1138 1651 1221 ipsa
1680 1135 1884 1201 chari-

334 1250 467 1311 tate
485 1295 505 1325 ,
538 1247 704 1312 sicut
729 1248 800 1310 in
842 1247 1122 1311 secundo
1164 1245 1328 1310 libro
1363 1250 1691 1310 ostensum
1734 1243 1877 1308 fuit.

337 1352 420 1416 Et
446 1353 588 1419 ideo
619 1372 699 1418 ex
736 1354 859 1418 hoc
887 1371 1020 1418 non
1048 1353 1402 1418 ostenditur
1425 1351 1536 1415 illa
1559 1351 1721 1415 ratio
1750 1367 1884 1414 non

338 1478 477 1525 esse
498 1461 662 1525 bene
690 1461 1035 1541 assignata.
1079 1460 1176 1524 Ad
1204 1458 1363 1524 illud
1388 1458 1560 1541 quod
1588 1457 1886 1540 objicitur

339 1567 423 1632 de
464 1567 893 1633 notificatione
930 1567 1276 1649 Augustini
1322 1564 1400 1631 de
1433 1564 1718 1631 Moribus
1754 1566 1886 1628 Ec-

341 1676 581 1754 clesioe,
612 1675 782 1757 quod
811 1675 1085 1739 charitas
1110 1678 1207 1739 est
1241 1672 1442 1736 animi
1467 1672 1752 1750 affectio,
1783 1671 1887 1734 di-

344 1782 620 1846 cendum
664 1781 834 1864 quod
879 1781 967 1845 ibi
1015 1785 1109 1845 est
1152 1780 1519 1863 praedicatio
1566 1777 1834 1843 causalis
1866 1798 1881 1839 z

346 1889 490 1954 ideo
529 1889 598 1954 in
625 1889 868 1954 ratione
911 1888 1019 1953 illa
1061 1890 1157 1952 est
1183 1887 1507 1970 sophisma
1535 1885 1888 1951 secundum

345 1996 660 2061 accidens.
704 1995 804 2060 Ad
845 1996 969 2060 hoc
1012 2013 1168 2061 vero
1213 1994 1381 2077 quod
1428 1992 1846 2076 subjungitur
1866 2038 1885 2071 ,

344 2102 521 2186 quod
543 2102 652 2167 illa
666 2103 1013 2168 notificatio
1030 2103 1332 2167 convenit
1358 2102 1517 2185 spei,
1538 2099 1884 2165 dicendum

346 2211 520 2293 quod
546 2211 714 2293 spei,
743 2211 999 2294 proprie
1042 2209 1361 2293 loquendo
1376 2256 1393 2285 ,
1423 2226 1555 2272 non
1592 2206 1895 2271 convenit

348 2315 568 2396 unire,
596 2317 706 2383 sed
734 2317 945 2400 magis
972 2316 1222 2398 erigere
1254 2336 1269 2380 ε
1300 2313 1449 2378 fidei
1476 2312 1651 2377 enim
1678 2316 1773 2376 est
1793 2311 1892 2376 di-

348 2422 564 2505 rigere
587 2470 605 2499 ‚
633 2429 695 2488 et
735 2424 870 2507 spei
897 2423 1146 2504 erigere
1167 2469 1187 2499 ‚
1217 2427 1280 2485 et
1305 2420 1628 2485 charitatis
1672 2420 1889 2484 adhae-

348 2548 513 2596 rere.
547 2531 645 2596 Ad
683 2531 840 2596 illud
881 2530 1050 2613 quod
1078 2529 1377 2612 objicitur
1416 2528 1494 2592 de
1520 2526 1893 2591 diffinitione

347 2637 700 2720 Augustini
724 2638 793 2702 in
818 2639 981 2703 libro
1009 2636 1088 2703 de
1105 2635 1503 2718 soliloquiis,
1533 2633 1702 2717 quod
1735 2633 1893 2697 cha-

348 2747 508 2810 ritas
534 2764 666 2811 non
705 2745 890 2810 debet
914 2744 1178 2809 diffiniri
1209 2761 1323 2826 per
1350 2741 1568 2809 videre
1607 2745 1671 2805 et
1713 2741 1852 2821 trui
1868 2787 1888 2818 ,

350 2856 690 2940 dicendum
727 2857 900 2939 quod
928 2856 1092 2921 sicut
1121 2855 1277 2920 fides
1306 2853 1633 2935 cognoscit
1674 2851 1793 2915 sibi
1831 2855 1899 2915 et

349 2964 491 3029 aliis
514 2963 895 3043 virtutihus,
924 2962 1014 3027 sic
1040 2963 1314 3027 charitas
1348 2959 1662 3026 desiderat
1684 2958 1809 3021 sibi
1834 2964 1897 3023 et

350 3070 513 3135 aliis.
543 3069 624 3135 Et
648 3071 957 3154 quoniam
985 3069 1282 3153 perfectio
1308 3067 1616 3133 mercedis
1651 3066 1894 3129 consis-

350 3179 429 3243 tit
453 3179 523 3243 in
547 3179 795 3244 visione
818 3181 882 3242 et
914 3177 1216 3242 fruitione
1243 3176 1383 3254 Dei,
1415 3175 1566 3239 hinc
1593 3163 1884 3256 estquod

352 3284 629 3349 charitas
650 3284 964 3349 diffinitur
990 3303 1105 3367 per
1123 3283 1507 3349 desiderium
1527 3283 1893 3364 utriusque,

351 3410 488 3456 non
514 3392 667 3475 quia
693 3392 912 3457 videre
938 3392 1019 3457 sit
1041 3377 1183 3474 ejus
1207 3391 1541 3475 proprium
1563 3439 1581 3470 ‚
1608 3390 1716 3454 sed
1743 3389 1898 3472 quia

349 3498 739 3563 desiderium
755 3499 1030 3563 habendi
1052 3499 1255 3564 Deum
1278 3503 1371 3562 est
1392 3496 1726 3581 proprium
1749 3496 1895 3560 cha-

349 3606 575 3670 ritatis.
610 3606 709 3671 Ad
734 3606 893 3671 illud
929 3607 1100 3689 quod
1143 3605 1444 3688 objicitur
1467 3653 1485 3683 ‚
1513 3604 1690 3688 quod
1730 3604 1896 3669 dosi-

350 3710 604 3779 derium
631 3718 727 3778 est
763 3713 858 3777 rei
886 3714 1162 3778 absentis
1177 3761 1197 3792 ‚
1234 3718 1298 3777 et
1325 3713 1732 3796 imperfectus
1756 3729 1894 3776 mo-

351 3825 490 3900 tus,
530 3819 869 3885 dicendum
915 3820 1088 3903 quod
1132 3819 1448 3884 diffinitur
1487 3820 1577 3884 ibi
1621 3819 1897 3884 charitas

353 3929 482 3995 viae
496 3975 515 4007 ‚
544 3944 693 4011 quae
737 3927 929 3992 habet
968 3945 1183 3992 secum
1212 3944 1534 3991 annexam
1558 3926 1897 4010 imperfec-

352 4036 618 4101 tionem.
645 4034 859 4100 Posset
873 4035 1065 4100 etiam
1092 4033 1510 4098 nihilominus
1549 4034 1699 4114 dici,
1725 4036 1898 4117 quod

355 4143 742 4209 desiderium
760 4191 778 4222 ‚
808 4144 1005 4226 prout
1038 4140 1316 4207 excludit
1353 4139 1677 4205 fastidium
1701 4189 1720 4221 ,
1764 4160 1899 4206 non

356 4251 761 4319 solummodo
787 4256 883 4316 est
906 4251 1002 4315 rei
1028 4250 1335 4329 absentis,
1364 4250 1496 4314 imo
1524 4251 1854 4333 praesentis
1876 4270 1895 4331 ;

361 4362 432 4426 et
470 4359 596 4424 hoc
629 4359 818 4424 modo
865 4358 1046 4440 large
1090 4356 1395 4441 accipitur
1438 4357 1509 4421 in
1553 4358 1895 4441 proposito.

360 4466 458 4532 Ad
486 4465 642 4530 illud
669 4459 847 4548 quod'
868 4465 1167 4548 ohJicitur
1191 4470 1411 4530 contra
1456 4464 1901 4530 diffinitionem

360 4573 713 4656 Augustini
756 4573 826 4636 in
867 4572 1034 4637 libro
1078 4572 1156 4639 de
1201 4575 1440 4640 Anima
1488 4580 1550 4640 et
1592 4574 1857 4655 Spiritu
1875 4619 1897 4652 ,

360 4680 539 4765 quod
580 4679 853 4745 charitas
883 4683 979 4743 est
1020 4680 1154 4746 vita
1195 4680 1533 4763 copulans,
1563 4680 1901 4746 dicendum

362 4787 534 4873 quod
578 4786 697 4851 etsi
744 4785 1042 4869 copulare
1092 4788 1429 4853 conveniat
1474 4788 1650 4853 omni
1698 4788 1904 4853 amori
1940 4850 1945 4856 .

365 4900 648 4985 quodam
693 4896 914 4976 modo,
946 4901 1163 4962 tamen
1197 4897 1320 4963 hoc
1346 4902 1576 4979 totum,
1609 4899 1784 4982 quod
1811 4903 1906 4963 est

364 5010 500 5074 vita
524 5006 863 5092 copulans,
897 5009 991 5069 est
1035 5007 1369 5090 proprium
1397 5008 1599 5092 ipsius
1625 5008 1904 5072 charita-

367 5122 475 5202 tis,
506 5120 662 5206 quia
688 5117 909 5183 nullus
948 5121 1045 5181 est
1089 5136 1271 5184 amor
1303 5121 1415 5203 qui
1440 5121 1724 5185 animam
1753 5137 1901 5203 pro·

364 5229 500 5316 prie
526 5227 763 5293 habeat
785 5224 1116 5290 vivificare
1133 5273 1152 5303 ,
1181 5228 1311 5291 nisi
1337 5245 1521 5294 amor
1544 5227 1865 5311 gratuitus
1883 5274 1902 5307 ,

427 5372 443 5407 ¹
491 5371 698 5428 Averr„
741 5362 802 5413 cle
850 5361 1038 5427 anim„
1077 5362 1166 5414 lib.
1201 5365 1275 5429 ΙΙ,
1302 5370 1580 5417 comment.
1619 5370 1703 5431 ¹33
1736 5365 1908 5429 Arist„

427 5464 496 5531 (a)
526 5462 653 5514 Cat.
675 5455 800 5508 edit.
824 5455 1026 5507 dicitur.

3412 473 3528 537 597

1986 602 2101 684 qui
2128 603 2384 686 copulat
2423 622 2572 668 cum
2599 603 2725 669 Deo
2751 604 2958 688 ipsam
2986 579 3291 669 animam.
3323 604 3422 670 Ad
3447 605 3529 670 il-

1984 709 2098 775 lud
2138 713 2308 795 quod
2348 714 2647 797 objicitur
2661 760 2683 792 ,
2734 713 2907 797 quod
2959 731 3090 777 non
3129 718 3395 796 possunt
3425 713 3533 778 illa

1980 819 2116 917 ⁸duo
2141 823 2307 884 stare
2324 868 2342 897 ‚
2376 822 2507 885 vita
2531 826 2595 886 et
2629 821 2858 903 copula
2884 869 2903 900 ,
2948 819 3288 885 dicendum
3314 821 3485 904 quod
3510 871 3529 902 ‚

1989 927 2289 1007 quamvis
2339 929 2471 993 vita
2489 976 2507 1008 ‚
2552 933 2744 1012 prout
2776 931 2872 992 est
2899 932 3079 991 actus
3120 927 3369 1010 primus
3390 975 3409 1007 ,
3453 928 3535 991 sit

1992 1034 2287 1114 perfectio
2316 1036 2606 1100 absoluta
2631 1084 2650 1115 ‚
2680 1041 2894 1100 tamen
2912 1084 2932 1115 ‚
2976 1039 3168 1119 prout
3211 1039 3307 1099 est
3349 1037 3532 1100 actus

1991 1142 2307 1206 secundus
2328 1191 2346 1222 ,
2397 1144 2588 1210 habet
2629 1149 2988 1226 respectum
3034 1143 3115 1207 ad
3158 1144 3261 1226 obj
3270 1148 3483 1208 ectum
3511 1191 3530 1223 ,

1992 1248 2159 1311 sicut
2180 1252 2370 1331 patet,
2408 1251 2582 1333 quia,
2621 1251 2972 1316 secundum
2996 1249 3457 1333 Philosophum
3482 1257 3531 1327 ¹,

1993 1354 2296 1420 alimento
2321 1358 2449 1436 uti,
2477 1361 2541 1421 et
2563 1357 2941 1440 intelligere,
2972 1361 3125 1421 sunt
3160 1357 3538 1426 differentiae

1995 1456 2170 1543 ejus',
2201 1463 2372 1544 quod
2400 1468 2494 1527 est
2532 1464 2792 1543 vivere3
2823 1469 2886 1528 et
2915 1463 3188 1528 charitas
3225 1470 3320 1528 est
3360 1466 3494 1528 vita
3513 1513 3532 1544 ‚

1995 1571 2059 1633 et
2102 1570 2454 1635 secundum
2503 1572 2674 1654 quod
2715 1574 2812 1635 est
2854 1572 2986 1636 vita
3021 1619 3040 1650 ,
3088 1571 3318 1635 dicitur
3358 1577 3538 1636 actus

1997 1677 2316 1742 secundus
2336 1725 2357 1756 ,
2407 1683 2481 1742 ut
2532 1677 2601 1741 in
2653 1678 3160 1761 praecedentibus
3209 1682 3536 1744 ostensum

1996 1783 2142 1847 fuit.
2174 1783 2272 1847 Ad
2300 1784 2462 1848 illud
2489 1785 2659 1868 quod
2682 1785 2980 1868 objicitur
3005 1786 3084 1850 de
3110 1786 3538 1852 notificatione

1998 1892 2326 1976 Apostoli,
2352 1894 2521 1976 quod
2548 1913 2679 1959 non
2715 1894 2896 1960 debet
2926 1894 3048 1959 dici
3075 1895 3242 1973 finis,
3274 1913 3422 1959 cum
3457 1895 3539 1960 sit

1999 2000 2414 2083 principium,
2437 2001 2780 2066 dicendum
2807 2000 3001 2085 quod,
3032 2020 3183 2065 cum
3209 2000 3371 2066 nihil
3392 2018 3541 2084 pro-

1999 2107 2217 2172 hibeat
2245 2112 2372 2172 tres
2397 2126 2618 2174 causas
2644 2107 2994 2173 coincidere
3022 2108 3092 2171 in
3116 2126 3348 2186 unum,
3379 2110 3541 2173 sicut

1999 2218 2172 2297 patet
2198 2215 2267 2279 in
2296 2214 2423 2279 Deo
2456 2218 2748 2298 respectu
2775 2219 3082 2281 creaturae
3104 2263 3121 2293 ,
3153 2214 3410 2280 nullum
3446 2217 3543 2279 est

2001 2323 2457 2387 inconveniens
2476 2321 2845 2386 charitatem
2862 2321 3056 2385 simul
3078 2339 3214 2385 esse
3232 2322 3536 2403 radicem,

2002 2432 2275 2495 formam
2301 2432 2364 2494 et
2389 2430 2586 2492 finem
2614 2427 2968 2492 secundum
2998 2430 3541 2511 comparationem

2001 2537 2266 2620 triplicis
2291 2553 2501 2601 causae
2517 2583 2536 2614 ‚
2567 2552 2717 2599 cum
2744 2551 2861 2599 nos
2885 2534 3159 2617 perfecte
3201 2533 3386 2600 faciat
3412 2534 3542 2600 Deo

2003 2645 2358 2710 conformes
2374 2692 2392 2722 ,
2427 2641 2778 2707 secundum
2807 2642 2981 2723 quod
3021 2642 3315 2724 superius
3352 2642 3542 2706 habi-

2002 2756 2146 2817 tum
2189 2756 2305 2816 est.
2349 2750 2447 2815 Ad
2491 2748 2647 2813 illud
2689 2749 2859 2831 quod
2905 2749 3201 2831 objicitur
3243 2749 3322 2814 de
3361 2750 3540 2815 suffl-

2003 2858 2253 2937 cientia,
2284 2859 2349 2922 et
2374 2872 2666 2934 numere,
2698 2856 2762 2918 et
2787 2852 3009 2919 ordine
3027 2903 3045 2933 ‚
3076 2860 3139 2919 et
3164 2856 3541 2940 appropria-

2004 2967 2177 3031 tione
2227 2965 2486 3028 illarum
2541 2960 2974 3026 conditionum
3024 2979 3172 3044 quae
3232 2965 3538 3047 superad-

2004 3075 2248 3140 duntur
2271 3121 2292 3153 ,
2331 3072 2483 3136 satis
2526 3073 2698 3155 patet
2739 3069 3070 3153 responsio
3113 3088 3196 3135 ex
3236 3073 3544 3157 explana-

2004 3182 2180 3247 tione
2218 3181 2420 3264 ipsius
2464 3177 2863 3244 diffinitionis
2888 3225 2904 3257 ,
2931 3181 2994 3242 et
3033 3196 3117 3243 ex
3158 3178 3261 3242 his
3299 3198 3446 3262 quae
3472 3181 3541 3244 in

2004 3289 2284 3354 secundo
2305 3288 2469 3351 libro
2498 3286 2915 3350 determinata
2940 3290 3114 3365 sunt,
3141 3285 3541 3352 distinctione

2005 3415 2296 3476 xxxvm,
2325 3412 2473 3478 quae
2502 3411 2634 3458 non
2660 3396 2908 3475 oportet
2943 3393 3022 3457 ad
3050 3411 3332 3476 praesens
3354 3413 3545 3477 repe-

2006 3510 2161 3571 tere.
2192 3504 2270 3569 Et
2306 3505 2449 3568 ideo
2477 3501 2555 3566 de
2595 3500 2704 3565 illa
2745 3501 3175 3567 notificatione
3214 3501 3542 3584 Apostoli,

2005 3615 2069 3677 et
2110 3612 2188 3677 de
2214 3610 2383 3690 aliis,
2411 3609 2683 3674 sufficiat
2719 3605 2800 3671 ad
2836 3624 3120 3689 praesens
3161 3611 3413 3673 tantum
3442 3607 3546 3673 di-

2641 3862 2780 3909 nus.
2824 3862 2894 3907 11.

2294 3993 2393 4042 Pro
2419 4001 2521 4055 quo
2548 3986 2703 4038 etiam
2730 3986 2832 4039 duo
2860 3988 2980 4038 sunt
3002 3986 3259 4038 mandata.

2078 4145 2317 4213 Contra
2344 4166 2359 4208 :
2391 4141 2643 4206 videtur
2660 4139 2830 4222 quod
2858 4157 3066 4205 unum
3092 4139 3304 4203 solum
3327 4138 3553 4205 debeat

2008 4274 2144 4323 esse
2184 4250 2559 4318 mandatum
2579 4296 2600 4327 ,
2632 4248 2786 4330 quia
2828 4245 3024 4311 unius
3066 4248 3274 4329 operis
3317 4263 3545 4313 secun-

2009 4365 2168 4429 dum
2193 4376 2396 4438 unam
2425 4356 2738 4421 rationem
2763 4371 2972 4417 unum
3000 4353 3184 4418 debet
3209 4371 3347 4418 esse
3373 4371 3550 4417 man·

2009 4472 2233 4538 datum
2262 4490 2279 4531 1
2312 4465 2422 4530 sed
2448 4480 2581 4529 una
2626 4464 2720 4526 est
2767 4461 2928 4525 ratio
2969 4460 3284 4542 diligendi
3299 4460 3501 4527 Deum
3528 4506 3545 4535 ,

2008 4584 2072 4645 et
2100 4576 2518 4661 proximum:
2551 4589 2708 4652 ergo
2732 4587 2943 4634 unum
2983 4568 3167 4633 debet
3192 4585 3326 4633 esse
3361 4585 3551 4632 man-

2008 4687 2231 4751 datum
2257 4683 2326 4747 in
2353 4684 2648 4762 utroque.
2680 4678 2871 4755 Item,
2902 4676 2958 4739 si
2987 4676 3287 4741 mandata
3315 4690 3545 4740 nume·

2009 4795 2236 4859 rantur
2286 4787 2638 4853 secundum
2697 4802 3043 4850 numerum
3090 4782 3507 4864 diligibilium
3529 4829 3548 4860 ‚

2012 4918 2163 4967 cum
2207 4901 2484 4982 quatuor
2530 4894 2658 4958 sint
2700 4891 3025 4974 diligenda
3074 4908 3158 4954 ex
3201 4889 3505 4954 charitate
3530 4938 3548 4969 ‚

2012 5012 2289 5095 quatuor
2329 5002 2632 5068 deberent
2660 5017 2795 5065 esse
2834 4998 3150 5063 mandata.
3191 4996 3351 5060 Item
3382 5014 3399 5059 ε
3430 4998 3554 5075 Qui

2012 5117 2238 5201 diliqit
2260 5111 2655 5196 proximum,
2685 5109 2879 5192 leqem
2908 5105 3196 5188 implevit
3211 5152 3229 5181 ,
3258 5103 3425 5169 sicut
3449 5103 3554 5168 di·-

2014 5226 2180 5292 citur
2195 5229 2258 5286 ⁸:
2294 5225 2357 5285 et
2383 5218 2619 5283 ibidem
2662 5216 2893 5282 dicitur
2931 5214 3103 5298 quod
3144 5228 3336 5278 omne
3362 5210 3555 5278 aliud

2016 5381 2256 5447 Metaph„
2283 5377 2370 5428 lib.
2399 5377 2508 5439 ΧΗ,
2538 5378 2676 5427 cont.
2704 5378 2793 5439 365
2822 5372 2883 5424 de
2912 5372 3056 5437 Cael„
3087 5371 3174 5422 lib.
3209 5372 3268 5432 ll,
3300 5372 3437 5421 cont.
3471 5372 3551 5423 31.

2017 5457 2119 5496 ...υ
2139 5455 2297 5515 nom„
2328 5459 2450 5511 xm,
2466 5449 2515 5510 8,
2541 5450 2589 5498 9.
