4185 6288
729 507 847 572 322

729 640 839 703 tiae
866 635 1069 718 gratis
1089 632 1274 707 datae,
1302 644 1459 708 ergo
1488 625 1674 707 plena
1700 619 1821 684 fuit
1846 619 1912 679 in
1940 614 2186 679 Christo
2225 629 2265 674 a

732 763 867 809 suae
910 737 1284 806 conditionis
1319 730 1668 817 primordio
1702 746 1720 790 ε
1750 740 1908 806 ergo
1936 739 2068 786 non
2097 735 2263 781 cres-

735 855 912 919 cebat
938 854 1001 916 in
1028 869 1126 915 eo.

815 960 995 1033 Item,
1024 956 1244 1020 anima
1271 948 1495 1016 Christi
1522 942 1749 1009 habuit
1780 937 2021 1021 species
2048 946 2269 995 rerum

735 1064 1262 1148 cognoscibilium
1307 1081 1322 1123 ε
1376 1056 1487 1120 sed
1551 1071 1684 1136 qua
1745 1047 1991 1112 ratione
2043 1036 2270 1103 habuit

734 1176 971 1259 species
1010 1173 1205 1238 unius
1244 1161 1687 1247 cognoscibilis
1708 1207 1725 1237 ‚
1763 1155 1980 1220 eaden:
2021 1148 2268 1213 ratione

735 1294 798 1351 et
823 1286 1117 1350 omnium
1141 1304 1155 1344 ι
1180 1280 1290 1343 sed
1311 1270 1699 1358 impossibile
1727 1270 1822 1330 est
1847 1264 2006 1327 duas
2033 1260 2273 1322 formas

735 1395 1023 1478 eiusdem
1050 1389 1279 1474 speciei
1304 1403 1461 1462 esse,
1491 1380 1643 1446 etin
1669 1375 1914 1450 eodem,
1946 1374 2010 1433 et
2039 1382 2273 1429 secun-

736 1504 894 1569 dum
936 1501 1104 1565 idem
1133 1519 1150 1560 t
1182 1513 1340 1575 ergo
1381 1485 1768 1572 impossibile
1797 1479 1920 1544 fuit
1942 1473 2117 1559 quod
2141 1470 2275 1534 ani-

736 1629 844 1674 ma
870 1606 1100 1674 Christi
1125 1619 1328 1669 novas
1354 1601 1611 1672 formas,
1646 1593 1784 1655 sive
1808 1603 2011 1651 novas
2036 1578 2276 1663 species

736 1718 1044 1798 reciperet
1080 1732 1099 1776 z
1139 1729 1298 1792 ergo
1352 1724 1484 1770 non
1540 1699 1747 1786 potuit
1788 1696 1858 1758 iu
1911 1688 2276 1771 cognitione

735 1825 1063 1907 proficere.

818 1931 998 2007 Item,
1048 1924 1315 1991 materia
1351 1936 1485 1983 non
1520 1919 1618 1980 est
1654 1906 1967 1994 possibilis
2011 1903 2091 1967 ad
2147 1900 2272 1964 sor-

740 2058 912 2104 mam
938 2084 957 2113 ‚
987 2052 1182 2118 quam
1217 2029 1489 2094 haberet
1521 2024 1591 2085 in
1626 2023 1804 2091 actu,
1836 2032 1952 2097 pro
1982 2029 2058 2075 eo
2106 2006 2279 2091 quod

739 2164 931 2211 omne
958 2141 1266 2222 recipiens
1294 2134 1479 2199 debet
1502 2146 1638 2194 esse
1666 2123 2059 2190 denudatum
2085 2135 2127 2179 a
2149 2115 2280 2234 tor-

741 2469 1013 2552 speciem
1040 2469 1104 2529 et
1128 2460 1419 2526 notitiam
1439 2503 1457 2531 ,
1491 2452 1744 2516 videtur
1790 2444 1962 2528 quod
2005 2438 2283 2521 amplius

741 2595 874 2641 non
917 2571 1193 2656 potuerit
1231 2563 1664 2646 cognitionem
1691 2569 1928 2618 novam
1958 2546 2276 2627 recipere:

743 2701 901 2764 ergo
931 2698 1051 2745 nec
1077 2679 1147 2742 in
1174 2672 1536 2755 cognitione
1563 2664 1890 2748 proficere.

1301 2899 1737 2969 CONCLUSIO.

749 3097 953 3154 Anima
1007 3091 1211 3148 Christi
1265 3083 1546 3143 secundum
1608 3074 1984 3148 cognitionem*
2020 3065 2286 3137 simplicis

818 3185 1027 3240 notitiae
1075 3196 1182 3235 nou
1230 3178 1416 3248 potuit
1467 3172 1717 3243 proficere
1746 3205 1761 3229 ,
1829 3164 1952 3216 licet
2000 3154 2284 3214 secundum

817 3269 1286 3347 eaepmmeutalem
1314 3262 1668 3334 cognitionem
1697 3251 2008 3326 profecerit.

746 3668 942 3733 quam
970 3646 1185 3711 anima
1214 3635 1441 3705 Christi
1466 3631 1692 3697 habuit
1717 3629 1786 3691 in
1821 3624 2048 3701 VerbO,
2085 3620 2289 3702 dupli-

748 3776 886 3822 cem
914 3753 1140 3819 habuit
1165 3739 1589 3828 cognoscendi
1616 3736 1906 3811 modum,
1931 3733 2097 3799 sicut
2117 3746 2288 3812 prae-

747 3867 985 3929 dictum
1013 3860 1167 3923 fuit:
1193 3852 1424 3919 habuit
1449 3848 1621 3913 enim
1657 3842 2094 3923 cognitionem
2122 3839 2284 3900 sim-

747 3971 931 4055 plicis
971 3965 1214 4030 notitiae
1261 3962 1331 4024 in
1366 3955 1686 4021 intellectu
1708 3998 1728 4029 ,
1762 3953 1825 4012 et
1851 3946 2282 4027 cognitionem

748 4074 1157 4162 experientiae
1183 4071 1252 4132 in
1279 4082 1494 4130 sensu.
1523 4056 1810 4138 Cognitio
1833 4052 2136 4135 simplicis
2166 4068 2284 4113 no-

747 4187 902 4250 titiae
943 4176 1322 4245 consistebat
1371 4172 1439 4233 in
1477 4166 1801 4231 habitibus
1844 4165 1908 4225 et
1957 4157 2286 4242 speciebus

745 4293 868 4376 ipsi
912 4291 1148 4354 animae
1191 4279 1420 4347 Christi
1458 4275 1671 4339 inditis
1699 4292 1737 4337 a
1765 4268 2114 4353 primordio
2146 4284 2284 4330 suae

746 4395 1124 4465 conditionis
1149 4410 1232 4456 ex
1257 4383 1565 4451 beneficio
1594 4378 1975 4454 Conditoris;
2001 4372 2285 4454 cognitio

746 4524 899 4571 vero
932 4497 1340 4584 experientiae
1372 4487 1750 4559 consistebat
1778 4486 1846 4548 in
1874 4483 2105 4549 usibus
2133 4498 2285 4547 sen-

745 4630 938 4677 suum
971 4606 1382 4674 exteriorum.
1408 4596 1721 4676 Quoniam
1751 4610 1910 4672 ergo
1934 4589 2192 4653 habitus
2220 4591 2282 4650 et

744 4719 979 4803 species
1007 4716 1332 4795 impressae
1359 4706 1619 4770 fuerunt
1646 4700 1769 4783 ipsi
1797 4698 2031 4762 animae
2054 4693 2284 4759 Christi

747 4829 814 4890 in
856 4819 1228 4889 omnimoda
1283 4811 1676 4898 plenitudine
1698 4856 1713 4885 ‚
1761 4806 1913 4871 hinc
1966 4807 2061 4867 est
2112 4800 2285 4884 quod

748 4935 1035 5002 Christus
1095 4928 1397 5012 proficere
1460 4938 1590 4983 non
1647 4915 1857 4998 potuit
1914 4910 2284 4992 cognitione

744 5039 1044 5124 simplicis
1068 5034 1331 5101 notitiae.
1368 5027 1533 5106 Quia
1564 5042 1717 5088 vero
1751 5038 1975 5086 sensus
2002 5016 2282 5084 exterior

743 5150 825 5212 ad
864 5145 1100 5228 aliquid
1144 5136 1630 5206 convertebatur
1658 5131 1736 5194 de
1762 5146 1956 5202 now,
1987 5126 2068 5188 ad
2108 5124 2282 5206 quod

745 5255 922 5339 prius
956 5265 1296 5315 conversus
1333 5261 1462 5307 non
1498 5240 1733 5315 fuerat,
1779 5234 1930 5297 hinc
1969 5235 2063 5294 est
2107 5228 2283 5312 quod

745 5359 1107 5443 cognitione
1168 5348 1577 5436 experientiae
1641 5340 2038 5429 proficiebat,
2089 5337 2282 5418 juxta

810 5490 827 5523 ¹
855 5486 1065 5537 Psalm„
1085 5484 1231 5541 xv,·1.

1837 474 2457 547 SENTENTIARUM
2498 475 2648 550 Lm.
2693 476 2801 540 111.

2369 610 2541 694 quod
2574 611 2725 675 dicit
2758 609 3170 686 Ambrosius,
3211 612 3384 692 quod
3420 634 3451 671 α
3481 612 3553 675 in
3578 629 3655 677 eo
3682 630 3917 677 sensus

2371 717 2743 800 proficiebat
2774 717 3122 781 humanus.
3154 738 3184 776 a
3231 717 3311 781 Et
3352 716 3692 801 Apostolus
3742 718 3913 797 dicit,

2372 820 2543 903 quod
2591 819 2832 886 didicit
2875 836 2960 885 ex
2999 819 3142 899 his,
3170 836 3314 902 quoe
3350 837 3585 901 passus
3625 827 3744 900 est,
3776 823 3919 886 obe-

2372 926 2715 992 dientiam.
2766 926 2844 991 Et
2879 927 3119 1005 Glossa,
3146 945 3341 1010 super
3383 928 3541 993 illud
3569 927 3809 993 Psalmi
3846 940 3864 973 ¹
3897 947 3912 992 ε

2379 1035 2501 1108 Qui
2527 1036 2755 1102 tribuit
2784 1036 2953 1102 mihi
2979 1037 3385 1116 intellectum,
3416 1038 3548 1101 ait:
3591 1038 3795 1118 Usque
3833 1035 3921 1102 ad

2375 1148 2631 1207 mortem
2680 1143 2959 1208 erudivit
2996 1161 3100 1205 me
3137 1142 3396 1208 inferior
3436 1144 3515 1226 (a)
3563 1145 3714 1226 pars
3741 1162 3918 1222 mea,

2376 1248 2610 1313 scilicet
2634 1251 2842 1312 carnis
2867 1250 3242 1332 assumptiO‚
3272 1255 3346 1314 ut
3370 1251 3700 1333 experirer
3742 1254 3923 1313 tene·-

2377 1357 2526 1421 hras
2566 1359 2984 1423 mortalitatis,
3032 1381 3063 1419 n
3111 1358 3190 1423 Et
3233 1359 3324 1422 sic
3380 1360 3594 1422 anima
3650 1358 3918 1437 Christi,

2379 1465 2677 1546 quamvis
2698 1484 2830 1530 non
2859 1467 3191 1550 profecerit
3217 1467 3572 1532 secundum
3599 1467 3921 1549 cognitio-

2380 1591 2530 1638 nem
2571 1574 2646 1656 (b)
2676 1573 2977 1657 simplicis
3002 1574 3247 1638 notitiae
3261 1623 3279 1652 ,
3313 1574 3685 1656 proficiebat
3710 1579 3923 1639 tamen

2382 1682 2733 1745 secundum
2748 1661 3181 1762 cognitionem
3200 1681 3795 1766 experimentalem.
3819 1682 3923 1745 Ille

2383 1795 2599 1854 autem
2633 1790 2952 1873 profectus
2987 1788 3267 1852 scientiae
3314 1789 3837 1871 experimentalis
3857 1790 3923 1851 in

2384 1895 2630 1959 Christo
2675 1897 2744 1960 in
2781 1896 3032 1960 duobus
3073 1895 3402 1960 differebat
3429 1914 3469 1958 a
3497 1896 3788 1978 profectu
3820 1915 3924 1959 co-

2385 2005 2694 2085 gnitionis
2736 2007 2971 2068 nostrae
3019 2025 3034 2066 :
3080 2004 3149 2066 in
3195 2020 3328 2066 uno
3380 2001 3706 2078 videlicet,
3759 2003 3925 2086 quod

2387 2110 2668 2176 Christus
2706 2128 2837 2174 non
2882 2110 3249 2193 proficiebat
3292 2109 3608 2174 veniendo
3656 2110 3727 2173 in
3763 2109 3925 2174 noti-

2384 2218 2540 2282 tiam
2566 2219 2658 2282 rei
2680 2219 2859 2300 prius
2889 2218 3259 2299 incognitae,
3288 2216 3397 2279 sed
3424 2216 3596 2297 quod
3628 2217 3811 2300 prius
3830 2234 3926 2279 co·

2387 2326 2806 2407 cognoscebat
2847 2344 2976 2390 uno
3006 2324 3196 2389 modo
3212 2372 3229 2400 ‚
3258 2322 3499 2387 scilicet
3540 2341 3657 2405 per
3689 2323 3927 2406 simpli-

2388 2453 2525 2497 cem
2567 2433 2880 2513 notitiam,
2908 2432 3329 2514 cognoscebat
3355 2430 3480 2494 alio
3510 2430 3727 2507 mod0,
3758 2428 3926 2492 scili-

2389 2548 2488 2606 cet
2515 2560 2628 2624 per
2654 2540 3154 2622 experientiam;
3190 2538 3260 2601 in
3298 2538 3421 2602 alio
3457 2537 3657 2602 etiam
3684 2537 3926 2601 differe-

2388 2651 2495 2713 bat
2524 2697 2541 2727 ,
2584 2649 2739 2730 quia
2780 2648 3116 2730 profectus⁴
3158 2649 3373 2709 noster
3423 2651 3519 2709 est
3577 2645 3926 2709 secundum

2390 2756 2816 2832 existentiam,
2850 2755 3165 2837 profectus
3191 2770 3345 2817 vero
3383 2751 3613 2815 Christi
3658 2755 3794 2816 erat
3822 2768 3926 2813 so-

2389 2865 2532 2929 lum
2575 2863 2929 2929 secundum
2976 2859 3439 2943 apparentiam.
3473 2859 3549 2922 Et
3576 2859 3926 2923 secuudum

2391 2972 2514 3036 hoc
2539 2975 2710 3054 patet
2743 2969 3069 3052 responsio
3094 2968 3174 3031 ad
3197 2966 3622 3048 quaestionem
3651 2966 3927 3049 proposi-

2392 3086 2562 3160 tam;
2605 3081 2775 3163 patet
2813 3076 3004 3141 etiam
3048 3073 3372 3158 responsio
3408 3073 3489 3137 ad
3529 3075 3808 3138 rationes
3851 3071 3928 3136 ad

2395 3193 2732 3269 utramque
2772 3189 3017 3267 partem
3052 3202 3168 3265 pro
3227 3200 3467 3262 magna
3516 3186 3723 3263 parte.
3772 3179 3926 3244 Nam

2394 3298 2670 3360 rationes
2713 3310 2861 3376 quae
2902 3290 3246 3356 ostendunt
3279 3289 3451 3371 quod
3488 3287 3779 3353 Christus
3803 3305 3927 3351 non

2395 3401 2762 3484 proficiebat
2802 3400 2871 3462 in
2898 3397 3282 3479 cognitione,
3310 3395 3444 3461 sive
3472 3395 3757 3472 scientia,
3786 3409 3928 3475 pro-

2264 3560 2282 3590 ,
2394 3511 2629 3573 cedunt
2678 3509 2756 3572 de
2803 3506 3089 3589 profectu
3132 3521 3263 3568 non
3320 3501 3527 3567 solum
3581 3501 3927 3565 secundum

2393 3615 2833 3699 apparentiam
2851 3662 2869 3690 ‚
2909 3612 3018 3677 sed
3059 3611 3252 3674 etiam
3279 3609 3633 3672 secundum
3659 3608 3928 3672 existen-

2394 3725 2590 3801 tiam;
2635 3740 2770 3785 non
2826 3720 3033 3784 solum
3088 3716 3442 3782 secundum
3501 3715 3927 3797 cognitionem

2394 3830 2826 3914 experientiae,
2856 3846 3085 3892 verum
3113 3827 3305 3890 etiam
3334 3824 3693 3887 secundum
3721 3819 3928 3903 cogni·

2393 3941 2629 4004 tionem
2674 3935 2976 4019 simplicis
3017 3933 3285 3998 notitiae.
3338 3931 3415 3995 Et
3459 3931 3603 3995 ideo
3659 3929 3926 4007 rationes

2395 4048 2522 4111 illae
2564 4049 2714 4110 sunt
2758 4041 3197 4119 concedendae,
3226 4038 3381 4124 quia
3410 4055 3643 4104 verum
3670 4035 3924 4101 conclu-

2394 4159 2576 4224 dunt.

2474 4273 2506 4329 1
2541 4268 2604 4328 et
2628 4268 2689 4327 2.
2720 4261 2817 4326 Ad
2845 4259 3003 4323 illud
3032 4277 3189 4324 vero
3216 4256 3390 4340 quod
3415 4256 3624 4340 primo
3640 4252 3927 4336 objicitur

2396 4374 2463 4449 in
2478 4369 2879 4445 contrarium
2906 4368 2984 4432 de
3011 4365 3391 4432 auctoritate
3428 4361 3735 4445 Apostoli,
3769 4357 3925 4423 etde

2395 4476 2974 4545 auctoritate-Bedae
3024 4476 3096 4539 in
3133 4473 3372 4555 Glossa‚
3405 4470 3742 4536 dicendum
3762 4462 3924 4549 quod

2395 4592 2667 4670 utraque
2695 4583 3040 4653 auctoritas
3063 4582 3445 4663 intelligitur
3468 4578 3549 4643 de
3573 4573 3924 4657 cognitione

2394 4692 2827 4778 experientiae.

2474 4805 2535 4865 3.
2564 4799 2662 4864 Ad
2689 4797 2846 4863 illud
2888 4796 3061 4881 quod
3115 4793 3434 4877 objicitur,
3466 4792 3639 4875 quod
3663 4791 3785 4854 hoc
3836 4788 3924 4850 est

2393 4907 2704 4985 naturale,
2737 4905 3031 4971 videlicet
3061 4903 3231 4987 quod
3257 4921 3341 4967 ex
3364 4900 3586 4965 multis
3613 4893 3917 4962 sensibili·

2392 5017 2514 5080 bus
2540 5017 2651 5079 flat
2669 5032 2799 5078 una
2812 5013 3145 5092 memoria,
3164 5010 3503 5075 dicendum
3513 5005 3688 5090 quod
3701 5001 3921 5084 duplex

2391 5128 2487 5187 est
2537 5121 2766 5186 modus
2815 5118 3238 5202 cognoscendi
3281 5134 3395 5198 per
3420 5111 3873 5197 experientiam
3901 5124 3915 5165 ε

2392 5249 2586 5309 unus,
2613 5229 2724 5311 qui
2750 5233 2844 5293 est
2870 5227 2977 5292 via
3003 5227 3073 5291 in
3100 5223 3580 5308 acquisitionem
3609 5214 3916 5285 scientiam

2454 5389 2516 5452 (a)
2534 5386 2789 5438 coetaedit.
2806 5351 2908 5434 me.
2930 5379 3433 5444 interium-(mma.
3445 5368 3921 5441 Vatiacognitionis.

2393 5460 2533 5510 Edit.
2572 5459 2742 5508 Venet.
2766 5455 3106 5519 cognitiones.
