4185 6288
619 458 740 520 232

620 590 743 655 hoc
790 592 1006 655 autem
1052 588 1122 653 in
1162 587 1407 653 Christo
1450 606 1583 652 non
1623 591 1720 653 est
1765 588 1981 653 anima
1995 636 2012 669 ,
2041 606 2162 652 nec

621 714 797 777 caro,
831 714 948 761 nec
974 714 1056 761 ex
1080 698 1355 779 utroque
1383 695 1836 778 compositum,
1868 696 1977 761 sed
2001 694 2161 760 Ver-

620 803 778 867 bum
790 802 1143 866 increatum
1165 823 1179 867 :
1199 806 1262 866 et
1277 801 1419 867 ideo
1454 802 1778 886 praedictae
1806 803 1954 867 duae
1982 803 2162 867 locu-

621 910 827 975 tiones
843 909 1213 993 impropriae
1238 915 1413 989 sunt,
1434 916 1498 976 et
1525 912 1701 977 talsae
1720 932 1738 992 ;
1760 917 1844 989 et,
1863 912 1919 975 si
1940 911 2162 993 legan-

620 1021 727 1083 tur
754 1016 985 1082 alicubi
1008 1066 1025 1097 ,
1056 1022 1206 1082 sunt
1241 1018 1667 1107 exponendae,
1709 1022 1771 1082 et
1804 1018 2161 1083 secundum

619 1124 815 1189 aliam
877 1124 1309 1207 acceptionem
1363 1124 1534 1191 illius
1592 1126 2156 1206 determinationis,

619 1231 967 1300 secundum
989 1230 1163 1316 quod
1186 1237 1278 1299 est
1303 1232 1506 1312 home,
1529 1236 1678 1298 sunt
1701 1233 1897 1298 intelli
1904 1234 2156 1316 gendae.

622 1338 773 1404 Haec
790 1343 1031 1417 autem,
1062 1340 1138 1403 de
1162 1358 1293 1422 qua
1317 1358 1494 1404 nunc
1519 1344 1613 1404 est
1637 1358 1871 1420 sermo,
1901 1340 2158 1417 scilicet,

628 1444 944 1511 «Christus
957 1449 1054 1511 est
1062 1446 1473 1512 individuum
1488 1447 1841 1512 secundum
1858 1447 2028 1530 quod
2047 1447 2162 1510 ho-

619 1570 728 1618 mo
749 1601 768 1632 ,
817 1574 849 1613 n
900 1556 964 1616 et
1001 1553 1144 1617 haec
1174 1575 1189 1617 ε
1231 1577 1261 1616 α
1291 1554 1575 1619 Christus
1621 1557 1715 1618 est
1759 1553 2161 1637 suppositum

619 1660 974 1725 secundum
991 1661 1162 1745 quod
1181 1661 1399 1741 homo,
1419 1683 1448 1721 n
1474 1664 1739 1744 possunt
1755 1661 1987 1724 habere
2005 1677 2162 1742 pro-

621 1766 953 1850 prietatem
990 1772 1052 1832 et
1079 1768 1645 1851 improprietatem,
1676 1767 2032 1831 secundum
2059 1765 2162 1829 di-

621 1892 874 1940 versam
903 1875 1329 1960 acceptionem
1365 1875 1634 1940 istorum
1674 1875 2160 1942 vocabulorum.

375 1972 596 2086 fflff
627 1983 864 2049 Dicitur
887 1984 1058 2048 enim
1086 1983 1327 2067 aliquid
1355 1982 1760 2048 individuum
1790 1981 2158 2064 dupliciter:

389 2105 564 2161 duplex.
624 2109 758 2156 uno
781 2092 994 2171 modo,
1024 2091 1196 2174 quod
1218 2090 1448 2155 dicitur
1474 2090 1550 2155 de
1578 2108 1712 2154 uno
1742 2089 1912 2169 solo;
1943 2092 2009 2154 et
2041 2087 2164 2152 hoc

622 2199 811 2263 modo
855 2198 1079 2263 albedo
1128 2196 1295 2262 Petri
1343 2203 1436 2263 est
1478 2198 1919 2291 individuum3
1952 2202 2016 2261 et
2040 2196 2165 2261 hoc

570 2291 575 2299 ’
622 2304 811 2368 modo
864 2302 1269 2368 individuum
1312 2302 1544 2367 dicitur
1586 2303 1759 2385 quod
1803 2305 1898 2366 est
1936 2301 2189 2385 indivi-v

620 2428 766 2475 sum
794 2410 862 2472 in
890 2428 957 2473 se
995 2431 1009 2474 :
1041 2414 1103 2475 et
1131 2410 1222 2473 sic
1248 2410 1490 2493 absque
1520 2410 1714 2474 dubio
1753 2409 2035 2474 Christus
2061 2427 2163 2473 se-

621 2502 905 2583 cundum
949 2519 1121 2601 quod
1159 2519 1355 2583 homo
1407 2523 1501 2582 est
1536 2519 1971 2583 individuum.
2018 2519 2161 2583 Alio

621 2625 810 2689 modo
852 2624 1086 2689 dicitur
1116 2625 1522 2690 individuum
1548 2674 1566 2705 ,
1597 2626 1768 2709 quod
1797 2630 1894 2689 est
1915 2625 1995 2690 ab
2021 2626 2162 2689 aliis

619 2731 902 2796 divisum
919 2779 941 2811 ,
971 2735 1036 2795 et
1072 2731 1354 2796 subsistit
1381 2731 1451 2795 in
1477 2750 1544 2795 se
1571 2739 1634 2796 et
1660 2751 1775 2815 per
1803 2751 1870 2796 se
1903 2755 1918 2797 ε
1950 2737 2011 2796 et
2038 2733 2161 2796 hoc

619 2844 810 2909 modo
855 2843 1214 2926 accipiendo
1256 2844 1695 2922 individuum,
1727 2844 2016 2909 humana
2042 2864 2159 2908 na-

619 2954 765 3014 tura
817 2949 885 3013 in
942 2948 1188 3014 Christo
1246 2969 1379 3043 non
1431 2956 1526 3014 est
1570 2951 1996 3016 individuum.
2052 2951 2163 3016 Est

619 3059 795 3123 enim
819 3058 1001 3123 unita
1026 3057 1233 3123 Verbo
1259 3060 1561 3138 increato,
1591 3059 1754 3123 sicut
1780 3079 1900 3124 suo
1921 3079 2163 3144 suppo-

619 3167 762 3230 sit0.
811 3165 934 3231 Per
983 3166 1159 3230 hunc
1203 3166 1395 3231 etiam
1443 3167 1704 3232 modum
1748 3168 2161 3250 distinguen-

619 3277 778 3342 dum
808 3279 935 3355 est,
969 3294 1120 3340 cum
1171 3275 1446 3340 dicitur:
1490 3299 1521 3335 c<
1548 3275 1836 3339 Christus
1857 3324 1878 3355 ‚
1929 3296 2162 3341 semm-

623 3383 780 3447 dum
847 3384 1018 3466 quod
1061 3383 1258 3447 homo
1286 3430 1303 3460 ,
1345 3387 1441 3446 est
1495 3383 1894 3466 suppositum
1927 3403 1943 3446 z
1984 3406 2014 3444 n
2070 3390 2164 3448 est

622 3491 796 3555 enim
850 3490 1254 3573 suppositum
1301 3491 1372 3554 in
1424 3509 1556 3574 quo
1588 3539 1606 3569 ,
1654 3493 1718 3553 et
1756 3492 2160 3574 suppositum

378 3612 580 3668 sappo-i·
621 3598 701 3662 de
749 3615 900 3680 quo.
953 3595 1021 3662 Si
1075 3597 1324 3662 dicatur
1379 3597 1780 3680 suppositum
1828 3597 1986 3662 illud
2010 3647 2026 3677 ‚
2085 3599 2163 3663 de

380 3679 595 3794 „3me
621 3722 751 3787 quo
785 3705 1061 3770 alterum
1097 3705 1515 3788 praedicatur,
1543 3708 1605 3768 et
1628 3704 1800 3787 quod
1828 3705 2163 3786 subjicitur

406 3802 574 3910 2223}
620 3811 971 3895 superiori,
1004 3812 1287 3877 Christus
1309 3861 1325 3889 ,
1357 3811 1711 3876 secundum
1739 3812 1910 3890 quod
1938 3813 2158 3894 h0m0,

620 3924 715 3985 est
741 3920 1166 4003 suppositum.
1207 3918 1275 3983 Si
1302 3938 1455 3984 vero
1480 3920 1726 3984 dicatur
1747 3921 1903 3985 illud
1933 3940 2163 4004 suppo-

617 4027 813 4092 situm
837 4075 855 4104 ,
900 4027 972 4090 in
1014 4044 1144 4108 quo
1189 4029 1394 4090 totum
1431 4044 1565 4090 esse
1610 4027 1703 4089 rei
1739 4027 2055 4091 stabilitur
2103 4032 2164 4090 et

616 4136 944 4212 fundatur,
993 4134 1086 4199 sic
1121 4152 1253 4199 non
1294 4138 1389 4198 est
1436 4136 1911 4201 concedendum
1942 4137 2162 4202 Chris-

616 4246 758 4306 tum
788 4257 923 4305 esse
949 4242 1352 4325 suppositum
1372 4242 1725 4306 secundum
1744 4244 1915 4324 quod
1941 4243 2157 4323 hom0,

617 4350 739 4413 nisi
767 4352 1046 4413 arctetur
1073 4349 1235 4413 ratio
1262 4349 1597 4433 suppositi,
1631 4354 1704 4414 ut
1734 4350 1981 4414 dicatur
2004 4368 2157 4433 sup—

616 4456 900 4540 positum
941 4455 1366 4520 accidentium
1411 4461 1475 4520 et
1509 4457 1968 4539 proprietatum
1996 4458 2162 4521 acci-

615 4563 990 4628 dentalium.
1023 4560 1200 4627 Unde
1226 4562 1383 4644 quia
1409 4562 1480 4626 in
1512 4563 1703 4627 unica
1726 4564 1825 4627 sui
1855 4564 2163 4646 acceptio-

616 4690 722 4748 ne,
749 4673 880 4733 tam
910 4687 1145 4734 nomen
1174 4669 1513 4751 individui,
1544 4690 1743 4754 quam
1762 4689 1996 4738 nomen
2012 4692 2162 4757 sup-

615 4778 801 4863 positi
835 4778 1199 4861 aequipollet
1222 4779 1572 4862 hypostasi,
1594 4780 1769 4844 falsae
1798 4787 1950 4845 sunt
1984 4800 2160 4865 prae-

614 4886 801 4952 dictae
843 4885 1194 4949 locutiones
1235 4903 1317 4948 ex
1361 4885 1582 4951 eadem
1629 4905 1820 4951 causa
1838 4937 1855 4967 ,
1906 4907 1985 4952 ex
2030 4908 2161 4971 qua

616 4993 679 5054 et
705 4989 938 5053 locutio
984 4987 1289 5071 praedicta
1308 5037 1325 5068 ,
1358 4988 1593 5053 scilicet
1623 5008 1639 5053 ε
1680 5013 1711 5051 <‹
1739 4990 2022 5055 Christus
2063 4997 2159 5056 est

612 5095 974 5179 hypostasis
1000 5095 1355 5160 secundum
1392 5097 1562 5180 quod
1586 5069 1782 5162 homo
1814 5116 1832 5162 ε
1862 5120 1894 5157 ι)
1929 5117 2159 5182 seque-

610 5207 794 5267 retur
839 5201 1013 5266 enim
1040 5202 1213 5284 quod
1237 5203 1306 5265 in
1339 5201 1583 5268 Christo
1610 5208 1817 5270 essent
1843 5206 1971 5271 duo
1997 5225 2150 5290 sup·

671 5363 740 5429 (a)
769 5362 857 5414 Al.
886 5363 1280 5426 suppositaliter.
1299 5390 1353 5401 -—
1388 5363 1450 5428 (ὁ)
1475 5366 1598 5417 Goet.
1640 5365 1761 5417 edit.
1796 5367 1930 5420 deest
1959 5369 2152 5424 locum.

609 5462 663 5483 ,-
688 5437 749 5508 (c)
792 5433 1098 5508 productivo
1111 5471 1130 5503 ,
1159 5435 1304 5490 unica
1331 5450 1463 5495 voce.

1716 448 2343 518 SENTENTIARUM
2383 450 2533 517 LIB.
2580 449 2695 517 111.

2274 587 2482 671 posita
2526 590 2589 651 et
2628 586 2774 652 duae
2815 588 3189 672 hypostases
3221 609 3236 653 :
3266 592 3328 653 et
3373 588 3462 653 ita
3500 607 3631 654 non
3661 597 3827 658 esset

2274 713 2502 775 unum,
2536 713 2655 760 nec
2681 699 2846 761 esset
2867 696 2935 759 in
2964 714 3041 761 eo
3061 716 3215 761 vera
3243 700 3423 762 uni0.
3457 696 3826 764 Secundum

2273 805 2492 866 autem
2534 801 2727 865 aliam
2798 804 3231 886 acceptionem
3281 809 3547 886 possunt
3596 823 3824 871 conce·

2277 909 2345 973 di
2370 930 2385 971 t
2409 911 2473 973 et
2500 927 2614 992 per
2638 908 2762 973 hoc
2785 915 3052 992 possunt
3078 911 3336 975 dissolvi
3357 911 3655 990 rationes,
3677 931 3827 995 quae

2274 1000 2670 1082 inducuntur
2710 1018 2789 1082 ad
2838 1023 3180 1100 utramque
3219 1022 3491 1101 partem.
3532 1018 3830 1086 Rationes

2274 1123 2447 1186 enim
2498 1140 2646 1206 quae
2695 1123 3095 1213 indupuntur
3136 1125 3215 1189 ad
3245 1125 3524 1207 primam
3552 1131 3824 1209 partem,

2274 1231 2629 1314 procedunt
2668 1232 2748 1296 de
2776 1232 3107 1297 individuo
3135 1233 3490 1298 secundum
3519 1235 3690 1316 quod
3718 1234 3828 1299 in-

2275 1339 2615 1405 dividuum
2642 1340 2900 1420 dicitur,
2932 1340 3107 1423 quod
3135 1342 3213 1406 de
3241 1360 3375 1405 uno
3404 1342 3537 1407 solo
3568 1342 3821 1407 dicitur.

2276 1445 2570 1510 Rationes
2616 1465 2768 1513 vero
2813 1447 2890 1511 ad
2925 1451 3173 1530 partem
3202 1452 3575 1531 sequentem
3603 1467 3826 1532 prooe-

2275 1555 2436 1620 dunt
2470 1557 2548 1621 de
2576 1556 2912 1622 individuo
2952 1560 3306 1624 secundum
3337 1559 3507 1641 quod
3548 1542 3681 1623 non
3716 1578 3828 1623 so-

2273 1663 2411 1727 lum
2449 1663 2759 1728 dividitur
2805 1665 2887 1728 ab
2933 1665 3057 1729 alio
3075 1710 3096 1742 ‚
3124 1666 3235 1730 sed
3264 1665 3459 1729 etiam
3499 1665 3567 1728 in
3610 1684 3828 1748 quan-

2276 1773 2417 1834 tum
2436 1769 2742 1835 dividitur
2759 1771 2839 1834 ab
2866 1771 2992 1835 alio
3018 1772 3370 1854 supposito,
3388 1772 3491 1836 vel
3524 1774 3829 1855 supponit

2277 1876 2460 1940 aliter
2481 1878 2596 1958 (a);
2622 1882 2686 1940 et
2712 1878 2836 1941 hoc
2864 1878 3125 1961 quidem
3145 1879 3361 1943 locum
3385 1880 3457 1961 (b)
3479 1897 3612 1942 non
3635 1879 3833 1944 habet

2275 1984 2344 2046 in
2375 1983 2627 2049 Christo
2655 2003 2671 2047 z
2707 1989 2770 2048 et
2811 1986 2933 2050 hoc
2981 1990 3188 2051 totum
3216 1992 3387 2069 patet
3417 1989 3828 2069 pertractanti

2276 2090 2563 2171 singulas
2603 2092 2899 2156 rationes,
2953 2093 3047 2156 Ex
3073 2094 3174 2157 his
3201 2098 3372 2176 patet
3399 2093 3570 2175 quod
3597 2093 3830 2158 ultimo

2275 2198 2705 2279 quaerebatur,
2744 2217 2893 2281 quae
2921 2200 3157 2264 scilicet
3198 2200 3549 2265 locutiones
3585 2200 3657 2262 in
3704 2200 3831 2263 hac

2275 2305 2541 2369 materia
2565 2305 2696 2368 sint
2722 2306 3130 2371 admittendae
3150 2355 3172 2385 ,
3216 2311 3279 2371 et
3306 2325 3456 2389 quae
3493 2325 3646 2369 non.
3695 2306 3829 2370 111ae

2275 2412 2448 2475 enim
2477 2411 2892 2476 concedendae
2936 2417 3124 2487 sunt,
3161 2431 3310 2494 quae
3352 2414 3442 2475 sic
3489 2412 3827 2476 veritatem

2274 2524 2336 2583 et
2363 2521 2812 2602 proprietatem
2841 2524 3219 2584 naturarum
3242 2520 3618 2601 important,
3649 2521 3828 2602 quod

2272 2626 2365 2689 illi
2392 2643 2667 2690 summae
2696 2625 2919 2690 unioni
2949 2644 3081 2689 non
3111 2626 3560 2708 praejudicant,
3594 2627 3663 2689 in
3689 2646 3822 2710 qua

2274 2736 2536 2819 quidem
2564 2735 2725 2799 sacta
2750 2739 2842 2799 est
2869 2735 3026 2798 unio
3050 2736 3118 2798 in
3147 2754 3420 2817 persona
3448 2734 3662 2813 Verbi,
3690 2756 3826 2801 non

2273 2842 2483 2905 solum
2509 2843 2580 2904 in
2603 2845 2918 2924 quantum
2949 2842 3103 2906 dicit
3129 2843 3506 2923 dignitatem
3530 2844 3827 2925 proprie-

2274 2949 2441 3027 tatis,
2473 2948 2582 3013 sed
2605 2950 2800 3013 etiam
2827 2949 2892 3011 in
2919 2954 3237 3031 quantum
3256 2950 3827 3033 dicitsuppositum

2273 3055 2872 3119 incommunicabile
2903 3105 2921 3135 ,
2966 3056 3201 3120 scilicet
3248 3058 3451 3139 ipsam
3516 3059 3829 3140 hyposta-

2274 3164 2422 3242 sim,
2453 3165 2700 3228 ratione
2726 3166 2914 3246 cujus
2944 3168 3038 3228 est
3069 3170 3299 3230 mutua
3323 3167 3722 3249 praedicatiO,
3759 3173 3826 3232 et

2273 3272 2651 3336 idiomatum
2700 3272 3215 3336 communicatio
3264 3273 3341 3337 Et
3367 3275 3487 3338 hoc
3513 3277 3826 3356 tanquam

2275 3398 2390 3462 pro
2442 3380 2695 3445 ductivo
2743 3381 2814 3463 (c)
2864 3380 2967 3446 vel
3008 3380 3318 3444 directivo
3371 3382 3683 3465 principio
3725 3388 3827 3447 est

2274 3487 2645 3551 habendum
2666 3536 2686 3566 ‚
2718 3487 2871 3569 quia
2918 3487 2987 3549 in
3029 3486 3137 3549 illa
3185 3487 3426 3552 unione
3469 3488 3653 3551 beata
3679 3507 3825 3570 per-

2275 3613 2431 3659 sona
2455 3595 2648 3661 Verbi
2681 3596 2827 3660 fecit
2853 3614 2920 3661 se
2949 3596 3350 3678 suppositum
3382 3597 3684 3661 humanae
3709 3615 3825 3661 ua-

2274 3707 2461 3789 turae,
2493 3703 2653 3766 sicut
2675 3702 2915 3784 pluries
2939 3702 3009 3764 in
3037 3703 3542 3785 praecedentibus
3571 3703 3823 3768 dictum

2275 3813 2390 3873 est.
2435 3809 2513 3872 Et
2559 3827 2672 3891 pro
2700 3811 2876 3872 tanto
2903 3808 3190 3873 humana
3217 3813 3447 3873 natura
3474 3810 3542 3872 in
3572 3808 3824 3876 Christo

2274 3916 2505 3980 dicitur
2530 3934 2801 3997 vergere
2825 3917 2895 3979 in
2925 3916 3214 3979 accidens
3247 3938 3262 3980 t
3304 3922 3366 3980 et
3395 3918 3533 3981 ideo
3560 3916 3826 3999 aliquod

2276 4022 2730 4105 praedicatum,
2763 4022 2935 4103 quod
2979 4022 3132 4086 dicit
3177 4024 3442 4088 modum
3484 4023 3819 4103 existendi,

2274 4148 2425 4193 vere
2465 4129 2835 4194 attribuitur
2862 4129 3046 4194 nobis
3072 4132 3425 4195 secundum
3460 4132 3824 4196 humanam

2273 4241 2605 4316 naturam,
2645 4236 2814 4318 quod
2865 4240 3082 4300 tamen
3123 4255 3256 4300 non
3299 4257 3450 4303 vere
3491 4238 3823 4304 attribitur

2274 4343 2516 4407 Christo
2538 4343 2889 4408 secundum
2913 4344 3292 4425 humanam,
3324 4346 3432 4410 sed
3464 4347 3826 4411 secundum

2272 4452 2583 4531 divinam,
2613 4451 2849 4515 scilicet
2875 4470 3010 4515 esse
3042 4471 3402 4534 personam,
3436 4456 3499 4516 et
3525 4471 3663 4517 esse
3689 4453 3826 4536 hy-

2272 4559 2606 4641 postasim,
2656 4562 2720 4622 et
2778 4576 2913 4622 esse
2956 4559 3367 4625 individuum
3386 4609 3402 4637 ,
3460 4561 3825 4626 secundum

2272 4666 2443 4749 quod
2460 4665 2767 4729 vocabulo
2784 4665 3141 4749 hypostasis
3165 4667 3579 4749 aequipollent
3599 4689 3615 4746 ;
3643 4667 3819 4749 licet,

2270 4773 2627 4837 secundum
2640 4772 2988 4853 largiorem
3009 4774 3274 4838 modum
3293 4774 3664 4856 accipiendi,
3687 4774 3824 4842 duo

2273 4881 2501 4946 ultima
2518 4882 2785 4963 possunt
2802 4879 3084 4959 attribui,
3102 4885 3175 4944 ut
3190 4881 3567 4963 praedictum
3584 4885 3700 4946 est.

2351 4987 2474 5053 Sed
2500 4990 2721 5051 contra
2748 4987 3048 5068 praedicta
3082 4987 3338 5051 videtur
3377 5005 3559 5069 posse
3599 4986 3820 5069 oinei,

2267 5096 2578 5180 quoniam
2607 5095 2863 5159 videtur
2905 5094 3078 5177 quod
3119 5094 3426 5175 Christus,
3457 5096 3822 5160 secundum

2268 5205 2441 5289 quod
2465 5204 2686 5278 homo,
2721 5220 2871 5267 vere
2898 5205 2962 5266 et
2989 5202 3242 5285 proprie
3270 5202 3355 5266 sit
3382 5202 3819 5270 individuum.

2269 5312 2442 5377 Sicut
2482 5310 2655 5374 enim
2684 5310 2752 5374 in
2792 5311 3068 5374 secundo
3116 5309 3281 5374 libro
3320 5315 3643 5375 ostensum
3669 5311 3823 5394 fuit,

2266 5417 2688 5487 individuatio
2747 5422 2843 5482 est
2886 5435 2968 5484 ex
3005 5417 3586 5484 communicatione
3611 5422 3831 5486 mate-
