4185 6288
78 1004 164 1171 gg?

76 939 173 1045 βξ.

166 953 199 983 β

237 944 262 983 t·

174 971 215 1108 02..

216 1002 276 1170 εῖτ

1344 449 1539 516 DlST.
1583 446 1765 514 XXX.
1812 442 1992 511 ΛΒΤ.
2039 445 2088 512 1.
2134 445 2440 525 QUAEST.
2486 446 2537 511 1.

330 606 480 653 nem
508 589 592 687 ad
629 589 1105 673 dispositionem
1139 587 1344 653 divini
1382 583 1754 668 regiminis,
1787 583 1879 646 sic

332 696 637 761 dixerunt
672 696 894 779 aliqui,
943 694 1115 779 quod
1160 713 1245 760 ex
1288 693 1880 778 quantulacumque

335 805 636 869 charitate
679 808 885 888 potest
925 805 1072 887 quis
1114 804 1405 869 resistere
1446 804 1881 884 quantaecum-

270 972 281 983 .
335 928 461 991 que
490 910 822 976 tentationi
849 933 866 990 ;
897 911 1005 975 alii
1026 930 1203 992 vero,
1226 911 1397 994 quod
1415 926 1571 974 non.
1607 907 1685 971 Et
1710 905 1881 970 utri-

248 1016 305 1098 ξ·
336 1035 463 1099 que
496 1036 726 1083 verum
762 1019 970 1083 dicere
1009 1022 1376 1102 potuerunt,
1409 1034 1528 1081 nec
1570 1014 1692 1079 sibi
1732 1031 1883 1078 con-

165 1141 230 1172 Μ
284 1159 295 1171 -
335 1124 695 1205 tradicunt,
747 1126 804 1189 si
846 1131 1015 1190 recte
1074 1126 1536 1206 intelligantur.
1593 1119 1666 1185 Si¹
1707 1120 1882 1184 enim

331 1231 676 1313 loquamur
700 1237 1017 1315 quantum
1040 1233 1120 1298 ad
1133 1232 1502 1297 tentationis
1517 1229 1879 1305 exordium,

332 1338 924 1423 quantulacumque
985 1339 1260 1404 charitas
1320 1339 1528 1422 potest
1591 1335 1883 1400 resistere

334 1450 875 1530 quantaecumque
903 1446 1260 1526 tentationi,
1294 1445 1448 1528 quia
1475 1445 1642 1508 Deus
1669 1441 1883 1508 homi-

332 1569 486 1616 nem
521 1551 865 1617 habentem
901 1552 1274 1616 charitatem
1324 1569 1660 1635 nunquam
1702 1551 1880 1615 dese-

334 1656 453 1734 rit,
484 1656 610 1720 nisi
636 1655 741 1721 ille
782 1657 1143 1722 voluntarie
1171 1657 1252 1720 ab
1292 1675 1369 1720 eo
1408 1656 1693 1734 recedat3
1725 1655 1883 1737 quin

335 1763 548 1843 potius
587 1764 938 1829 secundum
987 1764 1160 1846 quod
1194 1767 1475 1844 augetur
1517 1762 1885 1827 tentationis

337 1869 603 1948 bellum,
645 1876 944 1953 operatur
989 1872 1155 1935 Deus
1206 1870 1531 1936 charitatis
1574 1887 1884 1951 augmen-

337 1980 501 2041 tum.
565 1975 780 2057 Unde,
846 1985 1446 2061 quantumcumque
1502 1978 1585 2041 sit
1634 1978 1887 2042 modica

339 2084 615 2148 charitas
639 2084 711 2147 in
736 2084 1021 2165 homine,
1050 2104 1391 2169 nunquam
1416 2087 1622 2168 potest
1644 2084 1887 2150 invitus

343 2189 423 2253 ab
458 2190 820 2256 adversario
849 2192 1072 2274 dejici,
1105 2193 1290 2275 quia,
1320 2192 1674 2258 secundum
1713 2193 1886 2274 quod

345 2302 566 2366 crescit
589 2302 853 2383 bellum,
887 2304 1110 2368 crescit
1134 2304 1550 2385 adiutorium,
1582 2302 1635 2366 si
1671 2307 1888 2366 tamen

348 2409 545 2473 homo
569 2409 755 2475 faciat
781 2411 953 2492 quod
985 2411 1053 2474 in
1077 2429 1145 2474 se
1173 2415 1288 2475 est.
1319 2410 1388 2475 Si
1414 2414 1632 2474 autem
1658 2410 1888 2492 loqua-

350 2534 499 2580 mur
536 2518 615 2583 de
649 2518 992 2582 tentatione
1026 2521 1342 2600 quantum
1369 2517 1446 2580 ad
1477 2535 1886 2581 consumma-

348 2626 590 2691 tionem
635 2627 953 2708 victoriae,
983 2627 1074 2692 sic
1111 2645 1241 2691 non
1285 2629 1489 2711 potest
1529 2645 1688 2704 esse,
1718 2625 1890 2709 quod

350 2733 546 2798 homo
570 2751 655 2797 ex
685 2735 934 2800 modica
960 2735 1263 2799 charitate
1289 2735 1538 2799 resistat
1559 2733 1889 2797 tentationi

350 2841 677 2920 maximae,
706 2841 860 2925 quia
885 2860 1015 2906 non
1038 2843 1277 2924 patitur
1303 2841 1459 2905 ordo
1484 2841 1721 2905 divinae
1741 2843 1889 2922 jus-

349 2947 531 3025 titiae,
561 2949 722 3031 quin
752 2968 835 3014 ex
862 2950 1128 3015 victoria
1162 2950 1385 3031 magni
1421 2949 1570 3013 belli
1605 2950 1717 3034 flat
1747 2966 1888 3014 am-

350 3055 648 3137 plificatio
691 3056 924 3120 meriti.
968 3055 1168 3136 Unde,
1208 3057 1373 3120 sicut
1415 3055 1537 3119 ista
1584 3056 1712 3120 duo
1757 3074 1891 3120 non

349 3164 812 3244 contradicunt,
844 3165 954 3229 sed
981 3164 1176 3228 simul
1202 3183 1356 3231 vera
1383 3167 1585 3229 sunt:
1623 3186 1656 3225 α
1684 3163 1893 3228 Possi-

346 3270 472 3335 hile
499 3271 792 3353 estquod
818 3290 902 3336 ex
928 3253 1130 3354 parva
1155 3271 1459 3336 charitate
1485 3271 1555 3335 in
1580 3271 1891 3354 principio

344 3374 716 3439 tentationis
733 3424 752 3453 ,
799 3378 864 3439 et
906 3392 1153 3457 magna
1200 3374 1272 3438 in
1334 3376 1466 3440 ssne
1489 3423 1509 3455 ,
1562 3375 1893 3440 resistatur

344 3499 603 3562 magnae
641 3482 1013 3561 tentationi3
1042 3505 1074 3542 2>
1110 3486 1173 3546 et
1198 3481 1434 3546 iterum
1465 3503 1481 3545 ε
1532 3503 1563 3543 ιι
1591 3466 1893 3546 Possibile

341 3591 470 3667 est,
520 3589 693 3671 quod
740 3607 824 3653 ex
872 3608 1072 3673 parva
1118 3588 1422 3653 charitate
1466 3588 1536 3651 in
1580 3588 1891 3672 principio

342 3695 703 3761 tentationis
731 3700 794 3761 et
820 3696 889 3759 in
929 3698 1089 3775 fine,
1120 3713 1252 3760 non
1282 3696 1606 3760 resistatur
1633 3712 1894 3777 magna)

345 3804 676 3867 tentationi
702 3826 723 3882 3
749 3825 781 3863 υ
815 3803 905 3866 sic
946 3822 1079 3867 non
1123 3802 1384 3866 obviant
1422 3802 1541 3866 sibi
1586 3803 1714 3868 illae
1748 3803 1894 3868 duae

344 3910 698 3993 opiniones„
728 3908 1032 3975 Similiter
1060 3910 1116 3973 si
1144 3909 1490 3991 loquamur
1511 3910 1588 3974 de
1610 3911 1893 3993 potentia

342 4018 666 4083 charitatis
691 4035 806 4100 per
832 4017 1370 4100 comparationem
1396 4016 1477 4081 ad
1510 4018 1683 4081 vires
1710 4018 1894 4082 liberi

340 4124 588 4188 arbitrii
621 4124 1041 4206 cooperantis,
1065 4123 1304 4205 duplex
1327 4123 1449 4186 fuit
1476 4124 1711 4205 opinio.
1732 4123 1894 4187 Nam

341 4231 608 4314 quidam
635 4231 961 4308 dixerunt,
991 4229 1163 4313 quod
1191 4248 1274 4293 ex
1292 4230 1895 4314 ¹quantulacumque

341 4339 645 4403 charitate
687 4342 893 4420 potest
936 4337 1081 4419 quis
1121 4338 1414 4401 resistere
1457 4343 1897 4419 quantaecum-

344 4465 470 4531 que
505 4445 838 4510 tentationi
864 4466 884 4523 ;
915 4445 1213 4528 quidam,
1245 4446 1416 4526 quod
1444 4464 1597 4510 non.
1630 4445 1709 4509 Et
1734 4447 1895 4511 ratio

343 4554 547 4636 hujus
571 4556 665 4618 est
698 4575 712 4617 :
749 4553 904 4635 quia
930 4553 1008 4616 de
1035 4552 1284 4617 viribus
1307 4552 1491 4616 liberi
1523 4553 1802 4632 arbitrii,
1834 4559 1896 4619 et

343 4662 548 4743 adjuti
597 4662 836 4742 gratia,
883 4666 981 4724 est
1020 4660 1100 4741 (a)
1129 4660 1310 4742 loqui
1356 4659 1691 4742 dupliciter
1731 4680 1750 4724 ε
1794 4660 1897 4725 vel

345 4773 660 4851 quantum
687 4767 767 4832 ad
792 4767 1150 4830 libertatem
1176 4765 1549 4845 voluntatiS,
1570 4766 1673 4832 vel
1700 4785 1898 4849 quan-

344 4884 487 4942 tum
517 4875 613 4939 »ad
659 4875 891 4938 vitium
936 4873 1328 4937 difficultatis
1369 4874 1451 4938 ad
1495 4874 1739 4938 bonum
1758 4922 1781 4954 ,
1832 4879 1898 4939 et

344 4984 678 5066 pronitatis
721 4983 803 5046 ad
842 4981 1108 5046 malum.
1142 4983 1209 5047 Si
1250 4999 1408 5063 ergo
1447 4982 1791 5065 loquamur
1818 4984 1897 5047 de

346 5092 555 5172 gratia
589 5108 701 5173 per
728 5089 1273 5172 comparationem
1300 5090 1379 5154 ad
1407 5090 1761 5156 libertatem
1789 5112 1899 5158 vo-

342 5196 645 5276 luntatis,
697 5196 791 5261 sic
832 5214 982 5260 cum
1026 5196 1168 5278 ipsa
1210 5197 1511 5261 voluntas
1568 5198 1648 5262 de
1698 5206 1768 5262 s‘e
1812 5199 1899 5262 sit

343 5304 545 5370 libera
569 5305 650 5369 ad
675 5303 1201 5369 consentiendum
1220 5352 1237 5382 ,
1267 5308 1330 5369 et
1356 5324 1469 5388 per
1511 5305 1790 5387 gratiam
1817 5306 1897 5370 sit

409 5432 475 5496 (a)
499 5429 637 5481 Edit.
671 5430 785 5481 Ven.
807 5433 860 5479 et
876 5412 1032 5491 —·'(b)
1060 5428 1461 5493 comparatione.

3416 453 3534 514 669

1983 580 2253 647 liberata
2276 600 2316 646 a
2341 581 2648 647 servitute
2676 581 2934 663 peccati,
2967 584 3032 645 et
3059 581 3204 662 cogi
3229 600 3361 647 non
3387 601 3536 666 pos-

1986 693 2102 771 sit,
2149 696 2356 776 potest
2399 694 2935 776 quantaecumque
2971 694 3303 758 tentationi
3345 696 3537 760 resis-

1986 804 2143 865 tere.
2194 799 2261 864 Si
2305 805 2523 865 autem
2568 800 2913 882 loquamur
2951 819 3067 883 per
3122 803 3537 885 comparatio-

1987 925 2140 972 nem
2168 907 2249 972 ad
2276 908 2507 972 vitium
2546 907 2937 973 difficultatis
2962 913 3023 972 et
3050 909 3411 991 pronitatiS,
3443 911 3539 982 sic,

1989 1033 2124 1079 non
2147 1019 2353 1097 potest
2381 1014 2674 1080 resistere
2696 1014 3004 1097 impulsui
3031 1017 3394 1081 tentationis
3416 1017 3538 1082 for-

1988 1122 2099 1202 tis,
2147 1123 2271 1186 nisi
2319 1123 2592 1187 charitas
2629 1124 2785 1188 adeo
2824 1123 3005 1186 fortis
3039 1124 3156 1203 sit,
3204 1124 3374 1206 quod
3412 1142 3532 1189 suo

1989 1228 2216 1311 vigore
2242 1235 2463 1294 contra
2491 1230 2871 1313 pronitatem
2895 1229 3167 1295 refrenet
3194 1249 3234 1294 a
3263 1231 3454 1311 ma10,
3475 1233 3542 1295 et

1989 1339 2212 1399 contra
2272 1337 2711 1401 difficultatem
2769 1337 3071 1401 accendat
3125 1337 3206 1402 ad
3263 1337 3532 1402 bonum.

1990 1441 2295 1507 Liberum
2328 1444 2501 1508 enim
2545 1444 2884 1508 arbitrium
2920 1462 3002 1510 ex
3036 1461 3169 1508 una
3207 1448 3386 1528 parte
3424 1445 3535 1510 ad-

1983 1551 2205 1631 jutum
2234 1551 2549 1634 adjutorio
2594 1552 2843 1633 gratiae,
2886 1555 2968 1616 e'x
3007 1551 3132 1616 alia
3175 1557 3355 1635 parte
3393 1570 3537 1617 cor-

1989 1659 2454 1740 ruptum'vitio
2481 1660 3037 1742 concupiscentias,
3070 1661 3329 1743 quando
3360 1662 3537 1726 exci-

1991 1770 2163 1830 tatur
2189 1767 2258 1830 in
2286 1767 2425 1848 ipso
2471 1786 2585 1850 per
2627 1767 3037 1831 tentationem
3077 1769 3353 1851 impetus
3380 1788 3532 1834 con-

1992 1874 2419 1956 cupiscentiae,
2447 1873 2801 1938 secundum
2815 1874 2986 1957 quod
3010 1876 3218 1956 magis
3239 1880 3302 1940 et
3324 1877 3536 1958 magis

1992 1980 2236 2044 fortiter
2285 1980 2629 2061 excitatur,
2679 1999 2794 2062 per
2845 1981 2967 2045 hoc
3017 1981 3265 2062 indiget
3305 1984 3537 2064 majori

1992 2087 2411 2170 repressione.
2433 2089 2510 2152 Et
2531 2090 2623 2152 sic
2645 2088 2909 2152 diversis
2931 2089 3538 2154 considerationibus

1994 2194 2249 2257 concedi
2277 2198 2483 2276 potest
2507 2195 2583 2258 de
2610 2194 2934 2273 charitate,
2966 2213 3080 2277 per
3118 2197 3540 2278 comparatio-

1993 2317 2146 2364 nem
2183 2301 2261 2365 ad
2294 2301 2570 2365 liberum
2594 2301 2933 2364 arbitrium
2953 2350 2970 2380 ,
3000 2303 3171 2383 quod
3202 2303 3538 2384 quantula·

1994 2425 2273 2489 cumque
2326 2408 2602 2471 charitas
2647 2411 2853 2490 potest
2905 2407 3193 2473 resistere
3239 2415 3540 2492 quantae-

1995 2532 2276 2598 cumque
2302 2514 2664 2592 tentationi,
2698 2519 2762 2579 et
2792 2515 2961 2598 quod
2988 2534 3116 2580 non
3148 2521 3351 2599 potest
3380 2540 3395 2581 :
3433 2537 3542 2601 po-

1994 2625 2117 2684 test
2142 2621 2425 2704 quidem,
2459 2622 2514 2684 si
2542 2627 2946 2703 comparetur
2970 2622 3045 2705 (b)
3076 2624 3155 2686 ad
3181 2624 3538 2689 dominium

1993 2726 2299 2793 libertatis
2319 2749 2336 2807 ;
2371 2748 2502 2793 non
2532 2732 2739 2811 potest
2775 2735 3015 2808 autem,
3054 2730 3109 2793 si
3137 2738 3541 2814 comparetur

1995 2836 2075 2898 ad
2116 2836 2348 2900 vitium
2389 2837 2725 2920 pronitatis
2765 2839 2830 2900 et
2857 2837 3267 2901 difficultatis
3304 2838 3381 2902 Et
3420 2839 3542 2906 hoc

1995 2943 2226 3007 melius
2251 2948 2450 3027 patet,
2481 2944 2535 3007 si
2562 2944 2705 3026 quis
2732 2944 3116 3024 consideret,
3148 2949 3211 3009 et
3237 2947 3537 3028 attendat,

1996 3056 2058 3114 et
2085 3050 2522 3133 experimento
2548 3056 2891 3132 cognoscat
2925 3054 3161 3116 statum
3195 3056 3259 3116 et
3284 3054 3542 3119 conflic-

1996 3163 2141 3221 tum
2163 3158 2505 3223 hominum
2546 3162 2959 3224 tentatorum.
2982 3160 3080 3224 Ex
3108 3161 3209 3226 his
3234 3164 3405 3243 patet
3430 3181 3542 3226 re·-

1996 3266 2251 3349 sponsio
2309 3266 2389 3329 ad
2434 3267 2851 3348 quaestionem
2897 3269 3305 3351 propositam.
3366 3269 3543 3335 Patet
3640 3350 3643 3353 Ι

1996 3375 2189 3438 etiam
2253 3373 2674 3438 nihilominus
2734 3377 3061 3458 responsio
3127 3379 3207 3442 ad
3272 3379 3537 3460 objecta.

1999 3480 2162 3546 Nam
2194 3480 2464 3545 rationes
2504 3500 2652 3564 quae
2680 3482 2953 3564 probant
2988 3483 3161 3564 quod
3200 3486 3542 3567 quantula-

1998 3606 2279 3670 cumque
2335 3587 2608 3651 charitas
2653 3593 2875 3673 potest,
2916 3589 3205 3654 resistere
3264 3597 3547 3674 quantae-

1997 3714 2274 3779 cumque
2300 3696 2654 3775 tentationi,
2685 3698 3037 3779 procedunt
3064 3698 3142 3761 de
3171 3698 3310 3781 ipsa
3337 3698 3547 3762 chari-

1997 3810 2127 3869 tate
2175 3823 2288 3887 per
2348 3804 2887 3885 comparationem
2942 3805 3022 3868 ad
3071 3804 3275 3869 Deum
3339 3807 3545 3890 ipsam

1999 3912 2413 3993 adjuvantem
2441 3914 2505 3973 et
2531 3916 3037 3993 promoventem,
3074 3917 3136 3975 et
3159 3932 3273 3996 per
3300 3933 3552 3996 compa·-

2000 4018 2316 4081 rationem
2345 4017 2423 4080 ad
2452 4017 2799 4081 voluntatis
2824 4019 3182 4083 libertatem
3208 4067 3224 4095 ,
3255 4020 3417 4084 sicut
3443 4021 3552 4083 in·

2001 4127 2206 4190 tuenti
2237 4129 2518 4209 apparet.
2540 4124 2994 4190 Verumtamen
3019 4126 3126 4190 illa
3148 4127 3329 4207 rati0,
3355 4146 3551 4209 quam

2001 4233 2221 4315 objicit
2264 4233 2342 4297 de
2379 4236 2670 4315 peccate,
2721 4250 2855 4297 non
2900 4233 3071 4297 valet
3107 4256 3121 4296 :
3154 4233 3328 4315 quod
3376 4235 3552 4297 enim

2002 4338 2233 4402 dicitur
2254 4385 2272 4417 ,
2335 4338 2506 4420 quod
2563 4343 3161 4420 quantumcumque
3220 4344 3551 4421 peccatum

2000 4463 2280 4529 parvum
2320 4445 2555 4509 sufficit
2597 4445 2677 4509 ad
2728 4444 3172 4527 expellendam
3214 4452 3552 4528 quantam-

2004 4570 2282 4633 cumque
2306 4552 2605 4633 gratiam,
2630 4553 2748 4615 hoc
2775 4569 2905 4616 non
2927 4558 3025 4616 est
3046 4553 3199 4635 quia
3221 4559 3549 4636 peccatum

2003 4663 2156 4740 agat
2179 4659 2249 4721 in
2295 4658 2501 4740 ipsam
2547 4658 2856 4739 gratiam,
2888 4659 2995 4723 sed
3033 4660 3186 4741 quia
3211 4660 3360 4724 facit
3389 4661 3548 4726 libe·-

2002 4784 2154 4829 rum
2197 4765 2535 4829 arbitrium
2587 4766 2853 4829 deiicere
2904 4785 2945 4829 a
2993 4766 3220 4847 gratiae
3244 4768 3544 4851 -comple-

2002 4877 2241 4936 mento.
2264 4872 2361 4936 Ex
2381 4872 2502 4936 hoc
2527 4877 2743 4936 autem
2762 4891 2893 4937 non
2910 4878 3114 4956 potest
3134 4873 3355 4937 inferri
3372 4876 3545 4956 quod

2001 4984 2260 5062 propter
2286 4979 2409 5043 hoc
2434 4979 3021 5062 quantulacumque
3043 4980 3253 5061 gratia
3275 4982 3550 5045 sufficiat

2003 5085 2082 5149 ad
2107 5085 2491 5149 vincendum
2510 5104 2770 5150 omnem
2788 5086 3141 5169 impulsum
3158 5077 3548 5171 tentationis,

2002 5193 2157 5276 quia
2182 5193 2428 5257 facilius
2454 5197 2549 5257 est
2571 5194 2873 5274 deficere,
2904 5213 3103 5275 quam
3130 5196 3290 5261 bene
3319 5198 3544 5263 facere.

2003 5301 2231 5366 Inferri
2258 5306 2474 5366 tamen
2500 5306 2739 5385 potest,
2767 5303 2936 5385 quod
2964 5305 3549 5391 quantulacumque

2009 5410 2216 5492 gratia
2243 5409 2559 5491 expellere
2585 5413 2790 5491 potest
2816 5427 3008 5474 omne
3034 5418 3383 5494 peccatum.
