4185 6288
729 473 851 544 552

728 628 866 677 non
889 609 1120 677 dicitur
1135 657 1156 690 ,
1195 607 1323 674 nisi
1361 607 1607 675 ratione
1640 608 1846 673 carnis
1886 627 1903 673 ε
1942 626 2101 691 ergo
2128 624 2280 674 caro

732 714 962 782 Christi
987 714 1108 780 fuit
1135 718 1411 791 mortua,
1440 713 1657 777 anima
1681 718 1990 795 separata.

815 823 974 888 Item
1010 822 1219 886 omnis
1247 821 1381 884 vita
1417 823 1512 885 est
1541 820 1622 885 ab
1653 820 1869 903 aliquo
1897 820 2281 885 informante

733 928 1096 996 vivificante
1125 946 1144 993 ε
1171 928 1282 992 sed
1308 946 1455 992 caro
1482 931 1623 1010 post
1650 927 2111 1010 separationem
2139 925 2278 989 ani-

733 1053 861 1102 mae
887 1053 1021 1101 non
1046 1034 1388 1101 uniebatur
1412 1034 1603 1098 alicui
1630 1032 1980 1098 vivificanti
2005 1049 2121 1116 per
2150 1050 2283 1096 mo-

732 1148 892 1214 dum
913 1148 1138 1213 tormae
1162 1167 1178 1212 ι
1206 1163 1363 1227 ergo
1390 1147 1530 1228 post
1556 1144 2022 1228 separationem
2046 1142 2281 1207 animae

734 1272 884 1320 caro
912 1270 1043 1319 non
1071 1252 1345 1317 habebat
1365 1252 1589 1332 vitam.

816 1363 976 1427 Item
1028 1378 1222 1426 omne
1273 1358 1445 1444 quod
1506 1358 1712 1436 vivit,
1761 1358 1952 1422 habet
2003 1357 2284 1440 aliquem

737 1487 932 1561 usum
959 1469 1114 1534 vitae
1134 1516 1155 1546 ‚
1183 1470 1405 1550 utpote
1444 1466 1539 1530 uti
1577 1466 1881 1531 alimento
1908 1465 2012 1531 vel
2055 1482 2281 1545 sensu,

736 1576 845 1643 vel
887 1580 1092 1654 motu,
1132 1573 1236 1640 vel
1280 1572 1605 1637 intellectu
1635 1594 1651 1639 :
1682 1573 1791 1637 sed
1830 1571 2084 1637 nullum
2130 1571 2288 1635 isto-

737 1664 890 1750 rum
916 1699 1063 1748 caro
1090 1680 1320 1746 Christi
1345 1679 1619 1744 habebat
1646 1682 1789 1762 post
1823 1676 2289 1761 separationem

738 1790 974 1855 animae
1004 1810 1022 1854 z
1053 1806 1210 1870 ergo
1241 1806 1372 1851 non
1394 1786 1674 1850 vivebat.

821 1897 979 1961 Item
1016 1895 1178 1961 nihil
1202 1895 1430 1959 vivum
1457 1894 1797 1957 suscitatur
1832 1891 1936 1956 vel
1975 1890 2287 1972 resurgit,

740 2004 896 2088 quia
943 2001 1269 2068 suscitatio
1311 2005 1375 2065 et
1421 1999 1802 2065 resurrectio
1840 2016 1974 2063 non
2022 2003 2120 2061 est
2166 1997 2291 2061 nisi

743 2112 985 2178 mortui
1014 2133 1032 2176 ε
1064 2110 1175 2176 sed
1214 2128 1362 2175 caro
1392 2109 1621 2174 Christi
1646 2107 1999 2173 resurrexit
2043 2111 2108 2170 et
2147 2123 2295 2170 sus·

743 2221 933 2286 citata
971 2219 1137 2284 ruit:
1171 2236 1330 2301 ergo
1371 2220 1512 2300 post
1556 2215 2018 2296 separationem
2057 2214 2294 2278 animae

743 2328 947 2394 vitam
967 2344 1101 2392 non
1127 2326 1372 2391 habuit.

1289 2575 1741 2646 CONCLUSIO.

753 2743 889 2803 Caro
920 2739 1120 2798 Christi
1138 2743 1263 2812 post
1285 2740 1690 2821 separationem?
1708 2734 1780 2791 ab
1799 2735 1988 2789 anima
2013 2747 2136 2789 vere
2161 2747 2301 2788 mor-

825 2838 922 2888 tua
950 2830 1093 2905 fuit,
1119 2831 1252 2901 quia
1284 2828 1466 2883 caruit
1492 2841 1626 2891 usu,
1658 2829 1710 2881 et
1739 2823 2110 2896 complemento
2136 2826 2291 2887 vitoe,

825 2926 878 2978 et
901 2922 1083 2989 toi-ma
1106 2920 1438 2989 vivificante.

832 3078 1022 3163 Resp.
1052 3079 1133 3144 ad
1159 3094 1301 3160 arg.
1334 3073 1681 3140 Dicendum
1711 3074 1882 3156 quod
1907 3073 2150 3158 absque
2177 3073 2298 3137 du·

751 3187 862 3254 bio
904 3206 1052 3253 caro
1101 3184 1330 3252 Christi
1375 3186 1516 3266 post
1565 3182 2029 3264 separationem
2068 3182 2303 3246 animae

752 3299 1012 3362 mortua
1055 3294 1175 3358 tuit
1212 3311 1230 3357 z
1277 3291 1495 3358 Caruit
1533 3290 1708 3354 enim
1752 3307 1879 3354 usu
1923 3296 1984 3353 et
2031 3289 2306 3372 comple-

752 3408 974 3471 mento
1019 3403 1194 3466 vitae.
1241 3398 1366 3465 Res
1416 3397 1596 3463 enim
1647 3397 1989 3480 corporalis
2035 3414 2171 3461 non
2212 3399 2307 3462 est

751 3514 905 3577 nata
929 3506 1244 3575 vivificari
1263 3505 1388 3570 nisi
1414 3503 1494 3570 ab
1520 3503 1735 3585 aliqua
1762 3504 1968 3566 forma
1991 3503 2307 3586 spirituali

754 3617 965 3702 ipsam
1018 3614 1377 3698 complente
1430 3615 1493 3677 et
1543 3611 1665 3674 sibi
1712 3610 2239 3693 proportionabili
2285 3623 2304 3668 ε

749 3725 1057 3808 quoniam
1105 3740 1265 3803 ergo
1314 3719 1383 3785 in
1438 3719 1577 3801 ipsa
1628 3718 2026 3799 separatione
2070 3718 2308 3782 animae

687 3901 690 3906 .
752 3847 900 3897 caro
943 3829 1174 3896 Christi
1215 3827 1420 3893 caruit
1459 3823 1838 3906 huiusmodi
1883 3823 2114 3900 forma,
2166 3823 2309 3891 ideo

753 3956 907 4004 vere
932 3937 1053 4003 ruit
1080 3940 1359 4001 mortua.
1391 3933 1469 3998 Et
1510 3932 1808 4015 quamvis
1835 3931 2101 3996 haberet
2141 3933 2308 3998 divi-

753 4043 1018 4107 nitatem
1045 4039 1292 4104 unitam
1316 4085 1334 4114 ,
1359 4052 1492 4100 non
1520 4040 1739 4098 tamen
1778 4032 1859 4096 ab
1895 4052 1971 4096 ea
2013 4034 2306 4099 vivifica·

753 4148 988 4225 batur;
1025 4164 1156 4210 non
1186 4145 1444 4228 propter
1471 4141 1786 4205 defectum
1814 4157 1854 4202 a
1879 4143 2058 4222 parte
2086 4140 2310 4207 vivifi-

755 4254 976 4332 cantiS,
1020 4251 1131 4317 sed
1173 4254 1436 4335 propter
1479 4247 2051 4330 improportionem
2090 4247 2311 4311 vivin-

755 4359 999 4425 cabilis.
1042 4357 1338 4422 Rationes
1365 4374 1546 4438 ergo,
1579 4372 1726 4438 quae
1755 4353 1838 4418 ad
1864 4353 2031 4417 hanc
2057 4358 2307 4437 partem

661 4539 676 4550 .
755 4465 1176 4545 inducuntur,
1207 4463 1627 4531 concedendae
1657 4464 1834 4525 sunt.

839 4581 900 4640 1.
944 4574 1045 4639 Ad
1072 4573 1228 4638 illud
1272 4590 1428 4638 vero
1457 4569 1630 4654 quod
1665 4569 1874 4653 primo
1902 4568 2199 4649 obiicitur
2237 4571 2308 4637 in

757 4680 1181 4758 contrarium,
1214 4678 1391 4763 quod
1422 4676 1683 4743 unitum
1708 4723 1726 4755 ,
1756 4676 1907 4741 vitae
1945 4676 2142 4759 vivit,
2167 4679 2308 4761 Jam

756 4794 930 4876 patet
955 4789 1284 4874 responsio
1312 4805 1332 4852 ι
1360 4787 1481 4851 hoc
1525 4783 1699 4850 enim
1726 4784 2059 4849 veritatem
2087 4785 2304 4864 habet,

757 4898 1014 4982 quando
1050 4896 1277 4962 unitur
1301 4894 1361 4958 ei
1389 4892 1551 4957 sicut
1578 4890 1965 4975 perfectibile
1994 4908 2131 4955 suae
2158 4909 2304 4974 per-

756 5000 1013 5066 fectioni
1043 5021 1061 5062 :
1094 4997 1184 5061 sic
1222 4999 1438 5061 autem
1480 5012 1614 5060 non
1649 4992 1877 5059 unitur
1912 5011 2060 5058 caro
2086 5010 2304 5077 perso·

756 5124 863 5173 nae
899 5104 1094 5172 Verbi
1126 5124 1143 5170 ε
1183 5107 1248 5170 et
1291 5103 1434 5169 ideo
1480 5120 1611 5166 non
1656 5103 1753 5165 est
1794 5099 2003 5164 simile
2053 5098 2136 5165 de
2169 5099 2309 5184 ipsa

757 5215 996 5294 anima,
1026 5216 1090 5276 et
1116 5210 1195 5277 de
1221 5228 1491 5294 persona
1515 5208 1756 5296 divina.

817 5373 836 5409 ¹
870 5370 954 5435 Cf.
986 5369 1302 5436 Richardus,
1334 5372 1400 5421 m
1426 5373 1586 5432 Sene„
1615 5368 1732 5419 dist.
1761 5378 1884 5430 xxx,
1913 5357 2011 5417 art.
2041 5370 2107 5429 2,
2137 5381 2193 5432 q.
2219 5378 2302 5432 1v3

755 5449 931 5514 Stepb.
954 5445 1167 5510 Brutos„
1195 5446 1260 5498 ΙΙΙ
1286 5448 1443 5507 Seni„
1471 5446 1591 5496 diat.
1618 5455 1731 5505 xxx,
1750 5456 1805 5507 q.
1829 5453 1903 5494 vt.

1902 468 2533 541 SENTENTIARUM
2569 469 2720 539 LIB.
2766 472 2876 540 111.

2467 611 2531 673 2.
2576 608 2675 674 Ad
2719 608 2879 675 illud
2925 607 3097 692 quod
3145 607 3466 691 objicitur,
3504 609 3678 693 quod
3716 607 3921 673 anima

2291 745 2296 748 ·
2386 733 2519 780 non
2550 717 2757 799 potuit
2783 717 2955 782 uniri
2982 717 3102 800 ipsi
3127 715 3357 796 Verbo,
3388 717 3550 800 quin
3578 717 3925 781 vivificare·

2387 826 2496 887 tur
2521 824 2602 887 ab
2640 823 2812 906 ipso,
2846 841 3005 905 ergo
3030 843 3149 888 nec
3176 841 3361 904 caro;
3394 823 3738 890 dicendum
3766 821 3926 906 quod

2388 948 2523 994 non
2550 935 2645 995 est
2671 931 2897 1009 simile,
2928 948 3045 1013 pro
3073 950 3150 996 eo
3178 932 3350 1015 quod
3374 933 3513 1014 ipsa
3539 933 3764 996 anima
3790 946 3929 994 cum

2388 1038 2472 1100 sit
2521 1036 2739 1118 imago
2789 1035 2919 1115 Dei,
2962 1041 3026 1100 et
3071 1036 3437 1103 immediate
3481 1041 3635 1102 nata
3673 1037 3830 1102 ferri
3867 1034 3928 1099 in

2391 1143 2625 1222 Deum,
2658 1162 2861 1227 capax
2887 1145 3027 1227 ejus
3053 1148 3180 1220 est,
3209 1150 3274 1210 et
3299 1146 3615 1228 particeps
3641 1163 3784 1209 esse
3826 1161 3933 1226 po-

2390 1256 2541 1334 test,
2574 1255 2638 1316 et
2663 1252 2751 1316 ita
2775 1252 3141 1318 immediate
3174 1254 3369 1318 habet
3398 1254 3482 1317 ab
3508 1253 3619 1317 illo
3645 1253 3812 1318 etin
3836 1250 3934 1315 illo

2390 1359 2613 1424 vivere
2638 1376 2755 1443 per
2780 1360 3218 1441 cognitionem
3246 1363 3309 1425 et
3336 1378 3627 1425 amorem
3661 1382 3679 1424 ε
3710 1359 3804 1424 sic
3827 1377 3936 1422 au-

2390 1469 2524 1530 tem
2567 1484 2699 1530 non
2742 1468 2838 1530 est
2879 1466 2958 1530 de
3000 1483 3225 1546 carne,
3256 1484 3393 1531 non
3431 1466 3607 1532 enim
3651 1469 3755 1531 est
3799 1469 3937 1530 nata

2394 1574 2594 1639 Deum
2624 1590 3027 1655 cognoscere,
3057 1574 3161 1638 vel
3188 1592 3430 1639 amare.

2477 1686 2536 1744 3.
2575 1679 2672 1744 Ad
2704 1680 2860 1744 illud
2889 1681 3063 1762 quod
3108 1681 3438 1763 objicitur,
3468 1680 3643 1763 quod
3672 1678 3936 1746 nobilior

2396 1792 2490 1851 est
2546 1787 2900 1852 substantia
2948 1788 3178 1853 vivens
3244 1787 3601 1852 substantia
3662 1805 3802 1852 non
3846 1786 3940 1851 vi·-

2394 1897 2622 1974 vente‚
2652 1894 2991 1960 dicendum
3033 1895 3206 1977 quod
3242 1913 3476 1960 verum
3512 1899 3650 1972 est,
3699 1893 3940 1958 caeteris

2398 2002 2538 2065 aliis
2582 2002 2843 2085 paribus
2875 2024 2891 2067 :
2923 2003 3034 2067 sed
3076 2021 3224 2067 caro
3270 2001 3500 2067 Christi
3549 2003 3700 2065 licet
3745 2002 3941 2065 careat

2399 2108 2570 2187 vita,
2617 2113 2755 2173 erat
2800 2114 3018 2173 tamen
3066 2109 3378 2174 divinitati
3424 2110 3606 2174 unita
3646 2125 3667 2172 t
3724 2114 3790 2173 et
3832 2107 3941 2172 hoc

2399 2215 2660 2296 quidem
2699 2217 3143 2299 praeponderat
3176 2216 3399 2281 multis
3437 2216 3581 2279 aliis
3618 2214 3943 2298 dignitati·

2402 2321 2545 2385 bus.
2599 2320 2934 2401 Praeterea,
2987 2343 3138 2389 cum
3181 2325 3418 2389 dicitur
3459 2323 3631 2407 quod
3676 2323 3943 2388 nobilior

2402 2433 2498 2493 est
2522 2431 2872 2495 substantia
2897 2431 3124 2497 vivens
3144 2432 3498 2496 substantia
3516 2449 3647 2495 non
3668 2430 3942 2507 vivente,

2404 2537 2526 2602 hoc
2543 2538 2925 2620 intelligitur
2948 2539 3028 2605 de
3051 2540 3407 2604 substantia
3433 2557 3582 2623 quae
3622 2543 3802 2604 caret
3824 2539 3945 2605 vita

2401 2645 2815 2727 simpliciter3
2847 2666 2993 2714 caro
3021 2653 3242 2713 autem
3274 2648 3510 2713 Christi
3533 2666 3669 2712 non
3703 2648 3946 2713 carebat

2403 2751 2539 2815 vita
2580 2752 2970 2836 simpliciter,
3000 2754 3109 2821 sed
3134 2755 3215 2820 ad
3248 2761 3524 2839 tempus..
3568 2753 3754 2820 Unde
3798 2756 3948 2819 sicut

2404 2855 2678 2921 nobilior
2704 2863 2798 2923 est
2826 2859 3001 2925 filius
3025 2862 3201 2943 regis
3226 2866 3450 2945 captus
3492 2864 3555 2926 et
3597 2861 3950 2926 incarcera-

2406 2969 2510 3028 tus
2554 2964 2686 3029 sslio
2723 2967 2943 3031 rustici
2972 2968 3042 3032 in
3081 2969 3369 3033 libertate
3412 2987 3532 3034 sua
3570 2969 3947 3047 constituto;

2406 3070 2496 3134 sic
2521 3073 2711 3137 etiam
2740 3073 3229 3158 intelligendum
3257 3082 3355 3144 est
3380 3079 3459 3143 de
3484 3096 3679 3142 carne
3708 3076 3949 3167 Christi,

2409 3197 2557 3262 quae
2605 3182 2854 3248 modico
2897 3186 3185 3267 tempore
3238 3186 3444 3251 caruit
3488 3186 3952 3268 complemento

2409 3289 2585 3368 vitae,
2615 3293 2689 3354 ut
2714 3294 2930 3374 postea
2949 3291 3414 3358 nobilissimam
3440 3293 3643 3359 vitam
3668 3311 3953 3360 resume-

2410 3397 2532 3459 ret.

2492 3506 2555 3565 4.
2584 3501 2678 3566 Ad
2706 3502 2865 3568 illud
2905 3504 3076 3586 quod
3110 3504 3444 3589 objicitur,
3472 3504 3645 3588 quod
3673 3524 3828 3571 caro
3855 3504 3955 3569 illa

2412 3624 2545 3671 non
2580 3609 2791 3689 potuit
2833 3609 3217 3690 incinerari;
3257 3610 3600 3675 dicendum
3642 3611 3824 3693 quod
3859 3611 3954 3676 di·

2412 3714 2567 3777 vina
2616 3714 2825 3781 virtus
2867 3716 3040 3781 illam
3091 3718 3540 3796 conservabat,
3582 3719 3696 3784 sed
3747 3723 3953 3782 tamen

2411 3825 2520 3890 illa
2546 3829 2944 3893 conservatio
2970 3847 3103 3894 non
3128 3833 3265 3894 erat
3286 3829 3651 3908 vivificatio,
3670 3849 3796 3894 nec
3821 3848 3955 3913 ope·

2413 3933 2576 3997 ratio
2620 3934 2796 3999 vitae.
2847 3935 3250 4000 Conservatio
3290 3936 3463 4000 enim
3507 3940 3571 4000 et
3616 3940 3952 4019 vegetatio,

2413 4059 2561 4124 quae
2627 4046 2723 4107 est
2770 4046 3051 4128 operatio
3104 4046 3290 4124 vitae,
3343 4045 3628 4129 procedit
3670 4065 3713 4110 a
3758 4046 3957 4110 forma

2413 4150 2794 4234 completiva
2838 4158 3142 4235 operante
3179 4171 3295 4236 per
3342 4153 3610 4218 modum
3656 4160 3953 4219 naturae:

2410 4258 2523 4323 sed
2571 4257 2681 4323 illa
2744 4260 3186 4341 conservatio,
3242 4278 3392 4343 quae
3442 4264 3580 4326 erat
3646 4261 3722 4325 in
3776 4276 3955 4325 carne

2414 4364 2645 4430 Christi
2670 4385 2753 4430 ne
2779 4370 3330 4450 corrumperetur,
3361 4371 3497 4432 erat
3522 4385 3563 4431 a
3598 4369 3841 4434 virtute
3865 4366 3954 4431 di-

2412 4473 2568 4537 vina
2593 4477 2895 4556 operante
2934 4492 3129 4558 super
3157 4478 3460 4539 naturam
3489 4491 3511 4537 ε
3542 4479 3608 4541 et
3645 4474 3794 4542 ideo
3835 4490 3958 4539 non

2413 4579 2585 4662 cogit
2610 4580 2721 4646 illa
2746 4580 2929 4645 ratio.

2903 4806 3263 4888 QUAESTIO
3305 4807 3414 4874 111.
3486 4877 3491 4882 ,

2413 4960 2508 5016 An
2527 4998 2546 5028 ,
2569 4961 2796 5032 propter
2823 4963 3046 5017 mortem
3073 4960 3283 5030 carnis,
3322 4973 3463 5016 mors
3494 4972 3741 5030 persono.
3795 4956 3954 5018 Verbi

2930 5051 3006 5105 sit
3032 5046 3386 5105 attribuendo
3408 5046 3447 5100 ¹.

2494 5206 2724 5273 Utrum
2769 5213 3033 5292 propter
3083 5211 3357 5273 mortem
3403 5206 3615 5272 carnis
3657 5208 3741 5272 sit
3783 5224 3950 5273 mors
3971 5215 4105 5264 nun

2410 5333 2702 5399 personae
2727 5314 2918 5383 Verbi
2944 5314 3346 5381 attribuenda
3370 5335 3389 5392 ;
3418 5333 3483 5380 et
3502 5316 3676 5398 quod
3703 5315 3821 5398 sic,
3848 5332 3943 5380 os-

2412 5425 2714 5490 tenditur.
2758 5424 3002 5490 Dicitur
3028 5422 3201 5488 enim
3228 5421 3298 5486 in
3325 5420 3634 5506 Symbolo
3670 5445 3688 5486 ε
3721 5424 3951 5490 Passus
