4185 6288
564 1632 632 1675 An

484 1693 640 1737 melius
649 1696 705 1737 ιὶι
735 1711 747 1723 ·

502 1756 687 1827 diligere

486 1830 553 1861 am
564 1832 602 1862 ne
617 1830 701 1891 φ..

484 1893 611 1935 quem
625 1895 705 1923 nn·

514 1944 648 1985 mices
662 1975 674 1996 ,

486 2004 552 2049 vel
570 2017 595 2048 e
607 2018 702 2048 oon·

522 2079 661 2112 veruo.

713 415 835 475 asi
1093 385 1104 394 '
1552 434 1555 438 .
1834 404 2457 473 ssmnriffluu
2498 353 2802 474 mnsm.

711 547 930 613 luntas
967 548 1243 630 perfecta
1277 553 1403 626 est,
1446 546 1753 631 profacto
1786 548 2119 629 reputatur
2147 566 2162 607 ι
2196 546 2260 609 et
2444 551 2505 611 4.
2558 548 2655 613 Ad
2703 547 2861 612 illud
2904 547 3078 631 quod
3128 546 3428 629 objicitur
3480 546 3561 610 de
3599 544 3878 610 beneflcio

714 658 858 724 ideo
904 658 1182 723 defectus
1230 656 1530 740 potentiae
1580 655 1647 717 in
1704 653 2077 736 exequendo
2126 670 2259 716 non
2365 653 2772 734 praebendali,
2792 655 2932 735 ,iam
2959 657 3132 736 patet
3158 653 3507 736 responsio,
3532 653 3676 736 quia
3696 670 3884 736 quan-

717 765 881 830 tollit
912 764 1204 829 ordinem
1249 763 1612 842 charitatis,
1656 762 1769 845 qui
1815 764 2132 843 quantum
2180 760 2260 824 ad
2364 762 2505 824 tum
2523 760 2601 825 ad
2620 759 2801 824 illum
2823 760 3124 824 effectum
3148 759 3223 841 (b)
3248 759 3543 836 minime,
3566 765 3636 823 ut
3659 759 3881 823 dictum

718 872 1017 937 effectum
1044 870 1413 936 interiorem
1449 871 1528 951 (a)
1562 869 1754 934 habet
1778 867 2036 932 attendi.
2365 872 2480 949 aet,
2513 869 2861 933 attenditur
2887 867 3044 933 ordo
3071 867 3419 931 charitatis,

1698 1110 2541 1207 DISTlNCTlO
2626 1111 2934 1205 XXX

1213 1395 1307 1440 DE
1375 1393 1830 1439 CBAMTATE
1902 1391 2278 1446 QUANTUH
2341 1394 2437 1439 An
2500 1392 2781 1439 ussnlrl
2853 1391 3452 1440 rznrsscrloussu.

820 1594 944 1664 Hic
993 1594 1158 1664 solet
1206 1593 1414 1686 quaeri
1468 1589 1630 1684 quid
1680 1595 1899 1682 potius
1951 1594 2060 1679 sit,
2123 1592 2467 1685 plurisque
2521 1593 2764 1680 meriti,
2822 1593 3097 1683 diligere
3151 1594 3433 1678 amicos,
3500 1617 3585 1662 an
3638 1594 3889 1683 diligere

732 1710 1052 1779 inimicos.
1112 1709 1241 1778 Sed
1294 1709 1430 1778 haec
1471 1709 1870 1801 comparatio
1914 1709 2237 1801 implicita
2277 1716 2396 1779 est.
2455 1708 2527 1777 Si
2582 1710 2760 1779 enim
2813 1711 3187 1779 conferatur
3245 1710 3510 1779 dilectio
3556 1711 3890 1780 amicorum

735 1834 989 1894 tantum
1019 1826 1351 1894 dilectioni
1376 1826 1772 1908 amicorum,
1825 1833 1891 1894 et
1925 1825 2124 1893 etiam
2170 1825 2625 1909 inimicorum,
2668 1827 3010 1917 perspicua
3052 1835 3150 1894 est
3192 1827 3544 1895 absolutio.
3584 1826 3710 1896 Sed
3738 1827 3789 1895 si
3827 1828 3891 1894 in

729 1943 954 2035 aliquo
999 1964 1135 2011 uno
1181 1941 1485 2026 homine,
1533 1942 1651 2033 qui
1696 1940 1912 2029 diligit
1952 1940 2152 2009 simul
2194 1941 2481 2010 amicum
2522 1950 2588 2010 et
2630 1933 3012 2027 inimicum,
3061 1943 3227 2033 quid
3273 1943 3515 2012 horum
3553 1944 3762 2036 potius
3791 1944 3889 2026 sit,

730 2067 1091 2150 quietatur,
1145 2057 1421 2126 obscura
1503 2065 1598 2124 est
1677 2056 2009 2148 responsio
2032 2082 2051 2143 3
2129 2057 2289 2147 quia
2355 2056 2436 2124 de
2501 2065 2686 2126 motu
2754 2059 2995 2126 mentis
3064 2058 3284 2147 agitur
3314 2111 3333 2143 ,
3408 2059 3489 2127 de
3563 2082 3696 2152 quo
3775 2082 3893 2127 non

728 2183 825 2244 est
866 2175 1057 2245 nobis
1099 2174 1288 2243 facile
1334 2173 1687 2264 judicium,
1745 2195 1830 2241 an
1884 2195 2060 2240 unus
2108 2181 2172 2240 et
2230 2172 2406 2241 idem
2461 2181 2678 2242 motus
2728 2174 2814 2241 sit
2876 2196 3033 2262 erga
3071 2198 3357 2243 amicum
3415 2184 3480 2244 et
3544 2175 3890 2261 inimicum,

728 2291 840 2360 sed
896 2313 1052 2380 erga
1099 2289 1385 2358 amicum
1437 2287 1797 2374 intensior;
1847 2311 1933 2357 an
1972 2288 2144 2374 duo,
2197 2312 2372 2357 unus
2424 2311 2581 2377 erga
2638 2289 3031 2375 inimicum,
3082 2290 3200 2381 qui
3252 2290 3494 2359 dicitur
3542 2291 3893 2376 difficilior,

728 2407 895 2476 alter
954 2430 1111 2497 erga
1156 2408 1442 2475 amicum
1474 2459 1492 2493 ,
1548 2406 1666 2498 qui
1713 2405 1978 2473 videtur
2036 2405 2441 2492 ferventior),
2494 2405 2629 2474 Nec
2678 2406 3039 2494 incongrue
3114 2414 3387 2497 putatur
3463 2407 3722 2492 melior,
3794 2407 3900 2497 qui

729 2532 825 2594 est
884 2524 1263 2593 ferventior.
1320 2523 1447 2593 Vel
1520 2523 1574 2590 si
1648 2544 1827 2590 unus
1873 2521 2182 2612 idemque
2250 2530 2390 2606 est,
2450 2521 2625 2590 idem
2700 2522 2940 2614 potior,
3015 2522 3134 2590 ubi
3206 2529 3301 2591 est
3353 2522 3725 2608 ardentior,
3780 2545 3901 2590 non

729 2640 1026 2733 improbe
1110 2639 1518 2707 exstimatur.
1594 2639 2011 2728 Augustinus
2111 2647 2330 2706 tamen
2406 2639 2647 2707 sentire
2742 2637 3007 2707 videtur
3103 2639 3316 2730 majus
3410 2661 3549 2708 esse
3650 2639 3901 2728 diligere

731 2757 1073 2825 inimicum
1120 2777 1322 2848 quam
1374 2755 1698 2842 amicum,
1751 2755 1910 2847 quia
1951 2754 2388 2847 perfectorum
2450 2777 2587 2823 esse
2643 2754 2800 2824 dicit
2857 2755 3137 2844 diligere
3198 2755 3536 2841 inimicos,
3596 2765 3665 2824 et
3727 2756 3902 2824 bene-

731 2874 940 2941 facere
994 2871 1087 2940 eis
1141 2896 1157 2939 ε
1217 2895 1432 2964 neque
1487 2872 1609 2940 hoc
1666 2896 1705 2940 a
1752 2880 1929 2940 tanta
1966 2870 2401 2941 multitudine
2449 2870 2747 2963 impleri,
2794 2880 3046 2965 quanta
3090 2872 3444 2941 exauditur
3515 2873 3588 2941 in
3632 2873 3903 2941 oratione

730 2988 1060 3059 dominica
1084 3043 1102 3077 ,
1160 3010 1313 3056 cum
1366 2988 1607 3057 dicitur
1659 2993 1678 3028 ¹
1741 3014 1755 3055 :
1811 2988 2096 3056 Dimitte
2142 2987 2331 3056 nobis
2384 2986 2607 3056 debita
2664 3000 2934 3071 nostra,
2991 2988 3162 3057 sicut
3218 3001 3282 3059 et
3331 3011 3451 3057 nos
3519 2987 3905 3058 dimittimus

732 3104 1128 3177 debitoribus
1153 3104 1418 3173 nostris.
1450 3104 1641 3173 Illam
1671 3103 1847 3173 enim
1874 3103 2289 3197 sponsionem
2315 3104 2473 3174 dicit
2499 3128 2539 3172 a
2569 3105 2795 3174 multis
2821 3104 3115 3196 impleri,
3157 3105 3277 3197 qui
3313 3105 3616 3175 nondum
3642 3106 3911 3195 diligunt

736 3223 1058 3291 inimicos,
1089 3221 1204 3290 Ait
1229 3221 1405 3288 enim
1429 3221 1522 3289 sic
1546 3225 1569 3258 ⁸
1598 3245 1614 3286 ε
1656 3246 1688 3284 «
1719 3221 1940 3289 Minus
1966 3243 2286 3310 magnum
2314 3229 2409 3289 est
2436 3244 2594 3311 erga
2620 3243 2799 3307 eum,
2830 3222 2950 3313 qui
2979 3221 3097 3288 tibi
3125 3220 3294 3289 nihil
3337 3222 3493 3289 mali
3524 3222 3748 3291 fecerit
3788 3244 3909 3290 esse

734 3339 1125 3408 benevolum
1161 3346 1224 3406 et
1261 3337 1663 3425 beneficum3
1709 3337 1879 3405 illud
1926 3337 2136 3406 multo
2172 3338 2490 3426 grandius
2535 3346 2601 3405 et
2654 3337 3315 3427 magnificentissimae
3344 3337 3656 3406 bonitatis
3693 3346 3815 3425 est,
3844 3345 3911 3405 ut

736 3462 927 3523 tuum
956 3477 1220 3546 quoque
1245 3453 1589 3522 inimicum
1620 3454 1880 3543 diligas,
1912 3462 1975 3521 et
2004 3454 2090 3539 ei,
2122 3454 2241 3546 qui
2272 3454 2392 3522 tibi
2422 3455 2672 3522 malum
2701 3455 2872 3541 vult,
2906 3464 2968 3523 et
2995 3455 3053 3522 si
3080 3462 3309 3546 potest,
3344 3455 3535 3539 facit,
3573 3463 3648 3522 tu
3674 3477 3911 3546 semper

735 3572 987 3640 bonum
1029 3570 1235 3655 velis,
1283 3570 1612 3661 faciasque
1656 3570 1835 3662 quod
1886 3570 2124 3661 possis,
2178 3570 2454 3639 audiens
2498 3571 2822 3639 dicentem
2868 3570 3095 3639 Jesum
3156 3575 3179 3609 ⁸
3220 3595 3237 3637 :
3290 3571 3570 3662 Diliqite
3618 3572 3910 3641 inimicos

737 3699 1005 3770 vestr-OS,
1039 3699 1104 3755 et
1129 3686 1490 3778 benefacite
1515 3687 1617 3754 his
1643 3687 1756 3778 qui
1781 3685 2058 3756 oderunt
2085 3709 2222 3774 vos,
2251 3701 2314 3756 et
2341 3699 2529 3756 orate
2547 3711 2672 3780 pro
2692 3687 3223 3779 persequentibus
3251 3700 3317 3755 et
3358 3687 3910 3757 calumniantibus

723 3816 872 3872 vos.
929 3803 1059 3872 Sed
1098 3804 1414 3896 quoniam
1460 3804 1895 3895 perfectorum
1936 3804 2227 3873 filiorum
2272 3805 2392 3873 Dei
2435 3813 2531 3873 est
2586 3803 2757 3875 illud
2781 3856 2799 3890 ,
2853 3826 2987 3895 quo
3035 3803 3307 3896 quidem
3344 3827 3413 3871 se
3463 3803 3660 3873 debet
3712 3805 3914 3874 omnis

740 3919 957 3989 fidelis
1002 3919 1373 4006 extendere,
1429 3928 1493 3989 et
1534 3919 1902 3988 humanum
1949 3921 2246 3989 animum
2287 3922 2371 3990 ad
2420 3920 2601 3988 hunc
2646 3921 2949 3988 affectum
2995 3920 3240 3988 orando
3278 3919 3526 4004 Deum,
3571 3943 3914 4013 secumque

741 4036 1034 4127 agendo,
1109 4037 1551 4129 luctandoque
1617 4039 2011 4129 perducere;
2085 4047 2307 4105 tamen
2377 4038 2537 4129 quia
2608 4037 2730 4105 hoc
2810 4044 2943 4104 tam
3023 4059 3337 4125 magnum
3406 4035 3663 4103 bonum
3733 4045 3916 4106 tantae

745 4153 1188 4221 multitudinis
1232 4176 1367 4223 non
1400 4162 1517 4243 est,
1551 4164 1867 4245 quantam
1899 4153 2229 4222 credimus
2267 4153 2592 4240 exaudiri,
2638 4176 2791 4221 cum
2837 4153 3078 4222 dicitur
3127 4153 3196 4219 in
3243 4151 3538 4221 oratione
3577 4177 3593 4220 z
3647 4154 3916 4221 Dimitte

744 4270 928 4338 nobis
975 4269 1196 4339 debita
1240 4284 1490 4356 nostra,
1538 4274 1709 4341 sicut
1755 4284 1816 4340 et
1863 4296 1981 4340 nos
2032 4271 2436 4339 dimittimus
2482 4269 2878 4339 debitoribus
2926 4269 3201 4349 nostris,
3255 4267 3692 4359 proculdubio
3729 4270 3920 4339 verba

742 4388 1110 4479 sponsionis
1160 4388 1363 4479 hujus
1414 4388 1798 4480 implentur,
1854 4389 1910 4456 si
1963 4388 2161 4457 homo
2215 4389 2334 4480 qui
2404 4389 2702 4457 nondum
2772 4389 2865 4456 ita
2940 4384 3211 4477 profecit
3285 4392 3362 4452 ut
3423 4385 3624 4453 etiam
3698 4386 3921 4476 diligat

747 4503 1124 4591 inimicum,
1172 4511 1392 4573 tamen
1435 4505 1701 4597 quando
1736 4514 2008 4595 rogatur
2055 4504 2140 4574 ab
2182 4504 2484 4591 homine,
2536 4504 2654 4596 qui
2700 4502 2988 4596 peccavit
3032 4502 3102 4569 in
3144 4523 3334 4586 eum,
3387 4508 3467 4569 ut
3507 4500 3570 4568 ei
3614 4501 3916 4584 dimittat,

745 4621 1015 4689 dimittit
1042 4643 1123 4689 ex
1149 4621 1341 4689 corde
1373 4648 1388 4688 z
1423 4621 1539 4712 qui
1568 4620 1764 4689 etiam
1806 4621 1934 4689 sibi
1961 4622 2224 4711 roganti
2271 4621 2419 4689 vult
2447 4619 2715 4704 dimitti,
2746 4641 2897 4689 cum
2939 4626 3086 4687 orat
3128 4625 3193 4685 et
3230 4617 3391 4686 dicit
3429 4642 3454 4683 .·
3481 4617 3671 4685 Sicut
3710 4631 3777 4685 et
3816 4640 3921 4686 nos

747 4736 1152 4805 dimittimus
1204 4737 1598 4806 debitoribus
1650 4739 1914 4807 nostris.
1959 4738 2378 4829 Quicumque
2422 4758 2577 4805 vero
2640 4743 2828 4825 rogat
2883 4734 3221 4804 hominem
3257 4734 3328 4802 in
3375 4757 3577 4826 quem
3613 4736 3916 4827 peccavit,

748 4854 801 4920 si
829 4860 1087 4944 peccato
1109 4876 1230 4922 suo
1259 4862 1563 4923 movetur
1590 4862 1664 4921 ut
1691 4863 1902 4944 roget,
1932 4877 2066 4924 non
2095 4861 2192 4923 est
2233 4852 2446 4921 adhuc
2474 4851 2890 4943 deputandus
2928 4851 3240 4919 inimicus
3258 4902 3278 4935 ,
3326 4859 3403 4917 ut
3450 4873 3607 4919 eum
3656 4851 3924 4941 diligere

749 4970 834 5037 sit
858 4968 1150 5061 difficile,
1179 4971 1348 5038 sicut
1372 4978 1511 5038 erat
1534 4970 1800 5062 quando
1827 4970 2203 5039 inimicitias
2229 4969 2588 5039 exercebat.
2634 4967 2945 5059 Quisquis
2980 4989 3135 5037 vero
3177 4967 3437 5055 roganti
3476 4973 3543 5034 et
3585 4967 3925 5059 poenitenti

753 5107 885 5156 non
909 5086 1204 5174 dimittit,
1237 5108 1370 5155 non
1412 5085 1736 5155 existimet
1781 5111 1823 5155 a
1860 5087 2142 5156 Domino
2176 5084 2299 5155 s‘ua
2340 5094 2598 5178 peccata
2642 5084 2926 5168 dimitti;
2975 5083 3134 5175 quia
3184 5082 3449 5151 mentiri
3493 5082 3756 5154 Veritas
3801 5107 3924 5153 non

755 5211 984 5293 potest,
1025 5226 1175 5294 quae
1213 5225 1366 5271 cum
1404 5201 1724 5272 docuisset
1764 5204 2153 5291 orationem,
2206 5203 2374 5273 hanc
2416 5202 2489 5270 in
2535 5224 2611 5271 ea
2665 5202 2941 5290 positam
2985 5198 3376 5267 sententiam
3420 5200 3923 5287 commendavit,

825 5338 1062 5400 ¹Matth„
1084 5348 1155 5399 vl,
1188 5341 1333 5389 12—
1363 5340 1386 5373 ¹
1415 5342 1564 5402 Aug„
1595 5339 1876 5401 Enchirid„
1909 5355 1955 5389 e.
1980 5350 2166 5401 unu,
2193 5350 2370 5402 anv,
2401 5353 2454 5389 n.
2488 5340 2562 5390 19.
2584 5363 2645 5375 —
2671 5336 2693 5372 ⁸
2722 5335 2930 5398 Matisa„
2958 5346 3009 5398 v,
3042 5336 3130 5397 ⁴⁴3
3160 5333 3295 5397 Luc„
3325 5346 3399 5398 vi,
3427 5337 3509 5398 27,
3540 5336 3618 5387 28.

820 5429 891 5491 (a)
924 5426 1060 5477 Edit.
1098 5428 1212 5475 Ven.
1232 5427 1557 5477 exteriorem.
1589 5454 1649 5464 —
1678 5428 1746 5491 (b)
1774 5428 2035 5479 affectum.
