4185 6288
1607 518 1986 587 olsTmc‘r.
2034 521 2081 585 1.
3397 525 3437 584 5

609 800 1035 867 Exposl'rlo
1073 799 1398 867 TEXTUS.

402 1000 530 1051 Cum
557 997 707 1050 venit
728 998 885 1063 igitur
910 997 1173 1064 plenitudo
1201 997 1477 1063 temporis,
1503 1002 1604 1049 etc.

122 1235 240 1280 m
332 1158 481 1254 Cum
504 1188 796 1254 intendat
820 1189 1245 1254 determinare
1273 1188 1593 1269 Magister,
1624 1207 1781 1272 qua·

270 1298 393 1361 liter
432 1315 549 1361 nos
590 1297 758 1360 Deus
803 1295 1048 1360 Christo
1083 1294 1592 1374 conviviticavit,
1623 1296 1785 1361 liber

274 1405 373 1468 iste
411 1404 603 1468 dividi
630 1404 822 1468 hahet
860 1404 931 1468 in
969 1411 1251 1486 quatuor
1277 1408 1506 1486 partes,
1548 1422 1782 1468 secun-

274 1514 409 1578 dum
436 1519 711 1596 quatuor
748 1530 897 1595 quae
935 1512 1237 1596 praedicta
1261 1517 1412 1577 sunt
1442 1533 1460 1577 t
1508 1512 1579 1576 in
1617 1530 1784 1594 qua-

274 1638 403 1683 rum
436 1620 642 1702 prima
681 1619 981 1700 Magister
1013 1619 1395 1685 determinat
1422 1619 1501 1683 de
1547 1619 1786 1683 unione

276 1732 626 1792 naturarum
678 1726 747 1791 in
797 1728 1076 1806 Christe,
1123 1746 1237 1810 per
1276 1745 1474 1810 quam
1512 1726 1788 1791 dicimur

279 1834 681 1901 convivificari
734 1835 801 1899 in
850 1834 1136 1913 Christo;
1194 1835 1266 1901 in
1318 1835 1601 1900 secunda
1634 1852 1790 1899 vero

279 1944 649 2022 determinat,
676 1943 950 2027 qualiter
973 1960 1043 2007 se
1061 1944 1295 2007 nostris
1311 1942 1789 2007 infirmitatibus

282 2051 701 2130 conformavit,
751 2070 833 2116 ex
866 2068 1000 2133 quo
1038 2049 1313 2114 dicimur
1351 2049 1790 2114 convivificari

284 2156 531 2236 Christ03
560 2163 623 2222 et
645 2157 865 2240 incipit
882 2157 1023 2221 haec
1057 2155 1336 2221 secunda
1354 2174 1503 2239 pars
1534 2155 1703 2221 infra
1723 2158 1739 2193 ¹
1768 2176 1785 2220 ε

287 2264 435 2331 Solet
468 2269 657 2333 etiam
692 2267 917 2347 quoeri,
952 2272 1176 2331 utrum
1216 2263 1421 2328 alium
1449 2263 1787 2343 hominem,

289 2374 373 2438 vel
412 2374 701 2452 aliunde,
744 2377 864 2438 ete.
920 2372 993 2436 ln
1043 2371 1227 2436 tertia
1284 2388 1440 2436 vero
1490 2370 1788 2436 determi-

292 2483 404 2556 nat,
432 2481 687 2562 qualiter
717 2499 833 2563 per
859 2483 1133 2544 mortem
1156 2496 1344 2543 suam
1370 2496 1491 2543 nos
1519 2497 1561 2543 a
1588 2480 1794 2544 morte

291 2587 581 2667 liberavit,
610 2607 693 2652 ex
716 2605 847 2670 quo
872 2605 994 2651 nos
1024 2585 1302 2651 dicimur
1338 2585 1653 2651 vivificari
1681 2603 1797 2669 per

294 2692 595 2774 Christum,
621 2696 787 2759 infra
802 2696 825 2729 ³
845 2714 863 2757 ε
887 2695 1073 2759 Nune
1094 2709 1237 2776 erqo
1261 2709 1625 2776 quoeramus
1647 2708 1797 2776 quo-

295 2803 450 2869 modo
484 2821 592 2886 per
634 2810 895 2870 mortem
940 2804 1152 2884 ipsius
1180 2853 1198 2878 ,
1263 2804 1381 2866 etc.
1450 2799 1526 2865 In
1568 2806 1798 2883 quarta

296 2929 427 2976 vero
461 2916 519 2976 et
540 2913 804 2988 ultima,
832 2910 1213 2976 determinat
1236 2908 1508 2993 qualiter
1542 2907 1798 2973 habitus

298 3019 573 3085 virtutum
602 3021 671 3083 in
693 3019 939 3085 Christo
965 3019 1249 3097 fuerunt,
1278 3020 1343 3081 et
1369 3015 1643 3099 qualiter
1662 3032 1798 3081 esae

300 3126 530 3195 debeant
552 3129 619 3194 in
633 3129 777 3213 ejus
799 3125 1250 3206 imitatoribus,
1280 3143 1365 3190 ex
1388 3141 1520 3208 quo
1542 3123 1795 3205 dieitur,

298 3238 440 3318 quod
473 3236 632 3303 Deus
663 3235 1020 3303 secundum
1063 3234 1386 3300 Christum
1427 3250 1547 3297 nos
1586 3232 1803 3300 vivifi-

299 3345 458 3424 cavit,
483 3346 643 3410 infra
670 3344 738 3409 ’z
777 3345 934 3411 cum
959 3358 1107 3410 vero
1140 3358 1343 3425 supra
1379 3341 1671 3410 habitum
1712 3342 1803 3407 sit

304 3449 623 3533 Christum,
657 3455 775 3516 etc.
812 3449 928 3516 Vel
960 3450 1144 3515 aliter
1164 3499 1184 3530 ,
1231 3449 1541 3532 quoniam
1583 3448 1654 3512 in
1680 3447 1806 3513 hoc

298 3557 438 3623 libro
457 3560 666 3642 agitur
693 3557 970 3641 qualiter
994 3556 1160 3622 Deus
1185 3574 1305 3621 nos
1333 3555 1806 3621 convivificavit

300 3665 534 3745 Christo,
547 3672 613 3733 et
627 3666 915 3731 Christus
929 3682 1048 3731 nos
1059 3664 1412 3730 vivificavit
1423 3662 1805 3729 assumendo

299 3775 473 3839 vitam
493 3779 725 3840 nostrae
749 3777 1001 3839 naturae
1018 3821 1038 3852 ,
1070 3777 1135 3837 et
1160 3770 1594 3855 participando
1621 3769 1808 3835 nobis

300 3882 471 3947 vitam
511 3883 776 3966 gratiae3
815 3880 958 3945 ideo
997 3879 1161 3944 liber
1202 3879 1322 3943 iste
1360 3878 1554 3942 habet
1598 3880 1808 3959 partes

299 3987 476 4052 duas:
521 3991 587 4052 in
619 3988 832 4071 prima
877 3985 1097 4067 agitur
1139 3985 1218 4050 de
1253 3985 1423 4062 vita,
1460 4000 1656 4067 quam
1693 4001 1809 4066 pro

298 4097 458 4161 nobis
493 4096 774 4163 Christus
815 4093 1196 4177 assumpsit;
1238 4092 1309 4156 in
1345 4093 1622 4157 secunda
1655 4109 1810 4156 vero

302 4203 366 4268 de
389 4205 540 4285 vita,
564 4221 762 4288 quam
790 4202 977 4267 nobis
1001 4200 1300 4281 contulit,
1342 4200 1511 4264 infra
1545 4204 1567 4240 ⁴
1601 4221 1618 4265 ε
1656 4200 1813 4266 Cum

304 4328 428 4379 vero
461 4330 654 4396 supra
697 4311 985 4377 habitum
1038 4312 1169 4389 sit,
1212 4313 1367 4389 ete„
1429 4307 1543 4372 ubi
1596 4307 1814 4390 agitur

306 4419 371 4485 de
385 4421 737 4499 virtutibus,
760 4419 965 4496 donis,
988 4421 1052 4483 et
1061 4416 1415 4501 praeceptis
1434 4414 1651 4480 Prima
1668 4432 1816 4498 pars

303 4528 468 4594 habet
505 4531 664 4594 duas
683 4577 704 4610 ,
747 4529 819 4593 in
862 4542 1140 4610 quarum
1185 4525 1394 4609 prima
1439 4523 1818 4589 determinat

306 4635 579 4720 Magister
603 4639 681 4704 de
703 4636 1140 4702 incarnatione
1168 4632 1384 4715 Verbi,
1413 4632 1551 4698 sive
1568 4631 1647 4696 de
1668 4631 1818 4697 vitae

307 4751 512 4811 nostrae
534 4743 966 4827 assumptione
989 4741 1149 4807 faeta
1174 4759 1215 4806 a
1232 4739 1442 4806 Verbo
1468 4738 1535 4801 in
1563 4755 1653 4817 se,
1684 4737 1819 4804 sive

1892 661 2021 721 tres
2037 660 2246 739 partes
2269 677 2285 720 ι
2309 656 2376 720 in
2394 656 2601 739 prima
2617 654 2891 721 ostendit
2917 654 3238 738 Magister,
3266 657 3439 741 quod

1888 764 1957 828 in
1987 764 2234 830 Christo
2265 763 2384 828 suit
2410 763 2567 827 unio
2587 767 2967 828 naturarum
2993 763 3432 842 diversarum

1892 873 1956 935 in
2007 870 2287 935 secunda
2328 888 2484 934 vero
2527 869 2801 933 ostendit
2844 870 3111 934 uniendi
3160 876 3224 936 et
3254 891 3439 937 assu-

1893 980 2109 1043 mendi
2157 978 2460 1055 modum,
2510 977 2672 1041 infra
2706 976 2730 1012 ⁸
2767 998 2785 1042 ε
2833 976 3147 1045 Proeterea
3183 980 3441 1062 inquiri

1892 1093 2182 1169 oportet;
2224 1086 2295 1150 in
2339 1085 2526 1177 tertia
2571 1101 2759 1158 vero,
2803 1084 3077 1167 qualiter
3114 1104 3227 1168 per
3263 1086 3440 1151 illam

1893 1194 2202 1258 unionem
2249 1193 2362 1256 ssat
2414 1191 2906 1256 communicatio
2955 1192 3331 1257 idiomatum
3379 1198 3444 1258 et

1893 1302 2391 1385 proprietatum,
2443 1299 2609 1364 infra
2657 1304 2682 1341 '¹
2722 1320 2741 1363 ε
2787 1300 2936 1367 Post
2975 1299 3288 1380 proedicm
3335 1302 3444 1365 in-

1894 1409 2075 1491 quiri
2117 1406 2328 1483 debet,
2386 1410 2506 1470 etc.
2567 1404 2781 1470 Prima
2819 1424 2967 1488 pars
3009 1406 3317 1471 dividitur
3374 1407 3444 1470 in

1895 1515 2106 1581 duas:
2158 1515 2221 1578 in
2267 1513 2473 1597 prima
2512 1514 2734 1595 agitur
2778 1513 2857 1577 de
2905 1512 3143 1577 unione
3175 1517 3442 1578 natura-

1899 1640 2080 1697 rum;
2127 1621 2196 1685 in
2238 1620 2552 1698 secunda,
2592 1619 2671 1683 de
2718 1619 2946 1684 Christi
2993 1619 3439 1702 conceptione,

1900 1729 2067 1792 intra
2094 1733 2117 1767 ⁸
2154 1746 2170 1791 ε
2209 1728 2532 1801 Qum-itur
2548 1725 3052 1794 etiamdecarne
3083 1725 3295 1802 Verbi,
3319 1730 3438 1790 etc.

1901 1834 2116 1899 Prima
2161 1853 2306 1918 pars
2351 1835 2659 1899 dividitur
2701 1833 2771 1897 in
2825 1833 2986 1897 duas
3034 1838 3242 1915 partes
3298 1855 3315 1897 ε
3374 1834 3444 1897 in

1901 1945 2110 2026 prima
2140 1944 2518 2009 determinat
2551 1943 2630 2007 de
2672 1941 2908 2005 unione
2951 1944 3332 2006 naturarum
3376 1941 3444 2002 in

1903 2051 2148 2117 Christo
2197 2071 2280 2117 ex
2333 2056 2510 2134 parte
2557 2066 2848 2133 personae
2897 2049 3319 2127 assumentis;
3377 2047 3446 2111 in

1902 2159 2199 2237 secunda,
2220 2178 2300 2224 ex
2330 2162 2507 2242 parte
2524 2160 2773 2222 natura?
2797 2160 3165 2238 assumptae,
3193 2154 3361 2218 intra
3379 2154 3402 2190 ’
3427 2172 3444 2216 z

1906 2268 1984 2333 Et
2003 2271 2163 2349 quia
2193 2267 2537 2333 innomine
2557 2270 2693 2332 tota
2718 2266 3004 2330 humana
3025 2269 3290 2339 natura,
3323 2265 3442 2324 etc.

1905 2372 2123 2440 Prima
2158 2394 2339 2457 pars,
2367 2393 2515 2458 quae
2546 2378 2718 2439 tenet
2762 2374 3145 2457 praesentem
3185 2370 3447 2434 distinc-

1904 2484 2147 2548 tionem
2170 2531 2188 2561 ,
2218 2484 2524 2548 dividitur
2565 2482 2636 2545 in
2676 2485 2803 2545 tres
2831 2484 3039 2563 partes
3086 2497 3102 2541 z
3141 2479 3211 2542 in
3239 2477 3451 2559 prima

1906 2591 2180 2656 ostendit
2206 2589 2505 2672 Magister
2530 2588 3032 2653 incarnationem
3061 2586 3289 2649 factam
3312 2602 3449 2648 esse

1909 2699 1980 2763 in
2038 2716 2313 2781 persona
2369 2696 2542 2773 Filii,
2598 2692 2969 2758 auctoritate
3017 2690 3330 2774 Apostoli3
3381 2690 3453 2755 in

1907 2805 2186 2870 secunda
2225 2803 2492 2888 inquirit
2530 2804 2671 2885 ejus
2699 2800 3010 2866 rationem
3032 2848 3051 2879 ,
3099 2798 3185 2862 ibi
3218 2816 3235 2862 ε
3283 2798 3454 2864 Dili-

1908 2922 2123 2997 qenoer
2168 2930 2314 2979 vero
2341 2910 2790 2979 annotandum
2829 2914 2940 2984 est,
2983 2912 3103 2972 etc.
3149 2905 3223 2971 ln
3267 2905 3455 2971 tertia

1909 3039 2066 3085 vero
2096 3023 2312 3086 movet
2336 3019 2819 3094 dubitationem,
2846 3014 2937 3078 ibi
2969 3037 2984 3079 :
3024 3016 3098 3081 Si
3120 3030 3266 3081 vero
3290 3029 3456 3097 (μαε-

1911 3134 2108 3210 ritur,
2151 3135 2368 3198 utrum
2416 3129 2627 3207 Pater,
2671 3133 2732 3195 et
2788 3124 3032 3206 Filius,
3081 3134 3141 3194 et
3169 3126 3455 3208 spiritus

1916 3242 2219 3319 Sanctus,
2262 3243 2380 3303 ete.
2427 3235 2903 3303 Subdivisiones
2927 3238 3143 3300 autem
3172 3233 3456 3316 partium

1915 3348 2267 3412 manifestae
2291 3345 2532 3410 suntin
2558 3343 2788 3409 littera.

2563 3570 2702 3616 DUB.
2745 3568 2791 3614 1.

2435 3687 2564 3738 Cum
2604 3683 2748 3737 venit
2778 3683 2948 3750 igitur.

2001 3866 2325 3947 Quaeritur
2338 3863 2417 3928 de
2428 3859 2623 3926 verbo
2632 3854 2937 3941 Apostoli,
2952 3870 3083 3937 quo
3101 3853 3179 3936 (a)
3197 3849 3460 3915 dicitur:

1922 3980 2006 4045 At
2031 3977 2144 4042 ubi
2178 3971 2357 4040 venit
2391 3965 2724 4051 plenitudo
2763 3963 3064 4047 temporis
3088 4010 3108 4040 ,
3153 3964 3270 4024 etc.
3302 3957 3465 4024 Con-

1920 4093 2020 4150 tra
2064 4105 2080 4148 :
2136 4079 2437 4155 Videtur,
2485 4073 2659 4157 quod
2712 4088 2846 4135 non
2900 4067 3091 4134 suerit
3138 4065 3468 4151 plenitudo

1922 4189 2226 4275 temporis
2272 4188 2340 4250 in
2366 4184 2646 4249 adventu
2673 4178 2816 4243 Filii
2849 4176 2958 4241 Dei
2985 4178 3029 4215 ¹⁰
3072 4198 3087 4240 :
3139 4174 3245 4240 Ex
3283 4177 3469 4256 parte

1924 4298 2387 4383 coqnoscimus,
2419 4298 2479 4359 et
2506 4305 2591 4356 ex
2615 4292 2797 4371 parte
2821 4283 3297 4369 prophetamus.
3348 4280 3471 4344 Sed

1928 4404 2255 4494 plenitudo
2277 4399 2571 4476 evacuat,
2601 4392 2775 4479 quod
2816 4410 2900 4458 ex
2934 4393 3112 4474 parte
3140 4391 3280 4452 est:
3312 4403 3471 4468 ergo

1930 4517 2185 4583 videtur
2225 4509 2398 4594 quod
2446 4502 2776 4589 plenitudo
2830 4498 3135 4582 temporis
3178 4496 3473 4562 nondum

1930 4617 2389 4706 supervenerit.
2421 4614 2610 4689 Item,
2645 4610 2725 4674 de
2751 4624 2992 4690 sagena
3019 4607 3082 4685 ¹¹,
3107 4622 3303 4689 quam
3328 4620 3473 4670 cum

1930 4731 2293 4815 impleta...,
2321 4724 2537 4789 Glossa
2567 4742 2583 4786 ς
2628 4741 2660 4780 ι
2693 4717 2766 4782 ln
2790 4717 2920 4780 tine
2954 4713 3204 4779 mundi.
3233 4733 3265 4772 n
3300 4711 3473 4793 Ergo

311 4852 597 4933 absolute3
629 4853 702 4916 in
726 4850 1006 4915 secunda
1039 4866 1229 4925 vero,
1257 4849 1454 4930 prout
1488 4843 1822 4910 ordinatur
1934 4859 2067 4907 non
2096 4838 2349 4902 videtur
2376 4829 2549 4916 quod
2577 4832 2725 4892 ante
2747 4825 2946 4889 finem
2963 4820 3193 4886 mundi
3214 4820 3297 4883 sit
3319 4823 3477 4884 tem-

312 4959 380 5023 ad
414 4965 685 5026 nostram
730 4957 1234 5040 redemptionem
1252 5002 1272 5034 ,
1329 4953 1497 5017 infra
1532 4958 1554 4993 ⁸
1595 4973 1612 5017 t
1646 4951 1822 5020 Solet
1936 4947 2107 5033 poris
2132 4940 2478 5028 plenitudo.

315 5068 482 5131 etiam
523 5068 749 5150 quoen',
799 5072 1019 5130 utrum
1064 5062 1267 5130 alium
1311 5060 1644 5137 hominem,
1700 5062 1818 5123 etc.
2017 5053 2204 5135 Resp.
2239 5046 2590 5112 Dicendum
2612 5042 2783 5126 quod
2806 5044 3063 5121 tempus
3087 5035 3479 5100 incarnatio-

318 5171 508 5238 Prima
554 5193 698 5258 pars
717 5223 738 5255 ‚
794 5172 911 5238 ubi
967 5170 1269 5252 Magister
1319 5166 1701 5233 determinat
1747 5166 1827 5230 de
1937 5165 2039 5228 uis
2058 5159 2291 5224 dicitur
2318 5160 2572 5237 tempus
2598 5145 3009 5234 plenitudinis
3038 5140 3375 5225 multiplici
3401 5140 3480 5205 de

318 5284 529 5347 unione
565 5286 947 5349 naturarum
983 5280 1052 5343 in
1089 5277 1334 5344 Christo
1353 5323 1373 5358 ,
1407 5274 1719 5340 dividitur
1757 5272 1828 5336 in
1940 5287 2151 5336 causa.
2174 5264 2412 5340 Prima,
2436 5259 2590 5343 quia
2607 5258 2772 5323 Deus
2789 5253 3098 5338 implevit,
3120 5249 3295 5334 quod
3319 5264 3482 5330 prae-

381 5445 397 5478 ¹
416 5443 530 5496 Dist-
558 5455 648 5496 ιιι.
665 5470 728 5483 -
745 5445 771 5479 ¹
800 5442 938 5494 Dist.
963 5448 1075 5491 ¹11.
1096 5464 1160 5477 -
1185 5437 1208 5473 ⁸
1229 5436 1357 5489 Dist.
1394 5446 1546 5488 xxm.
1570 5458 1634 5473 -
1656 5432 1679 5469 ⁸
1700 5432 1828 5485 Dist.
1945 5457 2002 5471 --
2020 5431 2043 5466 ⁹
2064 5429 2193 5480 Dist.
2213 5438 2272 5477 ιι.
2295 5450 2347 5461 -
2375 5421 2610 5482 ¹⁰100r.‚
2631 5429 2749 5482 xm,
2767 5420 2817 5468 9.
2834 5441 2896 5455 ··-
2913 5415 2954 5450 ¹¹
2970 5411 3175 5476 Mateta„
3190 5419 3305 5471 xm,
3325 5409 3481 5459 ts.-

333 5522 524 5565 nm.—
542 5516 685 5570 mist.
696 5528 796 5569 xn.
811 5540 876 5553 —
889 5512 913 5548 ⁸
933 5512 1061 5563 Dist.
1077 5509 1231 5561 v0—'1
1245 5509 1372 5562 nist.
1390 5519 1505 5560 vm.
1522 5505 1617 5546 -⁸
1630 5504 1760 5558 Dist.
1778 5516 1828 5556 ν.
1946 5501 2160 5554 ¹¹Gloss.
2180 5495 2408 5550 interlin.
2430 5493 2483 5543 in
2497 5493 2636 5543 hunc
2657 5491 2911 5541 locum.-
2931 5486 2999 5553 (a)
3027 5485 3146 5538 Cot.
3171 5480 3295 5533 edit.
3319 5476 3479 5545 quod.
