4185 6288
1659 446 2035 522 nlsTlNGI'.
2081 456 2210 522 XV.
3411 461 3529 523 ³2⁷

337 590 628 682 oportuit
697 613 819 660 nec
881 590 1202 677 dedecuit,
1277 592 1521 661 falsum
1589 613 1728 661 esse
1793 592 2134 684 probatur.
2207 593 2354 661 Non
2422 591 2600 661 enim
2664 592 3014 682 assumpsit
3081 591 3525 681 ignorantiam
3554 618 3667 670 quoa
3714 620 3771 660 aa

336 707 660 799 aliquam,
702 731 856 776 cum
909 708 993 776 sit
1044 708 1418 797 ignorantia
1465 708 1796 800 quaedam,
1853 730 2006 799 quae
2060 707 2350 778 defectus
2402 718 2498 778 est
2549 729 2668 777 nec
2722 716 3054 800 peecatum
3108 715 3227 792 est,
3285 708 3529 777 scilicet
3554 678 3642 722 ιω
3657 681 3768 736 ΡΨ

341 823 717 912 ignorantia
763 824 1188 893 invincibilis
1240 823 1408 894 Nam
1453 825 1784 894 vincibilis
1827 833 2165 917 peccatum
2210 835 2329 911 est,
2371 827 2425 893 si
2472 834 2691 894 tamen
2733 824 2814 892 de
2851 824 2951 892 his
2995 832 3115 908 est,
3164 847 3317 915 quae
3341 825 3529 894 nobis

339 939 601 1030 expedit
654 939 869 1009 scire:
928 949 1084 1009 sunt
1146 941 1325 1009 enim
1369 942 1676 1033 quaedam
1737 963 2025 1033 quorum
2066 942 2337 1010 scientia
2380 964 2517 1009 non
2557 941 2767 1025 affert,
2812 940 2920 1009 vel
2968 940 3342 1028 ignorantia
3393 963 3530 1009 non

340 1054 614 1147 impedit
640 1056 945 1125 salutem.
975 1056 1062 1124 Et
1111 1056 1278 1126 forte
1333 1058 1568 1126 talium
1625 1080 1848 1127 rerum
1902 1058 2276 1149 ignorantia
2326 1058 2615 1128 defectus
2658 1081 2792 1126 non
2834 1066 2952 1126 est.
3012 1057 3280 1126 Constat
3305 1065 3527 1128 autem

337 1172 412 1239 in
437 1172 629 1240 nobis
682 1194 820 1241 esse
867 1172 1311 1260 ignorantiam
1365 1181 1564 1266 atque
1615 1173 2070 1244 difficultatem
2126 1174 2392 1243 volendi
2442 1176 2548 1245 vel
2600 1173 2879 1243 faciendi
2933 1174 3209 1259 bonum,
3252 1197 3404 1265 quae
3444 1175 3528 1244 ad

338 1287 670 1356 miseriam
724 1295 1016 1357 nostram
1071 1288 1420 1380 pertinent.
1480 1289 1672 1359 Unde
1726 1291 2144 1381 Augustinus
2197 1292 2267 1359 in
2320 1292 2489 1359 libro
2543 1292 2734 1359 tertio
2787 1289 2870 1358 de
2900 1290 3133 1357 Libero
3161 1279 3455 1359 Arbitrio
3503 1317 3524 1357 .-

348 1430 383 1470 «
408 1404 819 1496 Approbare,
849 1404 1071 1496 inquit
1104 1409 1148 1492 ¹,
1179 1404 1346 1474 falsa
1374 1427 1497 1498 pro
1545 1407 1744 1494 veris,
1777 1415 1852 1474 ut
1894 1415 2067 1476 erret
2119 1408 2394 1492 invitus,
2442 1414 2507 1474 et
2559 1406 2893 1475 resistente
2943 1415 3142 1497 atque
3184 1414 3529 1497 torquente

337 1520 563 1589 dolore
583 1520 867 1589 carnalis
920 1520 1172 1589 vinculi
1232 1543 1367 1590 non
1421 1544 1607 1614 posse
1660 1545 1701 1591 a
1755 1521 2131 1592 libidinosis
2182 1523 2491 1615 operibus
2538 1530 2922 1615 temperare,
2982 1544 3117 1591 non
3171 1529 3267 1590 est
3293 1530 3531 1592 natura

335 1637 620 1705 instituti
649 1636 961 1723 hominis,
990 1636 1102 1705 sed
1149 1659 1343 1728 poena
1381 1637 1698 1708 damnati.
1731 1643 1754 1677 ²
1802 1639 1898 1707 Ex
1940 1662 2075 1731 qua
2127 1640 2387 1708 miseria
2424 1640 2844 1732 peccantibus
2878 1639 3236 1730 justissime
3281 1640 3528 1707 inflicta

335 1754 570 1822 liberat
597 1752 719 1822 Dei
744 1753 958 1841 gratia
987 1778 1005 1839 3
1041 1753 1201 1844 qnia
1226 1763 1455 1845 sponte
1505 1754 1703 1824 homo
1745 1755 1951 1824 libero
1984 1755 2256 1824 arbitrio
2294 1756 2523 1825 cadere
2564 1757 2802 1847 potuit,
2836 1778 2968 1824 non
3007 1756 3205 1824 etiam
3232 1777 3522 1845 surgere.

336 1870 443 1939 Ad
474 1891 676 1962 quam
722 1868 1052 1937 miseriam
1107 1869 1390 1960 pertinet
1439 1870 1814 1960 ignorantia
1866 1880 1931 1941 et
1983 1871 2357 1958 difficultas,
2403 1896 2607 1964 quam
2660 1872 2909 1964 patitur
2959 1871 3174 1940 omnis
3223 1873 3421 1941 homo
3444 1871 3527 1939 ab

336 1986 604 2057 exordio
648 1985 1010 2054 nativitatis
1052 2008 1186 2054 suae
1217 2009 1234 2053 t
1268 2008 1388 2055 nec
1427 1988 1513 2056 ab
1549 1987 1674 2056 isto
1711 1989 1884 2057 malo
1912 1989 2269 2081 quisquam
2294 2042 2311 2075 ,
2344 1989 2470 2057 nisi
2514 1990 2725 2078 gratia
2763 1988 2884 2056 Dei
2923 1989 3262 2057 liberatur.
3296 2015 3331 2053 η
3367 1989 3529 2058 Eece

336 2103 673 2172 evidenter
697 2101 856 2171 dicit
878 2102 985 2171 hic
1011 2102 1429 2193 Augustinus
1470 2104 1939 2193 ignorantiam,
1993 2129 2129 2197 qua
2164 2106 2315 2197 quis
2362 2106 2612 2174 invitus
2650 2105 2813 2173 falsa
2835 2128 2953 2197 pro
2981 2105 3156 2173 veris
3181 2105 3521 2197 approbat,

335 2227 402 2288 et
427 2218 906 2304 difficultatem,
938 2241 1073 2310 qua
1099 2240 1230 2287 non
1260 2228 1468 2310 potest
1505 2243 1573 2288 se
1616 2229 1979 2312 temperare
2032 2245 2073 2290 a
2113 2222 2313 2306 malo,
2362 2222 2444 2288 ad
2493 2220 2826 2289 miseriam
2854 2228 3146 2289 nostram
3172 2221 3520 2312 pertinere,

335 2345 402 2405 et
419 2357 680 2427 poenam
709 2356 846 2403 esse
899 2334 1209 2403 hominis.
1269 2335 1419 2404 Haec
1471 2344 1693 2406 autem
1745 2336 2042 2406 Christus
2097 2359 2230 2405 non
2282 2337 2566 2406 habuit:
2628 2358 2761 2404 non
2816 2358 2973 2426 ergo
3028 2336 3271 2428 accepit
3299 2357 3526 2404 omnes

333 2452 627 2520 defectus
652 2458 894 2519 nostrae
918 2450 1324 2519 infirmitatis
1350 2460 1584 2543 praeter
1609 2460 1967 2544 peccatum.

427 2566 553 2635 Sed
584 2567 752 2635 forte
778 2566 1021 2659 aliquis
1048 2566 1216 2635 dicet
1241 2566 1359 2636 illa
1386 2590 1521 2636 oese
1548 2577 1908 2660 peccatum.
1960 2569 2084 2637 Cui
2132 2568 2356 2637 obviat
2398 2568 2567 2637 illud
2598 2569 2776 2659 quod
2815 2567 3232 2656 Augustinus
3267 2568 3521 2637 tradere
3554 2573 3720 2662 ,ΡΨ

334 2684 622 2770 videtur,
654 2684 778 2752 hoc
806 2682 1046 2752 scilicet
1074 2682 1286 2753 Deum
1334 2684 1822 2777 inculpabiliter
1870 2696 2019 2755 ante
2069 2693 2405 2775 peccatum
2444 2686 2515 2753 in
2556 2686 2822 2755 exordio
2850 2685 3243 2753 conditionis
3270 2683 3519 2753 homini
3551 2647 3767 2763 ἶῗιῃιῖιῖζι

333 2800 619 2891 potuisse
647 2800 900 2886 indere,
931 2807 1007 2868 ut
1035 2809 1247 2869 essent
1275 2801 1335 2869 ei
1375 2801 1732 2886 naturalia,
1766 2802 1856 2869 ita
1884 2801 1954 2871 in
1993 2801 2164 2870 libro
2211 2803 2787 2871 Retratactionum
2828 2802 3134 2893 inquiens
3162 2799 3181 2834 ⁸
3218 2825 3234 2868 ε
3266 2828 3300 2865 «
3328 2801 3523 2889 Igno·
3568 2779 3749 2890 ῗζξῧζζὲ

334 2917 552 2984 tantia
578 2922 642 2984 et
668 2915 1050 3001 difficultas,
1084 2916 1337 2986 etiamsi
1371 2927 1582 2986 essent
1609 2918 1900 2986 hominis
1932 2917 2292 3010 primordia
2321 2919 2672 3003 naturalia,
2703 2940 2824 2986 nec
2849 2916 2940 2984 sic
2964 2926 3129 2985 esset
3156 2916 3523 3008 culpandus
3552 2906 3766 3018 ⁸⁵‘tffi†⁸·

336 3033 538 3118 Deus,
568 3031 682 3100 sed
709 3031 1104 3101 laudandus.
1136 3057 1170 3098 n
1208 3032 1336 3101 Sed
1365 3034 1420 3101 si
1447 3033 1585 3103 haec
1613 3034 1811 3102 homo
1858 3035 1928 3101 in
1965 3035 2327 3126 primordio
2366 3036 2758 3132 naturaliter
2797 3033 3155 3120 habuisset,
3189 3032 3517 3124 numquid

334 3157 550 3217 essent
573 3151 645 3217 in
672 3171 749 3217 eo
775 3150 1062 3219 defectus
1087 3158 1152 3219 et
1194 3162 1408 3242 poenae
1434 3156 1467 3219 ‘l
1511 3151 1583 3219 Si
1624 3151 1913 3221 defectus
1968 3153 2072 3221 vel
2119 3175 2314 3244 poena
2350 3153 2411 3220 ei
2458 3152 2668 3220 indita
2714 3152 2941 3220 fuisset
2970 3160 3120 3218 ante
3150 3158 3513 3242 peccatum,

334 3265 579 3354 injuste
604 3286 757 3334 cum
777 3288 854 3334 eo
888 3266 998 3355 agi
1036 3266 1394 3352 videretur,
1434 3267 1490 3334 si
1526 3275 1679 3336 ante
1715 3269 1983 3360 culpam
2021 3268 2292 3337 sentiret
2322 3291 2609 3360 poenam.
2642 3266 2743 3335 Ob
2772 3268 2894 3335 hoc
2921 3290 3076 3351 sane
3101 3266 3382 3335 dicimus
3403 3267 3521 3335 illa

333 3404 471 3449 non
507 3381 710 3450 fuisse
735 3381 1023 3467 defectus
1076 3382 1182 3450 vel
1231 3404 1449 3473 poena,
1507 3384 1562 3451 si
1599 3384 1986 3452 naturaliter
2026 3385 2281 3453 homini
2319 3385 2688 3472 infuissent,
2740 3383 2908 3450 sicut
2952 3405 3086 3451 non
3114 3383 3242 3450 fuit
3268 3383 3522 3450 homini

310 3506 487 3567 ‘ante
513 3506 850 3588 peccatum
876 3498 1173 3567 nondum
1222 3499 1504 3589 gratiam
1556 3500 1789 3591 adepto
1838 3501 2127 3570 defectus
2171 3501 2308 3568 sive
2352 3522 2565 3591 poena,
2625 3522 2759 3567 non
2810 3521 2994 3591 posse
3026 3498 3358 3590 proficere.
3393 3498 3521 3566 Sed

336 3623 684 3707 postquam
731 3615 1011 3704 gratiam
1046 3616 1313 3708 recepit,
1359 3638 1477 3707 per
1509 3639 1712 3708 quam
1750 3616 2066 3708 proficere
2104 3616 2342 3706 potuit,
2389 3624 2453 3683 et
2493 3615 2575 3684 ad
2615 3626 2869 3705 tempus
2913 3614 3207 3705 profecit,
3245 3636 3523 3704 eamque

335 3732 533 3823 culpa
593 3753 713 3801 sua
764 3738 909 3823 post
963 3732 1203 3818 amisit,
1254 3732 1586 3825 simulque
1654 3732 2038 3824 proficiendi
2111 3732 2489 3800 facultatem
2543 3730 2828 3822 perdidit
2870 3756 2887 3816 3
2947 3728 3236 3797 defectus
3290 3728 3414 3796 fuit
3463 3729 3521 3797 ei

337 3856 405 3918 et
425 3871 618 3939 poena
644 3870 781 3916 non
808 3869 992 3938 posse
1030 3848 1368 3939 proficere,
1409 3848 1650 3917 scilicet
1690 3849 1941 3917 malum
1996 3847 2348 3934 declinare,
2408 3854 2472 3916 et
2523 3846 2774 3915 bonum
2812 3845 3045 3913 facere.
3097 3843 3338 3913 Omnes
3365 3867 3521 3934 ergo

337 3964 627 4034 defectus
671 3971 926 4031 nostros
967 3964 1248 4054 suscepit
1290 3964 1617 4048 ChristuS,
1671 3972 1901 4055 praeter
1956 3973 2317 4055 peccatum,
2370 3984 2537 4055 quos
2586 3961 2644 4031 ei
2699 3960 3127 4045 conveniebat
3172 3961 3516 4051 suscipere,

337 4090 408 4150 et
432 4081 620 4151 nobis
645 4080 1053 4172 expediebat.
1086 4081 1268 4150 Sunt
1301 4081 1477 4150 enim
1514 4081 1708 4173 plura
1745 4082 2220 4171 aegritudinum
2263 4102 2528 4170 genera,
2575 4088 2639 4147 et
2678 4080 2967 4171 corporis
2989 4078 3176 4163 vitia,
3213 4102 3252 4146 a
3277 4078 3522 4169 quibus

337 4198 610 4267 omnino
640 4197 957 4266 immunis
983 4197 1219 4267 extitit.
1253 4198 1431 4279 Quos
1471 4198 1648 4266 enim
1697 4199 1986 4267 defectus
2030 4198 2284 4282 habuit,
2346 4197 2451 4265 vel
2507 4197 2588 4264 ad
2619 4196 3052 4264 ostensionem
3090 4217 3260 4264 verae
3288 4195 3523 4263 huma-

338 4314 586 4401 nitatis,
644 4322 724 4382 nt
766 4313 1069 4383 timorem
1127 4322 1192 4381 et
1243 4313 1623 4400 tristitiam3
1680 4315 1784 4383 vel
1838 4314 1921 4382 ad
1967 4314 2417 4406 impletionem
2475 4313 2690 4404 operis
2742 4312 2825 4381 ad
2879 4311 3056 4403 quod
3106 4318 3395 4396 venerat,
3447 4319 3522 4378 ut

337 4431 829 4522 paesibilitatem
882 4439 949 4499 et
1000 4430 1463 4499 mortalitatem
1512 4457 1531 4517 ;
1595 4430 1701 4499 vel
1769 4430 1852 4498 ab
1914 4430 2431 4499 immortalitatis
2484 4429 2930 4520 desperatione
2993 4450 3176 4519 spem
3229 4436 3520 4495 nostram

337 4547 745 4637 erigendam,
776 4555 853 4615 ut
883 4555 1184 4633 mortem,
1213 4548 1514 4638 suscepit.
1554 4546 1691 4615 Hos
1741 4555 1964 4615 autem
2008 4547 2297 4617 defectus
2334 4569 2468 4615 non
2506 4544 2899 4614 conditionis
2944 4565 3081 4612 suae
3114 4543 3514 4628 necessitate,

336 4664 451 4733 sed
497 4662 933 4732 miserationis
976 4662 1314 4732 voluntate
1361 4663 1663 4755 suscepit.
1710 4664 1919 4734 Veros
1959 4663 2231 4755 quidem
2272 4662 2504 4730 habuit
2549 4661 2859 4746 defectus,
2906 4661 3076 4728 sicut
3115 4666 3180 4727 et
3206 4680 3326 4726 nos
3357 4684 3374 4744 ;
3407 4658 3518 4726 sed

336 4803 472 4850 non
496 4803 578 4849 ex
615 4779 843 4849 eadem
886 4802 1101 4849 causa.
1160 4778 1294 4849 Nos
1348 4780 1524 4848 enim
1577 4803 1659 4848 ex
1705 4791 1963 4871 peccato
2001 4779 2311 4868 originali
2353 4779 2472 4846 hos
2516 4777 2804 4845 defectus
2843 4774 3314 4859 contrahimus,
3352 4775 3520 4843 sicut

337 4897 691 4989 Apostolus
740 4895 1035 4963 insinuat
1094 4895 1314 4964 dicens
1353 4900 1377 4935 ⁴
1423 4921 1438 4962 ε
1495 4897 1745 4988 Corpus
1816 4895 2080 4988 quidem
2138 4907 2407 4987 propter
2457 4905 2811 4985 peccatum
2886 4902 3222 4959 mortuum
3275 4902 3395 4975 est,
3447 4891 3516 4960 id

340 5021 434 5081 est
457 5012 902 5083 necessitatem
929 5010 1251 5081 moriendi
1284 5011 1480 5080 habet
1510 5013 1582 5079 in
1607 5035 1697 5080 se.
1731 5012 2028 5081 Christus
2055 5019 2278 5080 autem
2304 5032 2440 5078 non
2471 5031 2553 5077 ex
2578 5016 2835 5099 peccato
2863 5007 3245 5098 hujusmodi
3283 5006 3517 5075 habuit

344 5128 645 5215 defectus,
677 5128 839 5222 quia
863 5128 1003 5198 sine
1037 5136 1295 5220 peccato
1344 5135 1440 5197 est
1492 5137 1840 5221 conceptus
1893 5137 1958 5197 et
2010 5136 2225 5214 natus,
2283 5135 2347 5195 et
2389 5127 2462 5193 in
2520 5125 2710 5194 terris
2756 5135 3173 5193 conversatus
3203 5125 3245 5193 ⁸.
3278 5123 3407 5193 Sed
3435 5147 3514 5193 ex

345 5247 479 5317 sola
508 5218 955 5317 miserationis
968 5243 1309 5313 voluntate
1335 5244 1415 5312 de
1457 5251 1679 5313 nostro
1716 5245 1787 5312 in
1826 5267 1895 5313 se
1932 5243 2268 5313 transtulit
2311 5264 2536 5311 veram
2573 5240 3050 5327 infirmitatem,
3081 5240 3250 5309 sicut
3275 5241 3519 5332 accepit

279 5434 283 5449 .
405 5393 595 5457 ¹Aug.,
619 5391 680 5440 de
706 5388 813 5441 Lib.
840 5388 1028 5448 Arbit„
1057 5388 1146 5438 lib.
1175 5390 1262 5450 ΙΙΙ,
1288 5403 1332 5439 c.
1364 5400 1513 5452 xvm,
1533 5402 1585 5438 n.
1613 5389 1780 5452 525&ss
1804 5388 1924 5439 Nat.
1950 5390 1998 5437 et
2028 5388 2198 5452 εἶναι,
2223 5402 2269 5438 c.
2300 5398 2460 5450 van,
2484 5399 2539 5436 n.
2569 5387 2648 5436 81.
2670 5384 2881 5447 —21d.‚
2922 5386 3157 5450 Reimea,
3185 5352 3276 5436 lib.
3306 5386 3346 5448 1,
3371 5397 3417 5435 c.
3441 5395 3514 5443 tx,

349 5474 398 5510 n.
420 5465 476 5528 63
502 5463 563 5514 de
583 5464 724 5515 Dono
751 5474 845 5511 seu
872 5460 1007 5509 Bono
1029 5472 1238 5523 persev„
1268 5472 1316 5510 c.
1343 5470 1422 5522 ιι,
1441 5472 1490 5509 n.
1525 5460 1604 5509 27.
1624 5485 1688 5497 —
1709 5458 1878 5511 ἰὸὶα.
1900 5485 1960 5495 -
1995 5459 2015 5491 ⁶
2033 5460 2193 5520 Rom„
2217 5470 2335 5522 vin,
2364 5456 2557 5509 10.—⁸
2586 5457 2728 5516 Bar„
2749 5466 2830 5519 111,
2856 5457 2933 5511 38.
