4185 6288
1117 435 1494 503 DISTINCT.
1538 434 1749 501 xxvl.
1795 435 1975 502 ΛΒΤ.
2026 435 2100 500 11.
2139 435 2437 514 QUAEST.
2482 437 2559 502 11.

778 678 1136 757 QUAESTIO
1178 679 1257 743 Il.

389 846 478 902 An
507 861 625 918 spes
659 862 728 902 ex
753 846 904 902 bonis
939 848 1148 903 meritis
1176 846 1375 902 habeat
1404 849 1579 902 ortum
1603 845 1644 904 ¹.

112 1013 217 1056 dnm·
324 1008 411 1072 De
476 1026 586 1091 spe
648 1025 763 1090 per
828 1006 1370 1089 comparationem
1436 1007 1515 1070 ad
1579 1006 1790 1070 meriti

247 1134 437 1180 usum
460 1164 478 1194 ,
515 1119 738 1179 utrum
772 1115 1007 1178 scilicet
1052 1132 1195 1197 spes
1225 1132 1308 1178 ex
1334 1115 1519 1178 bonis
1548 1114 1792 1178 meritis

246 1223 475 1288 habeat
521 1227 772 1301 ortum3
804 1227 866 1287 et
892 1223 1064 1305 quod
1098 1223 1217 1301 sic,
1254 1223 1508 1287 videtur
1529 1224 1552 1257 ²
1586 1246 1599 1285 ε
1642 1224 1791 1290 Tri-

250 1332 486 1398 bulatio
526 1332 910 1413 patientiam
943 1336 1273 1411 operatur,
1313 1331 1638 1412 patientia
1672 1348 1790 1396 au-

146 1431 156 1443 '
247 1444 368 1505 tem
399 1439 838 1520 probationem
856 1482 873 1514 ‚
904 1436 1198 1519 probatio
1226 1453 1369 1503 vero
1397 1453 1578 1519 spem
1596 1457 1793 1519 :ergo

247 1546 299 1609 si
329 1545 400 1608 in
420 1545 559 1627 ipsa
572 1544 944 1627 probatione
960 1544 1242 1608 consistit
1270 1545 1596 1624 meritum,
1624 1544 1793 1608 vide-

246 1657 353 1717 tur
378 1653 554 1735 quod
579 1671 722 1735 spoe
763 1670 846 1716 ex
878 1651 1119 1715 meritis
1148 1650 1379 1716 habeat
1404 1655 1642 1715 ortum.

327 1757 490 1822 Item
533 1758 656 1821 hoc
682 1758 899 1840 ipsum
940 1757 1296 1822 ostenditur
1323 1776 1437 1840 per
1461 1757 1791 1822 diffinitio-

246 1886 399 1932 nem
428 1867 737 1949 Magistri,
770 1884 920 1949 quae
948 1866 1208 1948 ponitur
1233 1866 1304 1930 in
1335 1866 1620 1962 litteram
1640 1865 1797 1950 Spes

246 1981 342 2040 est
403 1980 578 2040 certa
640 1975 994 2058 expectatio
1064 1975 1305 2040 futurae
1365 1975 1796 2054 beatitudinis,

245 2083 632 2167 proveniens
657 2101 740 2148 ex
773 2083 985 2165 gratia
1011 2086 1076 2146 et
1102 2081 1369 2146 meritis.
1398 2104 1429 2140 n

328 2190 491 2254 Item
532 2190 752 2254 nullus
779 2190 972 2255 habet
1005 2187 1313 2255 virtutem
1339 2187 1503 2272 spei,
1530 2188 1652 2250 nisi
1677 2189 1794 2271 qui

245 2297 563 2380 sperando
608 2298 900 2379 sequitur
926 2297 1244 2362 dictamen
1277 2296 1425 2360 fidei
1458 2318 1473 2360 t
1507 2295 1614 2361 sed
1641 2297 1799 2362 fides

245 2404 395 2469 dicit
442 2403 697 2468 nullum
745 2404 1036 2468 adultum
1081 2404 1314 2468 salvari
1343 2423 1525 2487 posse
1559 2405 1800 2488 absque

246 2513 496 2576 meritis
528 2534 544 2575 t
577 2530 735 2593 ergo
764 2511 982 2594 nullus
1023 2516 1235 2593 sperat
1269 2515 1438 2575 recte
1461 2512 1800 2576 beatitudi-

246 2639 400 2685 nem
431 2669 450 2700 ,
504 2618 629 2682 nisi
675 2618 780 2682 cui
835 2622 1182 2701 suppetunt
1234 2619 1460 2682 merita
1492 2642 1507 2683 :
1548 2620 1800 2684 videtur

139 2800 150 2815 ⁸
245 2746 406 2809 ergo
436 2727 610 2810 quod
642 2743 783 2808 spes
808 2743 891 2789 ex
919 2725 1164 2789 meritis
1187 2727 1505 2808 procedat.

101 3745 206 3789 opp-

328 2836 516 2914 Item‚
545 2836 707 2899 sicut
744 2822 812 2897 se
839 2834 1032 2897 habet
1070 2834 1420 2928 desperatio
1464 2837 1545 2901 ad
1584 2836 1799 2901 deme-

244 2945 403 3023 rita,
434 2943 529 3006 sic
568 2960 635 3006 se
678 2942 869 3006 habet
917 2958 1059 3023 spes
1085 2942 1164 3006 ad
1192 2943 1359 3007 bona
1388 2943 1611 3007 merita
1645 2965 1659 3007 ε
1691 2945 1800 3009 sed

244 3053 336 3115 sic
375 3070 447 3115 se
495 3050 691 3115 habet
730 3049 1085 3130 desperatio
1127 3049 1206 3112 ad
1261 3049 1600 3127 demerita,
1631 3052 1801 3134 quod

247 3159 473 3224 nullus
500 3159 789 3240 desperat
814 3158 937 3221 nisi
957 3162 1211 3240 propter
1233 3159 1517 3241 aliquam
1540 3160 1798 3243 culpam

247 3266 662 3331 commissam
697 3288 712 3329 ι
746 3264 915 3328 mala
938 3264 1113 3329 enim
1147 3267 1529 3331 conscientia
1555 3266 1650 3331 est
1668 3268 1794 3348 illa,

246 3393 400 3457 quae
437 3372 688 3438 inducit
719 3372 789 3435 in
834 3371 1335 3454 desperationem
1368 3393 1385 3438 t
1419 3392 1576 3455 ergo
1623 3374 1801 3439 simi-

244 3481 394 3547 liter
438 3481 697 3547 videtur
720 3480 893 3563 quod
919 3497 1060 3562 spes
1086 3498 1169 3543 ex
1197 3481 1380 3545 bonis
1405 3481 1647 3546 meritis
1680 3484 1803 3548 ha-

244 3589 399 3655 beat
425 3592 669 3654 ortum.

328 3696 456 3761 Sed
477 3699 698 3759 contra
724 3716 739 3758 ε
775 3700 832 3758 1.
864 3713 978 3777 per
997 3695 1438 3777 Augustinum
1460 3702 1484 3738 ⁸
1507 3721 1569 3762 :a
1587 3698 1802 3763 Virtus

242 3808 343 3869 est
374 3805 552 3868 bona
577 3802 849 3885 qualitas
876 3803 1136 3878 mentia,
1165 3822 1359 3886 quam
1390 3804 1557 3870 Deus
1589 3806 1657 3870 in
1685 3825 1803 3870 no-

242 3913 346 3978 bis
371 3913 520 3977 sine
556 3910 739 3975 nohis
774 3915 1075 3993 operatur
1111 3932 1126 3974 ε
1158 3934 1189 3971 1>
1225 3930 1384 3994 ergo
1414 3914 1468 3977 si
1500 3930 1641 3997 spes
1666 3914 1806 3979 vir-

240 4025 353 4085 tus
395 4024 495 4084 est
513 4068 534 4098 ,
574 4019 738 4083 sicut
771 4024 1096 4083 ostensum
1134 4024 1227 4083 est
1277 4021 1345 4083 in
1382 4020 1803 4102 praecedenti-

239 4129 392 4208 bus,
418 4128 590 4193 Deus
614 4145 757 4191 eam
779 4126 843 4189 in
873 4126 1059 4190 nobis
1085 4122 1384 4209 operatur
1410 4127 1546 4190 sine
1574 4128 1795 4191 nobis:

240 4254 414 4317 ergo
443 4252 579 4298 non
602 4234 794 4298 habet
817 4237 1031 4297 ortum
1058 4251 1140 4297 ex
1168 4234 1414 4300 meritis
1439 4235 1693 4299 nostris.

325 4345 391 4406 2.
435 4342 596 4406 Item
621 4341 786 4405 nihil
813 4341 984 4424 quod
1013 4344 1109 4405 est
1130 4341 1513 4425 principium
1541 4342 1801 4407 merito—

241 4470 431 4527 rum,
476 4453 692 4513 ortum
737 4449 926 4512 habet
953 4467 1037 4512 ex
1065 4450 1309 4513 meritis
1340 4472 1355 4514 ι
1386 4450 1497 4514 sed
1522 4469 1664 4532 spes
1710 4455 1805 4515 est

243 4555 650 4640 principium
696 4555 1113 4633 meritorum;
1145 4556 1363 4620 nullus
1398 4556 1571 4620 enim
1602 4561 1805 4640 potest

242 4662 495 4729 mereri
534 4661 703 4743 apud
750 4661 985 4739 Deum,
1028 4663 1156 4726 nisi
1201 4664 1315 4745 qui
1346 4667 1560 4747 sperat
1590 4688 1604 4729 :
1645 4683 1803 4748 ergo

242 4791 402 4855 spes
430 4789 516 4835 ex
543 4769 779 4833 meritis
808 4788 941 4834 non
967 4771 1162 4835 habet
1186 4775 1419 4837 ortum.

331 4882 398 4942 3.
446 4876 604 4942 ltem
647 4894 870 4940 omnes
909 4878 1178 4942 virtutes
1220 4878 1411 4942 simul
1450 4878 1801 4964 intundun-

243 4990 362 5051 tur
397 5008 415 5049 :
452 5002 610 5066 ergo
636 4984 689 5048 si
716 4984 934 5066 aliqua
959 4984 1166 5048 virtus
1212 4986 1513 5067 praecedit
1536 4988 1765 5050 merita
1784 5036 1802 5068 ,

242 5109 519 5158 necesse
546 5096 641 5156 est
665 5092 837 5174 quod
860 5108 1082 5155 omnes
1108 5093 1502 5174 praecedant:
1527 5097 1590 5158 et
1611 5095 1664 5157 si
1692 5094 1805 5161 ali—

318 5277 333 5308 ¹
364 5273 458 5335 Cs'.
490 5273 633 5322 Alcx.
663 5271 879 5333 Mensis,
911 5272 1074 5335 Cont,
1098 5273 1247 5334 p.lll,
1272 5273 1387 5322 coll.
1413 5271 1713 5339 xm·111,art.'
1736 5280 1807 5338 ll;

245 5345 446 5418 Steph.
474 5344 684 5405 Brulet'.,
713 5344 773 5393 ΙΙΙ
807 5344 967 5400 Seni„
1000 5341 1115 5393 dist.
1140 5355 1280 5399 xxv1.
1316 5359 1366 5407 q.
1410 5357 1480 5395 vx.
1518 5348 1618 5382 —2
1652 5349 1810 5408 Rom„

321 5441 397 5503 (a)
421 5438 544 5488 Coee.
573 5436 692 5486 edit.
722 5434 945 5485 servivit.

3251 450 3442 518 ,583

1895 591 2024 653 qua
2067 571 2480 653 subsequitur
2497 621 2514 649 ‚
2555 592 2807 639 necesse
2854 581 2949 641 est
2993 578 3165 660 quod
3221 596 3443 644 omnes

1897 681 2370 763 subsequantur
2413 704 2427 745 ε
2462 701 2619 764 ergo
2665 689 2778 748 aut
2817 703 2960 766 spes
3000 704 3129 752 non
3167 687 3446 768 procedit

1897 806 1979 851 ex
2004 788 2268 868 meritiS,
2299 793 2411 853 aut
2438 796 2684 855 caeterae
2709 792 2982 857 virtutes
3011 794 3202 857 etiam
3230 813 3445 876 proce-

1897 895 2060 959 dunt
2086 913 2169 958 ex
2195 896 2436 959 meritis
2469 919 2483 959 ε
2517 897 2625 961 sed
2655 898 3041 982 impossibile
3067 905 3161 964 est
3188 905 3447 966 caeteras

1900 1002 2169 1066 virtutes
2195 1020 2278 1065 ex
2308 1002 2549 1066 meritis
2577 1004 2735 1067 oriri
2773 1028 2787 1068 ε
2820 1023 3000 1086 ergo,
3026 1010 3144 1070 etc.

1980 1115 2040 1173 4.
2074 1109 2232 1173 Item
2274 1114 2514 1192 quanto
2556 1111 2703 1192 quis
2739 1112 3074 1195 perfectior
3119 1117 3246 1194 est,
3271 1118 3447 1178 tanto

1901 1222 1995 1283 est
2018 1219 2327 1282 humilior
2358 1240 2373 1280 ε
2407 1223 2470 1282 et
2492 1224 2733 1300 quanto
2760 1220 3090 1299 humilior,
3118 1224 3294 1285 tanto
3323 1220 3448 1283 mi-

1900 1344 2024 1390 nus
2050 1325 2416 1408 praesumit,
2448 1326 2583 1389 sive
2621 1327 2881 1390 confidit
2915 1327 2992 1390 de
3028 1326 3271 1391 meritis
3297 1345 3448 1409 pro-

1900 1434 2057 1516 priis
2085 1455 2101 1496 ι
2134 1451 2290 1513 ergo
2322 1433 2376 1496 si
2412 1451 2554 1515 spes
2595 1433 2866 1515 perfecta
2901 1435 3125 1515 juncta
3165 1437 3258 1496 est
3299 1452 3448 1497 cum

1901 1540 2265 1605 humilitate
2296 1539 2588 1621 perfecta,
2630 1539 2884 1603 videtur
2905 1540 3086 1621 ⁴quod
3124 1559 3242 1603 nec
3281 1557 3446 1622 speS,

1902 1666 2020 1712 nec
2047 1650 2189 1729 ejus
2211 1665 2367 1710 usus
2394 1646 2639 1710 oriatur
2666 1666 2749 1710 ex
2775 1647 3019 1711 intuitu
3046 1648 3448 1715 meritorum.

2466 1877 2923 1944 CONCLUSIO.

1907 2059 2036 2131 Spes
2063 2058 2450 2129 quodammodo
2478 2075 2546 2115 ex
2569 2061 2780 2116 meritis
2815 2063 2892 2116 est
2918 2060 3235 2132 accipienda
3254 2103 3270 2124 ,
3319 2077 3453 2131 quo-

1977 2147 2254 2204 dammodo
2294 2151 2634 2220 principium
2668 2149 2905 2205 merendi
2932 2149 3168 2216 dicitur,
3201 2148 3452 2206 videlicet

1976 2243 2040 2294 ut
2065 2240 2187 2310 ipsa
2216 2241 2465 2294 nominat
2490 2239 2760 2295 habitum.

1987 2408 2174 2492 Resp.
2219 2408 2299 2472 ad
2344 2427 2485 2491 arg.
2541 2407 2892 2473 Dicendum
2930 2408 3102 2491 quod
3149 2426 3292 2492 spes
3340 2408 3458 2471 ali-

1907 2497 2165 2599 quando
2192 2514 2483 2579 nominat
2507 2516 2798 2579 habitum
2828 2515 3122 2595 virtutis;
3162 2516 3453 2597 aliquan-

1908 2623 1989 2688 do
2016 2623 2308 2686 nominat
2337 2626 2584 2699 actum;
2616 2621 2955 2704 aliquando
2994 2623 3285 2688 nominat
3321 2626 3456 2684 sta-

1906 2733 2085 2807 tum;
2137 2728 2477 2811 aliquando
2520 2729 2865 2792 terminum
2918 2728 3054 2792 sive
3108 2728 3451 2809 objectum.

1909 2837 2280 2902 Secundum
2316 2842 2532 2900 autem
2572 2836 2745 2918 quod
2771 2853 2914 2918 spes
2950 2836 3242 2899 nominat
3271 2836 3453 2899 habi-

1910 2948 2050 3008 tum
2077 2943 2362 3021 virtutis,
2392 2943 2482 3006 sic
2508 2961 2641 3007 non
2666 2942 2857 3006 habet
2897 2946 3111 3006 ortum
3145 2963 3225 3007 ex
3263 2943 3455 3007 meri-

1910 3051 2010 3130 tis,
2058 3051 2168 3115 sed
2203 3051 2415 3133 potius
2462 3051 2690 3115 merita
2732 3050 2969 3114 habent
3003 3055 3216 3115 ortum
3250 3069 3331 3114 ex
3358 3069 3458 3119 ea.

1910 3159 2279 3225 Secundum
2305 3163 2521 3224 autem
2561 3158 2731 3242 quod
2767 3160 3059 3238 nominat
3086 3163 3300 3222 actum
3321 3207 3339 3236 ‚
3370 3159 3460 3223 sic

1910 3268 2062 3332 oriri
2110 3267 2304 3332 habet
2353 3287 2434 3332 ex
2475 3267 2853 3331 meritorum
2895 3266 3134 3330 intuitu
3175 3288 3189 3329 z
3236 3266 3457 3331 nullus

1910 3376 2082 3439 enim
2128 3377 2338 3458 sperat
2380 3378 2548 3438 recte
2597 3377 2903 3438 aeternam
2956 3372 3414 3437 beatitudinem
3433 3421 3451 3450 ,

1909 3483 2034 3545 nisi
2061 3482 2177 3565 qui
2205 3481 2329 3545 Deo
2351 3481 2546 3545 servit
2573 3481 2681 3559 (α),
2718 3478 2820 3542 vel
2852 3478 3148 3561 proponit
3174 3478 3301 3542 Deo
3335 3498 3462 3543 ser-

1911 3589 2070 3653 vire.
2116 3588 2485 3652 Secundum
2527 3590 2743 3651 autem
2785 3587 2958 3667 quod
2996 3585 3290 3668 nominat
3327 3590 3461 3649 sta-

1911 3699 2074 3775 tum,
2115 3695 2205 3764 sic
2245 3699 2460 3760 ortum
2488 3694 2681 3757 habet
2718 3711 2801 3756 ex
2826 3691 3070 3755 meritis
3096 3692 3462 3773 praeceden-

1911 3803 2085 3866 tibus
2115 3807 2178 3866 et
2207 3800 2777 3866 concomitantibus
2808 3818 2825 3862 τ
2857 3802 2921 3861 et
2960 3798 3079 3861 hoc
3114 3797 3304 3861 modo
3349 3816 3461 3861 ac-

1911 3910 2144 3993 cipitur
2161 3910 2182 3945 ⁸
2231 3933 2246 3973 ε
2303 3909 2655 3975 Tribulatio
2693 3911 2993 3988 operatur
3033 3906 3456 3986 patientiam,

1908 4020 2232 4101 patientia
2303 4018 2742 4098 probationem
2763 4062 2784 4092 ,
2866 4013 3160 4097 probatio
3237 4029 3408 4095 spem
3433 4034 3465 4095 ,·-

1913 4126 2129 4191 Glossa
2158 4149 2173 4190 ε
2207 4126 2321 4189 «ld
2348 4129 2462 4201 est,
2494 4122 2942 4187 certitudinem
2969 4122 3125 4204 spei,
3158 4121 3238 4185 ad
3263 4138 3459 4203 quam

1913 4233 2148 4298 scilicet
2198 4231 2643 4297 certitudinem
2695 4228 3067 4311 pervenitur
3122 4246 3238 4309 per
3291 4227 3463 4291 bona

1914 4341 2163 4417 merita,
2195 4344 2258 4404 et
2282 4339 2561 4402 maxime
2596 4356 2713 4420 per
2747 4337 3147 4400 tolerantiam
3175 4339 3238 4398 et
3268 4334 3462 4399 susti-

1913 4449 2201 4513 nentiam
2233 4446 2742 4511 tribulationum.
2773 4462 2804 4502 n
2843 4440 3209 4506 Secundum
3245 4445 3461 4506 autem

1913 4558 2085 4639 quod
2112 4575 2255 4640 spes
2282 4555 2571 4619 nominat
2593 4553 2801 4634 ipsam
2829 4568 2967 4613 rem
2993 4554 3307 4631 speratam
3325 4598 3343 4627 ‚
3374 4549 3464 4613 sic

1915 4670 2131 4729 ortum
2167 4663 2359 4727 habet
2398 4680 2481 4725 ex
2523 4658 2767 4723 meritis
2814 4656 3337 4739 praecedentibus.
3387 4654 3465 4718 Et

1916 4772 2007 4835 sic
2043 4774 2215 4853 patet
2251 4768 2421 4851 quod
2465 4783 2608 4848 spes
2650 4764 3002 4829 secundum
3048 4763 3320 4844 primam
3357 4779 3464 4825 ac-

1917 4879 2270 4957 ceptionem
2316 4866 2686 4956 simpliciter
2725 4871 3024 4955 praecedit
3068 4869 3296 4933 merita
3321 4874 3462 4932 tan—

1917 5006 2116 5073 quam
2177 4986 2553 5050 meritorum
2611 4979 3041 5061 principium3
3111 4975 3465 5040 secundum

1920 5097 2218 5162 ultimam
2264 5090 2695 5173 acceptionem
2738 5084 3106 5167 simpliciter
3141 5083 3463 5165 sequitur,

1921 5211 2229 5287 tanquam
2265 5200 2646 5265 meritorum
2692 5194 3071 5276 praemium;
3113 5190 3466 5256 secundum

1925 5379 1974 5428 v,
2002 5369 2048 5415 4.
2073 5391 2126 5399 -
2155 5364 2178 5396 ⁸
2208 5365 2293 5412 Est
2315 5359 2549 5410 diffinitio
2578 5355 2805 5421 Magistri
2831 5353 3043 5405 collecta
3072 5370 3130 5404 ox
3166 5352 3465 5417 Angustiae,

1924 5442 1979 5489 ut
2007 5439 2149 5502 patet
2176 5436 2226 5484 iu
2256 5435 2339 5483 lib.
2374 5432 2450 5495 11,
2476 5430 2588 5481 dist.
2620 5441 2785 5481 xxvu.
2809 5455 2871 5465 -
2894 5428 2912 5461 ⁸
2941 5428 3096 5490 Rom„
3131 5440 3176 5488 τ,
3205 5431 3248 5475 4.
