4185 6288
1203 436 1403 504 ms'n
1447 409 1661 507 ΠΝ.
1705 442 1888 511 An‘r.
1932 445 2041 511 111.
2086 446 2394 527 QUAEST.
2443 453 2492 517 1.

248 569 488 633 nuatur
529 572 701 654 quod
735 575 830 637 est
874 572 1263 656 principium
1296 572 1689 641 discretionis
1731 581 1796 644 et

246 676 671 746 directionis,
711 686 909 749 arctat
934 683 1110 749 enim
1155 683 1320 750 sicut
1341 686 1571 769 regula
1595 688 1794 755 direc-

248 785 380 852 tiva
402 795 693 872 respectu
719 792 1012 857 omnium
1043 810 1303 874 eorum,
1333 812 1482 878 quae
1507 813 1793 862 commu-

245 896 414 961 niter
456 902 610 964 sunt
654 902 963 967 credenda
995 924 1011 968 :
1058 907 1122 969 et
1158 903 1249 968 sic
1284 904 1405 969 ista
1448 905 1791 973 notificatio

246 1008 417 1070 recte
461 1011 558 1071 est
601 1009 921 1092 assignata
942 1060 962 1092 ‚
1005 1011 1158 1095 quia
1198 1028 1330 1076 non
1387 1014 1639 1077 tantum
1696 1017 1792 1080 est

246 1113 436 1178 realis
452 1115 808 1201 descriptio,
824 1119 936 1184 sed
948 1123 1012 1184 et
1032 1118 1316 1184 nominis
1331 1119 1786 1203 interpretatio.

329 1223 361 1284 1
374 1270 389 1285 .
418 1222 519 1287 Ad
543 1223 701 1290 illud
739 1244 899 1308 ergo
934 1226 1109 1310 quod
1150 1227 1363 1310 primo
1397 1227 1694 1310 objicitur
1719 1228 1790 1293 in

244 1332 663 1413 contrarium,
692 1333 863 1417 quod
888 1334 1067 1399 nulla
1091 1334 1325 1400 veritas
1351 1336 1682 1419 complexa
1697 1340 1790 1401 est

243 1436 665 1521 indivisibilis,
692 1441 1034 1508 dicendum
1051 1442 1223 1525 quod
1250 1442 1652 1510 indivisibile
1665 1444 1789 1509 dic-

244 1547 387 1608 tum
416 1545 494 1609 de
519 1547 784 1613 articulo
805 1567 937 1614 non
979 1550 1193 1634 privat
1230 1568 1489 1615 omnem
1527 1550 1783 1616 divisio-

245 1671 419 1735 nem,
448 1656 557 1724 sed
595 1658 808 1740 privat
848 1677 991 1724 eam
1018 1658 1429 1738 divisionem,
1458 1677 1604 1743 quae
1642 1659 1787 1743 qui·-

245 1762 394 1827 dem
432 1765 724 1829 ‘consistit
772 1765 841 1829 in
887 1764 1285 1831 credibilium
1339 1766 1735 1833 distinctione
1766 1789 1782 1831 ε

243 1869 551 1953 quoniam
576 1872 883 1938 articulus
910 1891 1044 1938 non
1078 1872 1495 1955 distinguitur
1538 1875 1607 1938 in
1632 1875 1788 1940 alios

244 1976 543 2044 articulos
563 2027 579 2057 ,
611 1978 701 2043 ibi
734 1980 909 2044 enim
938 1982 1139 2045 status
1180 1982 1299 2045 est.
1340 1980 1551 2046 Potest
1592 1983 1786 2047 etiam

244 2082 428 2148 aliter
459 2084 586 2149 dici
606 2133 624 2164 ,
667 2087 839 2168 quod
881 2088 1000 2171 ipsi
1033 2089 1457 2172 complexioni
1504 2092 1789 2175 subjacet

243 2191 481 2255 veritas
511 2192 937 2259 indivisibilis.
970 2195 1147 2261 Sicut
1170 2196 1345 2261 enim
1378 2198 1622 2263 dictum
1665 2197 1789 2263 fuit

243 2297 444 2379 prius,
470 2298 827 2365 intellectus
850 2301 1019 2366 circa
1042 2321 1119 2368 ea
1135 2321 1282 2387 quae
1313 2303 1422 2368 Dei
1447 2310 1619 2384 sunt,
1636 2305 1789 2369 etin

245 2403 394 2484 Deo,
425 2424 573 2488 quae
600 2410 754 2472 sunt
772 2410 1037 2476 omnino
1063 2410 1393 2494 simplicia,
1422 2413 1790 2493 negotiatur

248 2509 313 2570 et
351 2507 647 2591 intelligit
685 2512 807 2575 sub
855 2513 1296 2596 complexione
1340 2515 1616 2597 quadam
1658 2539 1674 2579 ι
1725 2521 1791 2581 et

242 2618 541 2699 quamvis
565 2622 773 2684 totum
797 2620 970 2703 quod
995 2625 1086 2685 est
1109 2620 1275 2687 Deus
1292 2670 1310 2697 ‚
1327 2623 1408 2687 sit
1436 2622 1570 2706 ipse
1598 2623 1786 2705 Deus,

239 2729 455 2788 tamen
487 2725 875 2805 intellectus,
905 2728 1063 2794 dum
1096 2728 1397 2811 intelligit
1432 2729 1671 2813 aliquid
1712 2732 1790 2795 de

239 2829 391 2910 Deo,
426 2831 726 2914 intelligit
747 2834 901 2899 illud
930 2835 1000 2899 in
1028 2821 1271 2899 ratione
1300 2836 1591 2919 subjecti,
1624 2841 1688 2901 et
1704 2840 1793 2901 at-

241 2929 472 3003 tribuit
517 2940 575 3005 ei
623 2941 863 3024 aliquid
904 2941 973 3005 in
1011 2942 1253 3007 ratione
1314 2942 1660 3026 praedicati.
1714 2942 1793 3007 Et

240 3047 400 3129 quia
429 3046 709 3112 diversas
736 3047 794 3112 ei
831 3048 1271 3114 attributionae
1305 3049 1451 3114 facit
1471 3099 1489 3129 ,
1519 3050 1672 3114 hinc
1698 3054 1793 3114 est

241 3154 418 3238 quod
446 3154 651 3237 ipsam
664 3156 995 3221 veritatem
1023 3158 1320 3240 primam,
1341 3176 1491 3240 quae
1514 3176 1649 3222 una
1673 3162 1789 3236 est,

241 3259 463 3325 multis
493 3261 697 3327 modis
718 3262 1035 3346 intelligit,
1051 3268 1114 3328 et
1138 3263 1357 3329 multis
1371 3264 1578 3330 modis
1595 3282 1795 3329 enun-

241 3370 379 3434 tiat.

320 3481 362 3542 2
388 3483 451 3543 et
477 3483 536 3544 3.
573 3478 653 3548 Et
677 3498 792 3563 per
834 3481 957 3545 hoc
995 3483 1167 3563 patet
1194 3479 1519 3563 responsio
1559 3480 1638 3545 ad
1669 3480 1797 3545 duo

240 3586 576 3669 sequentia
612 3608 628 3651 ε
657 3587 803 3652 licet
829 3588 1002 3651 enim
1030 3586 1433 3652 indivisibilis
1456 3587 1690 3653 veritas
1717 3588 1802 3652 sit

239 3713 404 3775 una,
440 3699 655 3759 tamen
680 3694 930 3759 articuli
952 3697 1102 3758 sunt
1129 3695 1365 3776 plures,
1391 3695 1546 3777 quia
1572 3695 1800 3760 articu-

238 3800 347 3866 lus
364 3819 495 3865 non
521 3802 733 3866 solum
762 3805 855 3865 est
881 3802 1017 3884 ipsa
1046 3802 1281 3865 veritas
1307 3803 1375 3864 in
1401 3820 1492 3879 se,
1523 3802 1631 3867 sed
1658 3820 1799 3884 pro·

241 3914 317 3974 ut
362 3914 768 3992 comparatur
822 3909 903 3974 ad
953 3908 1235 3991 aliquam
1280 3909 1758 3973 attributionem
1775 3946 1795 3978 ‚

246 4021 539 4099 respectu
571 4018 756 4098 cujus
783 4013 948 4080 Deus
974 4015 1160 4079 estin
1192 4015 1443 4079 ratione
1490 4016 1794 4098 subjecti,

241 4130 412 4194 sicut
438 4128 642 4192 Deum
688 4145 823 4192 esse
853 4131 1202 4192 creatorem
1225 4176 1242 4207 ,
1275 4126 1475 4192 Deum
1520 4146 1654 4192 esse
1679 4128 1801 4192 tri-

240 4255 405 4301 num
426 4284 445 4313 ‚
475 4235 674 4300 Deum
724 4254 862 4301 esse
905 4254 1113 4300 unum
1162 4258 1178 4298 z
1226 4238 1289 4299 et
1327 4235 1569 4300 ratione
1604 4235 1802 4318 hujus

245 4344 481 4409 dicitur
528 4361 664 4407 esse
713 4342 949 4409 veritas
987 4342 1394 4431 indivisibilis
1450 4342 1526 4406 de
1567 4342 1695 4407 Deo
1740 4345 1804 4407 et

243 4451 467 4535 plures
489 4450 770 4529 articuli,
797 4451 950 4534 quia
975 4451 1163 4534 plura
1204 4450 1617 4515 enuntiabilia
1652 4457 1805 4516 sunt

246 4558 329 4623 de
353 4556 504 4635 Deo,
536 4560 600 4621 et
628 4557 793 4620 circa
817 4558 1042 4638 Deum,
1072 4576 1219 4640 quae
1244 4558 1675 4623 necessarium
1712 4563 1806 4623 est

248 4666 510 4730 credere
535 4664 655 4748 ipsi
671 4665 846 4730 fidei.

332 4776 396 4836 4.
442 4772 540 4836 Ad
582 4771 738 4837 illud
779 4771 950 4854 quod
1000 4771 1325 4855 objicitur,
1373 4773 1545 4855 quod
1594 4773 1805 4837 carnis

253 4878 637 4960 resurrectio
665 4896 795 4943 non
820 4883 915 4943 est
941 4879 1018 4944 de
1046 4878 1172 4943 Deo
1195 4926 1211 4956 ,
1253 4878 1588 4944 dicendum
1630 4879 1805 4963 quod

255 4989 391 5053 imo
412 5035 432 5065 ,
488 4987 555 5051 in
607 4990 923 5071 quantum
958 4990 1130 5051 tenet
1155 4986 1466 5052 rationem
1507 4988 1802 5054 articuli:

258 5096 351 5159 sic
377 5096 551 5159 enim
587 5090 995 5178 comparatur
1036 5095 1416 5160 resurrectio
1452 5100 1668 5161 nostra
1698 5144 1716 5174 ,
1746 5100 1811 5162 et

325 5256 393 5321 (a)
416 5256 554 5306 Edit.
595 5257 705 5307 ναι.
729 5256 1034 5307 intellectus.
1054 5281 1113 5293 -
1144 5254 1216 5320 (b)
1242 5256 1602 5322 determinare3
1630 5257 1704 5309 al.
1723 5258 1811 5309 de-

266 5327 538 5379 terminati.

3331 471 3449 533 535

1904 582 2117 648 carnis
2164 586 2601 669 resuscitatio,
2642 591 2724 654 ad
2773 591 3078 658 virtutem
3128 596 3442 668 divinam.

1902 687 2080 755 Unde
2120 692 2376 758 credere
2401 696 2609 760 carnis
2621 680 3166 776 resurrectionem
3193 723 3324 771 non
3349 713 3447 775 est

1899 795 2121 878 aliud,
2160 817 2357 882 quam
2401 805 2693 884 credere,
2743 808 2913 889 quod
2965 808 3133 875 Deus
3179 831 3446 898 corpora

1898 907 2116 970 nostra
2140 909 2573 986 resuscitabit,
2605 913 2904 995 exigente
2949 916 3071 982 hoc
3109 937 3226 985 sua
3249 923 3441 1002 justi-

1897 1009 2007 1090 tia,
2037 1015 2102 1075 et
2125 1013 2391 1079 faciente
2416 1033 2538 1080 sua
2564 1019 2863 1101 potentia.

1977 1122 2039 1183 5.
2068 1118 2170 1182 Ad
2194 1119 2354 1186 illud
2392 1124 2563 1205 quod
2606 1125 2904 1208 objicitur
2946 1131 3166 1194 contra
3207 1149 3440 1200 secun-

1897 1224 2045 1289 dam
2071 1230 2339 1308 partem,
2370 1230 2541 1312 quod
2580 1232 2888 1298 articulus
2926 1253 3059 1300 non
3095 1242 3294 1304 arctat
3335 1260 3438 1306 ra—

1895 1332 2157 1409 tionem,
2188 1352 2338 1398 cum
2366 1336 2447 1399 sit
2472 1353 2672 1419 supra
2695 1358 2861 1420 eam,
2901 1340 3240 1410 dicendum
3266 1350 3439 1431 quod

1895 1440 2203 1506 articulus
2240 1443 2553 1510 diffinitur
2593 1446 2697 1511 hic
2739 1448 2809 1511 in
2845 1453 3314 1533 comparatione
3359 1457 3439 1522 ad

1896 1548 2288 1613 intellectum
2315 1570 2447 1616 non
2468 1572 2974 1640 quemcumque,
3006 1561 3116 1624 sed
3165 1561 3441 1628 intellec-

1892 1658 2034 1720 tum
2058 1656 2471 1723 informatum
2499 1661 2624 1727 fide
2655 1682 2671 1726 ε
2701 1667 2765 1727 et
2807 1664 2930 1728 hoc
2955 1671 3215 1732 notatur
3230 1716 3249 1746 ,
3289 1688 3453 1735 cum·

1897 1762 2134 1827 dicitur
2161 1770 2422 1832 arctans
2441 1783 2580 1848 nos,
2605 1769 2842 1835 scilicet
2868 1772 3107 1838 fideles.
3138 1773 3441 1851 Quamvis

1894 1879 2113 1936 autem
2156 1873 2460 1938 articulus
2486 1875 2568 1939 sit
2604 1878 2886 1943 occultus
2926 1879 3271 1948 intellectui
3312 1884 3389 1967 (a)
3412 1933 3434 1968 ,

1893 1979 2007 2061 qui
2032 1980 2293 2062 quidem
2319 1999 2450 2045 non
2473 1982 2667 2048 habet
2690 1985 2905 2063 fidem,
2935 1991 2999 2052 et
3026 1988 3219 2054 etiam
3245 2009 3439 2075 supra

1893 2083 2138 2168 ipsum;
2169 2105 2301 2151 non
2328 2091 2542 2153 tamen
2570 2093 2665 2155 est
2702 2110 2894 2176 supra
2919 2093 3306 2162 intellectum
3321 2147 3341 2180 ,
3371 2099 3438 2165 in

1894 2198 2213 2276 quantum
2237 2195 2364 2260 fide
2380 2195 2778 2263 illuminatur
2807 2204 2872 2264 et
2896 2201 3206 2270 elevatur.

1976 2307 2036 2364 6.
2069 2301 2168 2366 Ad
2197 2301 2352 2366 illud
2394 2304 2568 2386 quod
2609 2304 2943 2388 objicitur,
2973 2311 3145 2392 quod
3187 2311 3440 2394 credere

1895 2410 1990 2471 est
2014 2425 2131 2489 per
2156 2420 2391 2472 meram
2426 2410 2818 2477 voluntatem
2844 2462 2861 2491 ,
2897 2419 2961 2479 et
3011 2416 3103 2481 ita
3154 2437 3287 2483 non
3325 2438 3439 2503 per

1895 2515 2307 2578 arctationem
2329 2563 2349 2594 ‚
2407 2516 2745 2581 dicendum
2802 2521 2975 2602 quod
3026 2527 3124 2587 est
3178 2527 3439 2593 arctatio

1897 2637 2044 2702 quae
2065 2626 2387 2703 repugnat
2408 2622 2716 2703 libertati,
2749 2630 2813 2690 et
2845 2632 2942 2692 est
2978 2631 3240 2697 arctatio
3288 2651 3436 2715 quae

1895 2731 2219 2809 repugnat
2248 2727 2653 2809 ambiguitati
2684 2751 2700 2792 ε
2733 2734 2971 2796 etcum
3016 2734 3244 2801 dicitur
3278 2740 3438 2804 arti·-

1898 2833 2079 2897 culus
2101 2881 2119 2912 ,
2146 2833 2301 2916 quia
2334 2836 2534 2899 arctat
2577 2835 2655 2899 ad
2683 2837 3069 2904 credendum
3090 2890 3108 2920 ,
3149 2843 3273 2908 hoc
3306 2863 3439 2910 non

1898 2939 2129 3004 dicitur
2163 2957 2276 3022 per
2314 2941 2701 3005 coactionem
2744 2942 3092 3011 voluntatis
3112 2996 3129 3024 ‚
3174 2950 3283 3014 sed
3319 2951 3442 3017 hoc

1898 3046 2132 3111 dicitur
2166 3066 2280 3130 per
2322 3047 2744 3113 remotionem
2771 3051 3211 3134 ambiguitatis
3241 3074 3260 3122 t
3288 3059 3443 3142 quia

1899 3155 1971 3218 in
1989 3155 2126 3238 ipsa
2142 3155 2406 3220 veritate
2420 3156 2668 3221 articuli
2682 3158 3095 3226 determinate
3123 3164 3195 3247 (b)
3218 3165 3257 3228 fl
3264 3167 3444 3248 gitur

1902 3281 2084 3327 mens
2125 3264 2437 3328 credentis
2469 3313 2486 3341 ‚
2538 3267 2613 3327 ut
2664 3265 3028 3333 nullatenus
3066 3271 3148 3336 ad
3199 3278 3444 3356 partem

1902 3369 2092 3434 aliam
2113 3370 2476 3435 inclinetur.
2526 3371 2703 3437 Unde
2730 3373 2894 3438 sicut
2918 3376 3148 3442 dicitur
3181 3398 3311 3444 vox
3338 3399 3442 3444 ar-

1902 3478 2192 3557 ticulata,
2222 3496 2368 3561 quae
2415 3479 2495 3543 ad
2535 3479 3029 3561 significandum
3073 3485 3313 3569 aliquid
3354 3490 3448 3552 est

1905 3584 2343 3663 determinata,
2373 3604 2523 3650 cum
2549 3587 2727 3669 prius
2748 3587 2818 3651 in
2854 3607 2923 3653 se
2949 3590 3315 3660 indifferens
3341 3612 3447 3661 es-

1906 3696 2000 3757 set
2026 3692 2108 3756 ad
2140 3693 2634 3774 significandum
2670 3694 2955 3775 diversa;
3009 3698 3099 3763 sic
3143 3701 3449 3767 articulus

1907 3800 2160 3879 dicitur,
2190 3800 2345 3882 quia
2360 3799 2571 3882 ipsum
2599 3804 2848 3883 oportet
2870 3802 3282 3873 determinate
3311 3827 3446 3874 cre—

1908 3907 2078 3984 dere,
2108 3910 2171 3971 et
2197 3906 2256 3970 ei
2281 3907 2584 3971 assentire
2606 3954 2623 3983 ,
2653 3909 2830 3971 omni
2858 3914 3096 3976 remota
3120 3914 3451 3997 ambigui-

1908 4017 2035 4077 tate
2061 4017 2127 4077 et
2152 4012 2573 4077 vacillatione.
3445 4078 3450 4085 .

1990 4127 2026 4183 7
2053 4126 2117 4185 et
2143 4125 2205 4184 8.
2232 4120 2330 4184 Ad
2344 4120 2504 4184 illud
2529 4118 2700 4203 quo‘d
2726 4123 3067 4204 opponitur
3093 4126 3186 4189 de'
3206 4127 3452 4209 objecto

1909 4231 2181 4296 aliarum
2208 4229 2545 4307 virtutum,
2568 4232 2632 4293 et
2650 4229 2842 4293 etiam
2856 4230 2934 4294 de
2955 4235 3271 4315 praecepto
3282 4236 3455 4317 quod

1911 4341 2111 4403 arctat
2135 4338 2214 4401 ad
2243 4334 2666 4401 obediendum
2683 4385 2701 4412 ‚
2730 4337 3069 4403 dicendum
3110 4341 3280 4422 quod
3324 4360 3456 4407 non

1910 4450 2006 4510 est
2032 4444 2268 4524 simile,
2293 4443 2468 4526 quia,
2493 4444 2659 4508 sicut
2681 4444 2859 4527 prius
2883 4444 3125 4509 dictum
3151 4450 3265 4527 est,
3299 4447 3458 4512 arti-

1911 4552 2094 4618 culus
2125 4569 2258 4615 non
2294 4554 2546 4614 tantum
2586 4550 2817 4615 dicitur
2868 4551 3027 4633 quia
3066 4554 3266 4617 arctat
3307 4553 3462 4619 obli·
3545 4590 3558 4599 ·

1896 4660 2150 4743 gando,
2183 4660 2292 4723 sed
2321 4658 2473 4740 quia
2499 4660 2699 4722 arctat
2725 4657 3177 4740 distinguendo
3217 4664 3280 4724 et
3324 4660 3459 4725 dis-

1912 4766 2250 4844 cernend0,
2276 4769 2340 4829 et
2365 4765 2518 4847 quia
2544 4764 2624 4829 ad
2647 4765 2864 4847 ipsum
2881 4767 3003 4829 stat
3021 4766 3322 4830 resolutio
3351 4789 3366 4830 ε
3400 4772 3465 4832 et

1914 4873 2221 4957 quoniam
2245 4872 2369 4937 hoc
2386 4872 2640 4955 proprie
2663 4872 2964 4936 convenit
2983 4872 3103 4955 ipsi
3122 4873 3290 4952 fidei,
3315 4890 3461 4956 quae

1914 4986 2010 5046 est
2035 4982 2241 5047 virtus
2267 4979 2603 5063 perficiens
2649 4979 2862 5061 ipsum
2903 4979 3299 5046 intellectum
3321 5027 3338 5056 ,
3381 4982 3462 5045 ad

1914 5108 2112 5174 quem
2149 5094 2385 5173 spectat
2422 5088 2810 5173 principium
2855 5092 2919 5152 et
2956 5088 3185 5171 regula
3225 5088 3466 5154 discre-

1915 5199 2142 5277 tionis;
2175 5198 2326 5262 hinc
2363 5201 2461 5263 est
2503 5197 2673 5280 quod
2700 5196 2912 5261 solum
2952 5196 3272 5280 objectum
3315 5196 3466 5264 fidei

1919 5307 2213 5372 vendicat
2237 5305 2357 5368 sibi
2384 5322 2617 5369 nomen
2645 5303 2915 5369 articuli.
