4185 6288
1260 476 1456 551 ms'r.
1501 478 1633 549 xx.
1679 466 1860 546 aar.
1910 479 1957 543 1.
2007 469 2305 558 QUAEST.
2354 468 2455 546 Ν.

265 623 419 707 dicit
459 620 844 709 Apostolus:
890 640 1048 705 ergo
1090 621 1147 688 si
1175 621 1322 705 quis
1351 619 1534 685 debet
1559 617 1805 683 satisfa-

263 752 408 799 cere
434 752 553 818 pro
588 730 890 814 originali
933 730 1209 814 peccat0,
1249 729 1508 793 tenetur
1549 724 1811 790 reddere

264 843 551 909 animam
577 859 695 924 pro
722 839 940 903 anima
971 860 985 903 ε
1018 838 1126 903 sed
1165 836 1436 921 quilibet
1461 838 1556 899 est
1590 832 1814 897 mortis

264 950 514 1016 debitor
536 966 654 1033 pro
691 945 994 1029 originali
1020 946 1277 1029 peccato
1309 965 1327 1009 t
1359 960 1516 1025 ergo
1554 957 1686 1005 non
1711 940 1812 1004 vi-

151 1072 154 1073 ’
263 1056 453 1123 detur
487 1056 660 1140 quod
690 1054 951 1137 aliquiS,
979 1054 1092 1136 qui
1135 1052 1465 1136 peccatum
1501 1047 1815 1131 originale

265 1163 607 1240 contraxit,
631 1162 830 1246 possit
851 1177 1142 1243 unquam
1169 1158 1528 1224 satisfacere
1545 1173 1662 1240 pro
1679 1154 1810 1219 illo.

348 1269 539 1348 Item,
570 1269 743 1353 quod
779 1266 1092 1350 originale
1120 1269 1449 1349 peccatum
1477 1264 1557 1328 sit
1603 1262 1811 1345 culpa,

263 1379 389 1444 hoc
412 1378 626 1457 habet,
656 1376 810 1460 quia
833 1374 1142 1459 processit
1181 1393 1221 1438 a
1250 1372 1578 1438 voluntate
1605 1370 1761 1433 Adae
1794 1391 1810 1431 :

264 1486 322 1549 si
364 1500 522 1567 ergo
549 1484 900 1567 requiritur
928 1480 1264 1547 satisfactio
1310 1478 1432 1543 de
1413 1495 1552 1561 1pso
1596 1494 1817 1541 secun-

265 1591 425 1658 dum
466 1590 636 1674 quod
672 1589 893 1674 culpa,
929 1588 1153 1653 nullus
1193 1588 1400 1670 potest
1437 1583 1813 1660 satisfacere,

263 1698 391 1763 nisi
418 1697 758 1762 satisfaciat
775 1713 894 1779 pro
920 1695 1108 1779 culpa
1134 1693 1313 1759 Adae.
1344 1692 1467 1757 Sed
1486 1709 1604 1774 pro
1633 1691 1820 1774 culpa

265 1804 425 1870 Adae
489 1804 711 1869 nullus
773 1806 977 1885 potest
1046 1802 1403 1866 satisfacere
1464 1797 1818 1863 secundum

267 1912 439 1995 quod
466 1909 798 1993 originalis
823 1914 943 1987 est,
991 1908 1116 1977 nisi
1132 1892 1504 1973 satisfaciat
1530 1924 1646 1989 pro
1685 1908 1819 1970 toto

267 2035 506 2100 genere
542 2016 832 2082 humano
873 2039 888 2081 :
920 2034 1113 2099 erg0,
1142 2035 1182 2080 a
1217 2015 1429 2098 primo
1469 2013 1576 2096 (a),
1605 2012 1821 2077 nullus

267 2128 473 2210 potest
498 2125 854 2189 satisfacere
878 2142 997 2207 pro
1015 2124 1270 2206 peccato
1293 2121 1596 2203 originali
1619 2119 1822 2184 alicu-

261 2234 376 2315 jus
391 2231 671 2297 hominis
684 2279 702 2309 ,
723 2231 850 2294 nisi
875 2230 1214 2295 satisfaciat
1239 2247 1357 2313 pro
1384 2230 1517 2292 toto
1544 2243 1821 2310 genere-

267 2338 577 2405 humano.
608 2337 732 2404 Sed
769 2340 893 2403 hoc
935 2355 1068 2403 non
1103 2340 1309 2420 potest
1348 2335 1582 2419 aliquis
1617 2351 1823 2417 purus

267 2447 467 2512 homo
516 2469 532 2511 :
587 2463 746 2527 ergo
794 2445 1013 2511 nullus
1053 2446 1262 2528 potest
1305 2441 1660 2507 satisfacere
1703 2458 1821 2523 pro

270 2552 571 2636 originali
597 2556 877 2637 peccato.

822 2819 1281 2887 CONCLUSIO.

271 2977 471 3037 Nullus
496 2978 860 3048 quamtumvis
873 2976 1061 3047 qratia
1087 2976 1314 3044 fulcitus
1333 2977 1518 3046 potuit
1533 2989 1638 3047 pro
1661 2974 1823 3046 culpa

345 3068 559 3124 actuali
572 3082 678 3139 pro
694 3068 866 3138 seipso
889 3068 1208 3136 satisfacere
1232 3067 1609 3134 satisfactione
1631 3067 1821 3138 plena,

345 3157 602 3214 damnum
656 3161 705 3214 et
754 3158 1021 3228 injuriam
1073 3157 1476 3230 complentem&
1529 3157 1620 3213 sed
1659 3172 1825 3228 neque

348 3247 643 3320 semiplena
665 3263 767 3320 pro
794 3248 1075 3318 originali.

359 3407 544 3490 Resp.
576 3407 658 3472 ad
694 3426 838 3490 arg.
869 3406 1218 3474 Dicendum
1243 3405 1413 3490 quod
1425 3408 1520 3471 est
1543 3406 1826 3471 satisfac-

272 3515 367 3579 tio
392 3515 604 3597 plena‚
643 3516 707 3581 et
729 3519 825 3580 est
849 3514 1189 3580 satisfactio
1216 3512 1566 3597 semiplena
1595 3533 1612 3578 ε
1642 3513 1824 3578 satis-

275 3621 467 3686 factio
493 3622 682 3704 plena
706 3627 824 3699 est,
854 3622 1111 3705 quando
1140 3620 1338 3686 simul
1363 3622 1438 3685 flt
1488 3620 1825 3686 satisfactio

277 3722 359 3794 de
380 3730 641 3813 injuria,
668 3737 733 3796 et
758 3728 1025 3809 damno;
1056 3729 1396 3794 satisfactio
1439 3746 1595 3793 vero
1625 3728 1826 3793 semi-

279 3836 469 3922 plena
491 3842 608 3919 est,
639 3836 920 3921 quando,
946 3836 1217 3902 remissa
1246 3836 1511 3915 offensa,
1538 3835 1827 3900 satisfac-

278 3945 372 4009 tio
422 3946 498 4011 fit
528 3964 647 4030 pro
701 3944 959 4012 damno.
1009 3943 1506 4028 Intelligendum
1537 3948 1633 4009 est
1667 3962 1825 4026 ergo

276 4053 452 4134 quod
475 4071 595 4136 pro
622 4053 804 4118 nullo
831 4056 1113 4138 peccate,
1140 4052 1211 4118 in
1254 4070 1387 4136 quo
1414 4052 1488 4117 fit
1513 4050 1761 4118 aversio
1786 4070 1827 4116 a

277 4158 430 4240 Deo,
485 4165 692 4244 potest
724 4159 1083 4227 satisfacere
1124 4160 1356 4245 aliquis
1399 4177 1604 4243 purus
1627 4159 1828 4225 homo

278 4267 701 4334 satisfactione
743 4268 1049 4352 plenaria,
1102 4284 1224 4334 nec
1260 4285 1380 4351 pro
1419 4267 1627 4350 seipso
1644 4314 1663 4345 ,
1708 4285 1828 4332 nec

241 4457 246 4460 ,
278 4394 399 4460 pro
424 4377 586 4458 aliis,
616 4379 875 4461 propter
893 4377 1018 4442 boc
1039 4375 1215 4459 quod
1236 4374 1479 4441 offensa
1500 4376 1565 4441 et
1589 4374 1830 4457 injuria

279 4483 393 4548 illa
439 4484 705 4550 omnino
750 4483 999 4551 excedit
1051 4500 1285 4567 puram
1323 4485 1702 4548 creaturam.
1757 4478 1829 4545 Si

279 4608 439 4656 vero
484 4591 830 4674 loquamur
858 4591 938 4656 de
982 4589 1404 4655 satisfactione
1451 4587 1824 4671 semiplena,

278 4698 393 4763 illa
417 4699 712 4764 videlicet
752 4699 825 4763 in
850 4717 980 4782 qua
1000 4698 1266 4764 remissa
1290 4697 1534 4761 offensa
1557 4696 1830 4779 requiri-

281 4809 394 4869 tur
417 4806 687 4871 emenda
742 4806 820 4871 de
860 4806 1120 4885 damno,
1147 4806 1240 4870 sic
1280 4804 1620 4870 dicendum
1659 4804 1830 4886 qnod

277 4914 480 4980 homo
510 4917 718 4999 potest
744 4914 1103 4981 satisfacere
1129 4933 1250 4998 pro
1273 4931 1392 4979 suo
1417 4910 1648 4977 actuali
1676 4929 1829 4995 pec·

282 5027 445 5103 cato,
475 5024 586 5089 sed
607 5043 740 5089 non
763 5042 882 5108 pro
900 5024 1200 5108 originali
1226 5024 1502 5107 peccato.
1520 5020 1702 5087 Ratio
1719 5040 1833 5085 au-

280 5135 416 5195 tem
460 5131 663 5214 huJus
687 5137 804 5214 est,
853 5132 1010 5215 quia
1039 5135 1373 5216 peccatum
1415 5129 1662 5196 actuale
1685 5128 1837 5193 dicit

281 5237 809 5323 depravationem
835 5239 1226 5320 voluntatis3
1257 5238 1370 5306 sed
1394 5235 1708 5319 originale
1734 5236 1831 5301 di-

280 5347 371 5413 cit
424 5347 949 5431 depravationem
995 5352 1275 5416 naturae.
1313 5344 1392 5414 In
1438 5345 1565 5413 hoc
1616 5347 1837 5410 autem

344 5475 413 5540 (α)
442 5473 627 5542 suppl.
657 5473 724 5526 ad
747 5474 1005 5527 ultimum.

645 5581 800 5631 τοι.
833 5583 925 5632 ιν.

3336 482 3457 544 433

1922 614 2133 681 differt
2158 616 2522 698 depravatio
2550 622 2799 683 naturae
2821 621 3324 702 adepravatione
3351 641 3461 688 vo-

1921 722 2183 787 luntatis
2201 771 2220 802 ,
2250 723 2405 805 quia
2452 725 2772 808 corruptio
2815 726 3160 791 voluntatis
3208 729 3463 811 respicit

1920 829 2128 912 ipsam
2171 848 2510 913 personam
2528 879 2546 910 ,
2604 835 2679 895 ut
2714 836 2809 896 est
2858 831 3296 912 individuum;
3353 834 3464 900 sed

1923 937 2245 1019 corruptio
2274 941 2545 1016 naturae,
2566 943 2640 1003 ut
2662 943 2755 1003 est
2771 938 3031 1004 alterius
3047 942 3459 1025 principium.

1922 1042 2106 1125 Item,
2138 1044 2292 1127 quia
2312 1046 2608 1110 voluntas
2638 1052 2732 1111 est
2747 1048 3081 1127 vertibiliS,
3110 1052 3175 1113 et
3199 1068 3464 1133 corrup-

1923 1150 2015 1215 tio
2050 1152 2119 1215 in
2174 1171 2250 1216 ea
2300 1153 2577 1218 existens
2621 1157 2717 1217 est
2758 1148 2957 1219 facile'
2979 1155 3268 1234 mobilis;
3315 1158 3468 1239 quia

1925 1277 2081 1324 vero
2109 1264 2339 1324 natura
2381 1278 2515 1324 uno
2558 1261 2749 1326 modo
2791 1266 3113 1340 movetur,
3144 1266 3466 1347 corruptio

1927 1368 1998 1432 in
2025 1386 2103 1432 ea
2126 1368 2407 1432 existens
2433 1373 2528 1433 est
2549 1368 2801 1433 difficile
2843 1369 3117 1434 mobiliS.
3149 1369 3466 1445 Quoniam

1927 1493 2089 1557 ergo
2131 1475 2519 1541 deordinatio
2562 1476 2912 1541 voluntatis
2953 1477 3311 1542 introducta
3351 1497 3469 1562 pro

1926 1582 2159 1647 actuali
2187 1585 2281 1646 est
2302 1600 2589 1665 personae
2612 1583 2960 1665 singularis
2984 1589 3049 1649 et
3069 1585 3250 1648 facile
3271 1586 3471 1651 mobi-

1927 1689 2028 1763 lis,
2083 1689 2552 1772 recompensari
2604 1695 2809 1772 potest
2857 1709 2971 1774 per
2993 1711 3215 1757 .usum
3243 1694 3470 1774 gratiae

1927 1801 2190 1878 gratum
2239 1797 2525 1861 facientis
2546 1843 2565 1873 ,
2617 1816 2764 1880 quae
2818 1799 3070 1881 respicit
3134 1818 3472 1883 personam

1928 1897 2345 1985 singularem.
2378 1904 2557 1985 {Quia
2609 1923 2764 1971 vero
2809 1906 3172 1989 depravatio
3226 1913 3473 1975 naturae

1929 2015 2024 2076 est
2051 2012 2394 2096 respiciens
2445 2014 2974 2097 propagationem
3002 2064 3019 2092 ,
3050 2019 3112 2080 et
3159 2016 3249 2080 ita
3277 2021 3473 2081 natu-

1928 2137 2070 2183 ram
2109 2138 2516 2185 communem
2538 2170 2555 2201 ,
2587 2126 2651 2186 et
2692 2122 2963 2186 ulterius
2989 2123 3292 2188 eradicari
3342 2143 3474 2190 non

1929 2230 2134 2309 potest
2160 2227 2457 2306 omnin03
2491 2228 2632 2293 ideo
2658 2247 2775 2311 pro
2803 2229 3038 2312 damno
3081 2229 3255 2294 illato
3282 2249 3474 2296 nemo

1929 2337 2137 2416 potest
2204 2334 2557 2399 satisfacere
2624 2355 2739 2419 per
2802 2338 3079 2418 gratiam
3129 2338 3476 2419 singularis

1931 2459 2247 2524 personae.
2272 2441 2383 2506 Illa
2406 2442 2580 2506 enim
2599 2461 2732 2507 non
2758 2443 2920 2508 tollit
2945 2445 3211 2511 omnino
3237 2447 3474 2528 peccati

1932 2550 2267 2631 originalis
2286 2551 2565 2616 radicem
2591 2552 2672 2617 ab
2700 2571 2776 2617 eo
2800 2552 2871 2617 in
2908 2573 3038 2637 quo
3069 2560 3184 2634 est,
3209 2575 3328 2621 nec
3358 2575 3474 2639 per

1932 2675 2023 2735 se,
2053 2675 2173 2721 nec
2220 2676 2335 2740 per
2361 2677 2553 2722 usum
2581 2676 2775 2723 suum
2807 2677 2825 2722 ε
2857 2663 2921 2722 et
2944 2659 3087 2725 ideo
3113 2679 3244 2725 non
3271 2666 3478 2745 potest

1933 2764 2198 2829 omnino
2226 2764 2444 2829 tollere
2464 2769 2714 2830 reatum
2737 2770 2801 2831 et
2827 2766 3304 2849 obligationem.
3337 2769 3473 2834 Im-

1933 2870 2230 2954 possibile
2256 2889 2413 2953 ergo
2437 2872 2576 2951 fuit,
2606 2874 2778 2955 quod
2821 2873 3048 2957 aliquis
3074 2893 3189 2958 pro
3218 2882 3475 2959 peccato

1932 2978 2228 3060 originali
2279 2978 2555 3062 alicujus
2601 2980 2881 3044 hominis
2910 2983 3321 3063 satisfaceret,
3350 2984 3475 3049 nisi

1931 3084 2199 3151 omnino
2232 3104 2271 3150 a
2313 3090 2567 3169 peccato
2614 3086 2917 3170 originali
2959 3089 3243 3156 mundus
3280 3097 3472 3175 esset3

1931 3191 2057 3256 nisi
2079 3191 2273 3257 etiam
2302 3193 2568 3257 haberet
2592 3195 2869 3275 gratiam
2891 3212 3326 3278 communem,
3352 3199 3475 3264 hoc

1932 3304 2050 3379 est,
2079 3299 2356 3381 gratiam
2379 3301 2621 3383 capitiS,
2644 3305 2832 3385 cujus
2850 3303 3181 3388 plenitudo
3207 3312 3359 3374 nata
3381 3311 3477 3373 est

1931 3407 2003 3471 in
2049 3406 2211 3473 alios
2253 3408 2611 3474 redundare
2642 3432 2659 3475 ε
2688 3410 2829 3475 talis
2866 3417 3082 3477 autem
3111 3432 3242 3481 non
3268 3415 3478 3498 potuit

1932 3532 2069 3580 esse
2094 3514 2219 3580 nisi
2243 3516 2439 3582 homo
2465 3520 2528 3581 et
2551 3515 2737 3600 Deus,
2766 3518 3056 3601 quiesset
3079 3520 3357 3587 aliorum
3368 3540 3477 3588 ca-

1934 3627 2074 3707 put,
2121 3623 2286 3690 sicut
2329 3623 2399 3687 in
2429 3625 2938 3708 praecedentibus
2967 3627 3090 3694 fuit
3125 3632 3472 3711 ostensum,

1933 3730 2089 3813 quia
2131 3729 2352 3796 nullus
2380 3731 2507 3795 nisi
2551 3732 2719 3798 Deus
2770 3736 2975 3816 potest
3019 3736 3290 3803 influere
3335 3738 3478 3805 aliis

1934 3840 2185 3901 motum
2228 3841 2292 3904 et
2329 3856 2613 3905 sensum.
2665 3839 2746 3905 Et
2794 3842 2886 3906 sic
2923 3847 3116 3926 patet,
3146 3847 3320 3928 quod
3356 3865 3476 3930 pro

1935 3945 2203 4011 minimo
2242 3949 2498 4029 peccato
2549 3948 2874 4030 originali,
2905 3968 3024 4017 nec
3049 3958 3369 4035 quantum
3393 3957 3478 4023 ad

1934 4051 2426 4120 satisfactionem
2458 4054 2836 4138 plenariam,
2864 4075 2985 4123 nec
3032 4065 3349 4142 quantum
3392 4066 3477 4131 ad

1934 4158 2424 4228 satisfactionem
2448 4163 2887 4248 semiplenam,
2907 4168 3115 4249 potuit
3153 4171 3475 4239 satisface-

1934 4285 2030 4347 re,
2058 4266 2183 4332 nisi
2232 4266 2546 4350 Christus,
2575 4268 2642 4334 id
2684 4276 2800 4352 est,
2840 4271 3038 4340 homo
3083 4278 3148 4340 ct
3169 4275 3358 4344 Deus.
3388 4279 3477 4345 De

1935 4375 2172 4440 actuali
2193 4393 2351 4442 vero
2375 4380 2583 4459 potest
2609 4377 2871 4461 quidem
2895 4397 3100 4464 purus
3124 4384 3323 4451 homo
3364 4388 3480 4452 ad-

1936 4484 2118 4565 jutus
2154 4483 2366 4565 gratia
2390 4484 2767 4566 satisfacere,
2803 4486 2912 4552 sed
2936 4489 3357 4559 satisfactione
3381 4513 3481 4561 se·

1937 4591 2240 4675 miplena,
2266 4608 2416 4674 quae
2445 4593 2909 4676 suppletionem
2943 4601 3008 4661 et
3049 4600 3481 4684 complemen-

1937 4701 2079 4762 tum
2105 4697 2328 4781 recipit
2352 4716 2393 4761 a
2417 4699 2708 4781 passione
2732 4701 2979 4768 Christi.
3002 4703 3286 4775 Christus
3307 4710 3484 4777 enim

1940 4805 2328 4871 satisfaciens
2355 4824 2472 4889 pro
2502 4809 2683 4873 omni
2732 4810 2995 4894 offensa,
3026 4815 3335 4882 omnibus
3351 4818 3483 4884 im-

1941 4913 2215 4996 petravit
2240 4913 2517 4994 gratiam
2548 4920 2868 4997 quantum
2898 4919 2978 4984 ad
3002 4922 3480 5008 sufficientiam3

1945 5024 2009 5084 et
2031 5019 2262 5086 merito
2279 5019 2451 5085 illius
2475 5022 2915 5089 satisfactionis
2927 5026 3125 5094 homo
3138 5032 3489 5117 suscipiens

1945 5126 2247 5209 gratiam,
2277 5127 2575 5191 satisfacit
2625 5133 2840 5212 postea
2877 5131 3006 5199 Deo
3032 5145 3152 5219 pro
3199 5137 3484 5224 laesione,

1946 5252 2145 5317 quam
2173 5234 2392 5299 intulit
2416 5235 2538 5299 sibi
2564 5238 2831 5303 actualis
2853 5242 3058 5327 culpa.
3111 5243 3211 5311 Ex
3233 5247 3357 5313 hoc
3373 5269 3493 5333 pa-

1946 5344 2040 5407 tet
2063 5340 2384 5425 quomodo
2410 5343 2618 5428 passio
2645 5343 2875 5413 GhrIsti
2917 5348 3132 5417 influit
3170 5353 3244 5419 in
3279 5374 3495 5424 sacra-

1950 5453 2195 5530 menta,
2248 5454 2312 5516 et
2344 5470 2542 5535 quare
2596 5455 2876 5539 amplius
2924 5458 3140 5528 influit
3186 5463 3257 5529 in
3281 5484 3493 5534 sacra*

3181 5579 3263 5642 28
