4185 6288
1291 473 1489 541 ms'r.
1532 473 1747 541 xxm.
1793 472 1977 542 ΛΒΤ.
2026 475 2076 542 1.
2117 475 2418 555 QUAEST.
2463 476 2573 543 111.

338 612 642 695 gustinns
657 660 675 692 ,
714 611 990 676 liberum
1043 609 1382 676 arbitrium
1438 609 1876 692 complectitur

333 721 476 787 illas
513 725 642 786 tres
682 718 1028 802 potentias,
1057 717 1293 783 scilicet
1343 717 1758 797 irascibilem,
1812 723 1875 783 et

335 826 917 910 concupiscibilem,
939 830 1005 890 et
1028 825 1425 891 rationalem.
1450 824 1528 889 Et
1559 826 1701 889 ideo
1725 826 1876 890 nul-

334 936 474 1000 lum
529 932 991 999 inconveniens
1026 937 1122 997 est
1146 943 1189 1011 ¹,
1244 932 1419 1014 quod
1467 950 1875 1016 unaquaeque

336 1042 582 1120 virtue,
630 1058 776 1124 quae
818 1039 1147 1123 reponitur
1191 1039 1258 1103 in
1286 1058 1418 1102 una
1457 1039 1726 1103 istarum
1753 1058 1872 1122 po-

337 1149 685 1215 tentiarum
703 1149 1057 1214 secundum
1083 1147 1255 1229 quod
1284 1147 1561 1223 habitus,
1589 1147 1660 1210 in
1676 1147 1875 1212 libero

335 1256 599 1322 arbitrio
621 1258 973 1339 reponatur
997 1253 1352 1319 secundum
1385 1254 1557 1336 quod
1584 1253 1790 1319 virtus
1814 1258 1878 1317 et

337 1363 550 1428 meriti
594 1362 1009 1447 principium.
1050 1361 1352 1427 Similiter
1377 1361 1632 1426 nullum
1659 1367 1755 1426 est
1784 1362 1878 1424 in-

335 1468 721 1536 conveniens
772 1487 1008 1553 ponere
1056 1486 1265 1533 unum
1300 1468 1592 1533 habitum
1635 1486 1769 1533 csse
1805 1468 1875 1531 in

334 1576 580 1642 ratione
613 1580 681 1642 et
709 1576 1058 1654 voluntate,
1091 1576 1180 1638 ita
1199 1575 1372 1657 quod
1398 1593 1593 1639 unam
1618 1575 1875 1639 illarum

335 1683 763 1769 potentiarum
819 1681 1114 1765 respiciat
1163 1685 1481 1764 quantum
1531 1682 1872 1765 adactum

337 1790 752 1868 materialem,
781 1790 1045 1854 alteram
1061 1790 1379 1871 quantum
1404 1786 1486 1851 ad
1509 1790 1726 1852 actum
1754 1788 1876 1852 for-

335 1899 571 1964 malem
599 1899 811 1964 :sicut
848 1899 1049 1985 patet,
1095 1894 1268 1978 quod
1311 1894 1568 1959 habitus
1597 1894 1874 1961 scientiae

333 2006 546 2089 quoad
608 2005 764 2089 quid
828 2005 1088 2088 respicit
1151 2004 1530 2069 memoriam
1549 2052 1571 2085 ,
1638 2004 1876 2068 scilicet

333 2112 546 2197 quoad
585 2112 1007 2178 retentionem
1051 2111 1324 2194 speciei;
1362 2115 1426 2174 ct
1464 2112 1676 2194 quoad
1720 2111 1873 2194 quid

332 2219 843 2302 intelligentiam,
861 2217 1099 2283 scilicet
1117 2219 1330 2300 quoad
1347 2218 1711 2284 facilitatem
1727 2238 1875 2285 con-

332 2326 645 2392 versionis
680 2349 699 2405 ;
747 2330 811 2391 et
859 2332 1077 2390 tamen
1124 2325 1353 2389 dicitur
1407 2344 1580 2390 unus
1617 2326 1875 2391 habitus

333 2432 628 2517 simplex.
678 2431 984 2510 Quamvis
1008 2431 1182 2495 enim
1217 2433 1515 2514 potentiae
1563 2432 1873 2498 distinctae

332 2542 485 2621 sint,
536 2540 958 2605 nihilominus
990 2546 1205 2605 tamen
1256 2542 1614 2605 continuari
1640 2540 1875 2607 habent

333 2650 402 2713 in
428 2666 563 2713 nno
586 2650 894 2731 subjecto,
924 2648 1168 2712 ratione
1189 2652 1375 2731 cujus
1401 2653 1605 2730 potest
1634 2666 1772 2714 esse
1802 2651 1871 2714 in

333 2758 431 2824 eis
459 2757 672 2823 unitas
697 2757 1118 2840 proprietatis,
1146 2756 1306 2820 sicut
1345 2775 1478 2819 una
1502 2757 1738 2820 sanitas
1765 2775 1875 2840 po-

331 2866 511 2932 nitur
533 2882 670 2930 esse
694 2865 764 2928 in
791 2866 1012 2930 multis
1046 2865 1353 2929 membris
1387 2865 1668 2948 corporis
1706 2866 1869 2931 into·

332 2973 495 3052 rius,
519 2977 580 3037 et
607 2990 740 3036 nna
763 2972 1062 3036 honestas
1088 2972 1156 3035 in
1185 2972 1406 3035 multis
1430 2972 1738 3037 exterius.
1775 2974 1871 3037 Ex

331 3080 437 3144 his
475 3084 676 3163 potest
718 3078 861 3144 elici
886 3125 906 3157 ,
935 3083 1000 3142 et
1025 3078 1242 3142 haberi
1272 3078 1675 3159 generaliter,
1714 3080 1871 3174 quid

332 3188 417 3251 sit
454 3189 810 3270 subjectum
853 3187 1190 3269 cujuslibet
1216 3187 1495 3263 virtutis,
1527 3187 1770 3269 etquid
1794 3188 1874 3253 sit
1919 3239 1926 3246 .

334 3292 527 3359 etiam
570 3294 934 3378 subjectum
981 3293 1322 3378 cujuslibet
1366 3293 1527 3369 vitii,
1556 3294 1691 3358 sive
1731 3312 1874 3376 pec-

333 3401 476 3466 cati.
523 3400 737 3467 Potest
772 3401 966 3465 etiam
1001 3402 1223 3466 haberi
1248 3401 1690 3466 determinatio
1717 3420 1870 3485 pro-

331 3508 555 3592 positae
610 3508 997 3589 qumionis,
1047 3508 1340 3572 videlicet
1391 3510 1547 3591 quid
1595 3510 1676 3573 sit
1719 3511 1869 3575 sub·

326 3619 572 3700 jectum
612 3617 785 3683 fidei.
831 3614 994 3680 Nam
1019 3616 1185 3693 licet,
1228 3616 1298 3679 in
1321 3619 1638 3698 quantum
1664 3617 1873 3682 virtus

332 3723 655 3788 meritoria
677 3772 699 3803 ,
750 3723 1016 3789 dicenda
1062 3723 1144 3786 sit
1185 3741 1320 3787 esse
1358 3724 1425 3786 in
1465 3724 1664 3789 libero
1695 3725 1870 3789 arbi-

332 3830 502 3909 t1·io;
553 3831 623 3894 in
663 3833 985 3913 quantum
1031 3835 1247 3897 tamen
1284 3836 1379 3896 est
1423 3832 1683 3897 habitus
1731 3833 1873 3897 red-

331 3938 488 4004 dens
504 3939 854 4022 potentiam
873 3939 1144 4020 facilem,
1167 3940 1460 4024 ponenda
1477 3944 1574 4004 est
1593 3941 1872 4024 quodam

332 4046 525 4111 modo
554 4046 622 4110 in
648 4047 932 4130 potentia
958 4049 1312 4131 cognitiva,
1343 4048 1508 4111 sicut
1533 4050 1874 4114 ostendunt

330 4152 610 4218 rationes
657 4153 737 4218 ad
777 4155 1053 4238 primam
1099 4158 1395 4238 partem:
1443 4155 1751 4238 quoniam
1792 4157 1871 4221 ad

329 4259 524 4324 fidem
551 4253 826 4344 pertinet
844 4263 1150 4345 cogitare,
1185 4262 1264 4327 ad
1290 4263 1438 4326 fidei
1461 4263 1872 4347 proprietates

328 4367 608 4450 pertinet
629 4367 991 4433 illuminare
1012 4415 1030 4445 ,
1057 4370 1122 4432 et
1147 4367 1459 4433 rationem
1490 4368 1867 4451 reformare,

331 4485 396 4546 et
425 4479 840 4545 wintellectum
889 4481 1243 4564 captivare3
1308 4478 1428 4563 ipsi
1480 4480 1673 4544 etiam
1725 4480 1873 4545 fidei

330 4587 614 4653 succedit
637 4585 854 4652 videre
884 4605 901 4651 t
933 4603 1080 4670 quae
1107 4586 1328 4651 omnia
1354 4588 1699 4671 respiciunt
1724 4607 1870 4670 cog-

330 4695 665 4759 nitionem.
696 4692 842 4758 ideo
877 4693 1154 4758 rationes
1180 4694 1262 4757 ad
1286 4698 1533 4777 partem
1562 4694 1738 4758 illam
1766 4694 1870 4759 in-

331 4801 576 4881 ductae,
621 4805 775 4865 sunt
820 4799 1260 4866 concedendae.
1310 4799 1439 4867 Nec
1479 4801 1571 4866 eis
1610 4801 1874 4867 obviant

332 4909 612 4975 rationes
649 4907 730 4974 ad
770 4910 1174 4992 oppositum;
1207 4908 1516 4994 quoniam
1539 4908 1687 4974 licet
1714 4909 1873 4974 fides

331 5016 628 5101 respiciat
650 5026 866 5082 actum
891 5018 1191 5100 potentiae
1217 5018 1562 5100 cognitivae
1578 5066 1596 5098 ,
1628 5036 1760 5082 non
1783 5022 1873 5082 ta-

330 5139 481 5188 men
525 5123 739 5207 ipsum
793 5123 1048 5207 respicit
1098 5123 1364 5188 omnino
1405 5140 1566 5207 pure
1589 5173 1609 5204 ,
1651 5123 1760 5188 sed
1803 5124 1870 5189 in

394 5250 413 5286 ¹
430 5250 544 5304 Hoc
565 5250 723 5303 habet
743 5251 1010 5317 Magister,
1025 5250 1118 5303 lib.
1145 5252 1206 5314 ll,
1235 5251 1352 5304 dist.
1380 5262 1525 5316 xxxv,
1550 5266 1597 5304 c.
1617 5251 1869 5317 Liberum,

330 5326 468 5374 etex
484 5322 766 5388 Augustino
781 5360 800 5389 ,
817 5322 880 5373 de
903 5323 1106 5386 Irinit„
1123 5321 1214 5374 lib.
1241 5323 1352 5386 ΧΗ,
1377 5336 1425 5375 c.
1451 5334 1567 5375 vm.
1589 5349 1651 5362 —
1670 5325 1694 5359 ²
1717 5328 1869 5390 ling„

330 5392 391 5444 de
419 5393 670 5459 Sacram„
719 5393 807 5446 lib.
839 5394 881 5459 Ι,
908 5408 963 5459 p.
991 5406 1045 5456 x,
1079 5408 1125 5445 c.
1155 5404 1216 5448 11.
1237 5419 1297 5433 —
1323 5395 1348 5431 ⁸
1369 5395 1451 5459 cs.
1477 5394 1622 5446 Alex.
1651 5396 1868 5459 atensis,

327 5477 383 5530 p.
409 5466 494 5530 m,
528 5465 645 5518 coll.
676 5468 756 5530 80,
785 5471 880 5517 art.
919 5468 949 5517 2
960 5480 977 5529 3
1006 5467 1062 5518 S.
1094 5463 1210 5529 Th„
1248 5465 1376 5524 11-11.
1403 5479 1454 5531 q.
1486 5476 1560 5531 nr,
1591 5470 1688 5517 art.
1716 5468 1774 5530 σς
1820 5469 1871 5518 et

3402 481 3521 544 489

1980 615 2296 694 quantum
2316 612 2510 677 habet
2531 612 2931 678 affectionem
2955 612 3511 696 concomitantem,

1983 722 2047 782 et
2101 719 2379 800 quodam
2432 721 2622 785 modo
2674 723 3204 803 postsequentem.
3251 720 3330 784 Et
3376 720 3520 785 idco

1982 825 2177 889 etiam
2219 843 2472 891 necesse
2513 830 2611 891 est
2649 844 2886 909 ponere
2901 873 2920 906 ,
2950 827 3125 908 quod
3155 826 3312 891 fides
3351 844 3520 909 quo-

1983 933 2134 996 dam
2162 932 2351 997 modo
2376 933 2458 996 sit
2496 933 2567 997 in
2592 932 2926 997 affectione
2949 980 2967 1011 ,
2998 933 3165 997 sicut
3191 933 3345 998 dicit
3375 953 3519 999 ma-

1983 1040 2183 1121 gister
2210 1039 2401 1121 Engo
2427 1040 2505 1103 de
2526 1039 2594 1104 S.
2622 1039 2875 1106 Victore
2890 1041 2934 1104 ¹.
2968 1039 3043 1103 Et
3068 1040 3214 1120 hoc,
3245 1042 3398 1123 quia
3425 1046 3519 1105 est

1984 1146 2242 1211 habitus
2266 1146 2668 1211 voluntarius
2688 1194 2707 1225 ,
2741 1151 2808 1211 et
2829 1164 3012 1210 arnor
3046 1147 3377 1213 ordinatus
3410 1167 3427 1212 ε
3459 1155 3522 1214 et

1985 1252 2131 1316 talis
2156 1257 2406 1318 naturae
2435 1257 2531 1318 est
2568 1258 2745 1317 actus
2782 1255 2925 1336 ejus
2946 1301 2965 1332 ,
2995 1254 3168 1336 quod
3193 1255 3272 1319 ad
3309 1255 3520 1338 ipsum

1986 1379 2176 1424 nemo
2220 1364 2424 1444 potest
2461 1361 2605 1443 cogi
2650 1361 2914 1426 invitus,
2958 1360 3036 1425 Et
3076 1362 3216 1425 ideo
3260 1363 3518 1428 concedi

1986 1471 2251 1550 possunt
2277 1468 2586 1545 rationes,
2627 1485 2776 1550 qnae
2819 1472 2971 1533 sunt
3007 1468 3087 1532 ad
3124 1472 3372 1550 partem
3416 1488 3518 1534 se-

1982 1578 2313 1658 quentem.
2345 1573 2527 1651 Quod
2553 1578 2769 1639 autem
2795 1576 3071 1641 rationes
3096 1576 3216 1639 sibi
3244 1577 3520 1642 invicem

1984 1699 2117 1747 non
2152 1682 2443 1764 obvient,
2487 1683 2598 1749 sed
2643 1687 2937 1766 utraeque
2980 1702 3211 1748 verum
3257 1686 3522 1751 conclu-

1981 1789 2178 1867 dant,
2208 1790 2361 1855 satis
2403 1792 2570 1855 clare
2610 1794 2813 1872 potest
2850 1790 3105 1871 videre,
3143 1793 3198 1855 si
3233 1793 3377 1874 quis
3404 1812 3523 1876 po-

1983 1900 2104 1961 test
2134 1915 2390 1980 capere,
2419 1897 2591 1979 quod
2618 1896 2699 1961 ad
2726 1914 2860 1961 esse
2903 1897 3051 1961 fidei
3081 1898 3338 1963 virtutis
3364 1918 3522 1967 con-

1983 2005 2187 2069 currit
2223 2007 2403 2069 actus
2443 2003 2705 2067 rationis
2753 2002 2950 2066 simul
3003 2006 3066 2067 et
3125 2004 3466 2070 voluntatis
3500 2029 3517 2072 t

1982 2111 2157 2194 quod
2183 2110 2351 2175 bene
2371 2109 2585 2175 innuit
2600 2108 2938 2191 Apostolus
2969 2109 3038 2172 in
3070 2109 3209 2191 ipsa
3239 2112 3521 2178 notifica-

1981 2221 2155 2285 tione
2180 2219 2348 2298 ssdei,
2364 2236 2514 2283 cutn
2542 2218 2691 2282 dicit
2718 2217 2914 2297 fidem
2935 2234 3066 2285 esse
3091 2218 3522 2288 substantiam

1982 2344 2193 2393 rerum
2239 2325 2732 2408 sperandarum,
2764 2332 3205 2408 arqumentum
3234 2342 3365 2395 non
3404 2346 3526 2411 ap-

1980 2435 2351 2517 parentium
2366 2482 2386 2513 ,
2417 2437 2688 2513 tangens
2727 2432 2901 2514 quod
2946 2436 3042 2497 est
3085 2433 3154 2497 in
3193 2451 3270 2498 ea
3298 2436 3523 2515 cogni-

1981 2541 2175 2606 tionis
2205 2588 2223 2620 ,
2271 2544 2336 2603 et
2374 2540 2545 2622 quod
2580 2543 2678 2603 est
2737 2540 3112 2604 affectionis.
3177 2539 3523 2624 Nunquam

1983 2650 2157 2712 enim
2206 2647 2363 2712 fides
2414 2650 2579 2710 esset
2631 2647 2836 2711 virtus
2861 2695 2878 2724 ,
2926 2652 3523 2733 quantumcumque

1984 2756 2373 2820 intellectum
2395 2756 2815 2831 illuminaret,
2844 2756 2969 2820 nisi
2997 2756 3192 2820 etiam
3220 2758 3525 2824 volunta-

1985 2869 2114 2929 tem
2163 2866 2440 2947 quodam
2486 2865 2675 2929 modo
2714 2866 3092 2930 rectificaret
3119 2888 3135 2931 ε
3165 2867 3333 2931 sicut
3360 2872 3528 2951 patet

1981 2972 2049 3035 in
2077 2973 2246 3036 dono
2288 2973 2671 3055 prophetiae,
2703 2972 2856 3054 quia
2885 2972 3207 3036 illuminat
3235 2974 3525 3039 intellec-

1980 3086 2122 3146 tum
2162 3082 2241 3147 ad
2278 3082 2536 3159 eadem,
2569 3082 2648 3146 ad
2683 3099 2832 3164 quae
2878 3080 3209 3146 illuminat·
3240 3082 3433 3162 fldes3
3464 3087 3528 3149 et

1983 3194 2198 3255 tamen
2227 3209 2358 3254 non
2386 3193 2646 3274 ponitur
2684 3209 2819 3256 esse
2847 3191 3055 3255 virtus
3077 3239 3096 3267 ,
3125 3192 3429 3273 quoniam
3454 3193 3523 3256 in

1981 3298 2089 3361 illa
2118 3298 2585 3363 illuminatione
2612 3316 2742 3362 non
2779 3301 3158 3381 cooperatur
3185 3299 3483 3364 voluntas
3501 3349 3521 3381 ,
3628 3297 3643 3314 “

1986 3401 2341 3466 secundum
2367 3402 2537 3483 quod
2578 3403 2955 3483 cooperatur
2980 3401 3051 3465 in
3078 3401 3225 3465 fidei
3258 3420 3523 3468 assensu

1992 3512 2056 3574 et
2081 3513 2254 3572 actu.
2282 3507 2381 3573 Ex
2405 3508 2509 3572 his
2544 3511 2758 3590 patere
2785 3511 3052 3590 possunt
3082 3527 3194 3588 ea,
3225 3527 3373 3591 quae
3400 3509 3524 3574 ob-

1973 3623 2146 3703 jecta
2171 3623 2325 3683 sunt
2342 3668 2360 3700 ,
2389 3623 2454 3684 et
2476 3618 2827 3684 consimilia
2847 3666 2865 3698 ,
2894 3637 3040 3701 quae
3067 3620 3232 3685 circa
3251 3619 3375 3685 hoc
3396 3620 3521 3685 ob-

1977 3728 2089 3812 jici
2121 3729 2406 3810 possunt.

2501 3927 2858 4008 QUAESTIO
2901 3928 3012 3994 111.

2383 4102 2475 4158 An
2500 4100 2628 4172 fides
2651 4101 2728 4158 sit
2754 4116 2867 4158 una
2890 4103 3065 4158 virtus
3092 4100 3136 4157 ⁸.

2061 4262 2291 4328 Utrum
2316 4260 2474 4325 fides
2511 4260 2592 4326 sit
2630 4260 2836 4323 virtus
2872 4216 3043 4338 una;
3077 4266 3140 4325 et
3176 4262 3350 4344 quod
3393 4262 3483 4327 sic
3507 4311 3525 4341 ,
3554 4301 3767 4349 ruam,

1985 4369 2258 4434 videtur.
2288 4367 2528 4432 Dicitur
2547 4371 2571 4408 ⁸
2600 4385 2619 4431 z
2661 4367 2834 4433 Unus
2863 4368 3055 4445 Deus,
3087 4384 3223 4435 tma
3252 4367 3434 4450 fides,
3465 4375 3528 4437 et

1983 4493 2186 4543 unum
2240 4477 2579 4558 baptisma.
2616 4473 2753 4539 ·Sed
2821 4473 3136 4557 baptisma
3212 4477 3528 4543 unitatem

1983 4584 2176 4649 habet
2199 4581 2549 4646 secundum
2578 4580 2882 4664 speciem,
2920 4582 3094 4664 quod
3130 4583 3388 4665 quidem
3435 4588 3529 4648 est

1983 4693 2453 4758 sacramentum
2480 4687 2628 4752 fidei
2654 4709 2671 4751 t
2699 4706 2855 4769 ergo
2879 4674 3136 4754 videtur
3164 4689 3370 4755 multo
3396 4691 3527 4757 for·
3620 4673 3623 4678 ¹

1983 4800 2138 4878 tius,
2169 4796 2338 4880 quod
2367 4796 2592 4877 etipsa
2613 4794 2792 4874 fides,
2823 4798 2945 4860 etc.
3574 4857 3579 4863 ,

2035 4904 2264 4969 item·
2293 4924 2311 4969 ε
2341 4902 2528 4969 Nunc
2553 4904 2813 4968 manent
2839 4900 3026 4982 fides,
3057 4916 3238 4983 spes,
3270 4907 3334 4972 et
3366 4902 3527 4970 cha-

1981 5015 2172 5092 τίταε,
2208 5011 2343 5078 tria
2370 5009 2503 5075 hoec
2531 5027 2555 5070 .·
2588 5008 2698 5072 sed
2723 5025 2866 5090 spes
2894 5011 2957 5073 et
2985 5007 3263 5074 charitas
3290 5010 3528 5074 habent

1985 5120 2296 5187 unitatem
2323 5116 2676 5181 secundum
2703 5114 2975 5199 speciem
3009 5138 3026 5180 z
3055 5134 3215 5199 ergo
3240 5121 3307 5184 et
3342 5118 3521 5184 fldem

1986 5250 2050 5301 lll
2076 5250 2236 5308 Sem„
2266 5245 2384 5297 dist.
2413 5255 2572 5308 xxm,
2599 5256 2652 5309 q.
2676 5255 2737 5306 11,
2760 5246 2857 5294 art.
2879 5244 2937 5308 ⁴3
2962 5246 3015 5295 et
3041 5242 3101 5294 cle
3129 5244 3307 5307 Verte„
3330 5259 3383 5312 q.
3412 5256 3525 5311 ΧΠ,

1983 5324 2076 5372 art.
2112 5322 2202 5383 12;
2233 5317 2491 5377 Richard..
2527 5316 2593 5367 ΙΙΙ
2619 5315 2779 5377 Sem..
2814 5314 2934 5367 dist.
2962 5327 3120 5381 xxm,
3147 5320 3247 5368 art.
3279 5321 3326 5380 t,
3354 5331 3403 5382 q.
3432 5329 3495 5370 111
3506 5332 3522 5379 ς

1984 5391 2231 5457 stephan.
2246 5387 2455 5453 Brulet„
2474 5388 2541 5439 111
2558 5387 2718 5452 sent„
2731 5386 2846 5440 dist.
2870 5397 3025 5450 xxm,
3041 5401 3090 5455 q.
3116 5399 3195 5443 ιιι.
3208 5414 3271 5427 -
3286 5388 3521 5458 *Ερὴεεη

1982 5475 2056 5529 xv,
2076 5466 2126 5516 5.
2146 5488 2208 5504 -
2226 5463 2250 5501 ⁸
2274 5463 2292 5514 l
2318 5460 2458 5525 Gor„
2480 5471 2599 5523 xm,
2634 5461 2709 5512 13.
2736 5467 2759 5472 ·
