4185 6288
489 4229 561 4274 Ad
593 4240 704 4286 opp.

680 445 802 512 152

682 586 1040 670 propterea,
1070 578 1366 665 quamvis
1391 580 1625 644 natura
1647 576 1937 645 humana
1964 579 2046 645 sit
2060 598 2232 646 com-

684 690 912 776 posita,
939 706 1073 754 non
1092 687 1382 770 sequitur
1422 686 1596 769 quod
1630 689 1889 770 propter
1915 687 2039 751 hoc
2077 705 2231 771 per-

685 816 845 865 sona
874 796 1104 862 Christi
1128 794 1649 877 compomtionem
1676 794 1928 859 haheat.

768 911 829 972 Α.
861 904 958 970 Ad
979 902 1141 968 illud
1162 902 1338 986 quod
1359 901 1726 985 opponitur,
1747 902 1920 985 quod
1946 902 2001 965 si
2028 901 2234 967 Chris-

686 1019 794 1080 tus
822 1016 984 1077 emet
1005 1011 1218 1077 solum
1261 1029 1345 1075 ex
1387 1010 1604 1073 anima
1644 1012 1708 1075 et
1729 1026 1942 1088 carne,
1969 1008 2235 1075 haberet

687 1118 1085 1206 hypostasim
1136 1118 1550 1202 compositam
1564 1166 1586 1197 ,
1651 1117 1990 1183 dicendum
2058 1117 2233 1201 quod

689 1245 920 1293 verum
945 1230 1041 1291 est
1063 1226 1217 1309 quia
1265 1229 1421 1290 tunc
1468 1212 1731 1290 haberet
1776 1224 2062 1308 primum
2099 1243 2235 1290 esse

690 1334 1051 1418 hypostasis
1096 1335 1237 1417 ejus
1286 1352 1369 1399 ex
1423 1331 1714 1398 humana
1764 1336 1997 1398 natura
2013 1381 2030 1410 ,
2086 1352 2236 1417 quae

691 1442 953 1527 quidem
1002 1441 1350 1525 composita
1393 1445 1490 1506 est
1545 1464 1562 1507 ε
1604 1459 1780 1506 nunc
1830 1445 2048 1506 antem
2105 1458 2238 1506 non

694 1561 791 1622 est
810 1556 1039 1637 simile,
1085 1555 1240 1640 quia
1281 1572 1551 1638 persona
1591 1554 1818 1620 Christi
1861 1573 2057 1619 suum
2103 1572 2238 1619 esse

696 1664 981 1750 primum
1005 1664 1197 1728 habet
1219 1682 1304 1728 ex
1328 1661 1550 1727 divina
1592 1666 1822 1727 natura
1837 1711 1854 1740 ,
1905 1680 2055 1746 quae
2092 1662 2242 1745 qui-

696 1767 844 1831 dem
868 1772 963 1832 est
982 1767 1248 1833 omnino
1274 1765 1763 1849 simplicissima.
1813 1765 1891 1831 Et
1928 1765 2072 1830 ideo
2115 1765 2243 1829 hu-

698 1893 888 1940 mana
933 1877 1164 1940 natura
1212 1873 1671 1958 superveniens
1685 1921 1706 1952 ‚
1753 1872 1919 1937 sicut
1959 1890 2092 1937 non
2136 1871 2247 1938 dat

696 1995 992 2063 personae
1032 1995 1168 2042 esse
1202 1958 1568 2061 personale,
1620 1976 1711 2041 sic
1752 1993 1886 2041 non
1913 1976 2062 2041 facit
2101 1994 2245 2041 eam

699 2106 838 2156 esse
863 2087 1305 2171 compositam.

783 2202 843 2263 5.
872 2196 972 2261 Ad
998 2195 1156 2260 illud
1180 2193 1352 2277 quod
1390 2193 1712 2276 objicitur,
1744 2193 1918 2277 quod
1962 2194 2250 2260 Christus

702 2307 798 2370 est
823 2304 1019 2368 homo
1064 2301 1471 2384 compositus,
1523 2301 1866 2367 dicendum
1917 2301 2088 2385 quod
2134 2320 2249 2366 ve-

703 2429 854 2478 rum
894 2414 988 2476 est
1036 2432 1053 2475 z
1085 2410 1194 2475 sed
1220 2409 1393 2493 quod
1422 2409 1795 2491 subJungit,
1834 2410 2007 2492 quod
2051 2412 2252 2474 homo

704 2519 1088 2605 praedicatnr
1139 2518 1383 2583 ratione
1445 2518 1803 2602 hypostasis
1825 2565 1842 2596 ,
1907 2517 2252 2582 dicendum

704 2628 899 2712 quod,
929 2629 985 2693 si
1005 2628 1097 2692 ita
1117 2628 1533 2710 intelligatur,
1559 2628 1732 2712 quod
1758 2628 1952 2692 homo
1993 2627 2061 2691 in
2080 2645 2253 2711 prae·

707 2734 913 2800 dicato
953 2736 1197 2801 ratione
1230 2735 1591 2819 hypostasis
1633 2735 2017 2819 praedicetur
2030 2783 2048 2813 ,
2079 2734 2255 2800 veri·

707 2848 903 2909 tatem
930 2862 1065 2910 non
1083 2842 1299 2925 habet,
1333 2844 1509 2928 quia,
1559 2845 1914 2910 secundum
1958 2844 2259 2926 regulam

710 2948 1100 3034 Philosophi,
1126 2953 1424 3035 quamvis
1442 2954 1756 3017 terminus
1778 2951 1858 3034 (α)
1880 2951 2258 3033 subjiciatur

711 3059 957 3125 ratione
977 3060 1315 3143 suppositi,
1344 3060 1727 3143 praedioetur
1754 3064 1972 3124 tamen
2012 3061 2259 3125 ratione

710 3167 937 3234 iormae
961 3189 978 3232 :
1004 3173 1069 3232 et
1095 3168 1234 3232 ideo
1261 3168 1384 3233 hoc
1411 3169 1823 3252 adjectivum,
1844 3170 2256 3251 compositus,

714 3276 882 3340 circa
907 3276 1104 3341 istum
1131 3277 1503 3357 terminum,
1535 3277 1713 3344 homo
1727 3327 1750 3357 ,
1794 3296 1928 3342 non
1973 3277 2266 3342 nominat

718 3384 1244 3465 compositionem
1296 3390 1611 3469 quantum
1687 3388 1766 3452 ad
1832 3388 2259 3471 suppositum,

715 3499 826 3564 sed
852 3504 1169 3582 quantum
1193 3502 1274 3566 ad
1301 3501 1574 3569 formam
1623 3522 1640 3567 ε
1672 3507 1735 3568 et
1771 3507 2106 3587 propterea
2132 3523 2265 3571 non

716 3610 925 3691 potest
950 3626 1032 3673 ex
1077 3609 1199 3673 hoc
1241 3609 1463 3676 inferri
1508 3611 1682 3694 quod
1713 3630 1984 3695 persona
2033 3612 2265 3679 Christi

718 3714 802 3779 sit
827 3715 1198 3800 composita.

1247 3917 1605 3999 QUAESTIO
1635 3922 1741 3989 111.

721 4061 818 4120 An
853 4062 1092 4120 Christus
1117 4064 1402 4121 sumendum
1427 4066 1570 4138 quod
1595 4067 1746 4124 homo
1781 4071 1857 4126 sit
1885 4069 2199 4127 substantia
2227 4068 2269 4124 ¹.

809 4221 1037 4289 Utrum
1082 4222 1397 4306 Christus,
1434 4227 1787 4292 secundum
1833 4229 2006 4312 quod
2049 4230 2269 4310 homo,

730 4332 813 4397 sit
834 4332 1205 4412 substantia,
1226 4352 1310 4397 an
1332 4334 1530 4400 homo
1554 4335 1936 4418 praedicetur
1975 4356 2091 4421 per
2132 4358 2275 4405 mo-

730 4439 888 4505 dum
917 4439 1173 4505 habitus
1188 4442 1257 4506 et
1278 4440 1635 4522 accidentis,
1667 4442 1829 4508 sicut
1852 4444 2099 4510 dicebat
2135 4445 2275 4529 opi-

730 4547 840 4613 nio
867 4549 1086 4625 tertia;
1133 4552 1199 4614 et
1239 4549 1413 4631 quod
1463 4548 1745 4615 Christus
1790 4551 2034 4616 dicatur
2077 4553 2275 4619 homo

731 4672 846 4738 per
894 4656 1158 4720 modum
1193 4655 1491 4738 habitus,
1548 4658 1901 4724 ostenditur
1927 4660 1999 4697 ¹¹·
1984 4659 2277 4728 ,Habitu

730 4762 1030 4829 inventus
1057 4767 1130 4830 ut
1151 4763 1355 4831 homo.
1387 4768 1592 4848 Super
1617 4766 1788 4849 quod
1814 4768 2087 4832 verbnm
2127 4768 2278 4833 dicit

732 4868 1031 4952 Hilarius,
1053 4871 1133 4937 de
1157 4871 1478 4940 Trinitate
1494 4893 1520 4935 .·
1545 4897 1578 4934 a
1591 4871 1734 4938 Non
1757 4874 1879 4940 fuit
1896 4874 2002 4940 ille
2019 4875 2279 4941 habitus

732 4978 1011 5045 hominis
1035 4985 1288 5046 tantum
1302 5030 1320 5060 ,
1350 4982 1463 5047 sed
1485 4985 1563 5047 ut
1586 4983 1887 5048 hominis.
1909 5005 1940 5045 n
1971 4983 2145 5066 Ergo
2171 4985 2275 5049 vi-

734 5086 941 5166 detur,
973 5091 1117 5154 tum
1144 5107 1226 5155 ex
1254 5089 1376 5155 hoc
1400 5091 1597 5155 verbo
1622 5092 1795 5174 quod
1818 5091 1989 5170 dicit,
2022 5092 2276 5171 habitu,

800 5303 820 5337 ¹
855 5301 936 5363 Gt.
965 5298 1224 5360 Richard„
1275 5300 1339 5351 ΙΙΙ
1391 5301 1552 5364 Sem„
1596 5302 1713 5353 dist.
1756 5315 1831 5364 vx,
1876 5306 1971 5353 art.
2008 5307 2074 5365 2,
2103 5317 2154 5368 q.
2185 5314 2277 5366 1115

736 5372 913 5439 Staph.
955 5370 1164 5435 Brutos„
1195 5372 1266 5423 ΙΙΙ
1294 5373 1453 5436 Sena,
1493 5373 1609 5425 dist.
1643 5385 1718 5437 vt,
1746 5389 1796 5439 q.
1830 5386 1902 5438 113
1932 5376 2063 5426 Guil.
2097 5375 2281 5437 Voril„

740 5445 988 5508 lllSent„
1015 5442 1131 5495 dist.
1162 5455 1244 5505 vx,
1263 5458 1315 5508 q.
1342 5456 1392 5508 15
1421 5445 1576 5496 Gahr.
1600 5444 1734 5509 niel,
1764 5446 1828 5496 ΙΙΙ
1858 5447 2017 5508 Seni„
2050 5447 2171 5499 dist.
2193 5458 2279 5509 vx,

1802 441 2427 510 SENTENTIARUM
2466 442 2616 510 LIB.
2658 442 2767 510 111.

2337 584 2480 646 tum
2512 598 2595 646 ex
2616 581 2740 645 hoc
2766 579 2941 664 quod
2968 578 3155 661 dicit,
3181 586 3260 649 ut
3295 580 3517 661 homo,
3556 580 3734 663 quod
3755 580 3896 646 im-

2342 691 2552 772 portat
2605 687 3087 754 similitudinem
3110 737 3130 769 ,
3181 688 3356 773 quod
3416 689 3702 755 Christus
3761 689 3896 755 alio

2343 796 2533 861 modo
2557 796 2807 861 dicatur
2832 797 3053 873 homo,
3078 815 3276 880 quam
3318 797 3430 861 alii
3457 796 3790 876 homines;
3830 801 3896 862 et

2340 892 2429 956 ita
2460 892 2718 957 videtur
2739 892 2912 976 quod
2938 892 3186 957 dicatur
3232 909 3346 975 per
3391 891 3657 956 modum
3703 891 3898 957 habi-

2341 998 2469 1071 tus,
2500 1013 2632 1059 non
2657 1013 2773 1079 per
2797 996 3064 1060 modum
3092 995 3485 1060 substantiae.

2420 1103 2483 1162 2.
2537 1098 2699 1164 Item
2741 1099 3167 1181 Augustinus,
3232 1099 3304 1162 in
3347 1097 3512 1162 libro
3554 1098 3904 1163 LXXXIII

2342 1207 2775 1289 quaestionum
2802 1207 2847 1287 ⁸,
2887 1206 3037 1271 dicit
3055 1255 3073 1286 ,
3106 1211 3172 1270 et
3212 1205 3486 1270 habetur
3530 1205 3600 1269 in
3644 1205 3859 1271 littera
3874 1254 3894 1286 ,

2342 1314 2516 1397 quod
2554 1319 2858 1398 quartum
2886 1333 3097 1397 genus
3121 1313 3377 1379 habitus
3401 1314 3702 1396 competit
3740 1312 3899 1378 huic

2342 1422 2824 1503 comparationi.
2844 1422 2923 1487 Et
2938 1420 3095 1486 illud
3110 1424 3416 1504 quartum
3429 1438 3640 1501 genus
3654 1423 3901 1503 spectat

2344 1530 2426 1595 ad
2465 1529 2609 1608 hoc,
2638 1530 2811 1613 quod
2835 1528 3064 1593 dicitur
3097 1527 3433 1611 praedicari
3470 1545 3585 1610 per
3625 1527 3898 1592 modum

2346 1638 2628 1718 habitus,
2654 1642 2730 1702 ut
2746 1655 2890 1705 esse
2911 1637 3217 1702 vestitum
3238 1639 3305 1701 et
3324 1635 3703 1713 calceatum,
3725 1636 3898 1719 quod

2350 1750 2446 1811 est
2467 1746 2538 1809 in
2565 1747 2846 1830 quadam
2869 1744 3224 1828 adjacentia
3255 1766 3271 1807 :
3303 1761 3484 1824 ergo,
3512 1746 3635 1808 etc.

2429 1860 2490 1920 3.
2524 1855 2684 1919 Item
2714 1854 2837 1919 hoc
2858 1854 3070 1937 ipsum
3099 1852 3354 1917 videtur
3380 1852 3625 1916 ratione
3665 1869 3686 1915 ε
3717 1850 3898 1928 Quod

2348 1964 2613 2030 advenit
2632 1963 2826 2028 alicui
2846 1965 2986 2047 jam
3021 1962 3092 2025 in
3117 1979 3253 2026 esse
3279 1961 3593 2044 completo
3607 2008 3626 2041 ,
3673 1963 3774 2025 est
3807 1960 3900 2025 illi

2350 2075 2640 2140 accidens
2660 2122 2679 2154 ,
2729 2077 2793 2138 et
2841 2071 3225 2157 praedicatur
3261 2089 3376 2154 per
3419 2069 3690 2135 modum
3734 2068 3899 2133 acci-

2351 2182 2557 2248 dentis
2589 2181 2667 2246 de
2693 2181 2803 2245 illo
2842 2199 2862 2244 2
2897 2180 3010 2245 sed
3044 2179 3334 2244 humana
3368 2182 3601 2243 natura
3641 2177 3902 2244 advenit

2354 2308 2646 2376 personae
2669 2289 2902 2353 Christi
2925 2289 3065 2371 jam
3089 2289 3159 2352 in
3184 2306 3321 2352 esse
3347 2288 3665 2371 completo
3697 2309 3714 2352 t
3744 2306 3898 2370 ergo

2353 2394 2614 2459 videtur
2661 2392 2833 2475 quod
2889 2393 2950 2457 ei
3002 2390 3298 2457 adveniat
3339 2396 3413 2455 ut
3466 2391 3788 2468 accidens,
3840 2395 3901 2455 et

2355 2501 2735 2586 praedicetur
2759 2519 2874 2584 per
2891 2500 3158 2564 modum
3180 2498 3521 2565 accidentis
3541 2516 3559 2563 τ
3587 2517 3726 2563 non
3745 2515 3898 2582 ergo

2357 2629 2474 2693 per
2499 2610 2769 2677 modum
2790 2609 3181 2674 substantiae.

2439 2726 2501 2785 Δ.
2553 2720 2715 2785 Item
2757 2718 2930 2801 quod
2975 2710 3361 2799 praedicatur
3405 2714 3897 2795 denominative,

2361 2834 2457 2894 est
2483 2829 2795 2907 accidens,
2822 2830 2886 2891 et
2912 2824 3295 2910 praedicatur
3327 2843 3441 2906 per
3490 2825 3762 2889 modum
3800 2841 3901 2888 ac-

2362 2937 2628 3002 cidentis
2659 2957 2676 3001 t
2708 2935 2819 3000 sed
2848 2934 3135 2999 humana
3162 2936 3395 2996 natura
3419 2931 3808 3014 praedicatur
3830 2930 3903 2995 de

2364 3047 2612 3113 Christo
2639 3042 3136 3110 denominative.
3166 3040 3344 3106 Unde
3372 3038 3571 3104 Filius
3611 3039 3724 3105 Dei
3753 3039 3904 3104 dici-

2365 3162 2474 3222 tur
2496 3156 2912 3230 humanatuS,
2940 3152 3112 3236 quod
3132 3150 3390 3234 quidem
3408 3166 3542 3214 non
3557 3153 3804 3232 potest«
3789 3149 3905 3211 dici

2368 3265 2446 3330 de
2477 3264 2601 3331 alio
2628 3261 2947 3328 homine.
2981 3276 3139 3341 ergo
3164 3257 3417 3321 videtur
3440 3256 3616 3338 quod
3653 3274 3783 3320 non
3823 3255 3906 3317 di-

2369 3377 2551 3438 catur
2596 3372 2675 3437 de
2717 3370 2854 3453 ipso
2884 3386 2998 3452 per
3048 3366 3312 3430 modum
3350 3363 3759 3443 substantiae,
3807 3361 3905 3425 sed

2369 3500 2485 3567 per
2509 3480 2777 3545 modum
2798 3475 3155 3541 accidentis.

2455 3597 2516 3656 5.
2529 3590 2686 3654 Item
2710 3584 3099 3670 impossihile
3116 3587 3212 3647 est
3230 3581 3486 3646 diversa
3501 3596 3745 3661 genera
3760 3595 3914 3662 prae-

2373 3697 2570 3767 dicari
2606 3697 2685 3761 de
2722 3695 2946 3760 eodem
2991 3689 3404 3756 essentialiter
3449 3709 3467 3752 ι
3514 3706 3676 3770 ergo
3717 3687 3911 3751 multo

2375 3808 2594 3872 minus
2635 3805 2758 3868 erit
2794 3799 3089 3886 possibile
3136 3797 3422 3862 divinam
3467 3797 3766 3860 naturam
3782 3843 3798 3871 ,
3851 3795 3911 3857 et

2375 3916 2731 3979 humanam
2746 3960 2764 3991 ,
2810 3907 3152 3975 convenire
3197 3905 3401 3971 eidem
3442 3902 3849 3969 essentialiter
3887 3920 3904 3963 t

2377 4044 2534 4108 ergo
2567 4026 2624 4088 si
2650 4022 2968 4100 ChristuS,
3005 4017 3420 4084 essentialiter
3444 4014 3793 4099 loquendo,
3820 4012 3906 4075 est

2377 4132 2824 4214 DeuS,videtur
2841 4128 3017 4213 quod
3042 4127 3237 4191 homo
3254 4125 3500 4191 dicatur
3518 4120 3904 4188 solummodo

2377 4263 2494 4329 per
2522 4242 2788 4307 modum
2816 4235 3173 4315 accidentis,
3197 4234 3333 4299 sive
3356 4250 3473 4316 per
3499 4232 3763 4297 modum
3794 4229 3904 4293 ha-

2379 4353 2575 4417 bitus.

2459 4465 2521 4524 6.
2554 4458 2713 4523 Item
2739 4471 2888 4539 quae
2912 4452 3152 4516 habent
3179 4449 3458 4516 diversas
3491 4445 3902 4520 diffinitiones,

2380 4584 2512 4633 non
2545 4566 2812 4650 possunt
2838 4558 3168 4644 praedicari
3192 4558 3270 4622 de
3297 4575 3430 4621 uno
3468 4560 3531 4621 et
3564 4554 3782 4620 eodem
3821 4566 3906 4616 es-

2381 4671 2727 4738 sentialiter
2750 4691 2766 4734 :
2789 4669 2897 4733 sed
2916 4666 3081 4731 Deus
3100 4669 3162 4730 et
3172 4664 3370 4730 homo
3389 4664 3667 4728 diversas
3684 4659 3907 4724 habent

2382 4780 2789 4846 diffinitiones
2843 4799 2860 4840 ε
2920 4792 3077 4856 ergo
3127 4790 3277 4838 cum
3327 4771 3492 4836 Deus
3543 4771 3781 4835 dicatur
3835 4765 3906 4829 (18

2384 4885 2634 4951 Christo
2675 4878 3115 4954 essentialiter,
3159 4878 3357 4942 homo
3391 4893 3524 4939 non
3565 4875 3802 4939 dicetur
3834 4868 3905 4933 de

2384 5012 2461 5060 eo
2484 4989 3010 5068 substantialiter,
3050 4986 3159 5052 sed
3192 4985 3405 5049 solum
3438 4978 3923 5048 accidentaliter.-

2465 5095 2590 5163 Sed
2607 5098 2866 5159 contra:
2890 5091 2966 5155 In
2983 5087 3277 5156 decretali
3293 5084 3649 5153 Alexander
3669 5077 3899 5166 papa‘:

2387 5311 2554 5368 q.1,1
2581 5292 3147 5358 ᾶυὴηῢ-Ῥὴίιίρη
3192 5292 3422 5349 ιι,7.-
3357 5290 3641 5355 —2Aug.‚
3679 5284 3738 5334 de
3779 5281 3903 5343 diqv

2386 5370 2640 5426 LXXXIII
2664 5370 2867 5431 Quoest„
2892 5380 2947 5430 q.
2975 5375 3146 5417 Lxxm
3168 5363 3269 5401 -ὗ
3299 5363 3371 5414 De
3397 5359 3633 5426 hav-etia,
3661 5370 3766 5424 cap.
3791 5353 3901 5406 Cum

2390 5444 2493 5497 Chr
2494 5444 2731 5494 istuc.-
2671 5439 2824 5504 -(a)
2847 5437 2924 5490 ΔΙ.
2948 5434 3243 5490 terminum.

3923 5058 4085 5111 rw
