4185 6288
724 576 960 641 animae
987 593 1359 657 supremum
1399 598 1413 640 ε
1447 594 1604 658 ergo
1638 576 1801 640 sicut
1838 577 1907 641 111
1950 576 2136 640 nobis
2168 579 2264 638 est

723 684 1004 766 reperire
1036 683 1282 765 aliquas
1315 684 1586 748 virtutes
1625 684 2051 767 perficientes,
2082 688 2146 748 et
2174 683 2264 746 di-

722 791 1003 873 rigentes
1040 791 1247 873 ipsam
1286 792 1570 856 animam
1611 795 1899 875 respectu
1944 791 2076 855 veri
2120 790 2263 854 illu-

722 897 1044 978 minantis,
1069 904 1131 963 et
1148 903 1438 983 respectu
1461 900 1613 963 honi
1640 899 2024 976 delectantis,
2044 902 2262 981 utpote

722 1006 913 1070 fldem
939 1011 1005 1070 et
1028 1007 1442 1086 charitatem;
1478 1007 1565 1072 ita
1590 1008 1710 1072 erit
1744 1011 2035 1089 respectu
2074 1006 2259 1069 ardui

721 1117 787 1178 et
828 1114 1199 1178 excellentis.
1237 1135 1253 1178 :
1304 1114 1473 1178 hanc
1513 1118 1729 1178 autem
1782 1131 1913 1176 non
1951 1115 2047 1176 est
2085 1111 2260 1190 dare,

723 1220 843 1284 nisi
873 1239 1052 1303 spem
1084 1243 1100 1283 z
1133 1238 1317 1302 erg0‚
1347 1222 1463 1283 etc.

809 1325 988 1405 ltem,
1036 1327 1183 1392 licet
1224 1345 1448 1391 omnes
1473 1326 1740 1390 virtutes
1769 1326 2070 1408 gratuitae
2110 1345 2265 1409 quo-

724 1433 874 1498 dam
903 1435 1089 1499 modo
1115 1435 1365 1500 elevent
1399 1438 1676 1499 mentem
1693 1484 1710 1515 ,
1737 1440 1801 1499 et
1829 1436 1948 1498 hoc
1984 1436 2265 1499 maxime

726 1538 960 1605 faciant
988 1541 1257 1606 virtutes
1283 1542 1692 1624 theologicae3
1724 1541 1993 1606 elevatio
2019 1547 2260 1620 tamen,

728 1651 792 1710 et
818 1646 1047 1712 erectio
1075 1648 1276 1731 ipsius
1301 1649 1502 1712 animi
1543 1649 1976 1731 propriissime
2016 1666 2267 1731 compe-

729 1754 804 1818 tit
844 1754 967 1836 ipsi
1008 1757 1140 1837 spei
1189 1778 1204 1820 z
1248 1775 1408 1837 ergo
1453 1757 1504 1819 si
1548 1758 1754 1821 virtus
1799 1757 1934 1839 spei
1983 1757 2265 1820 maxime

727 1861 1007 1926 consistit
1068 1862 1133 1925 in
1184 1863 1528 1944 erigendo,
1580 1869 1642 1927 et
1698 1865 2004 1928 elevando
2059 1865 2264 1946 ipsam

726 1967 1034 2046 animam,
1086 1987 1234 2034 cum
1276 1970 1530 2035 animus
1574 1974 1789 2035 noster
1841 1989 2120 2052 magnus
2159 1971 2261 2045 sit,

721 2093 840 2140 nec
878 2075 960 2139 sit
998 2079 1188 2140 natus
1230 2078 1479 2158 erigere
1519 2096 1587 2143 se
1630 2078 1749 2141 nisi
1803 2078 1882 2142 ad
1924 2095 2164 2159 magna
2203 2080 2267 2140 et

721 2181 925 2245 ardua
945 2229 962 2257 ,
1015 2182 1269 2247 videtur
1321 2202 1479 2265 ergo
1519 2185 1691 2266 quod
1733 2186 2049 2267 objectum
2092 2183 2261 2266 spei,

724 2293 1044 2370 quantum
1070 2289 1147 2353 ad
1177 2291 1517 2354 efficaciam
1553 2291 1875 2370 movendi,
1910 2294 2119 2354 teneat
2158 2308 2262 2352 ra·

723 2396 963 2461 tionem
997 2396 1177 2461 ardui
1213 2420 1228 2461 :
1260 2416 1391 2461 non
1435 2416 1593 2478 ergo
1635 2399 1954 2480 objectum
1992 2398 2126 2478 spei
2174 2402 2267 2460 est

726 2505 969 2569 bonum
999 2505 1119 2569 8111)
1143 2505 1385 2570 ratione
1412 2506 1586 2570 boni.

1261 2721 1710 2789 CONCLUSIO.

727 2894 859 2968 Spei
880 2894 1140 2965 objectum
1158 2898 1234 2950 est
1258 2894 1450 2951 bonum
1468 2895 1566 2951 sub
1583 2897 1797 2952 ratione
1808 2899 1996 2966 maqm‘
2014 2901 2066 2953 et
2082 2897 2264 2964 ardui,

799 2990 851 3041 et
879 2984 1109 3055 quodam
1130 2983 1281 3041 modo
1301 2983 1399 3040 sub
1426 2987 1639 3040 ratione
1659 2985 1883 3055 qloriosi
1908 2990 1959 3041 et
1985 2988 2192 3040 (τίω-πί.

809 3143 997 3227 Resp.
1024 3142 1104 3207 ad
1128 3160 1267 3224 arg.
1303 3142 1399 3208 Ad
1428 3143 1876 3225 praedictorum
1900 3143 2268 3225 intelligen-

676 3247 681 3255 ’
732 3254 886 3316 tiam
930 3253 1027 3315 est
1076 3250 1468 3326 notandum,
1521 3252 1692 3334 quod
1741 3252 2004 3334 quidam
2057 3253 2265 3318 dicere

723 3358 1076 3425 voluerunt
1127 3358 1447 3440 objectum
1492 3360 1625 3440 spei
1670 3377 1809 3423 esse
1861 3360 2105 3424 honum
2145 3362 2266 3426 sub

724 3468 971 3533 ratione
1009 3466 1231 3530 futuri.
1267 3466 1577 3530 Dixerunt
1614 3468 1793 3531 enim
1836 3468 2007 3550 quod
2043 3486 2266 3533 omnes

722 3576 1085 3640 affectiones
1123 3575 1357 3639 animae
1404 3575 1507 3637 vel
1551 3579 1703 3638 sunt
1745 3581 2035 3658 respectu
2074 3576 2224 3640 boni
2245 3624 2263 3656 ,

722 3684 826 3747 vel
870 3689 1021 3745 sunt
1056 3687 1345 3765 respectu
1387 3682 1535 3744 mali
1568 3704 1583 3745 ε
1633 3689 1696 3747 et
1744 3683 1910 3747 sicut
1952 3683 2266 3763 gaudium

723 3794 816 3855 est
837 3793 1131 3872 respectu
1156 3789 1304 3853 boni
1337 3789 1702 3871 praesentis,
1735 3789 1915 3854 dolor
1955 3808 2108 3855 vero
2152 3790 2266 3872 qui

723 3902 819 3962 est
842 3896 1094 3962 affectio
1124 3896 1243 3959 sibi
1271 3896 1592 3978 opposita,
1623 3900 1718 3960 est
1765 3903 2054 3979 respectu
2100 3915 2269 3979 prae-

724 4004 920 4069 sentis
972 4003 1162 4081 mali;
1212 4002 1303 4066 sic
1363 4021 1507 4084 spes
1566 4010 1660 4068 est
1727 4010 2017 4087 respectu
2069 4005 2269 4069 futuri

724 4112 904 4189 boni,
929 4112 1122 4176 timor
1155 4129 1311 4177 vero
1340 4116 1626 4194 respectu
1651 4114 1856 4177 futuri
1884 4113 2056 4178 mali.
2087 4113 2267 4191 Quod

726 4223 945 4285 autem
963 4219 1177 4297 ⁸movit
1219 4235 1329 4282 eos
1368 4218 1488 4282 hoc
1516 4236 1773 4300 ponere,
1802 4220 1945 4296 fuit,
1975 4221 2128 4301 quia
2155 4238 2270 4302 po-

725 4328 996 4392 suerunt
1037 4325 1211 4408 quod
1251 4324 1490 4406 duplex
1532 4325 1617 4387 sit
1656 4328 1911 4389 tantum
1948 4327 2270 4408 obJectum

724 4434 790 4498 in
830 4432 1002 4516 quod
1050 4431 1246 4496 tendit
1287 4433 1502 4495 anima
1544 4454 1559 4495 ε
1592 4450 1822 4508 unum,
1869 4433 2108 4497 scilicet
2155 4452 2271 4499 ve-

724 4560 895 4617 rum,
918 4540 984 4603 in
1007 4538 1180 4621 quod
1206 4538 1805 4618 tenditintellectus3
1838 4540 2135 4621 alterum,
2158 4542 2271 4606 sci-

723 4646 868 4712 licet
905 4647 1189 4725 bonum,
1238 4647 1305 4709 in
1355 4648 1528 4727 quod
1572 4647 1770 4711 tendit
1815 4647 2080 4712 affectus
2137 4672 2151 4713 ε
2208 4654 2271 4714 et

724 4754 868 4817 ideo
893 4771 1044 4817 cum
1072 4771 1213 4835 spes
1239 4770 1369 4816 non
1397 4754 1479 4816 sit
1507 4753 1578 4817 in
1618 4773 1849 4819 verum
1876 4756 1999 4819 8111)
2025 4757 2271 4820 ratione

726 4860 886 4941 veri,
935 4860 1279 4926 voluerunt
1317 4861 1527 4926 dicere
1570 4864 1744 4943 quod
1784 4863 1866 4926 sit
1904 4864 1973 4926 in
2021 4864 2269 4928 bonum

721 4968 867 5051 sub*
895 4967 1141 5031 ratione
1186 4968 1358 5031 boni.
1419 4967 1493 5030 ln
1550 4967 1671 5033 1100
1716 4973 1935 5034 tamen
1976 4972 2188 5035 differt
2231 4990 2272 5035 a

721 5075 1048 5153 charitate,
1094 5074 1246 5155 quia
1291 5075 1569 5139 charitas
1608 5080 1703 5140 est
1742 5078 1811 5141 in
1858 5079 2102 5143 bonum
2151 5081 2270 5145 sub

721 5188 969 5250 ratione
1007 5187 1160 5251 boni
1204 5186 1598 5268 simpliciter,
1643 5207 1776 5253 non
1816 5192 2269 5255 considerando

724 5312 1028 5379 praesenS,
1057 5313 1175 5357 nec
1199 5295 1493 5361 futurum
1534 5319 1549 5360 ε
1584 5302 1648 5363 et
1687 5298 1841 5381 quia
1878 5300 2120 5363 bonum
2149 5299 2268 5362 sub

726 5402 973 5465 ratione
996 5402 1147 5465 honi
1174 5408 1265 5467 est
1292 5404 1665 5482 amandum,
1698 5406 1839 5469 ideo
1865 5415 2045 5469 actus
2070 5406 2270 5487 ipsius

1826 445 2451 517 semem-mann
2493 392 2639 512 ma.
2679 448 2787 513 111.

2372 573 2695 638 charitatis
2722 576 2818 638 est
2843 591 3080 638 amare.
3121 572 3279 654 Spes
3313 576 3536 638 autem
3573 576 3672 636 est
3715 573 3787 635 in
3814 573 3928 636 bo-

2370 702 2533 747 num
2597 701 2731 748 non
2777 688 3026 748 tantum
3083 682 3204 748 sub
3259 679 3509 746 ratione
3565 679 3729 742 boni
3753 728 3772 755 ‚
3824 680 3930 744 sed

2371 791 2564 855 etiam
2592 791 2712 855 sub
2741 793 2985 854 ratione
3014 790 3237 865 futuri,
3270 793 3333 852 et
3361 787 3516 870 quia
3542 788 3797 850 bonum
3826 789 3930 852 fu-

2370 901 2617 974 turum,
2651 899 2721 960 in
2749 903 3062 980 quantum
3094 897 3388 960 futurum
3408 943 3426 973 ,
3455 898 3549 958 est
3577 900 3929 977 expectan-

2372 1004 2564 1081 dum,
2599 1004 2740 1068 ideo
2783 1008 2957 1067 actus
2985 1004 3180 1086 ipsius
3220 1002 3356 1085 spei
3396 1006 3491 1066 est
3525 1006 3871 1084 expectare
3912 1025 3926 1065 ε

2370 1116 2435 1174 et
2459 1112 2613 1194 quia
2636 1116 2986 1194 expectare,
3017 1113 3083 1174 et
3108 1128 3347 1188 amare,
3380 1113 3535 1174 sunt
3561 1110 3804 1173 diversi
3834 1129 3935 1173 ac-

2371 1224 2511 1295 tuS,
2542 1218 2695 1282 hinc
2721 1224 2816 1282 est
2853 1217 3025 1301 quod
3065 1235 3207 1300 spes
3245 1221 3307 1280 et
3346 1216 3631 1280 charitas
3649 1217 3932 1281 diversae

2371 1331 2522 1390 sunt
2559 1325 2860 1405 virtuteS‚
2890 1344 3022 1389 non
3067 1324 3497 1408 principaliter
3546 1325 3801 1388 ratione
3841 1325 3934 1388 di-

2372 1433 2687 1499 versitatis
2713 1434 3143 1516 objectorum,
3176 1433 3288 1497 sed
3313 1433 3558 1496 ratione
3586 1433 3933 1497 diversita-

2372 1541 2452 1604 tis
2502 1545 2763 1605 actuum
2829 1540 3266 1623 propriorum.
3315 1538 3489 1603 Licet
3550 1544 3776 1604 autem
3831 1541 3933 1604 hic

2374 1649 2603 1712 modus
2627 1648 2874 1713 dicendi
2909 1649 3206 1713 videatur
3234 1646 3477 1729 aliquid
3519 1648 3929 1729 probabilita-

2373 1755 2454 1818 tis
2481 1756 2738 1833 habere,
2778 1757 3049 1819 interius
3082 1759 3299 1819 tamen
3324 1754 3757 1819 consideranti
3801 1775 3930 1820 non

2372 1863 2669 1927 satisfacit
2708 1862 3081 1927 dubitationi
3103 1910 3124 1941 ‚
3158 1880 3275 1926 nec
3300 1867 3612 1926 consonat
3647 1864 3926 1927 veritati.

2368 1969 2534 2042 Nam
2577 1970 2750 2051 quod
2792 1970 3042 2049 dicitur,
3073 1971 3245 2053 quod
3284 1988 3416 2033 non
3461 1973 3558 2033 est
3605 1968 3786 2033 aliud
3827 1970 3932 2034 ob-

2367 2079 2614 2158 jectum
2665 2077 2984 2141 motivum
3041 2077 3475 2160 potentiarum
3521 2077 3769 2141 animae
3815 2077 3929 2141 nisi

2373 2203 2605 2248 verum
2633 2186 2754 2248 8111)
2781 2185 3025 2248 ratione
3065 2184 3237 2262 veri,
3268 2188 3331 2248 et
3371 2183 3624 2248 honum
3668 2185 3793 2248 sub
3829 2204 3925 2248 ra·

2375 2292 2546 2356 tione
2575 2293 2747 2368 boni,
2774 2291 3143 2376 simpliciter
3170 2310 3304 2355 non
3332 2292 3528 2355 habet
3555 2293 3926 2358 veritatem:

2375 2417 2490 2480 pro
2518 2418 2595 2464 eo
2620 2400 2816 2483 quod,
2850 2401 3016 2464 sicut
3039 2400 3104 2462 in
3134 2399 3514 2482 opponendo
3542 2403 3792 2464 tactum
3820 2406 3925 2478 est,

2373 2506 2912 2589 quemadmodum
2951 2506 3277 2571 rationalis
3308 2507 3514 2571 tendit
3558 2508 3632 2571 in
3677 2528 3924 2588 verum,

2373 2619 2437 2680 et
2465 2614 2971 2696 concupiscibilis
3014 2615 3086 2678 in
3122 2615 3405 2692 bonum,
3438 2613 3530 2677 sic
3559 2615 3762 2678 etiam
3792 2617 3929 2679 iras-

2375 2721 2580 2785 cibilis
2620 2722 2824 2786 tendit
2868 2722 2935 2785 in
2973 2722 3253 2786 arduum
3299 2724 3363 2785 et
3390 2740 3735 2803 magnum.
3773 2723 3928 2788 Rur-

2373 2849 2502 2909 8118,
2531 2831 2702 2911 quod
2729 2830 2883 2895 dicit
2909 2831 3159 2894 bonum
3190 2829 3312 2893 sub
3353 2829 3600 2893 ratione
3640 2831 3798 2895 boni
3842 2833 3931 2895 fu·

2376 2931 2671 3002 turi'esse
2702 2938 3020 3002 motivum
3044 2937 3308 3001 alterius
3335 2938 3714 3016 affectioni3‚
3736 2959 3929 3022 quam

2375 3044 2621 3108 bonum
2648 3046 2768 3108 sub
2795 3045 3038 3109 ratione
3065 3045 3253 3122 boni,
3291 3063 3423 3109 non
3460 3045 3657 3108 habet
3703 3048 3930 3110 verita-

2373 3156 2525 3230 tem,
2555 3170 2671 3235 pro
2698 3171 2775 3216 eo
2803 3152 2972 3234 quod
3005 3153 3246 3216 bonum
3294 3154 3417 3217 suh
3454 3154 3705 3217 ratione
3733 3154 3926 3217 futuri

2374 3258 2794 3335 desideratur,
2830 3264 2893 3322 et
2917 3258 3305 3323 desiderium
3338 3278 3468 3323 non
3495 3266 3588 3323 est
3617 3281 3790 3343 spes,
3825 3262 3926 3325 sed

2375 3367 2585 3447 magis
2623 3366 2921 3447 quaedam
2950 3365 3310 3431 differentia
3335 3369 3609 3447 amoris»,
3643 3374 3708 3432 et
3736 3370 3819 3434 ad
3846 3371 3930 3452 ip-

2374 3494 2511 3540 sam
2568 3477 2943 3540 charitatem
2998 3477 3266 3558 pertinet
3331 3477 3713 3543 desiderare.
3784 3480 3931 3543 Am-

2373 3584 2566 3666 plius»,
2591 3584 2764 3667 quod
2789 3584 2937 3648 dicit
2972 3585 3266 3648 timorem
3289 3604 3425 3650 esse
3454 3591 3752 3669 respectu
3783 3588 3926 3651 mali

2375 3692 2493 3755 sub
2521 3691 2769 3755 ratione
2801 3692 2976 3770 mali,
3003 3709 3133 3756 non
3162 3692 3357 3757 habet
3386 3694 3758 3758 veritatem:
3789 3715 3927 3759 con-

2374 3800 2570 3880 tingit
2596 3800 2771 3864 enim
2800 3801 3029 3864 timere
3050 3849 3068 3877 ,
3098 3801 3265 3865 sicut
3307 3801 3378 3865 in
3411 3802 3796 3885 opponendo
3840 3823 3926 3869 os·

2373 3914 2628 3972 tensum
2683 3913 2816 3987 est,
2869 3909 3186 3972 abstracta
3228 3909 3474 3973 ratione
3523 3911 3676 3974 mali
3701 3960 3718 3987 ‚
3769 3912 3926 3975 sicut

2373 4015 2702 4079 timebitur
2725 4016 2894 4079 Deus
2915 4015 2986 4079 in
3014 4016 3237 4097 patria.
3274 4015 3611 4097 Praeterea,
3643 4019 3699 4081 si
3727 4037 3924 4100 quan-

2375 4122 2456 4185 do
2494 4122 2738 4186 malum
2786 4121 3074 4198 timetur,
3120 4138 3251 4185 non
3300 4122 3564 4187 timetur
3608 4124 3735 4187 nisi
3779 4126 3923 4208 quia

2375 4230 2689 4294 excellens
2720 4252 2732 4293 :
2767 4231 2821 4292 si
2848 4248 3008 4311 ergo
3035 4229 3282 4295 affectio
3308 4249 3457 4313 quae
3488 4235 3581 4296 est
3607 4234 3828 4313 timor,
3859 4235 3921 4296 in

2376 4356 2493 4401 suo
2539 4338 2787 4419 objecto
2833 4338 3042 4419 magis
3094 4339 3416 4403 concernit
3456 4339 3915 4418 excellentiam,
3977 4380 3984 4385 -

2376 4462 2573 4527 quam
2619 4443 2928 4508 malitiam
2976 4442 3096 4507 sub
3137 4443 3383 4509 ratione
3424 4440 3650 4511 motivi
3670 4496 3689 4524 ‚
3735 4453 3920 4512 restat

2376 4552 2669 4617 similiter
2695 4553 2866 4636 quod
2894 4557 2959 4616 et
2981 4552 3228 4617 affectio
3245 4552 3369 4617 sibi
3396 4555 3912 4637 correspondens,

2379 4659 2669 4724 videlicet
2710 4677 2874 4742 spes.
2906 4658 3015 4723 Est
3055 4677 3215 4740 ergo
3259 4660 3582 4741 objectum
3617 4663 3756 4744 spei
3801 4662 3914 4725 bo-
3958 4680 4064 4735 opsn-

2380 4784 2537 4829 num
2563 4767 2846 4849 quidem,
2879 4766 2987 4830 sed
3016 4784 3147 4829 non
3174 4766 3296 4829 sub
3324 4767 3569 4830 ratione
3595 4768 3750 4832 boni
3775 4792 3793 4846 ;
3815 4768 3916 4831 sed
3945 4744 4084 4788 Μ

2378 4874 2587 4954 magis
2636 4874 2758 4937 sub
2808 4874 3051 4937 ratione
3091 4873 3316 4951 ardui,
3362 4874 3498 4939 sive
3545 4877 3793 4956 magni.
3848 4874 3918 4939 Et

2377 4981 2500 5043 hoc
2525 4981 2786 5062 quidem
2814 4982 2903 5044 sic
2924 4981 3113 5045 habet
3135 4980 3547 5045 manifestari.
3575 4980 3726 5065 Spei
3749 4984 3917 5046 enim

2379 5088 2616 5170 duplex
2659 5091 2754 5151 est
2794 5093 3006 5166 actuS,
3037 5106 3317 5170 quorum
3351 5108 3525 5154 unus
3562 5094 3656 5154 est
3700 5089 3918 5173 princi-

2379 5197 2558 5278 pium
2588 5200 2651 5259 et
2687 5196 2871 5275 origo
2899 5196 3157 5260 alterius
3188 5216 3204 5260 :
3237 5216 3382 5279 spes
3406 5199 3582 5262 enim
3607 5199 3756 5263 facit
3783 5218 3919 5264 con·

2381 5304 2603 5383 fidere;
2636 5310 2700 5367 et
2722 5304 3006 5369 faciendo
3026 5304 3365 5384 confidere,
3394 5306 3543 5370 facit
3570 5312 3911 5390 expectare.

2381 5409 2607 5475 Nullus
2633 5419 2847 5475 autem
2896 5416 3061 5475 recte
3101 5412 3424 5477 confidens
3450 5414 3713 5479 confidit
3736 5418 3796 5476 et
3823 5414 3915 5475 in-
