4185 6288
388 3575 482 3618 Fun

484 3575 596 3618 dam.

702 642 761 701 4.
795 634 1181 714 [mmmmm
1205 628 1365 693 scire
1397 645 1604 692 unum
1630 626 1878 703 scibile,
1909 627 2004 688 est
2040 640 2156 705 po-

623 743 837 810 tentiae
866 764 883 806 2
917 756 1077 821 ergo
1126 755 1306 819 posse
1367 736 1524 798 scire
1577 736 1705 799 duo
1760 732 2022 810 scibilia,
2066 732 2164 793 est

624 848 882 932 majoris
900 847 1196 930 potentiae
1229 866 1243 908 :
1289 848 1353 908 et
1385 844 1472 907 sic
1512 839 1904 925 procedendo
1941 860 1956 900 :
2003 853 2163 916 ergo

621 975 802 1040 posse
827 955 989 1019 scire
1015 953 1263 1017 infinita
1289 949 1550 1028 scibilia,
1568 953 1663 1013 est
1680 962 1953 1011 summae
1976 947 2042 1007 et
2066 943 2161 1005 in-

619 1065 820 1129 finitae
876 1062 1173 1145 potentiae
1206 1081 1221 1123 :
1252 1058 1363 1122 sed
1417 1057 1631 1120 anima
1687 1054 1914 1118 Christi
1959 1050 2164 1132 potuit

621 1171 780 1235 scire
808 1171 1058 1234 infinita
1082 1165 1324 1232 scibilia
1356 1186 1370 1227 ε
1404 1181 1562 1244 ergo
1589 1162 1753 1226 Deus
1793 1156 2161 1224 communi-

625 1279 793 1344 cavit
814 1278 877 1343 ei
893 1275 1442 1358 omnipotentiam.

708 1390 768 1450 5.
802 1387 983 1460 Item,
1014 1383 1242 1448 artifex
1270 1377 1613 1444 materialis
1628 1393 1758 1439 non
1772 1373 1980 1438 solum
1996 1388 2166 1435 com-

629 1495 914 1559 municat
927 1492 1056 1556 filio
1083 1509 1201 1555 suo
1214 1488 1540 1553 scientiam
1568 1482 1869 1566 simplicis
1888 1478 2159 1564 notitiae,

626 1603 736 1666 sed
762 1602 956 1666 etiam
982 1598 1307 1664 scientiam
1333 1593 1677 1678 practicam
1723 1615 1738 1654 :
1776 1606 1933 1670 ergo
1963 1586 2165 1650 multo

626 1711 852 1775 fortius
895 1710 1061 1771 banc
1126 1706 1290 1769 Deus
1368 1697 1867 1766 communicavit
1927 1694 2161 1776 animae

624 1816 874 1881 Christi.
907 1815 1031 1880 Sed
1054 1813 1318 1879 scientia
1335 1811 1610 1894 practica
1636 1807 1828 1871 habet
1856 1803 2162 1887 operatio-

623 1943 773 1988 nem
800 1926 1204 2006 conjunctam
1231 1942 1246 1984 ε
1300 1922 1365 1983 et
1389 1917 1670 1999 operatio
1701 1913 1892 1977 habet
1939 1913 2164 1993 poten-

623 2033 781 2096 tiam
809 2030 1117 2112 praeviam
1148 2051 1162 2092 ε
1193 2044 1348 2108 ergo
1374 2026 1427 2088 si
1467 2024 1633 2087 Deus
1663 2016 2166 2085 communicavit

622 2141 855 2203 animae
909 2137 1137 2201 Christi
1204 2133 1532 2197 scientiam
1601 2128 1944 2212 practicam
2021 2141 2166 2187 om-

621 2249 804 2310 nium
835 2264 1077 2324 rerum,
1116 2237 1616 2306 communicavit
1669 2235 1726 2298 ei
1754 2232 2164 2314 omnipoten-

622 2356 798 2419 tiam.

700 2468 760 2526 6.
819 2462 999 2540 Item,
1053 2460 1215 2522 sicut
1266 2454 1622 2519 intellectus
1656 2449 1889 2513 animae
1940 2445 2166 2508 Christi

623 2572 998 2651 conjunctus
1046 2571 1140 2630 est
1166 2563 1404 2628 divinae
1457 2558 1818 2641 sapientiae,
1856 2555 1945 2617 ita
1975 2551 2168 2616 etiam

621 2682 684 2741 et
707 2677 910 2741 virtus
935 2675 1106 2738 illius
1148 2672 1382 2735 animae
1404 2671 1629 2750 juncta
1666 2668 1759 2728 est
1781 2663 2017 2727 divinae
2052 2677 2164 2741 po-

621 2786 834 2849 tentiae
854 2804 872 2863 ;
894 2783 1163 2847 dicimus
1190 2781 1364 2844 enim
1394 2785 1412 2818 ¹
1451 2777 1774 2841 Christum
1820 2773 1936 2837 Dei
1964 2772 2170 2837 virtu-

624 2900 768 2970 tem,
789 2898 850 2958 et
870 2892 983 2957 Dei
1007 2890 1395 2971 sapientiam
1421 2908 1437 2949 t
1457 2902 1613 2965 ergo
1633 2883 1796 2944 sicut
1813 2878 2168 2942 intellectus

622 3004 855 3067 animae
894 2999 1123 3063 Christi
1149 3001 1404 3080 propter
1446 2990 1970 3073 conjunctionem
2028 2990 2197 3069 ejus>

623 3111 702 3176 ad
757 3124 1080 3173 summam
1136 3102 1511 3186 sapientiam
1557 3103 1649 3163 est
1709 3098 1911 3162 factus
1955 3095 2172 3160 omni-

623 3220 846 3297 sciens,
878 3217 966 3280 ita
1008 3220 1071 3279 et
1126 3214 1326 3277 virtus
1360 3212 1617 3291 propter
1656 3204 2170 3286 conjunctionem

624 3345 775 3393 cum
827 3342 1083 3389 summa
1109 3319 1389 3404 potentia
1433 3315 1652 3380 debuit
1689 3311 1825 3375 fieri
1867 3310 2170 3392 omnipo-

734 3450 790 3495 s.

625 3438 829 3605 tenSed
857 3540 1076 3601 contra
1122 3557 1137 3599 t
1180 3531 1397 3599 Omnis
1423 3527 1707 3612 potentia
1737 3528 2043 3589 creaturae
2070 3540 2172 3585 se-

627 3650 847 3731 quitur
871 3647 1098 3737 ipsam
1143 3639 1564 3707 substantiam
1608 3639 1916 3699 creaturae
1976 3652 1993 3696 ε
2062 3630 2172 3694 sed

629 3754 1088 3838 omnipotentia
1143 3749 1460 3834 praeceditf
1489 3742 1907 3810 substantiam
1966 3740 2174 3805 omnis

565 3858 571 3865 ’
629 3868 960 3937 creaturae,
991 3860 1143 3942 quia
1170 3860 1374 3939 potest
1401 3854 1745 3937 producere
1771 3868 1962 3914 omne
1993 3854 2124 3927 ssens
2154 3868 2168 3909 :

629 3990 788 4053 ergo
818 3968 975 4034 nulli
1002 3969 1312 4031 creaturae
1340 3958 1797 4027 communicari
1819 3956 2021 4040 potuit
2036 3974 2172 4019 om-

628 4079 1006 4163 nipotentia.

713 4188 893 4261 Item,
950 4182 1113 4245 nihil
1137 4180 1379 4243 habens
1409 4174 1944 4259 omnipotentiam
1974 4175 2175 4253 potest

632 4296 714 4361 ab
742 4294 958 4375 aliquo
985 4288 1203 4353 excedi
1229 4284 1333 4351 vel
1360 4282 1673 4366 superari,
1717 4280 1871 4363 quia
1898 4276 2059 4342 nihil
2081 4281 2177 4341 est

635 4382 846 4484 majus
871 4393 1329 4478 omnipotentia
1355 4392 1497 4455 :sed
1512 4406 1767 4454 necesse
1795 4391 1889 4451 est
1913 4402 2175 4450 omnem

555 4583 559 4586 Α
635 4513 995 4575 creaturam
1023 4523 1063 4567 a
1116 4502 1242 4565 Deo
1270 4498 1487 4563 excedi
1516 4501 1581 4560 et
1628 4493 1963 4577 superari:
2017 4510 2175 4573 ergo

634 4602 1022 4700 impossibile
1061 4616 1156 4676 est
1203 4606 1394 4673 alicui
1435 4608 1743 4669 creaturae
1770 4600 2171 4682 omnipoten-

635 4704 791 4788 tiam
821 4714 1303 4786 communicari.

719 4831 900 4907 Item,
928 4826 1168 4890 nullius
1193 4817 1559 4885 substantiae
1584 4815 1784 4879 ssnitae
1811 4817 2175 4896 potestesse

639 4941 845 5005 virtus
892 4935 1162 5011 infinita,
1218 4931 1381 4994 sicut
1422 4926 1571 4990 dicit
1615 4921 2038 5004 Philosophus
2054 4967 2071 4997 ,
2114 4921 2177 4981 et

638 5020 798 5110 ratio
849 5042 1210 5108 manifestat
1242 5059 1257 5101 :
1291 5035 1398 5100 sed
1426 5028 1890 5112 omnipotentia
1929 5028 2024 5090 est
2048 5025 2176 5090 vir-

639 5157 742 5217 tus
767 5151 1019 5216 infinita
1051 5168 1068 5212 t
1099 5163 1256 5227 ergo
1284 5141 1445 5206 nulli
1460 5136 1828 5203 substantiae
1843 5133 2042 5196 finitae
2066 5148 2178 5213 po-

641 5261 756 5322 test
808 5242 1267 5319 communicari
1294 5240 1795 5325 omnipotentia:
1830 5237 1938 5301 sed
1965 5234 2176 5298 omnis

541 5372 547 5379 ’
640 5367 931 5455 creatura
982 5363 1077 5425 est
1129 5352 1501 5420 substantiae
1552 5348 1750 5412 finitae
1774 5394 1793 5424 ,
1859 5361 2010 5407 cum
2096 5340 2178 5403 sit

707 5494 723 5527 ¹
749 5493 770 5543 1
807 5491 941 5551 Cor„
973 5502 1013 5552 1,
1040 5488 1185 5537 24.-
1208 5486 1276 5549 (a)
1308 5482 1386 5532 Al.
1420 5478 1639 5529 deficiet.

1657 483 2284 563 SENTENTIARUM
2322 485 2470 551 LIB.
2516 485 2619 550 111.

2269 619 2477 682 creata
2502 617 2571 680 in
2594 634 2887 695 numer0,
2917 617 3219 700 pondere,
3241 622 3306 682 et
3338 634 3639 683 mensura
3668 637 3686 680 t
3719 634 3833 680 er-

2272 748 2381 813 go,
2420 732 2538 793 etc.

2350 835 2509 900 Item
2555 834 2731 898 nulla
2758 834 2965 900 virtus
2989 835 3152 898 entis
3177 834 3373 899 creati
3425 833 3829 898 transcendit

2271 962 2385 1008 ens
2447 965 2462 1006 ε
2522 942 2630 1006 sed
2684 942 3146 1024 omnipotentia
3208 941 3594 1006 transcendit
3647 958 3767 1004 ens
3801 987 3825 1019 ‚

2271 1054 2425 1135 quia
2452 1056 2654 1134 potest
2680 1052 2756 1116 de
2786 1069 2918 1116 non
2940 1056 3085 1115 ente
3108 1052 3314 1115 facere
3333 1069 3478 1115 ens:
3511 1068 3668 1131 ergo
3697 1050 3828 1113 im-

2270 1159 2563 1241 possibile
2598 1162 2697 1221 est
2714 1157 2904 1222 alicui
2932 1157 3155 1223 virtuti
3182 1160 3411 1223 creatae
3435 1157 3572 1221 dari
3600 1158 3828 1221 omni-

2271 1265 2645 1348 potentiam.

2816 1409 3283 1500 CONCLUSIO.'

2273 1571 2492 1628 Animoe
2513 1571 2715 1628 Christi
2730 1587 2838 1627 non
2856 1573 2972 1640 tuit
2989 1574 3383 1628 communicata
3404 1571 3832 1643 omnipotentia,

2344 1665 2600 1733 quoniam
2622 1662 2767 1717 nulli
2788 1666 3049 1718 creaturoe
3067 1664 3192 1734 ipsa
3216 1662 3601 1718 communicari
3622 1664 3830 1733 potest,

2343 1755 2534 1808 anima
2563 1756 2742 1808 autem
2773 1751 2975 1808 Christi
3000 1755 3258 1808 creatura
3286 1755 3383 1823 est.

2354 1911 2542 1993 Resp.
2567 1913 2649 1975 ad
2675 1928 2815 1993 arg.
2850 1910 3194 1975 Dicendum
3221 1911 3394 1993 quod
3442 1928 3559 1974 nec
3584 1910 3824 1973 animae

2275 2018 2531 2097 Christi,
2564 2037 2681 2088 nec
2729 2018 2920 2082 alicui
2948 2023 3259 2082 creaturae
3286 2021 3490 2100 potest
3514 2017 3825 2098 omnipo-

2273 2128 2471 2191 tentia
2495 2129 2978 2209 communicari,
3009 2129 3131 2192 nisi
3176 2133 3442 2192 eatenus
3491 2147 3621 2210 qua
3646 2146 3830 2191 com-

2276 2235 2642 2299 municatur
2673 2236 2732 2299 ei
2758 2254 2993 2300 nomen
3017 2240 3080 2301 et
3122 2235 3494 2321 excellentia
3515 2235 3830 2300 divinita-

2273 2343 2355 2406 tis
2373 2390 2389 2419 ‚
2425 2343 2547 2407 hoc
2571 2347 2688 2422 est,
2734 2362 2848 2426 per
2875 2344 3517 2408 communicationem
3547 2343 3826 2408 idioma-

2276 2453 2438 2529 tum,
2468 2469 2616 2532 quae
2629 2455 2848 2515 ortum
2879 2451 3071 2514 habet
3095 2469 3179 2514 ex
3206 2451 3524 2533 personali
3551 2450 3821 2515 unione.

2277 2555 2457 2621 Sicut
2474 2558 2645 2620 enim
2687 2575 3024 2640 possumus
3050 2558 3278 2637 dicere,
3305 2557 3475 2639 quod
3502 2558 3697 2621 homo
3726 2561 3828 2620 est

2278 2665 2462 2741 DeUS‚
2491 2665 2579 2729 ita
2596 2683 2934 2748 possumus
2950 2666 3155 2730 dicere
3181 2666 3352 2747 quod
3370 2666 3565 2729 homo
3578 2670 3675 2729 est
3683 2683 3827 2729 om-

2276 2774 2592 2856 nipotens.
2652 2773 2729 2838 Et
2805 2773 2971 2838 sicut
3023 2773 3395 2838 excellentia
3471 2773 3826 2837 divinitatis

2278 2882 2440 2946 nulli
2467 2882 2929 2945 communicari
2946 2885 3150 2964 potest
3176 2880 3344 2945 sicut
3362 2882 3566 2944 torma
3583 2884 3648 2944 et
3671 2897 3822 2962 pro-

2279 2991 2511 3072 prietas
2559 2989 2768 3053 eidem
2792 2989 3116 3062 inhaerens
3143 2988 3644 3052 substantialiter
3660 3037 3679 3067 ,
3713 2988 3821 3051 vel

2277 3095 2771 3174 accidentaliter;
2830 3096 2920 3159 sic
2947 3095 3138 3161 etiam
3184 3114 3302 3160 nec
3342 3094 3824 3179 omnipotentia.

2279 3204 2460 3269 Ratio
2488 3209 2703 3268 autem
2744 3221 2945 3286 quare
2977 3204 3435 3286 omnipotentia
3464 3204 3831 3268 communi-

2280 3313 2410 3377 cari
2430 3331 2558 3376 non
2577 3315 2780 3395 potest
2805 3311 2998 3375 alicui
3012 3314 3343 3390 creaturae,
3374 3314 3469 3373 est
3481 3311 3633 3393 quia
3667 3329 3823 3375 om-

2281 3420 2384 3483 nis
2408 3423 2719 3497 creatura,
2753 3436 2829 3482 eo
2854 3418 2994 3501 ipso
3017 3417 3188 3501 quod
3233 3435 3316 3481 ex
3340 3417 3543 3482 nihilo
3570 3422 3685 3495 est,
3716 3417 3834 3483 de-

2281 3527 2415 3589 ficit
2463 3545 2502 3589 a
2528 3544 2782 3590 summa
2820 3525 3176 3605 stabilitate,
3228 3525 3402 3589 unde
3455 3543 3586 3590 non
3614 3524 3833 3589 existit

2280 3649 2393 3713 per
2419 3631 2721 3714 seipsam;
2776 3632 2984 3696 deficit
3013 3651 3053 3695 a
3083 3650 3340 3697 summa
3384 3630 3785 3714 simplicitate
3810 3679 3829 3708 ,

2281 3738 2450 3802 unde
2476 3756 2610 3802 non
2641 3738 2781 3819 agit
2805 3757 2919 3819 per
2944 3757 3012 3803 se
3029 3743 3263 3818 totam3
3290 3739 3555 3804 deficita
3574 3756 3835 3803 summa

2282 3844 2730 3922 immensitate,
2759 3845 2931 3909 unde
2962 3845 3192 3910 distare
3209 3850 3413 3929 potest
3438 3846 3506 3909 in
3533 3846 3669 3929 ipsa
3694 3845 3832 3909 vir-

2281 3953 2387 4014 tus
2412 3970 2452 4014 a
2477 3952 2849 4016 substantia.
2882 3951 2959 4015 Et
2981 3954 3291 4035 quoniam
3324 3953 3395 4017 in
3418 3972 3486 4017 se
3512 3972 3645 4017 non
3672 3952 3832 4017 sub-

2283 4058 2469 4135 sistit,
2492 4077 2612 4123 nec
2637 4079 2677 4122 a
2699 4077 2790 4138 se,
2822 4059 2946 4122 nisi
2972 4063 3365 4125 sustentetur
3391 4079 3432 4123 a
3466 4060 3683 4125 divina
3709 4078 3835 4142 po-

2284 4166 2501 4244 tentia,
2530 4166 2675 4231 ideo
2703 4166 3088 4249 impossibile
3116 4172 3211 4231 est
3224 4167 3431 4250 ipsam
3452 4185 3587 4231 esse
3620 4168 3837 4230 omni-

2285 4277 2609 4356 potentem
2640 4296 2655 4337 :
2707 4293 2843 4339 non
2880 4274 3056 4339 enim
3094 4279 3299 4357 potest
3339 4275 3614 4356 seipsam
3640 4274 3834 4337 susti-

2286 4401 2459 4447 nere.
2505 4382 2770 4462 Rursus,
2800 4382 3108 4465 quoniam
3136 4400 3219 4446 ex
3244 4400 3311 4460 se
3342 4386 3475 4446 tota
3509 4399 3641 4446 non
3668 4381 3832 4462 agit,

2286 4472 2418 4554 non
2445 4494 2650 4572 potest
2665 4489 2734 4553 in
2761 4492 2964 4554 totam
2986 4489 3080 4553 rei
3112 4489 3531 4553 substantiam
3563 4506 3580 4552 ε
3610 4492 3675 4552 et
3690 4489 3836 4552 ideo

2284 4616 2415 4662 non
2444 4602 2805 4680 potestesse
2826 4597 3254 4679 omnipotenS,
3290 4615 3440 4660 cum
3479 4614 3611 4661 non
3637 4596 3837 4678 possit

2286 4711 2493 4771 totum
2521 4706 2889 4788 producere.
2918 4703 3268 4784 Postremo,
3298 4705 3673 4787 quiavirtus
3690 4706 3836 4786 ejus

2287 4813 2472 4877 distat
2494 4831 2534 4875 a
2558 4812 2933 4891 substantia,
2991 4814 3243 4875 tantum
3268 4815 3473 4893 potest
3517 4810 3834 4891 elongari,

2286 4919 2459 5002 quod
2484 4919 2745 4983 omnino
2763 4918 3011 4983 deficiat
3039 4918 3120 5000 (α)
3147 4938 3165 4979 2
3192 4919 3364 4983 unde
3390 4937 3519 4982 non
3539 4921 3742 5001 potest
3765 4917 3840 4981 in

2287 5026 2525 5091 omnia.
2559 5025 2735 5089 Sicut
2757 5043 2917 5106 ergo
2945 5024 3061 5090 soli
3091 5024 3221 5089 Deo
3248 5026 3547 5089 convenit
3578 5041 3839 5089 summa

2287 5134 2614 5214 stabilitas,
2637 5152 2894 5199 summa
2921 5134 3317 5217 simplicitas,
3353 5152 3610 5198 summa
3636 5134 3836 5198 etiam

2285 5242 2717 5320 immensitas;
2773 5240 2863 5304 sic
2914 5240 3105 5305 etiam
3153 5241 3633 5324 omnipotentia,
3681 5259 3838 5323 quae

2286 5348 2636 5413 necessario
2670 5346 2939 5429 requirit
2958 5347 3080 5411 ista
3099 5347 3244 5412 tria.
3266 5345 3346 5411 Et
3363 5347 3507 5412 ideo
3532 5347 3842 5430 omnipo-

2289 5458 2483 5521 tentia
2509 5455 2967 5520 communicari
2993 5473 3127 5519 non
3149 5459 3354 5537 potest
3376 5454 3566 5519 alicui
3584 5459 3840 5521 creatu-
