<?xml version="1.0" encoding="UTF-8"?>
<!DOCTYPE html PUBLIC "-//W3C//DTD XHTML 1.0 Transitional//EN"
    "http://www.w3.org/TR/xhtml1/DTD/xhtml1-transitional.dtd">
<html xmlns="http://www.w3.org/1999/xhtml" xml:lang="en" lang="en">
 <head>
  <title>
</title>
<meta http-equiv="Content-Type" content="text/html;charset=utf-8" />
  <meta name='ocr-system' content='tesseract 3.04.00' />
  <meta name='ocr-capabilities' content='ocr_page ocr_carea ocr_par ocr_line ocrx_word'/>
</head>
<body>
  <div class='ocr_page' id='page_1' title='image "./srecardinalissb01cargoog_0233.png"; bbox 0 0 4185 6288; ppageno 0'>
   <div class='ocr_carea' id='block_1_1' title="bbox 83 2646 190 2692">
    <p class='ocr_par' dir='ltr' id='par_1_1' title="bbox 83 2646 190 2692">
     <span class='ocr_line' id='line_1_1' title="bbox 83 2646 190 2692; baseline 0.037 -4"><span class='ocrx_word' id='word_1_1' title='bbox 83 2646 190 2692; x_wconf 62' lang='lat' dir='ltr'>uu.</span> 
     </span>
    </p>
   </div>
   <div class='ocr_carea' id='block_1_2' title="bbox 1238 484 2416 567">
    <p class='ocr_par' dir='ltr' id='par_1_2' title="bbox 1238 484 2416 567">
     <span class='ocr_line' id='line_1_2' title="bbox 1238 484 2416 567; baseline 0.003 -15"><span class='ocrx_word' id='word_1_2' title='bbox 1238 484 1435 553; x_wconf 82' lang='lat' dir='ltr'>ms&#39;r.</span> <span class='ocrx_word' id='word_1_3' title='bbox 1481 484 1582 551; x_wconf 79' lang='lat' dir='ltr'>lx.</span> <span class='ocrx_word' id='word_1_4' title='bbox 1631 486 1821 554; x_wconf 71' lang='lat' dir='ltr'>Aur.</span> <span class='ocrx_word' id='word_1_5' title='bbox 1869 487 1917 552; x_wconf 85' lang='lat'>1.</span> <span class='ocrx_word' id='word_1_6' title='bbox 1960 486 2265 567; x_wconf 75' lang='lat' dir='ltr'>QUAEST.</span> <span class='ocrx_word' id='word_1_7' title='bbox 2309 489 2416 556; x_wconf 80' lang='lat' dir='ltr'>vl.</span> 
     </span>
    </p>
   </div>
   <div class='ocr_carea' id='block_1_3' title="bbox 208 620 1763 5337">
    <p class='ocr_par' dir='ltr' id='par_1_3' title="bbox 222 620 1763 1133">
     <span class='ocr_line' id='line_1_3' title="bbox 227 620 1761 705; baseline 0.001 -20"><span class='ocrx_word' id='word_1_8' title='bbox 227 637 429 686; x_wconf 83' lang='lat' dir='ltr'>emere</span> <span class='ocrx_word' id='word_1_9' title='bbox 463 636 698 685; x_wconf 86' lang='lat' dir='ltr'>aurum</span> <span class='ocrx_word' id='word_1_10' title='bbox 720 666 738 697; x_wconf 92' lang='lat'>,</span> <span class='ocrx_word' id='word_1_11' title='bbox 778 637 911 684; x_wconf 91' lang='lat' dir='ltr'>non</span> <span class='ocrx_word' id='word_1_12' title='bbox 935 620 1430 685; x_wconf 73' lang='lat' dir='ltr'>damnificaturz</span> <span class='ocrx_word' id='word_1_13' title='bbox 1461 638 1620 703; x_wconf 81' lang='lat' dir='ltr'>ergo</span> <span class='ocrx_word' id='word_1_14' title='bbox 1646 623 1761 705; x_wconf 88' lang='lat' dir='ltr'>qui</span> 
     </span>
     <span class='ocr_line' id='line_1_4' title="bbox 227 730 1763 812; baseline 0.003 -19"><span class='ocrx_word' id='word_1_15' title='bbox 227 730 433 794; x_wconf 88' lang='lat' dir='ltr'>adorat</span> <span class='ocrx_word' id='word_1_16' title='bbox 456 730 766 812; x_wconf 77' lang='lat' dir='ltr'>angelum</span> <span class='ocrx_word' id='word_1_17' title='bbox 806 732 1252 811; x_wconf 88' lang='lat' dir='ltr'>tenebrarum,</span> <span class='ocrx_word' id='word_1_18' title='bbox 1305 733 1567 797; x_wconf 89' lang='lat' dir='ltr'>credens</span> <span class='ocrx_word' id='word_1_19' title='bbox 1604 734 1763 798; x_wconf 87' lang='lat' dir='ltr'>ado-</span> 
     </span>
     <span class='ocr_line' id='line_1_5' title="bbox 225 837 1759 924; baseline 0.004 -24"><span class='ocrx_word' id='word_1_20' title='bbox 225 855 363 901; x_wconf 89' lang='lat' dir='ltr'>rare</span> <span class='ocrx_word' id='word_1_21' title='bbox 413 837 734 901; x_wconf 84' lang='lat' dir='ltr'><strong>Christum</strong></span> <span class='ocrx_word' id='word_1_22' title='bbox 775 887 793 914; x_wconf 93' lang='lat'>,</span> <span class='ocrx_word' id='word_1_23' title='bbox 883 858 1014 904; x_wconf 89' lang='lat' dir='ltr'>non</span> <span class='ocrx_word' id='word_1_24' title='bbox 1073 840 1345 904; x_wconf 82' lang='lat' dir='ltr'>incurrit</span> <span class='ocrx_word' id='word_1_25' title='bbox 1405 847 1759 924; x_wconf 84' lang='lat' dir='ltr'>peecatum.</span> 
     </span>
     <span class='ocr_line' id='line_1_6' title="bbox 225 941 1761 1027; baseline 0.004 -21"><span class='ocrx_word' id='word_1_26' title='bbox 225 941 414 1025; x_wconf 71' lang='lat' dir='ltr'>Major</span> <span class='ocrx_word' id='word_1_27' title='bbox 480 945 828 1027; x_wconf 80' lang='lat' dir='ltr'>propositio</span> <span class='ocrx_word' id='word_1_28' title='bbox 894 948 1338 1023; x_wconf 76' lang='lat' dir='ltr'>manifestatur</span> <span class='ocrx_word' id='word_1_29' title='bbox 1408 949 1761 1013; x_wconf 89' lang='lat' dir='ltr'>secundum</span> 
     </span>
     <span class='ocr_line' id='line_1_7' title="bbox 222 1050 949 1133; baseline 0.003 -20"><span class='ocrx_word' id='word_1_30' title='bbox 222 1050 506 1130; x_wconf 81' lang='lat' dir='ltr'>regulam</span> <span class='ocrx_word' id='word_1_31' title='bbox 528 1052 700 1133; x_wconf 85' lang='lat' dir='ltr'>juris</span> <span class='ocrx_word' id='word_1_32' title='bbox 725 1052 949 1117; x_wconf 88' lang='lat' dir='ltr'>civilis.</span> 
     </span>
    </p>

    <p class='ocr_par' dir='ltr' id='par_1_4' title="bbox 210 1155 1758 1972">
     <span class='ocr_line' id='line_1_8' title="bbox 296 1155 1753 1241; baseline 0.005 -22"><span class='ocrx_word' id='word_1_33' title='bbox 296 1161 354 1220; x_wconf 85' lang='lat'>3.</span> <span class='ocrx_word' id='word_1_34' title='bbox 386 1155 540 1221; x_wconf 86' lang='lat' dir='ltr'>Item</span> <span class='ocrx_word' id='word_1_35' title='bbox 576 1159 808 1223; x_wconf 87' lang='lat' dir='ltr'>mulier</span> <span class='ocrx_word' id='word_1_36' title='bbox 843 1177 990 1241; x_wconf 80' lang='lat' dir='ltr'>quae</span> <span class='ocrx_word' id='word_1_37' title='bbox 1017 1163 1332 1225; x_wconf 76' lang='lat' dir='ltr'>consentit</span> <span class='ocrx_word' id='word_1_38' title='bbox 1360 1162 1425 1225; x_wconf 94' lang='lat' dir='ltr'>in</span> <span class='ocrx_word' id='word_1_39' title='bbox 1472 1161 1753 1239; x_wconf 84' lang='lat' dir='ltr'>Petrum,</span> 
     </span>
     <span class='ocr_line' id='line_1_9' title="bbox 217 1262 1757 1352; baseline 0.005 -27"><span class='ocrx_word' id='word_1_40' title='bbox 217 1262 468 1326; x_wconf 84' lang='lat' dir='ltr'>credens</span> <span class='ocrx_word' id='word_1_41' title='bbox 495 1266 851 1329; x_wconf 79' lang='lat' dir='ltr'>consentire</span> <span class='ocrx_word' id='word_1_42' title='bbox 877 1266 947 1329; x_wconf 92' lang='lat' dir='ltr'>in</span> <span class='ocrx_word' id='word_1_43' title='bbox 980 1265 1275 1340; x_wconf 78' lang='lat' dir='ltr'>Paulum,</span> <span class='ocrx_word' id='word_1_44' title='bbox 1331 1266 1602 1333; x_wconf 86' lang='lat' dir='ltr'>habetur</span> <span class='ocrx_word' id='word_1_45' title='bbox 1641 1287 1757 1352; x_wconf 88' lang='lat' dir='ltr'>pro</span> 
     </span>
     <span class='ocr_line' id='line_1_10' title="bbox 216 1371 1756 1457; baseline 0.005 -25"><span class='ocrx_word' id='word_1_46' title='bbox 216 1386 342 1433; x_wconf 91' lang='lat' dir='ltr'>non</span> <span class='ocrx_word' id='word_1_47' title='bbox 371 1371 831 1450; x_wconf 82' lang='lat' dir='ltr'>consentiente3</span> <span class='ocrx_word' id='word_1_48' title='bbox 876 1391 1055 1438; x_wconf 92' lang='lat' dir='ltr'>error</span> <span class='ocrx_word' id='word_1_49' title='bbox 1090 1373 1268 1438; x_wconf 89' lang='lat' dir='ltr'>enim</span> <span class='ocrx_word' id='word_1_50' title='bbox 1313 1393 1602 1457; x_wconf 81' lang='lat' dir='ltr'>personae</span> <span class='ocrx_word' id='word_1_51' title='bbox 1631 1375 1756 1439; x_wconf 90' lang='lat' dir='ltr'>im-</span> 
     </span>
     <span class='ocr_line' id='line_1_11' title="bbox 215 1477 1758 1565; baseline 0.005 -26"><span class='ocrx_word' id='word_1_52' title='bbox 215 1477 382 1557; x_wconf 86' lang='lat' dir='ltr'>pedit</span> <span class='ocrx_word' id='word_1_53' title='bbox 421 1478 941 1558; x_wconf 77' lang='lat' dir='ltr'>matrimonium,</span> <span class='ocrx_word' id='word_1_54' title='bbox 989 1482 1343 1547; x_wconf 88' lang='lat' dir='ltr'>secundum</span> <span class='ocrx_word' id='word_1_55' title='bbox 1394 1482 1565 1565; x_wconf 87' lang='lat' dir='ltr'>quod</span> <span class='ocrx_word' id='word_1_56' title='bbox 1603 1484 1758 1565; x_wconf 82' lang='lat' dir='ltr'>jura</span> 
     </span>
     <span class='ocr_line' id='line_1_12' title="bbox 214 1584 1755 1673; baseline 0.006 -26"><span class='ocrx_word' id='word_1_57' title='bbox 214 1584 423 1649; x_wconf 90' lang='lat' dir='ltr'>dicunt</span> <span class='ocrx_word' id='word_1_58' title='bbox 441 1634 459 1663; x_wconf 95' lang='lat'>,</span> <span class='ocrx_word' id='word_1_59' title='bbox 506 1592 570 1651; x_wconf 91' lang='lat' dir='ltr'>et</span> <span class='ocrx_word' id='word_1_60' title='bbox 615 1587 684 1650; x_wconf 91' lang='lat' dir='ltr'>in</span> <span class='ocrx_word' id='word_1_61' title='bbox 726 1594 956 1671; x_wconf 82' lang='lat' dir='ltr'>quarto</span> <span class='ocrx_word' id='word_1_62' title='bbox 991 1590 1199 1655; x_wconf 80' lang='lat' dir='ltr'>libro¹</span> <span class='ocrx_word' id='word_1_63' title='bbox 1242 1591 1517 1656; x_wconf 83' lang='lat' dir='ltr'>habetur</span> <span class='ocrx_word' id='word_1_64' title='bbox 1547 1614 1561 1654; x_wconf 91' lang='lat'>:</span> <span class='ocrx_word' id='word_1_65' title='bbox 1594 1609 1755 1673; x_wconf 76' lang='lat' dir='ltr'>ergo</span> 
     </span>
     <span class='ocr_line' id='line_1_13' title="bbox 214 1694 1755 1782; baseline 0.006 -26"><span class='ocrx_word' id='word_1_66' title='bbox 214 1695 345 1774; x_wconf 86' lang='lat' dir='ltr'>pari</span> <span class='ocrx_word' id='word_1_67' title='bbox 411 1694 658 1760; x_wconf 87' lang='lat' dir='ltr'>ratione</span> <span class='ocrx_word' id='word_1_68' title='bbox 731 1697 1002 1761; x_wconf 89' lang='lat' dir='ltr'>adorans</span> <span class='ocrx_word' id='word_1_69' title='bbox 1070 1697 1463 1777; x_wconf 77' lang='lat' dir='ltr'>Luciferum,</span> <span class='ocrx_word' id='word_1_70' title='bbox 1520 1703 1755 1782; x_wconf 86' lang='lat' dir='ltr'>putans</span> 
     </span>
     <span class='ocr_line' id='line_1_14' title="bbox 214 1799 1754 1888; baseline 0.004 -23"><span class='ocrx_word' id='word_1_71' title='bbox 214 1799 524 1866; x_wconf 86' lang='lat' dir='ltr'>Christum</span> <span class='ocrx_word' id='word_1_72' title='bbox 551 1804 870 1885; x_wconf 88' lang='lat' dir='ltr'>adorasse,</span> <span class='ocrx_word' id='word_1_73' title='bbox 900 1806 1174 1871; x_wconf 86' lang='lat' dir='ltr'>habetur</span> <span class='ocrx_word' id='word_1_74' title='bbox 1204 1807 1389 1888; x_wconf 83' lang='lat' dir='ltr'>quasi</span> <span class='ocrx_word' id='word_1_75' title='bbox 1429 1824 1560 1870; x_wconf 90' lang='lat' dir='ltr'>non</span> <span class='ocrx_word' id='word_1_76' title='bbox 1599 1807 1754 1871; x_wconf 89' lang='lat' dir='ltr'>ado-</span> 
     </span>
     <span class='ocr_line' id='line_1_15' title="bbox 210 1913 418 1972; baseline 0.01 -2"><span class='ocrx_word' id='word_1_77' title='bbox 210 1913 418 1972; x_wconf 86' lang='lat' dir='ltr'>rasset.</span> 
     </span>
    </p>

    <p class='ocr_par' dir='ltr' id='par_1_5' title="bbox 210 2016 1753 2640">
     <span class='ocr_line' id='line_1_16' title="bbox 283 2016 1753 2101; baseline 0.004 -22"><span class='ocrx_word' id='word_1_78' title='bbox 283 2019 343 2080; x_wconf 68' lang='lat'>⁴.</span> <span class='ocrx_word' id='word_1_79' title='bbox 376 2016 531 2082; x_wconf 89' lang='lat' dir='ltr'>ltem</span> <span class='ocrx_word' id='word_1_80' title='bbox 556 2036 723 2101; x_wconf 91' lang='lat' dir='ltr'>opus</span> <span class='ocrx_word' id='word_1_81' title='bbox 747 2018 1036 2101; x_wconf 87' lang='lat' dir='ltr'>sequitur</span> <span class='ocrx_word' id='word_1_82' title='bbox 1057 2020 1476 2085; x_wconf 90' lang='lat' dir='ltr'>intentionem</span> <span class='ocrx_word' id='word_1_83' title='bbox 1518 2024 1582 2084; x_wconf 91' lang='lat' dir='ltr'>et</span> <span class='ocrx_word' id='word_1_84' title='bbox 1621 2038 1753 2085; x_wconf 91' lang='lat' dir='ltr'>cre-</span> 
     </span>
     <span class='ocr_line' id='line_1_17' title="bbox 210 2122 1750 2208; baseline 0.003 -22"><span class='ocrx_word' id='word_1_85' title='bbox 210 2122 534 2189; x_wconf 89' lang='lat' dir='ltr'>dulitatem</span> <span class='ocrx_word' id='word_1_86' title='bbox 567 2143 584 2187; x_wconf 89' lang='lat'>:</span> <span class='ocrx_word' id='word_1_87' title='bbox 617 2143 776 2206; x_wconf 82' lang='lat' dir='ltr'>ergo</span> <span class='ocrx_word' id='word_1_88' title='bbox 819 2125 872 2189; x_wconf 92' lang='lat' dir='ltr'>si</span> <span class='ocrx_word' id='word_1_89' title='bbox 913 2126 1142 2208; x_wconf 86' lang='lat' dir='ltr'>aliquis</span> <span class='ocrx_word' id='word_1_90' title='bbox 1195 2126 1457 2191; x_wconf 90' lang='lat' dir='ltr'>credens</span> <span class='ocrx_word' id='word_1_91' title='bbox 1504 2125 1750 2191; x_wconf 81' lang='lat' dir='ltr'>Lucife-</span> 
     </span>
     <span class='ocr_line' id='line_1_18' title="bbox 211 2234 1748 2316; baseline 0.003 -19"><span class='ocrx_word' id='word_1_92' title='bbox 211 2251 350 2298; x_wconf 88' lang='lat' dir='ltr'>rum</span> <span class='ocrx_word' id='word_1_93' title='bbox 380 2254 516 2299; x_wconf 56' lang='lat' dir='ltr'>esse</span> <span class='ocrx_word' id='word_1_94' title='bbox 544 2234 889 2313; x_wconf 85' lang='lat' dir='ltr'>Christum,</span> <span class='ocrx_word' id='word_1_95' title='bbox 920 2236 1139 2301; x_wconf 89' lang='lat' dir='ltr'>adorat</span> <span class='ocrx_word' id='word_1_96' title='bbox 1179 2235 1565 2316; x_wconf 77' lang='lat' dir='ltr'>Luciferum,</span> <span class='ocrx_word' id='word_1_97' title='bbox 1599 2255 1748 2302; x_wconf 89' lang='lat' dir='ltr'>cum</span> 
     </span>
     <span class='ocr_line' id='line_1_19' title="bbox 210 2341 1749 2425; baseline 0.005 -23"><span class='ocrx_word' id='word_1_98' title='bbox 210 2341 466 2405; x_wconf 90' lang='lat' dir='ltr'>intentio</span> <span class='ocrx_word' id='word_1_99' title='bbox 507 2344 655 2425; x_wconf 85' lang='lat' dir='ltr'>ejus</span> <span class='ocrx_word' id='word_1_100' title='bbox 695 2342 775 2405; x_wconf 88' lang='lat' dir='ltr'>ad</span> <span class='ocrx_word' id='word_1_101' title='bbox 818 2342 1136 2407; x_wconf 84' lang='lat' dir='ltr'>Christum</span> <span class='ocrx_word' id='word_1_102' title='bbox 1178 2344 1450 2422; x_wconf 77' lang='lat' dir='ltr'>feratur,</span> <span class='ocrx_word' id='word_1_103' title='bbox 1501 2345 1555 2408; x_wconf 90' lang='lat' dir='ltr'>si</span> <span class='ocrx_word' id='word_1_104' title='bbox 1596 2346 1749 2409; x_wconf 91' lang='lat' dir='ltr'>ado-</span> 
     </span>
     <span class='ocr_line' id='line_1_20' title="bbox 212 2449 1745 2528; baseline 0.004 -18"><span class='ocrx_word' id='word_1_105' title='bbox 212 2449 402 2514; x_wconf 89' lang='lat' dir='ltr'>rando</span> <span class='ocrx_word' id='word_1_106' title='bbox 427 2450 747 2514; x_wconf 85' lang='lat' dir='ltr'>Christum</span> <span class='ocrx_word' id='word_1_107' title='bbox 770 2454 1082 2528; x_wconf 89' lang='lat' dir='ltr'>meretur,</span> <span class='ocrx_word' id='word_1_108' title='bbox 1117 2451 1371 2514; x_wconf 86' lang='lat' dir='ltr'>nullum</span> <span class='ocrx_word' id='word_1_109' title='bbox 1410 2451 1661 2516; x_wconf 87' lang='lat' dir='ltr'>videtur</span> <span class='ocrx_word' id='word_1_110' title='bbox 1689 2452 1745 2516; x_wconf 91' lang='lat' dir='ltr'>ei</span> 
     </span>
     <span class='ocr_line' id='line_1_21' title="bbox 214 2562 725 2640; baseline -0.002 -20"><span class='ocrx_word' id='word_1_111' title='bbox 214 2573 337 2620; x_wconf 69' lang='lat' dir='ltr'>oese</span> <span class='ocrx_word' id='word_1_112' title='bbox 366 2562 725 2640; x_wconf 89' lang='lat' dir='ltr'>peccatum.</span> 
     </span>
    </p>

    <p class='ocr_par' dir='ltr' id='par_1_6' title="bbox 209 2661 1747 3478">
     <span class='ocr_line' id='line_1_22' title="bbox 284 2661 1745 2759; baseline 0.003 -33"><span class='ocrx_word' id='word_1_113' title='bbox 284 2661 409 2727; x_wconf 88' lang='lat' dir='ltr'>Sed</span> <span class='ocrx_word' id='word_1_114' title='bbox 435 2668 702 2759; x_wconf 77' lang='lat' dir='ltr'>contra:</span> <span class='ocrx_word' id='word_1_115' title='bbox 749 2661 1115 2744; x_wconf 74' lang='lat' dir='ltr'>idololatra,</span> <span class='ocrx_word' id='word_1_116' title='bbox 1160 2682 1310 2729; x_wconf 85' lang='lat' dir='ltr'>cum</span> <span class='ocrx_word' id='word_1_117' title='bbox 1347 2665 1567 2731; x_wconf 89' lang='lat' dir='ltr'>adorat</span> <span class='ocrx_word' id='word_1_118' title='bbox 1607 2666 1745 2731; x_wconf 90' lang='lat' dir='ltr'>ido-</span> 
     </span>
     <span class='ocr_line' id='line_1_23' title="bbox 215 2769 1746 2850; baseline 0.006 -20"><span class='ocrx_word' id='word_1_119' title='bbox 215 2769 359 2850; x_wconf 85' lang='lat' dir='ltr'>lum,</span> <span class='ocrx_word' id='word_1_120' title='bbox 395 2771 595 2833; x_wconf 89' lang='lat' dir='ltr'>credit</span> <span class='ocrx_word' id='word_1_121' title='bbox 620 2770 862 2835; x_wconf 89' lang='lat' dir='ltr'>idolum</span> <span class='ocrx_word' id='word_1_122' title='bbox 888 2790 1020 2837; x_wconf 89' lang='lat' dir='ltr'>esse</span> <span class='ocrx_word' id='word_1_123' title='bbox 1043 2772 1285 2849; x_wconf 86' lang='lat' dir='ltr'>Deum;</span> <span class='ocrx_word' id='word_1_124' title='bbox 1320 2775 1384 2836; x_wconf 89' lang='lat' dir='ltr'>et</span> <span class='ocrx_word' id='word_1_125' title='bbox 1420 2778 1633 2838; x_wconf 89' lang='lat' dir='ltr'>tamen</span> <span class='ocrx_word' id='word_1_126' title='bbox 1663 2793 1746 2839; x_wconf 91' lang='lat' dir='ltr'>ex</span> 
     </span>
     <span class='ocr_line' id='line_1_24' title="bbox 214 2875 1746 2963; baseline 0.004 -24"><span class='ocrx_word' id='word_1_127' title='bbox 214 2875 320 2940; x_wconf 92' lang='lat' dir='ltr'>hoc</span> <span class='ocrx_word' id='word_1_128' title='bbox 346 2895 485 2941; x_wconf 89' lang='lat' dir='ltr'>non</span> <span class='ocrx_word' id='word_1_129' title='bbox 529 2878 763 2941; x_wconf 89' lang='lat' dir='ltr'>dicitur</span> <span class='ocrx_word' id='word_1_130' title='bbox 796 2877 993 2943; x_wconf 90' lang='lat' dir='ltr'>Deum</span> <span class='ocrx_word' id='word_1_131' title='bbox 1041 2880 1334 2958; x_wconf 89' lang='lat' dir='ltr'>adorare,</span> <span class='ocrx_word' id='word_1_132' title='bbox 1382 2881 1490 2945; x_wconf 87' lang='lat' dir='ltr'>sed</span> <span class='ocrx_word' id='word_1_133' title='bbox 1536 2882 1746 2963; x_wconf 79' lang='lat' dir='ltr'>magis</span> 
     </span>
     <span class='ocr_line' id='line_1_25' title="bbox 211 2980 1741 3064; baseline 0.005 -20"><span class='ocrx_word' id='word_1_134' title='bbox 211 2980 443 3047; x_wconf 90' lang='lat' dir='ltr'>idolum</span> <span class='ocrx_word' id='word_1_135' title='bbox 462 3032 479 3059; x_wconf 92' lang='lat'>,</span> <span class='ocrx_word' id='word_1_136' title='bbox 526 2986 705 3049; x_wconf 89' lang='lat' dir='ltr'>unde</span> <span class='ocrx_word' id='word_1_137' title='bbox 741 2986 1081 3049; x_wconf 86' lang='lat' dir='ltr'>committit</span> <span class='ocrx_word' id='word_1_138' title='bbox 1119 2986 1488 3051; x_wconf 84' lang='lat' dir='ltr'>idololatriae</span> <span class='ocrx_word' id='word_1_139' title='bbox 1523 3005 1741 3064; x_wconf 84' lang='lat' dir='ltr'>pecca-</span> 
     </span>
     <span class='ocr_line' id='line_1_26' title="bbox 215 3092 1747 3179; baseline 0.005 -25"><span class='ocrx_word' id='word_1_140' title='bbox 215 3092 337 3155; x_wconf 83' lang='lat' dir='ltr'>tum</span> <span class='ocrx_word' id='word_1_141' title='bbox 392 3114 410 3156; x_wconf 87' lang='lat'>:</span> <span class='ocrx_word' id='word_1_142' title='bbox 456 3110 615 3175; x_wconf 75' lang='lat' dir='ltr'>ergo</span> <span class='ocrx_word' id='word_1_143' title='bbox 663 3092 801 3176; x_wconf 88' lang='lat' dir='ltr'>pari</span> <span class='ocrx_word' id='word_1_144' title='bbox 857 3095 1101 3159; x_wconf 88' lang='lat' dir='ltr'>ratione</span> <span class='ocrx_word' id='word_1_145' title='bbox 1141 3113 1290 3159; x_wconf 92' lang='lat' dir='ltr'>cum</span> <span class='ocrx_word' id='word_1_146' title='bbox 1337 3095 1483 3179; x_wconf 82' lang='lat' dir='ltr'>quis</span> <span class='ocrx_word' id='word_1_147' title='bbox 1525 3096 1747 3161; x_wconf 91' lang='lat' dir='ltr'>adorat</span> 
     </span>
     <span class='ocr_line' id='line_1_27' title="bbox 209 3195 1740 3284; baseline 0.006 -23"><span class='ocrx_word' id='word_1_148' title='bbox 209 3195 586 3281; x_wconf 76' lang='lat' dir='ltr'>Luciferum,</span> <span class='ocrx_word' id='word_1_149' title='bbox 631 3201 893 3266; x_wconf 90' lang='lat' dir='ltr'>credens</span> <span class='ocrx_word' id='word_1_150' title='bbox 956 3202 1137 3266; x_wconf 89' lang='lat' dir='ltr'>illum</span> <span class='ocrx_word' id='word_1_151' title='bbox 1204 3221 1341 3268; x_wconf 89' lang='lat' dir='ltr'>esse</span> <span class='ocrx_word' id='word_1_152' title='bbox 1400 3203 1740 3284; x_wconf 88' lang='lat' dir='ltr'>Christum,</span> 
     </span>
     <span class='ocr_line' id='line_1_28' title="bbox 211 3309 1742 3390; baseline 0.006 -22"><span class='ocrx_word' id='word_1_153' title='bbox 211 3311 455 3390; x_wconf 76' lang='lat' dir='ltr'>propter</span> <span class='ocrx_word' id='word_1_154' title='bbox 483 3309 921 3373; x_wconf 87' lang='lat' dir='ltr'>credulitatem</span> <span class='ocrx_word' id='word_1_155' title='bbox 963 3328 1092 3373; x_wconf 91' lang='lat' dir='ltr'>non</span> <span class='ocrx_word' id='word_1_156' title='bbox 1138 3311 1350 3376; x_wconf 87' lang='lat' dir='ltr'>evadit</span> <span class='ocrx_word' id='word_1_157' title='bbox 1377 3311 1580 3377; x_wconf 79' lang='lat' dir='ltr'>scelus</span> <span class='ocrx_word' id='word_1_158' title='bbox 1607 3311 1742 3377; x_wconf 90' lang='lat' dir='ltr'>ido·</span> 
     </span>
     <span class='ocr_line' id='line_1_29' title="bbox 209 3411 486 3478; baseline 0.022 -5"><span class='ocrx_word' id='word_1_159' title='bbox 209 3411 486 3478; x_wconf 83' lang='lat' dir='ltr'>lolatriae.</span> 
     </span>
    </p>

    <p class='ocr_par' dir='ltr' id='par_1_7' title="bbox 211 3518 1743 4121">
     <span class='ocr_line' id='line_1_30' title="bbox 279 3518 1743 3608; baseline 0.005 -26"><span class='ocrx_word' id='word_1_160' title='bbox 279 3518 438 3585; x_wconf 86' lang='lat' dir='ltr'>Item</span> <span class='ocrx_word' id='word_1_161' title='bbox 467 3520 759 3586; x_wconf 90' lang='lat' dir='ltr'>diabolus</span> <span class='ocrx_word' id='word_1_162' title='bbox 799 3523 941 3588; x_wconf 89' lang='lat' dir='ltr'>ideo</span> <span class='ocrx_word' id='word_1_163' title='bbox 967 3526 1386 3608; x_wconf 81' lang='lat' dir='ltr'>transfigurat</span> <span class='ocrx_word' id='word_1_164' title='bbox 1410 3544 1477 3590; x_wconf 91' lang='lat' dir='ltr'>se</span> <span class='ocrx_word' id='word_1_165' title='bbox 1520 3527 1589 3589; x_wconf 92' lang='lat' dir='ltr'>in</span> <span class='ocrx_word' id='word_1_166' title='bbox 1624 3544 1743 3589; x_wconf 87' lang='lat' dir='ltr'>an-</span> 
     </span>
     <span class='ocr_line' id='line_1_31' title="bbox 211 3628 1742 3710; baseline 0.007 -20"><span class='ocrx_word' id='word_1_167' title='bbox 211 3628 421 3706; x_wconf 77' lang='lat' dir='ltr'>gelum</span> <span class='ocrx_word' id='word_1_168' title='bbox 446 3629 610 3693; x_wconf 90' lang='lat' dir='ltr'>lucis</span> <span class='ocrx_word' id='word_1_169' title='bbox 630 3679 648 3710; x_wconf 91' lang='lat'>,</span> <span class='ocrx_word' id='word_1_170' title='bbox 695 3633 770 3695; x_wconf 88' lang='lat' dir='ltr'>ut</span> <span class='ocrx_word' id='word_1_171' title='bbox 807 3631 1106 3695; x_wconf 89' lang='lat' dir='ltr'>adoretur</span> <span class='ocrx_word' id='word_1_172' title='bbox 1149 3634 1230 3696; x_wconf 87' lang='lat' dir='ltr'>ab</span> <span class='ocrx_word' id='word_1_173' title='bbox 1265 3632 1526 3699; x_wconf 89' lang='lat' dir='ltr'>homine</span> <span class='ocrx_word' id='word_1_174' title='bbox 1574 3653 1591 3698; x_wconf 70' lang='grc' dir='ltr'><strong><em>ε</em></strong></span> <span class='ocrx_word' id='word_1_175' title='bbox 1634 3635 1742 3699; x_wconf 87' lang='lat' dir='ltr'>sed</span> 
     </span>
     <span class='ocr_line' id='line_1_32' title="bbox 212 3729 1742 3812; baseline 0.007 -15"><span class='ocrx_word' id='word_1_176' title='bbox 212 3729 315 3797; x_wconf 85' lang='lat' dir='ltr'>hoc</span> <span class='ocrx_word' id='word_1_177' title='bbox 354 3753 496 3799; x_wconf 89' lang='lat' dir='ltr'>non</span> <span class='ocrx_word' id='word_1_178' title='bbox 538 3736 796 3812; x_wconf 77' lang='lat' dir='ltr'>faceret,</span> <span class='ocrx_word' id='word_1_179' title='bbox 844 3737 972 3801; x_wconf 89' lang='lat' dir='ltr'>nisi</span> <span class='ocrx_word' id='word_1_180' title='bbox 1018 3738 1266 3804; x_wconf 83' lang='lat' dir='ltr'>videret</span> <span class='ocrx_word' id='word_1_181' title='bbox 1302 3740 1631 3807; x_wconf 90' lang='lat' dir='ltr'>hominem</span> <span class='ocrx_word' id='word_1_182' title='bbox 1669 3742 1742 3807; x_wconf 91' lang='lat' dir='ltr'>in</span> 
     </span>
     <span class='ocr_line' id='line_1_33' title="bbox 212 3836 1742 3929; baseline 0.007 -26"><span class='ocrx_word' id='word_1_183' title='bbox 212 3836 305 3903; x_wconf 84' lang='lat' dir='ltr'>illa</span> <span class='ocrx_word' id='word_1_184' title='bbox 339 3842 710 3907; x_wconf 82' lang='lat' dir='ltr'>adoratione</span> <span class='ocrx_word' id='word_1_185' title='bbox 754 3862 1009 3927; x_wconf 89' lang='lat' dir='ltr'>peccare</span> <span class='ocrx_word' id='word_1_186' title='bbox 1049 3864 1066 3908; x_wconf 71' lang='grc' dir='ltr'><strong><em>ε</em></strong></span> <span class='ocrx_word' id='word_1_187' title='bbox 1109 3864 1267 3929; x_wconf 85' lang='lat' dir='ltr'>ergo</span> <span class='ocrx_word' id='word_1_188' title='bbox 1314 3867 1444 3912; x_wconf 91' lang='lat' dir='ltr'>uon</span> <span class='ocrx_word' id='word_1_189' title='bbox 1487 3848 1742 3913; x_wconf 83' lang='lat' dir='ltr'>videtur</span> 
     </span>
     <span class='ocr_line' id='line_1_34' title="bbox 214 3949 1737 4035; baseline 0.005 -22"><span class='ocrx_word' id='word_1_190' title='bbox 214 3950 363 4026; x_wconf 85' lang='lat' dir='ltr'>quod</span> <span class='ocrx_word' id='word_1_191' title='bbox 392 3950 475 4013; x_wconf 85' lang='lat' dir='ltr'>sit</span> <span class='ocrx_word' id='word_1_192' title='bbox 501 3949 799 4031; x_wconf 87' lang='lat' dir='ltr'>possibile</span> <span class='ocrx_word' id='word_1_193' title='bbox 824 3951 1063 4034; x_wconf 83' lang='lat' dir='ltr'>absque</span> <span class='ocrx_word' id='word_1_194' title='bbox 1089 3958 1344 4035; x_wconf 87' lang='lat' dir='ltr'>peccato</span> <span class='ocrx_word' id='word_1_195' title='bbox 1369 3954 1737 4021; x_wconf 82' lang='lat' dir='ltr'>idololatriae</span> 
     </span>
     <span class='ocr_line' id='line_1_35' title="bbox 216 4051 833 4121; baseline 0.011 -7"><span class='ocrx_word' id='word_1_196' title='bbox 216 4051 521 4121; x_wconf 84' lang='lat' dir='ltr'>diabolum</span> <span class='ocrx_word' id='word_1_197' title='bbox 545 4057 833 4121; x_wconf 88' lang='lat' dir='ltr'>adorare.</span> 
     </span>
    </p>

    <p class='ocr_par' dir='ltr' id='par_1_8' title="bbox 209 4160 1740 4762">
     <span class='ocr_line' id='line_1_36' title="bbox 279 4160 1740 4248; baseline 0.006 -23"><span class='ocrx_word' id='word_1_198' title='bbox 279 4160 433 4227; x_wconf 84' lang='lat' dir='ltr'>Item</span> <span class='ocrx_word' id='word_1_199' title='bbox 459 4163 649 4227; x_wconf 91' lang='lat' dir='ltr'>latria</span> <span class='ocrx_word' id='word_1_200' title='bbox 668 4167 762 4228; x_wconf 92' lang='lat' dir='ltr'>est</span> <span class='ocrx_word' id='word_1_201' title='bbox 782 4164 860 4228; x_wconf 89' lang='lat' dir='ltr'>de</span> <span class='ocrx_word' id='word_1_202' title='bbox 885 4164 1007 4245; x_wconf 76' lang='lat' dir='ltr'>his,</span> <span class='ocrx_word' id='word_1_203' title='bbox 1040 4183 1187 4248; x_wconf 79' lang='lat' dir='ltr'>quae</span> <span class='ocrx_word' id='word_1_204' title='bbox 1209 4171 1365 4232; x_wconf 86' lang='lat' dir='ltr'>sunt</span> <span class='ocrx_word' id='word_1_205' title='bbox 1389 4170 1740 4234; x_wconf 86' lang='lat' dir='ltr'>necessaria</span> 
     </span>
     <span class='ocr_line' id='line_1_37' title="bbox 213 4266 1739 4355; baseline 0.007 -24"><span class='ocrx_word' id='word_1_206' title='bbox 213 4266 279 4331; x_wconf 84' lang='lat' dir='ltr'>ad</span> <span class='ocrx_word' id='word_1_207' title='bbox 300 4269 573 4334; x_wconf 88' lang='lat' dir='ltr'>salutem</span> <span class='ocrx_word' id='word_1_208' title='bbox 605 4288 622 4333; x_wconf 70' lang='grc' dir='ltr'><strong>ι</strong></span> <span class='ocrx_word' id='word_1_209' title='bbox 647 4270 755 4334; x_wconf 89' lang='lat' dir='ltr'>sed</span> <span class='ocrx_word' id='word_1_210' title='bbox 774 4288 975 4351; x_wconf 90' lang='lat' dir='ltr'>error,</span> <span class='ocrx_word' id='word_1_211' title='bbox 996 4272 1101 4337; x_wconf 80' lang='lat' dir='ltr'>vel</span> <span class='ocrx_word' id='word_1_212' title='bbox 1127 4274 1513 4355; x_wconf 84' lang='lat' dir='ltr'>ignorantia,</span> <span class='ocrx_word' id='word_1_213' title='bbox 1547 4276 1615 4340; x_wconf 92' lang='lat' dir='ltr'>in</span> <span class='ocrx_word' id='word_1_214' title='bbox 1637 4276 1739 4341; x_wconf 91' lang='lat' dir='ltr'>his</span> 
     </span>
     <span class='ocr_line' id='line_1_38' title="bbox 211 4378 1739 4460; baseline 0.006 -22"><span class='ocrx_word' id='word_1_215' title='bbox 211 4390 340 4455; x_wconf 81' lang='lat' dir='ltr'>quae</span> <span class='ocrx_word' id='word_1_216' title='bbox 365 4380 519 4440; x_wconf 90' lang='lat' dir='ltr'>sunt</span> <span class='ocrx_word' id='word_1_217' title='bbox 536 4378 890 4441; x_wconf 87' lang='lat' dir='ltr'>necessaria</span> <span class='ocrx_word' id='word_1_218' title='bbox 912 4379 991 4443; x_wconf 90' lang='lat' dir='ltr'>ad</span> <span class='ocrx_word' id='word_1_219' title='bbox 1012 4379 1304 4460; x_wconf 85' lang='lat' dir='ltr'>salutem,</span> <span class='ocrx_word' id='word_1_220' title='bbox 1327 4399 1457 4445; x_wconf 90' lang='lat' dir='ltr'>non</span> <span class='ocrx_word' id='word_1_221' title='bbox 1476 4387 1739 4447; x_wconf 89' lang='lat' dir='ltr'>excusat</span> 
     </span>
     <span class='ocr_line' id='line_1_39' title="bbox 210 4484 1739 4572; baseline 0.007 -27"><span class='ocrx_word' id='word_1_222' title='bbox 210 4497 279 4545; x_wconf 87' lang='lat' dir='ltr'>ex</span> <span class='ocrx_word' id='word_1_223' title='bbox 303 4487 433 4548; x_wconf 87' lang='lat' dir='ltr'>toto</span> <span class='ocrx_word' id='word_1_224' title='bbox 467 4505 484 4547; x_wconf 72' lang='grc' dir='ltr'><strong>ε</strong></span> <span class='ocrx_word' id='word_1_225' title='bbox 515 4502 675 4566; x_wconf 85' lang='lat' dir='ltr'>ergo</span> <span class='ocrx_word' id='word_1_226' title='bbox 701 4484 954 4549; x_wconf 83' lang='lat' dir='ltr'>videtur</span> <span class='ocrx_word' id='word_1_227' title='bbox 982 4487 1153 4569; x_wconf 87' lang='lat' dir='ltr'>quod</span> <span class='ocrx_word' id='word_1_228' title='bbox 1188 4487 1315 4564; x_wconf 90' lang='lat' dir='ltr'>ille,</span> <span class='ocrx_word' id='word_1_229' title='bbox 1364 4489 1474 4572; x_wconf 85' lang='lat' dir='ltr'>qui</span> <span class='ocrx_word' id='word_1_230' title='bbox 1519 4491 1739 4556; x_wconf 91' lang='lat' dir='ltr'>adorat</span> 
     </span>
     <span class='ocr_line' id='line_1_40' title="bbox 209 4587 1737 4683; baseline 0.007 -30"><span class='ocrx_word' id='word_1_231' title='bbox 209 4587 516 4656; x_wconf 83' lang='lat' dir='ltr'>diabolum</span> <span class='ocrx_word' id='word_1_232' title='bbox 540 4592 720 4656; x_wconf 90' lang='lat' dir='ltr'>cultu</span> <span class='ocrx_word' id='word_1_233' title='bbox 749 4592 976 4674; x_wconf 80' lang='lat' dir='ltr'>latriae,</span> <span class='ocrx_word' id='word_1_234' title='bbox 1006 4613 1137 4659; x_wconf 92' lang='lat' dir='ltr'>non</span> <span class='ocrx_word' id='word_1_235' title='bbox 1165 4602 1505 4662; x_wconf 82' lang='lat' dir='ltr'>excusetur</span> <span class='ocrx_word' id='word_1_236' title='bbox 1532 4617 1571 4663; x_wconf 90' lang='lat' dir='ltr'>a</span> <span class='ocrx_word' id='word_1_237' title='bbox 1596 4618 1737 4683; x_wconf 91' lang='lat' dir='ltr'>pec·</span> 
     </span>
     <span class='ocr_line' id='line_1_41' title="bbox 210 4701 350 4762; baseline 0.036 -4"><span class='ocrx_word' id='word_1_238' title='bbox 210 4701 350 4762; x_wconf 70' lang='lat' dir='ltr'>oeto.</span> 
     </span>
    </p>

    <p class='ocr_par' dir='ltr' id='par_1_9' title="bbox 208 4802 1736 5337">
     <span class='ocr_line' id='line_1_42' title="bbox 277 4802 1736 4896; baseline 0.008 -29"><span class='ocrx_word' id='word_1_239' title='bbox 277 4802 431 4870; x_wconf 87' lang='lat' dir='ltr'>Item</span> <span class='ocrx_word' id='word_1_240' title='bbox 469 4806 540 4869; x_wconf 88' lang='lat' dir='ltr'>in</span> <span class='ocrx_word' id='word_1_241' title='bbox 591 4806 871 4888; x_wconf 87' lang='lat' dir='ltr'>quadam</span> <span class='ocrx_word' id='word_1_242' title='bbox 907 4807 1200 4873; x_wconf 78' lang='lat' dir='ltr'>decretali</span> <span class='ocrx_word' id='word_1_243' title='bbox 1252 4809 1482 4876; x_wconf 90' lang='lat' dir='ltr'>dicitur</span> <span class='ocrx_word' id='word_1_244' title='bbox 1499 4860 1517 4891; x_wconf 96' lang='lat'>,</span> <span class='ocrx_word' id='word_1_245' title='bbox 1562 4813 1736 4896; x_wconf 87' lang='lat' dir='ltr'>quod</span> 
     </span>
     <span class='ocr_line' id='line_1_43' title="bbox 208 4908 1736 5000; baseline 0.008 -28"><span class='ocrx_word' id='word_1_246' title='bbox 208 4908 334 4989; x_wconf 87' lang='lat' dir='ltr'>plus</span> <span class='ocrx_word' id='word_1_247' title='bbox 359 4917 581 4996; x_wconf 88' lang='lat' dir='ltr'>peccat</span> <span class='ocrx_word' id='word_1_248' title='bbox 603 4913 806 4978; x_wconf 86' lang='lat' dir='ltr'>malus</span> <span class='ocrx_word' id='word_1_249' title='bbox 832 4916 1120 4980; x_wconf 82' lang='lat' dir='ltr'>sacerdos</span> <span class='ocrx_word' id='word_1_250' title='bbox 1147 4917 1262 5000; x_wconf 89' lang='lat' dir='ltr'>qui</span> <span class='ocrx_word' id='word_1_251' title='bbox 1304 4936 1438 4983; x_wconf 93' lang='lat' dir='ltr'>non</span> <span class='ocrx_word' id='word_1_252' title='bbox 1485 4921 1736 4985; x_wconf 81' lang='lat' dir='ltr'>conficit</span> 
     </span>
     <span class='ocr_line' id='line_1_44' title="bbox 209 5019 1732 5112; baseline 0.01 -34"><span class='ocrx_word' id='word_1_253' title='bbox 209 5021 263 5079; x_wconf 81' lang='lat' dir='ltr'>et</span> <span class='ocrx_word' id='word_1_254' title='bbox 277 5019 533 5085; x_wconf 87' lang='lat' dir='ltr'>simulat</span> <span class='ocrx_word' id='word_1_255' title='bbox 557 5037 625 5086; x_wconf 88' lang='lat' dir='ltr'>se</span> <span class='ocrx_word' id='word_1_256' title='bbox 651 5023 983 5101; x_wconf 70' lang='lat' dir='ltr'>confinem,</span> <span class='ocrx_word' id='word_1_257' title='bbox 1011 5042 1211 5107; x_wconf 85' lang='lat' dir='ltr'>quam</span> <span class='ocrx_word' id='word_1_258' title='bbox 1247 5025 1355 5091; x_wconf 89' lang='lat' dir='ltr'>ille</span> <span class='ocrx_word' id='word_1_259' title='bbox 1392 5027 1505 5112; x_wconf 88' lang='lat' dir='ltr'>qui</span> <span class='ocrx_word' id='word_1_260' title='bbox 1530 5029 1732 5093; x_wconf 83' lang='lat' dir='ltr'>confl-</span> 
     </span>
     <span class='ocr_line' id='line_1_45' title="bbox 209 5124 1728 5215; baseline 0.011 -29"><span class='ocrx_word' id='word_1_261' title='bbox 209 5124 303 5202; x_wconf 86' lang='lat' dir='ltr'>cit,</span> <span class='ocrx_word' id='word_1_262' title='bbox 329 5145 445 5211; x_wconf 90' lang='lat' dir='ltr'>pro</span> <span class='ocrx_word' id='word_1_263' title='bbox 474 5147 552 5194; x_wconf 90' lang='lat' dir='ltr'>eo</span> <span class='ocrx_word' id='word_1_264' title='bbox 570 5129 747 5212; x_wconf 84' lang='lat' dir='ltr'>quod</span> <span class='ocrx_word' id='word_1_265' title='bbox 776 5130 924 5195; x_wconf 77' lang='lat' dir='ltr'>facit</span> <span class='ocrx_word' id='word_1_266' title='bbox 952 5130 1266 5215; x_wconf 87' lang='lat' dir='ltr'>populum</span> <span class='ocrx_word' id='word_1_267' title='bbox 1288 5133 1728 5202; x_wconf 85' lang='lat' dir='ltr'>idololatrare:</span> 
     </span>
     <span class='ocr_line' id='line_1_46' title="bbox 210 5235 1732 5337; baseline 0.012 -44"><span class='ocrx_word' id='word_1_268' title='bbox 210 5247 348 5314; x_wconf 79' lang='lat' dir='ltr'>ergo</span> <span class='ocrx_word' id='word_1_269' title='bbox 375 5235 500 5314; x_wconf 86' lang='lat' dir='ltr'>ille,</span> <span class='ocrx_word' id='word_1_270' title='bbox 546 5237 660 5319; x_wconf 87' lang='lat' dir='ltr'>qui</span> <span class='ocrx_word' id='word_1_271' title='bbox 693 5238 919 5302; x_wconf 88' lang='lat' dir='ltr'>adorat</span> <span class='ocrx_word' id='word_1_272' title='bbox 938 5238 1214 5305; x_wconf 86' lang='lat' dir='ltr'>hostiam</span> <span class='ocrx_word' id='word_1_273' title='bbox 1240 5258 1373 5307; x_wconf 90' lang='lat' dir='ltr'>non</span> <span class='ocrx_word' id='word_1_274' title='bbox 1399 5261 1732 5337; x_wconf 77' lang='lat' dir='ltr'>consecra-</span> 
     </span>
    </p>
   </div>
   <div class='ocr_carea' id='block_1_4' title="bbox 266 5395 1733 5537">
    <p class='ocr_par' dir='ltr' id='par_1_10' title="bbox 266 5395 1733 5537">
     <span class='ocr_line' id='line_1_47' title="bbox 272 5395 1733 5470; baseline 0.011 -25"><span class='ocrx_word' id='word_1_275' title='bbox 272 5395 434 5448; x_wconf 81' lang='lat' dir='ltr'>¹Dist.</span> <span class='ocrx_word' id='word_1_276' title='bbox 462 5410 567 5451; x_wconf 84' lang='lat' dir='ltr'>xxx</span> <span class='ocrx_word' id='word_1_277' title='bbox 589 5425 646 5439; x_wconf 90' lang='lat'>-</span> <span class='ocrx_word' id='word_1_278' title='bbox 669 5401 692 5435; x_wconf 82' lang='lat'><strong>¹</strong></span> <span class='ocrx_word' id='word_1_279' title='bbox 719 5400 924 5460; x_wconf 70' lang='lat' dir='ltr'>unuh„</span> <span class='ocrx_word' id='word_1_280' title='bbox 950 5413 1107 5465; x_wconf 75' lang='lat' dir='ltr'>xxw,</span> <span class='ocrx_word' id='word_1_281' title='bbox 1136 5405 1164 5452; x_wconf 83' lang='lat'>5</span> <span class='ocrx_word' id='word_1_282' title='bbox 1174 5416 1191 5466; x_wconf 73' lang='grc' dir='ltr'><strong><em>ς</em></strong></span> <span class='ocrx_word' id='word_1_283' title='bbox 1223 5405 1398 5467; x_wconf 73' lang='lat' dir='ltr'>Marc..</span> <span class='ocrx_word' id='word_1_284' title='bbox 1438 5418 1565 5470; x_wconf 84' lang='lat' dir='ltr'>xm,</span> <span class='ocrx_word' id='word_1_285' title='bbox 1594 5411 1641 5459; x_wconf 83' lang='grc'>6.</span> <span class='ocrx_word' id='word_1_286' title='bbox 1671 5432 1733 5445; x_wconf 91' lang='lat'>—</span> 
     </span>
     <span class='ocr_line' id='line_1_48' title="bbox 266 5467 1190 5537; baseline 0.01 -20"><span class='ocrx_word' id='word_1_287' title='bbox 266 5467 456 5535; x_wconf 73' lang='lat' dir='ltr'>Mean„</span> <span class='ocrx_word' id='word_1_288' title='bbox 485 5483 559 5537; x_wconf 75' lang='lat' dir='ltr'>xv,</span> <span class='ocrx_word' id='word_1_289' title='bbox 589 5477 635 5526; x_wconf 77' lang='grc' dir='ltr'>ι.</span> <span class='ocrx_word' id='word_1_290' title='bbox 654 5500 718 5515; x_wconf 92' lang='grc'>-</span> <span class='ocrx_word' id='word_1_291' title='bbox 740 5472 764 5509; x_wconf 73' lang='lat'><strong>⁴</strong></span> <span class='ocrx_word' id='word_1_292' title='bbox 782 5473 966 5537; x_wconf 66' lang='lat' dir='ltr'>Bccli„</span> <span class='ocrx_word' id='word_1_293' title='bbox 992 5486 1109 5537; x_wconf 69' lang='lat' dir='ltr'>xix,</span> <span class='ocrx_word' id='word_1_294' title='bbox 1141 5477 1190 5526; x_wconf 65' lang='grc' dir='ltr'>ι.</span> 
     </span>
    </p>
   </div>
   <div class='ocr_carea' id='block_1_5' title="bbox 3293 500 3409 564">
    <p class='ocr_par' dir='ltr' id='par_1_11' title="bbox 3293 500 3409 564">
     <span class='ocr_line' id='line_1_49' title="bbox 3293 500 3409 564; baseline 0.009 -1"><span class='ocrx_word' id='word_1_295' title='bbox 3293 500 3409 564; x_wconf 69' lang='lat'>³¹1</span> 
     </span>
    </p>
   </div>
   <div class='ocr_carea' id='block_1_6' title="bbox 1864 625 3475 1565">
    <p class='ocr_par' dir='ltr' id='par_1_12' title="bbox 1864 625 3475 1565">
     <span class='ocr_line' id='line_1_50' title="bbox 1874 625 3418 714; baseline 0.006 -27"><span class='ocrx_word' id='word_1_296' title='bbox 1874 627 2030 703; x_wconf 84' lang='lat' dir='ltr'>tam,</span> <span class='ocrx_word' id='word_1_297' title='bbox 2074 629 2171 689; x_wconf 89' lang='lat' dir='ltr'>est</span> <span class='ocrx_word' id='word_1_298' title='bbox 2213 625 2563 704; x_wconf 85' lang='lat' dir='ltr'>idololatra,</span> <span class='ocrx_word' id='word_1_299' title='bbox 2608 645 2728 694; x_wconf 90' lang='lat' dir='ltr'>nec</span> <span class='ocrx_word' id='word_1_300' title='bbox 2774 633 3120 696; x_wconf 85' lang='lat' dir='ltr'>excusatur</span> <span class='ocrx_word' id='word_1_301' title='bbox 3162 634 3418 714; x_wconf 85' lang='lat' dir='ltr'>propter</span> 
     </span>
     <span class='ocr_line' id='line_1_51' title="bbox 1874 731 3414 817; baseline 0.006 -23"><span class='ocrx_word' id='word_1_302' title='bbox 1874 731 2304 813; x_wconf 80' lang='lat' dir='ltr'>ignorantiam</span> <span class='ocrx_word' id='word_1_303' title='bbox 2337 755 2353 797; x_wconf 72' lang='grc' dir='ltr'><strong>ε</strong></span> <span class='ocrx_word' id='word_1_304' title='bbox 2389 751 2548 816; x_wconf 81' lang='lat' dir='ltr'>ergo</span> <span class='ocrx_word' id='word_1_305' title='bbox 2575 736 2716 817; x_wconf 91' lang='lat' dir='ltr'>pari</span> <span class='ocrx_word' id='word_1_306' title='bbox 2744 737 2988 803; x_wconf 87' lang='lat' dir='ltr'>ratione</span> <span class='ocrx_word' id='word_1_307' title='bbox 3013 757 3133 803; x_wconf 89' lang='lat' dir='ltr'>nec</span> <span class='ocrx_word' id='word_1_308' title='bbox 3159 737 3264 803; x_wconf 90' lang='lat' dir='ltr'>ille</span> <span class='ocrx_word' id='word_1_309' title='bbox 3294 757 3414 803; x_wconf 90' lang='lat' dir='ltr'>ex-</span> 
     </span>
     <span class='ocr_line' id='line_1_52' title="bbox 1873 839 3415 923; baseline 0.006 -21"><span class='ocrx_word' id='word_1_310' title='bbox 1873 844 2154 915; x_wconf 90' lang='lat' dir='ltr'>cusatur,</span> <span class='ocrx_word' id='word_1_311' title='bbox 2185 839 2302 922; x_wconf 87' lang='lat' dir='ltr'>qui</span> <span class='ocrx_word' id='word_1_312' title='bbox 2329 840 2550 905; x_wconf 87' lang='lat' dir='ltr'>adorat</span> <span class='ocrx_word' id='word_1_313' title='bbox 2574 839 2960 923; x_wconf 79' lang='lat' dir='ltr'>Luciferum,</span> <span class='ocrx_word' id='word_1_314' title='bbox 2995 845 3254 910; x_wconf 90' lang='lat' dir='ltr'>credens</span> <span class='ocrx_word' id='word_1_315' title='bbox 3279 863 3415 912; x_wconf 65' lang='lat' dir='ltr'>esse</span> 
     </span>
     <span class='ocr_line' id='line_1_53' title="bbox 1873 937 3475 1049; baseline 0.005 -40"><span class='ocrx_word' id='word_1_316' title='bbox 1873 944 2219 1011; x_wconf 85' lang='lat' dir='ltr'>Christum.</span> <span class='ocrx_word' id='word_1_317' title='bbox 2290 948 2484 1014; x_wconf 85' lang='lat' dir='ltr'>Juxta</span> <span class='ocrx_word' id='word_1_318' title='bbox 2541 949 2662 1015; x_wconf 93' lang='lat' dir='ltr'>hoc</span> <span class='ocrx_word' id='word_1_319' title='bbox 2719 937 3034 1033; x_wconf 60' lang='lat' dir='ltr'>uuaeritur</span> <span class='ocrx_word' id='word_1_320' title='bbox 3091 951 3413 1034; x_wconf 81' lang='lat' dir='ltr'>quomodo</span> <span class='ocrx_word' id='word_1_321' title='bbox 3463 1036 3475 1049; x_wconf 45' lang='lat'><strong>·</strong></span> 
     </span>
     <span class='ocr_line' id='line_1_54' title="bbox 1870 1052 3412 1142; baseline 0.005 -26"><span class='ocrx_word' id='word_1_322' title='bbox 1870 1052 2028 1118; x_wconf 91' lang='lat' dir='ltr'>illud</span> <span class='ocrx_word' id='word_1_323' title='bbox 2072 1054 2374 1121; x_wconf 86' lang='lat' dir='ltr'>ultimum</span> <span class='ocrx_word' id='word_1_324' title='bbox 2421 1057 2650 1123; x_wconf 86' lang='lat' dir='ltr'>habeat</span> <span class='ocrx_word' id='word_1_325' title='bbox 2690 1058 3045 1137; x_wconf 84' lang='lat' dir='ltr'>veritatem,</span> <span class='ocrx_word' id='word_1_326' title='bbox 3089 1059 3259 1142; x_wconf 88' lang='lat' dir='ltr'>quod</span> <span class='ocrx_word' id='word_1_327' title='bbox 3305 1078 3412 1124; x_wconf 88' lang='lat' dir='ltr'>sa-</span> 
     </span>
     <span class='ocr_line' id='line_1_55' title="bbox 1869 1160 3405 1249; baseline 0.005 -25"><span class='ocrx_word' id='word_1_328' title='bbox 1869 1160 2087 1226; x_wconf 85' lang='lat' dir='ltr'>cerdos</span> <span class='ocrx_word' id='word_1_329' title='bbox 2127 1163 2322 1244; x_wconf 86' lang='lat' dir='ltr'>possit</span> <span class='ocrx_word' id='word_1_330' title='bbox 2363 1164 2569 1230; x_wconf 83' lang='lat' dir='ltr'>facere</span> <span class='ocrx_word' id='word_1_331' title='bbox 2625 1167 2938 1249; x_wconf 90' lang='lat' dir='ltr'>populum</span> <span class='ocrx_word' id='word_1_332' title='bbox 2984 1165 3405 1232; x_wconf 87' lang='lat' dir='ltr'>idololatrare.</span> 
     </span>
     <span class='ocr_line' id='line_1_56' title="bbox 1867 1267 3410 1356; baseline 0.005 -24"><span class='ocrx_word' id='word_1_333' title='bbox 1867 1267 2048 1333; x_wconf 89' lang='lat' dir='ltr'>Tunc</span> <span class='ocrx_word' id='word_1_334' title='bbox 2101 1271 2274 1334; x_wconf 92' lang='lat' dir='ltr'>enim</span> <span class='ocrx_word' id='word_1_335' title='bbox 2341 1276 2504 1336; x_wconf 87' lang='lat' dir='ltr'>esset</span> <span class='ocrx_word' id='word_1_336' title='bbox 2565 1274 2633 1337; x_wconf 89' lang='lat' dir='ltr'>in</span> <span class='ocrx_word' id='word_1_337' title='bbox 2706 1277 3009 1356; x_wconf 61' lang='lat' dir='ltr'>potestate</span> <span class='ocrx_word' id='word_1_338' title='bbox 3071 1274 3410 1340; x_wconf 79' lang='lat' dir='ltr'>sacerdotis</span> 
     </span>
     <span class='ocr_line' id='line_1_57' title="bbox 1868 1375 3409 1462; baseline 0.005 -24"><span class='ocrx_word' id='word_1_339' title='bbox 1868 1375 2070 1440; x_wconf 78' lang='lat' dir='ltr'>facere</span> <span class='ocrx_word' id='word_1_340' title='bbox 2096 1376 2408 1460; x_wconf 88' lang='lat' dir='ltr'>populum</span> <span class='ocrx_word' id='word_1_341' title='bbox 2427 1390 2707 1462; x_wconf 83' lang='lat' dir='ltr'>peceare,</span> <span class='ocrx_word' id='word_1_342' title='bbox 2727 1379 2866 1445; x_wconf 82' lang='lat' dir='ltr'>sive</span> <span class='ocrx_word' id='word_1_343' title='bbox 2882 1380 3091 1461; x_wconf 86' lang='lat' dir='ltr'>vellet,</span> <span class='ocrx_word' id='word_1_344' title='bbox 3115 1382 3252 1447; x_wconf 83' lang='lat' dir='ltr'>sive</span> <span class='ocrx_word' id='word_1_345' title='bbox 3270 1382 3409 1447; x_wconf 91' lang='lat' dir='ltr'>nol-</span> 
     </span>
     <span class='ocr_line' id='line_1_58' title="bbox 1864 1480 2957 1565; baseline 0.007 -20"><span class='ocrx_word' id='word_1_346' title='bbox 1864 1480 1996 1546; x_wconf 87' lang='lat' dir='ltr'>let:</span> <span class='ocrx_word' id='word_1_347' title='bbox 2027 1482 2196 1565; x_wconf 87' lang='lat' dir='ltr'>quod</span> <span class='ocrx_word' id='word_1_348' title='bbox 2225 1484 2574 1550; x_wconf 85' lang='lat' dir='ltr'>absurdum</span> <span class='ocrx_word' id='word_1_349' title='bbox 2601 1489 2696 1551; x_wconf 90' lang='lat' dir='ltr'>est</span> <span class='ocrx_word' id='word_1_350' title='bbox 2725 1486 2957 1553; x_wconf 87' lang='lat' dir='ltr'>dicere.</span> 
     </span>
    </p>
   </div>
   <div class='ocr_carea' id='block_1_7' title="bbox 2410 1726 2866 1796">
    <p class='ocr_par' dir='ltr' id='par_1_13' title="bbox 2410 1726 2866 1796">
     <span class='ocr_line' id='line_1_59' title="bbox 2410 1726 2866 1796; baseline -0.004 -4"><span class='ocrx_word' id='word_1_351' title='bbox 2410 1726 2866 1796; x_wconf 80' lang='lat' dir='ltr'>coNthJslo.</span> 
     </span>
    </p>
   </div>
   <div class='ocr_carea' id='block_1_8' title="bbox 1862 1905 3406 2250">
    <p class='ocr_par' dir='ltr' id='par_1_14' title="bbox 1862 1905 3406 2250">
     <span class='ocr_line' id='line_1_60' title="bbox 1862 1905 3406 1983; baseline 0.002 -19"><span class='ocrx_word' id='word_1_352' title='bbox 1862 1906 2063 1964; x_wconf 68' lang='lat' dir='ltr'>christi</span> <span class='ocrx_word' id='word_1_353' title='bbox 2086 1905 2389 1963; x_wconf 70' lang='lat' dir='ltr'>advmarii</span> <span class='ocrx_word' id='word_1_354' title='bbox 2417 1908 2599 1965; x_wconf 64' lang='lat' dir='ltr'>latria</span> <span class='ocrx_word' id='word_1_355' title='bbox 2625 1908 2873 1966; x_wconf 79' lang='lat' dir='ltr'>adoratio</span> <span class='ocrx_word' id='word_1_356' title='bbox 2896 1909 3223 1983; x_wconf 70' lang='lat' dir='ltr'>simpliciter</span> <span class='ocrx_word' id='word_1_357' title='bbox 3251 1911 3406 1968; x_wconf 61' lang='lat' dir='ltr'>ahi·</span> 
     </span>
     <span class='ocr_line' id='line_1_61' title="bbox 1936 1996 3402 2072; baseline 0.006 -20"><span class='ocrx_word' id='word_1_358' title='bbox 1936 1996 2055 2052; x_wconf 76' lang='lat' dir='ltr'>bita</span> <span class='ocrx_word' id='word_1_359' title='bbox 2080 2013 2190 2054; x_wconf 79' lang='lat' dir='ltr'>non</span> <span class='ocrx_word' id='word_1_360' title='bbox 2210 2001 2511 2069; x_wconf 72' lang='lat' dir='ltr'>potestesse</span> <span class='ocrx_word' id='word_1_361' title='bbox 2548 2000 2664 2056; x_wconf 76' lang='lat' dir='ltr'>sins</span> <span class='ocrx_word' id='word_1_362' title='bbox 2687 2004 2946 2072; x_wconf 74' lang='lat' dir='ltr'>peccato:</span> <span class='ocrx_word' id='word_1_363' title='bbox 2985 2000 3113 2057; x_wconf 74' lang='lat' dir='ltr'>licet</span> <span class='ocrx_word' id='word_1_364' title='bbox 3160 2003 3257 2060; x_wconf 71' lang='lat' dir='ltr'>sub</span> <span class='ocrx_word' id='word_1_365' title='bbox 3306 2017 3402 2063; x_wconf 80' lang='lat' dir='ltr'>ac-</span> 
     </span>
     <span class='ocr_line' id='line_1_62' title="bbox 1934 2085 3404 2167; baseline 0.009 -27"><span class='ocrx_word' id='word_1_366' title='bbox 1934 2087 2076 2141; x_wconf 80' lang='lat' dir='ltr'>tuali</span> <span class='ocrx_word' id='word_1_367' title='bbox 2102 2085 2436 2152; x_wconf 73' lang='lat' dir='ltr'>conditione,</span> <span class='ocrx_word' id='word_1_368' title='bbox 2467 2102 2586 2143; x_wconf 83' lang='lat' dir='ltr'>cum</span> <span class='ocrx_word' id='word_1_369' title='bbox 2610 2103 2664 2144; x_wconf 80' lang='lat' dir='ltr'>se</span> <span class='ocrx_word' id='word_1_370' title='bbox 2694 2091 3041 2159; x_wconf 63' lang='lat' dir='ltr'>wamtormet</span> <span class='ocrx_word' id='word_1_371' title='bbox 3066 2093 3128 2148; x_wconf 81' lang='lat' dir='ltr'>in</span> <span class='ocrx_word' id='word_1_372' title='bbox 3147 2096 3404 2167; x_wconf 63' lang='lat' dir='ltr'>onustum</span> 
     </span>
     <span class='ocr_line' id='line_1_63' title="bbox 1932 2177 2708 2250; baseline 0.004 -18"><span class='ocrx_word' id='word_1_373' title='bbox 1932 2178 2096 2243; x_wconf 76' lang='lat' dir='ltr'>lucis,</span> <span class='ocrx_word' id='word_1_374' title='bbox 2125 2177 2288 2249; x_wconf 68' lang='lat' dir='ltr'>mlpa</span> <span class='ocrx_word' id='word_1_375' title='bbox 2309 2180 2481 2250; x_wconf 72' lang='lat' dir='ltr'>poscit</span> <span class='ocrx_word' id='word_1_376' title='bbox 2508 2193 2708 2235; x_wconf 76' lang='lat' dir='ltr'>carere.</span> 
     </span>
    </p>
   </div>
   <div class='ocr_carea' id='block_1_9' title="bbox 1844 2334 3400 4675">
    <p class='ocr_par' dir='ltr' id='par_1_15' title="bbox 1844 2334 3400 4675">
     <span class='ocr_line' id='line_1_64' title="bbox 1936 2334 3400 2421; baseline 0.005 -20"><span class='ocrx_word' id='word_1_377' title='bbox 1936 2335 2121 2419; x_wconf 69' lang='lat' dir='ltr'>Roep.</span> <span class='ocrx_word' id='word_1_378' title='bbox 2151 2335 2233 2400; x_wconf 90' lang='lat' dir='ltr'>ad</span> <span class='ocrx_word' id='word_1_379' title='bbox 2260 2354 2404 2419; x_wconf 84' lang='lat' dir='ltr'>arg.</span> <span class='ocrx_word' id='word_1_380' title='bbox 2449 2334 2801 2401; x_wconf 86' lang='lat' dir='ltr'>Dicendum</span> <span class='ocrx_word' id='word_1_381' title='bbox 2846 2338 3016 2421; x_wconf 85' lang='lat' dir='ltr'>quod</span> <span class='ocrx_word' id='word_1_382' title='bbox 3058 2338 3264 2405; x_wconf 92' lang='lat' dir='ltr'>honor</span> <span class='ocrx_word' id='word_1_383' title='bbox 3305 2342 3400 2407; x_wconf 92' lang='lat' dir='ltr'>la-</span> 
     </span>
     <span class='ocr_line' id='line_1_65' title="bbox 1857 2442 3397 2527; baseline 0.006 -21"><span class='ocrx_word' id='word_1_384' title='bbox 1857 2442 1996 2507; x_wconf 82' lang='lat' dir='ltr'>triae</span> <span class='ocrx_word' id='word_1_385' title='bbox 2022 2446 2226 2527; x_wconf 88' lang='lat' dir='ltr'>potest</span> <span class='ocrx_word' id='word_1_386' title='bbox 2258 2443 2551 2508; x_wconf 88' lang='lat' dir='ltr'>exhiberi</span> <span class='ocrx_word' id='word_1_387' title='bbox 2600 2444 2960 2509; x_wconf 87' lang='lat' dir='ltr'>adversario</span> <span class='ocrx_word' id='word_1_388' title='bbox 3006 2444 3236 2511; x_wconf 88' lang='lat' dir='ltr'>Christi</span> <span class='ocrx_word' id='word_1_389' title='bbox 3278 2448 3397 2515; x_wconf 89' lang='lat' dir='ltr'>du-</span> 
     </span>
     <span class='ocr_line' id='line_1_66' title="bbox 1854 2549 3395 2632; baseline 0.005 -20"><span class='ocrx_word' id='word_1_390' title='bbox 1854 2549 2100 2632; x_wconf 89' lang='lat' dir='ltr'>pliciter</span> <span class='ocrx_word' id='word_1_391' title='bbox 2125 2569 2142 2614; x_wconf 86' lang='lat'>:</span> <span class='ocrx_word' id='word_1_392' title='bbox 2175 2553 2289 2613; x_wconf 88' lang='lat' dir='ltr'>aut</span> <span class='ocrx_word' id='word_1_393' title='bbox 2311 2549 2704 2631; x_wconf 90' lang='lat' dir='ltr'>simpliciter,</span> <span class='ocrx_word' id='word_1_394' title='bbox 2730 2556 2844 2615; x_wconf 86' lang='lat' dir='ltr'>aut</span> <span class='ocrx_word' id='word_1_395' title='bbox 2869 2552 2993 2615; x_wconf 87' lang='lat' dir='ltr'>sub</span> <span class='ocrx_word' id='word_1_396' title='bbox 3014 2552 3395 2621; x_wconf 88' lang='lat' dir='ltr'>conditione.</span> 
     </span>
     <span class='ocr_line' id='line_1_67' title="bbox 1855 2657 3397 2744; baseline 0.006 -24"><span class='ocrx_word' id='word_1_397' title='bbox 1855 2657 1922 2721; x_wconf 91' lang='lat' dir='ltr'>Si</span> <span class='ocrx_word' id='word_1_398' title='bbox 1951 2658 2342 2741; x_wconf 87' lang='lat' dir='ltr'>simpliciter,</span> <span class='ocrx_word' id='word_1_399' title='bbox 2372 2659 2513 2724; x_wconf 84' lang='lat' dir='ltr'>dieo</span> <span class='ocrx_word' id='word_1_400' title='bbox 2531 2660 2704 2742; x_wconf 91' lang='lat' dir='ltr'>quod</span> <span class='ocrx_word' id='word_1_401' title='bbox 2725 2678 2856 2724; x_wconf 91' lang='lat' dir='ltr'>non</span> <span class='ocrx_word' id='word_1_402' title='bbox 2870 2664 3074 2744; x_wconf 87' lang='lat' dir='ltr'>potest</span> <span class='ocrx_word' id='word_1_403' title='bbox 3098 2680 3234 2728; x_wconf 58' lang='lat' dir='ltr'>esse</span> <span class='ocrx_word' id='word_1_404' title='bbox 3258 2663 3397 2729; x_wconf 89' lang='lat' dir='ltr'>sine</span> 
     </span>
     <span class='ocr_line' id='line_1_68' title="bbox 1854 2765 3393 2852; baseline 0.005 -24"><span class='ocrx_word' id='word_1_405' title='bbox 1854 2769 2109 2847; x_wconf 88' lang='lat' dir='ltr'>peccato</span> <span class='ocrx_word' id='word_1_406' title='bbox 2140 2786 2158 2828; x_wconf 78' lang='lat' dir='ltr'>t</span> <span class='ocrx_word' id='word_1_407' title='bbox 2188 2765 2455 2830; x_wconf 81' lang='lat' dir='ltr'>offertur</span> <span class='ocrx_word' id='word_1_408' title='bbox 2493 2765 2671 2830; x_wconf 91' lang='lat' dir='ltr'>enim</span> <span class='ocrx_word' id='word_1_409' title='bbox 2713 2765 2922 2831; x_wconf 90' lang='lat' dir='ltr'>cultus</span> <span class='ocrx_word' id='word_1_410' title='bbox 2962 2767 3164 2833; x_wconf 81' lang='lat' dir='ltr'>latriae</span> <span class='ocrx_word' id='word_1_411' title='bbox 3190 2768 3393 2852; x_wconf 85' lang='lat' dir='ltr'>alteri,</span> 
     </span>
     <span class='ocr_line' id='line_1_69' title="bbox 1852 2871 3397 2958; baseline 0.005 -23"><span class='ocrx_word' id='word_1_412' title='bbox 1852 2889 2047 2954; x_wconf 88' lang='lat' dir='ltr'>quam</span> <span class='ocrx_word' id='word_1_413' title='bbox 2080 2871 2207 2937; x_wconf 89' lang='lat' dir='ltr'>Deo</span> <span class='ocrx_word' id='word_1_414' title='bbox 2248 2894 2264 2935; x_wconf 77' lang='lat' dir='ltr'>t</span> <span class='ocrx_word' id='word_1_415' title='bbox 2298 2877 2363 2938; x_wconf 91' lang='lat' dir='ltr'>et</span> <span class='ocrx_word' id='word_1_416' title='bbox 2403 2873 2547 2937; x_wconf 89' lang='lat' dir='ltr'>ideo</span> <span class='ocrx_word' id='word_1_417' title='bbox 2573 2882 2668 2937; x_wconf 90' lang='lat' dir='ltr'>est</span> <span class='ocrx_word' id='word_1_418' title='bbox 2701 2873 2790 2938; x_wconf 90' lang='lat' dir='ltr'>ibi</span> <span class='ocrx_word' id='word_1_419' title='bbox 2839 2879 3166 2958; x_wconf 87' lang='lat' dir='ltr'>peccatum</span> <span class='ocrx_word' id='word_1_420' title='bbox 3195 2876 3397 2943; x_wconf 87' lang='lat' dir='ltr'>idolo-</span> 
     </span>
     <span class='ocr_line' id='line_1_70' title="bbox 1851 2979 3392 3066; baseline 0.005 -24"><span class='ocrx_word' id='word_1_421' title='bbox 1851 2979 2079 3045; x_wconf 80' lang='lat' dir='ltr'>latriae.</span> <span class='ocrx_word' id='word_1_422' title='bbox 2139 2980 2266 3045; x_wconf 89' lang='lat' dir='ltr'>Nec</span> <span class='ocrx_word' id='word_1_423' title='bbox 2306 2985 2651 3046; x_wconf 85' lang='lat' dir='ltr'>excusatur</span> <span class='ocrx_word' id='word_1_424' title='bbox 2700 2981 2945 3047; x_wconf 90' lang='lat' dir='ltr'>ratione</span> <span class='ocrx_word' id='word_1_425' title='bbox 2981 2983 3392 3066; x_wconf 79' lang='lat' dir='ltr'>ignorantiae;</span> 
     </span>
     <span class='ocr_line' id='line_1_71' title="bbox 1852 3084 3399 3176; baseline 0.005 -24"><span class='ocrx_word' id='word_1_426' title='bbox 1852 3084 2043 3153; x_wconf 88' lang='lat' dir='ltr'>habet</span> <span class='ocrx_word' id='word_1_427' title='bbox 2076 3088 2253 3154; x_wconf 87' lang='lat' dir='ltr'>enim</span> <span class='ocrx_word' id='word_1_428' title='bbox 2297 3088 2526 3173; x_wconf 88' lang='lat' dir='ltr'>triplex</span> <span class='ocrx_word' id='word_1_429' title='bbox 2566 3087 2962 3174; x_wconf 80' lang='lat' dir='ltr'>adjutorium</span> <span class='ocrx_word' id='word_1_430' title='bbox 2981 3138 3001 3170; x_wconf 91' lang='lat'>,</span> <span class='ocrx_word' id='word_1_431' title='bbox 3059 3104 3174 3174; x_wconf 86' lang='lat' dir='ltr'>per</span> <span class='ocrx_word' id='word_1_432' title='bbox 3225 3094 3399 3176; x_wconf 80' lang='lat' dir='ltr'>quod</span> 
     </span>
     <span class='ocr_line' id='line_1_72' title="bbox 1851 3196 3396 3279; baseline 0.003 -18"><span class='ocrx_word' id='word_1_433' title='bbox 1851 3200 2054 3279; x_wconf 88' lang='lat' dir='ltr'>potest</span> <span class='ocrx_word' id='word_1_434' title='bbox 2096 3214 2379 3262; x_wconf 79' lang='lat' dir='ltr'>errorem</span> <span class='ocrx_word' id='word_1_435' title='bbox 2424 3198 2684 3262; x_wconf 88' lang='lat' dir='ltr'>evitare.</span> <span class='ocrx_word' id='word_1_436' title='bbox 2734 3196 3025 3263; x_wconf 88' lang='lat' dir='ltr'>Primum</span> <span class='ocrx_word' id='word_1_437' title='bbox 3062 3205 3156 3263; x_wconf 89' lang='lat' dir='ltr'>est</span> <span class='ocrx_word' id='word_1_438' title='bbox 3188 3217 3396 3266; x_wconf 91' lang='lat' dir='ltr'>reme-</span> 
     </span>
     <span class='ocr_line' id='line_1_73' title="bbox 1851 3303 3396 3389; baseline 0.001 -22"><span class='ocrx_word' id='word_1_439' title='bbox 1851 3303 2034 3368; x_wconf 92' lang='lat' dir='ltr'>dium</span> <span class='ocrx_word' id='word_1_440' title='bbox 2068 3304 2570 3387; x_wconf 83' lang='lat' dir='ltr'>praemonitionis</span> <span class='ocrx_word' id='word_1_441' title='bbox 2615 3320 2811 3368; x_wconf 84' lang='lat' dir='ltr'>sacrae</span> <span class='ocrx_word' id='word_1_442' title='bbox 2840 3304 3208 3387; x_wconf 84' lang='lat' dir='ltr'>Scripturae,</span> <span class='ocrx_word' id='word_1_443' title='bbox 3246 3325 3396 3389; x_wconf 80' lang='lat' dir='ltr'>quae</span> 
     </span>
     <span class='ocr_line' id='line_1_74' title="bbox 1851 3409 3396 3494; baseline 0.003 -19"><span class='ocrx_word' id='word_1_444' title='bbox 1851 3412 2174 3477; x_wconf 90' lang='lat' dir='ltr'>multoties</span> <span class='ocrx_word' id='word_1_445' title='bbox 2187 3412 2358 3490; x_wconf 90' lang='lat' dir='ltr'>dicit,</span> <span class='ocrx_word' id='word_1_446' title='bbox 2378 3411 2551 3494; x_wconf 82' lang='lat' dir='ltr'>quod</span> <span class='ocrx_word' id='word_1_447' title='bbox 2566 3419 2590 3453; x_wconf 83' lang='lat'><strong>¹</strong></span> <span class='ocrx_word' id='word_1_448' title='bbox 2606 3409 2791 3475; x_wconf 89' lang='lat' dir='ltr'>multi</span> <span class='ocrx_word' id='word_1_449' title='bbox 2805 3410 2873 3474; x_wconf 92' lang='lat' dir='ltr'>in</span> <span class='ocrx_word' id='word_1_450' title='bbox 2886 3411 3148 3476; x_wconf 89' lang='lat' dir='ltr'>nomine</span> <span class='ocrx_word' id='word_1_451' title='bbox 3166 3411 3396 3480; x_wconf 82' lang='lat' dir='ltr'>Christi</span> 
     </span>
     <span class='ocr_line' id='line_1_75' title="bbox 1850 3516 3395 3585; baseline 0.001 -1"><span class='ocrx_word' id='word_1_452' title='bbox 1850 3519 2106 3584; x_wconf 87' lang='lat' dir='ltr'>venturi</span> <span class='ocrx_word' id='word_1_453' title='bbox 2134 3523 2283 3584; x_wconf 90' lang='lat' dir='ltr'>sunt</span> <span class='ocrx_word' id='word_1_454' title='bbox 2312 3518 2716 3583; x_wconf 89' lang='lat' dir='ltr'>mendaciter.</span> <span class='ocrx_word' id='word_1_455' title='bbox 2752 3516 3119 3582; x_wconf 87' lang='lat' dir='ltr'>Secundum</span> <span class='ocrx_word' id='word_1_456' title='bbox 3154 3525 3249 3584; x_wconf 86' lang='lat' dir='ltr'>est</span> <span class='ocrx_word' id='word_1_457' title='bbox 3289 3539 3395 3585; x_wconf 90' lang='lat' dir='ltr'>re-</span> 
     </span>
     <span class='ocr_line' id='line_1_76' title="bbox 1849 3624 3393 3706; baseline 0.002 -17"><span class='ocrx_word' id='word_1_458' title='bbox 1849 3625 2137 3691; x_wconf 85' lang='lat' dir='ltr'>medium</span> <span class='ocrx_word' id='word_1_459' title='bbox 2175 3626 2479 3692; x_wconf 89' lang='lat' dir='ltr'>orationis</span> <span class='ocrx_word' id='word_1_460' title='bbox 2522 3624 2824 3702; x_wconf 69' lang='lat' dir='ltr'>internas,</span> <span class='ocrx_word' id='word_1_461' title='bbox 2885 3642 3016 3706; x_wconf 88' lang='lat' dir='ltr'>qua</span> <span class='ocrx_word' id='word_1_462' title='bbox 3055 3625 3134 3691; x_wconf 88' lang='lat' dir='ltr'>ad</span> <span class='ocrx_word' id='word_1_463' title='bbox 3192 3626 3393 3692; x_wconf 89' lang='lat' dir='ltr'>Deum</span> 
     </span>
     <span class='ocr_line' id='line_1_77' title="bbox 1848 3732 3394 3813; baseline 0.001 -15"><span class='ocrx_word' id='word_1_464' title='bbox 1848 3732 2033 3798; x_wconf 89' lang='lat' dir='ltr'>debet</span> <span class='ocrx_word' id='word_1_465' title='bbox 2057 3733 2253 3798; x_wconf 92' lang='lat' dir='ltr'>homo</span> <span class='ocrx_word' id='word_1_466' title='bbox 2286 3749 2617 3798; x_wconf 88' lang='lat' dir='ltr'>recurrere</span> <span class='ocrx_word' id='word_1_467' title='bbox 2637 3779 2656 3812; x_wconf 92' lang='lat'>,</span> <span class='ocrx_word' id='word_1_468' title='bbox 2702 3736 2776 3795; x_wconf 86' lang='lat' dir='ltr'>ut</span> <span class='ocrx_word' id='word_1_469' title='bbox 2811 3749 2922 3797; x_wconf 85' lang='lat' dir='ltr'>cor</span> <span class='ocrx_word' id='word_1_470' title='bbox 2965 3733 3108 3813; x_wconf 77' lang='lat' dir='ltr'>eJus</span> <span class='ocrx_word' id='word_1_471' title='bbox 3149 3733 3394 3799; x_wconf 88' lang='lat' dir='ltr'>illumi-</span> 
     </span>
     <span class='ocr_line' id='line_1_78' title="bbox 1847 3839 3393 3921; baseline 0.003 -18"><span class='ocrx_word' id='word_1_472' title='bbox 1847 3842 2059 3904; x_wconf 88' lang='lat' dir='ltr'>netur.</span> <span class='ocrx_word' id='word_1_473' title='bbox 2114 3839 2397 3905; x_wconf 83' lang='lat' dir='ltr'>&#39;l&#39;ertium</span> <span class='ocrx_word' id='word_1_474' title='bbox 2464 3843 2562 3905; x_wconf 87' lang='lat' dir='ltr'>est</span> <span class='ocrx_word' id='word_1_475' title='bbox 2613 3839 2943 3921; x_wconf 87' lang='lat' dir='ltr'>suspensio</span> <span class='ocrx_word' id='word_1_476' title='bbox 3003 3839 3393 3907; x_wconf 85' lang='lat' dir='ltr'>credulitatis</span> 
     </span>
     <span class='ocr_line' id='line_1_79' title="bbox 1846 3945 3393 4030; baseline 0.002 -19"><span class='ocrx_word' id='word_1_477' title='bbox 1846 3965 1984 4011; x_wconf 79' lang='lat' dir='ltr'>suae</span> <span class='ocrx_word' id='word_1_478' title='bbox 2018 3969 2034 4012; x_wconf 89' lang='lat'><strong>:</strong></span> <span class='ocrx_word' id='word_1_479' title='bbox 2065 3966 2194 4012; x_wconf 94' lang='lat' dir='ltr'>non</span> <span class='ocrx_word' id='word_1_480' title='bbox 2217 3947 2390 4012; x_wconf 91' lang='lat' dir='ltr'>enim</span> <span class='ocrx_word' id='word_1_481' title='bbox 2417 3945 2604 4011; x_wconf 87' lang='lat' dir='ltr'>debet</span> <span class='ocrx_word' id='word_1_482' title='bbox 2633 3947 2829 4011; x_wconf 89' lang='lat' dir='ltr'>homo</span> <span class='ocrx_word' id='word_1_483' title='bbox 2855 3947 2880 3983; x_wconf 82' lang='lat'>⁸</span> <span class='ocrx_word' id='word_1_484' title='bbox 2909 3948 3089 4012; x_wconf 76' lang='lat' dir='ltr'>omni</span> <span class='ocrx_word' id='word_1_485' title='bbox 3119 3947 3393 4030; x_wconf 75' lang='lat' dir='ltr'>spiritui</span> 
     </span>
     <span class='ocr_line' id='line_1_80' title="bbox 1846 4052 3391 4136; baseline 0.002 -16"><span class='ocrx_word' id='word_1_486' title='bbox 1846 4054 2120 4135; x_wconf 76' lang='lat' dir='ltr'>credere,</span> <span class='ocrx_word' id='word_1_487' title='bbox 2147 4053 2261 4122; x_wconf 80' lang='lat' dir='ltr'>sed</span> <span class='ocrx_word' id='word_1_488' title='bbox 2277 4052 2564 4136; x_wconf 81' lang='lat' dir='ltr'>probare,</span> <span class='ocrx_word' id='word_1_489' title='bbox 2592 4054 2710 4134; x_wconf 81' lang='lat' dir='ltr'>qui</span> <span class='ocrx_word' id='word_1_490' title='bbox 2732 4067 2816 4118; x_wconf 75' lang='lat' dir='ltr'>ex</span> <span class='ocrx_word' id='word_1_491' title='bbox 2838 4055 2960 4119; x_wconf 76' lang='lat' dir='ltr'>Deo</span> <span class='ocrx_word' id='word_1_492' title='bbox 2999 4059 3156 4121; x_wconf 74' lang='lat' dir='ltr'>sunt</span> <span class='ocrx_word' id='word_1_493' title='bbox 3198 4075 3224 4119; x_wconf 94' lang='lat'>.·</span> <span class='ocrx_word' id='word_1_494' title='bbox 3266 4055 3391 4128; x_wconf 77' lang='lat' dir='ltr'>Oui</span> 
     </span>
     <span class='ocr_line' id='line_1_81' title="bbox 1846 4158 3387 4240; baseline 0.003 -13"><span class='ocrx_word' id='word_1_495' title='bbox 1846 4162 2018 4227; x_wconf 87' lang='lat' dir='ltr'>enim</span> <span class='ocrx_word' id='word_1_496' title='bbox 2045 4163 2068 4197; x_wconf 77' lang='lat'>⁸</span> <span class='ocrx_word' id='word_1_497' title='bbox 2098 4164 2229 4230; x_wconf 78' lang='lat' dir='ltr'>cito</span> <span class='ocrx_word' id='word_1_498' title='bbox 2255 4160 2468 4228; x_wconf 79' lang='lat' dir='ltr'>credit</span> <span class='ocrx_word' id='word_1_499' title='bbox 2487 4160 2557 4224; x_wconf 90' lang='lat' dir='ltr'>in</span> <span class='ocrx_word' id='word_1_500' title='bbox 2584 4158 2841 4240; x_wconf 80' lang='lat' dir='ltr'>talibus,</span> <span class='ocrx_word' id='word_1_501' title='bbox 2867 4160 3027 4226; x_wconf 80' lang='lat' dir='ltr'>levis</span> <span class='ocrx_word' id='word_1_502' title='bbox 3055 4166 3151 4227; x_wconf 79' lang='lat' dir='ltr'>est</span> <span class='ocrx_word' id='word_1_503' title='bbox 3170 4161 3387 4234; x_wconf 61' lang='lat' dir='ltr'>corda.-</span> 
     </span>
     <span class='ocr_line' id='line_1_82' title="bbox 1845 4266 3388 4347; baseline -0.002 -13"><span class='ocrx_word' id='word_1_504' title='bbox 1845 4274 1909 4334; x_wconf 90' lang='lat' dir='ltr'>et</span> <span class='ocrx_word' id='word_1_505' title='bbox 1955 4270 2234 4336; x_wconf 79' lang='lat' dir='ltr'>fortassis</span> <span class='ocrx_word' id='word_1_506' title='bbox 2281 4270 2477 4334; x_wconf 88' lang='lat' dir='ltr'>etiam</span> <span class='ocrx_word' id='word_1_507' title='bbox 2511 4266 2776 4333; x_wconf 83' lang='lat' dir='ltr'>inflatus</span> <span class='ocrx_word' id='word_1_508' title='bbox 2832 4266 3043 4347; x_wconf 89' lang='lat' dir='ltr'>corde,</span> <span class='ocrx_word' id='word_1_509' title='bbox 3101 4266 3261 4332; x_wconf 92' lang='lat' dir='ltr'>dum</span> <span class='ocrx_word' id='word_1_510' title='bbox 3306 4267 3388 4332; x_wconf 92' lang='lat' dir='ltr'>ad</span> 
     </span>
     <span class='ocr_line' id='line_1_83' title="bbox 1845 4375 3388 4444; baseline -0.001 -2"><span class='ocrx_word' id='word_1_511' title='bbox 1845 4378 2000 4443; x_wconf 88' lang='lat' dir='ltr'>tales</span> <span class='ocrx_word' id='word_1_512' title='bbox 2021 4379 2296 4444; x_wconf 84' lang='lat' dir='ltr'>visiones</span> <span class='ocrx_word' id='word_1_513' title='bbox 2321 4381 2385 4442; x_wconf 89' lang='lat' dir='ltr'>et</span> <span class='ocrx_word' id='word_1_514' title='bbox 2413 4375 2831 4441; x_wconf 84' lang='lat' dir='ltr'>revelationes</span> <span class='ocrx_word' id='word_1_515' title='bbox 2843 4375 3142 4439; x_wconf 89' lang='lat' dir='ltr'>idoneum</span> <span class='ocrx_word' id='word_1_516' title='bbox 3160 4393 3230 4440; x_wconf 90' lang='lat' dir='ltr'>se</span> <span class='ocrx_word' id='word_1_517' title='bbox 3252 4393 3388 4441; x_wconf 86' lang='lat' dir='ltr'>esse</span> 
     </span>
     <span class='ocr_line' id='line_1_84' title="bbox 1845 4480 3386 4565; baseline -0.003 -14"><span class='ocrx_word' id='word_1_518' title='bbox 1845 4485 2169 4551; x_wconf 87' lang='lat' dir='ltr'>existimat</span> <span class='ocrx_word' id='word_1_519' title='bbox 2203 4509 2219 4550; x_wconf 73' lang='grc' dir='ltr'><strong><em>ε</em></strong></span> <span class='ocrx_word' id='word_1_520' title='bbox 2250 4485 2420 4551; x_wconf 91' lang='lat' dir='ltr'>unde</span> <span class='ocrx_word' id='word_1_521' title='bbox 2444 4484 2602 4550; x_wconf 84' lang='lat' dir='ltr'>tales</span> <span class='ocrx_word' id='word_1_522' title='bbox 2645 4481 2947 4562; x_wconf 81' lang='lat' dir='ltr'>visiones,</span> <span class='ocrx_word' id='word_1_523' title='bbox 2976 4480 3082 4547; x_wconf 79' lang='lat' dir='ltr'>vel</span> <span class='ocrx_word' id='word_1_524' title='bbox 3122 4481 3386 4565; x_wconf 85' lang='lat' dir='ltr'>appari-</span> 
     </span>
     <span class='ocr_line' id='line_1_85' title="bbox 1844 4586 3386 4675; baseline -0.003 -19"><span class='ocrx_word' id='word_1_525' title='bbox 1844 4593 2069 4673; x_wconf 85' lang='lat' dir='ltr'>tiones,</span> <span class='ocrx_word' id='word_1_526' title='bbox 2101 4593 2312 4675; x_wconf 88' lang='lat' dir='ltr'>potius</span> <span class='ocrx_word' id='word_1_527' title='bbox 2335 4596 2487 4657; x_wconf 87' lang='lat' dir='ltr'>sunt</span> <span class='ocrx_word' id='word_1_528' title='bbox 2505 4586 2948 4664; x_wconf 78' lang='lat' dir='ltr'>formidandae,</span> <span class='ocrx_word' id='word_1_529' title='bbox 2983 4604 3179 4669; x_wconf 86' lang='lat' dir='ltr'>quam</span> <span class='ocrx_word' id='word_1_530' title='bbox 3218 4587 3386 4652; x_wconf 85' lang='lat' dir='ltr'>desi-</span> 
     </span>
    </p>
   </div>
   <div class='ocr_carea' id='block_1_10' title="bbox 1844 4693 3623 4901">
    <p class='ocr_par' dir='ltr' id='par_1_16' title="bbox 1844 4693 3623 4901">
     <span class='ocr_line' id='line_1_86' title="bbox 1844 4693 3623 4777; baseline -0.012 -5"><span class='ocrx_word' id='word_1_531' title='bbox 1844 4703 2165 4772; x_wconf 77' lang='lat' dir='ltr'>derandae.</span> <span class='ocrx_word' id='word_1_532' title='bbox 2196 4699 2505 4765; x_wconf 85' lang='lat' dir='ltr'>Narratur</span> <span class='ocrx_word' id='word_1_533' title='bbox 2525 4698 2699 4763; x_wconf 92' lang='lat' dir='ltr'>enim</span> <span class='ocrx_word' id='word_1_534' title='bbox 2742 4695 2821 4759; x_wconf 91' lang='lat' dir='ltr'>de</span> <span class='ocrx_word' id='word_1_535' title='bbox 2858 4693 3141 4777; x_wconf 87' lang='lat' dir='ltr'>quodam</span> <span class='ocrx_word' id='word_1_536' title='bbox 3167 4698 3384 4758; x_wconf 89' lang='lat' dir='ltr'>sancto</span> <span class='ocrx_word' id='word_1_537' title='bbox 3465 4732 3623 4776; x_wconf 55' lang='lat' dir='ltr'>Em„</span> 
     </span>
     <span class='ocr_line' id='line_1_87' title="bbox 1844 4797 3546 4901; baseline -0.018 -17"><span class='ocrx_word' id='word_1_538' title='bbox 1844 4821 2044 4901; x_wconf 88' lang='lat' dir='ltr'>patre,</span> <span class='ocrx_word' id='word_1_539' title='bbox 2066 4812 2237 4897; x_wconf 88' lang='lat' dir='ltr'>quod</span> <span class='ocrx_word' id='word_1_540' title='bbox 2262 4826 2412 4875; x_wconf 90' lang='lat' dir='ltr'>cum</span> <span class='ocrx_word' id='word_1_541' title='bbox 2437 4808 2494 4872; x_wconf 87' lang='lat' dir='ltr'>ei</span> <span class='ocrx_word' id='word_1_542' title='bbox 2520 4805 2810 4872; x_wconf 90' lang='lat' dir='ltr'>diabolus</span> <span class='ocrx_word' id='word_1_543' title='bbox 2831 4805 2901 4867; x_wconf 92' lang='lat' dir='ltr'>in</span> <span class='ocrx_word' id='word_1_544' title='bbox 2930 4802 3134 4887; x_wconf 86' lang='lat' dir='ltr'>specie</span> <span class='ocrx_word' id='word_1_545' title='bbox 3152 4802 3383 4867; x_wconf 66' lang='lat' dir='ltr'>Christi</span> <span class='ocrx_word' id='word_1_546' title='bbox 3408 4797 3546 4855; x_wconf 76' lang='lat' dir='ltr'>plum.</span> 
     </span>
    </p>
   </div>
   <div class='ocr_carea' id='block_1_11' title="bbox 1842 4909 3389 5542">
    <p class='ocr_par' dir='ltr' id='par_1_17' title="bbox 1842 4909 3389 5542">
     <span class='ocr_line' id='line_1_88' title="bbox 1843 4909 3385 5010; baseline -0.012 -18"><span class='ocrx_word' id='word_1_547' title='bbox 1843 4926 2196 5010; x_wconf 88' lang='lat' dir='ltr'>appareret,</span> <span class='ocrx_word' id='word_1_548' title='bbox 2229 4918 2336 4983; x_wconf 92' lang='lat' dir='ltr'>ille</span> <span class='ocrx_word' id='word_1_549' title='bbox 2359 4915 2587 4980; x_wconf 88' lang='lat' dir='ltr'>clausis</span> <span class='ocrx_word' id='word_1_550' title='bbox 2607 4911 2809 4979; x_wconf 88' lang='lat' dir='ltr'>oculis</span> <span class='ocrx_word' id='word_1_551' title='bbox 2832 4909 3018 4989; x_wconf 85' lang='lat' dir='ltr'>dixit,</span> <span class='ocrx_word' id='word_1_552' title='bbox 3046 4909 3116 4973; x_wconf 92' lang='lat' dir='ltr'>in</span> <span class='ocrx_word' id='word_1_553' title='bbox 3152 4926 3218 4974; x_wconf 88' lang='lat' dir='ltr'>se</span> <span class='ocrx_word' id='word_1_554' title='bbox 3262 4909 3385 4975; x_wconf 89' lang='lat' dir='ltr'>hac</span> 
     </span>
     <span class='ocr_line' id='line_1_89' title="bbox 1843 5014 3384 5099; baseline -0.012 0"><span class='ocrx_word' id='word_1_555' title='bbox 1843 5033 1975 5099; x_wconf 85' lang='lat' dir='ltr'>vita</span> <span class='ocrx_word' id='word_1_556' title='bbox 2002 5029 2168 5095; x_wconf 91' lang='lat' dir='ltr'>nolle</span> <span class='ocrx_word' id='word_1_557' title='bbox 2196 5024 2515 5091; x_wconf 84' lang='lat' dir='ltr'>Christum</span> <span class='ocrx_word' id='word_1_558' title='bbox 2543 5019 2792 5095; x_wconf 83' lang='lat' dir='ltr'>videre;</span> <span class='ocrx_word' id='word_1_559' title='bbox 2826 5020 2891 5080; x_wconf 91' lang='lat' dir='ltr'>at</span> <span class='ocrx_word' id='word_1_560' title='bbox 2916 5014 3227 5093; x_wconf 80' lang='lat' dir='ltr'>diabolus,</span> <span class='ocrx_word' id='word_1_561' title='bbox 3256 5016 3384 5081; x_wconf 88' lang='lat' dir='ltr'>hu—</span> 
     </span>
     <span class='ocr_line' id='line_1_90' title="bbox 1843 5121 3384 5218; baseline -0.01 -13"><span class='ocrx_word' id='word_1_562' title='bbox 1843 5138 2108 5204; x_wconf 86' lang='lat' dir='ltr'>militate</span> <span class='ocrx_word' id='word_1_563' title='bbox 2163 5136 2307 5218; x_wconf 86' lang='lat' dir='ltr'>ejus</span> <span class='ocrx_word' id='word_1_564' title='bbox 2363 5128 2668 5195; x_wconf 73' lang='lat' dir='ltr'>connisus</span> <span class='ocrx_word' id='word_1_565' title='bbox 2681 5172 2698 5202; x_wconf 88' lang='lat'>,</span> <span class='ocrx_word' id='word_1_566' title='bbox 2744 5123 2958 5189; x_wconf 89' lang='lat' dir='ltr'>statim</span> <span class='ocrx_word' id='word_1_567' title='bbox 2996 5121 3282 5190; x_wconf 83' lang='lat' dir='ltr'>evanuit.</span> <span class='ocrx_word' id='word_1_568' title='bbox 3331 5121 3384 5189; x_wconf 85' lang='lat' dir='ltr'>E</span> 
     </span>
     <span class='ocr_line' id='line_1_91' title="bbox 1842 5230 3387 5326; baseline -0.019 -13"><span class='ocrx_word' id='word_1_569' title='bbox 1842 5248 2060 5313; x_wconf 84' lang='lat' dir='ltr'>contra</span> <span class='ocrx_word' id='word_1_570' title='bbox 2082 5242 2163 5307; x_wconf 92' lang='lat' dir='ltr'>de</span> <span class='ocrx_word' id='word_1_571' title='bbox 2186 5239 2478 5326; x_wconf 89' lang='lat' dir='ltr'>pluribus</span> <span class='ocrx_word' id='word_1_572' title='bbox 2521 5237 2842 5313; x_wconf 89' lang='lat' dir='ltr'>narratur,</span> <span class='ocrx_word' id='word_1_573' title='bbox 2891 5230 3006 5314; x_wconf 79' lang='lat' dir='ltr'>qui</span> <span class='ocrx_word' id='word_1_574' title='bbox 3048 5248 3118 5296; x_wconf 79' lang='lat' dir='ltr'>se</span> <span class='ocrx_word' id='word_1_575' title='bbox 3165 5231 3248 5295; x_wconf 74' lang='lat' dir='ltr'>ad</span> <span class='ocrx_word' id='word_1_576' title='bbox 3282 5231 3387 5297; x_wconf 78' lang='lat' dir='ltr'>vi..</span> 
     </span>
     <span class='ocr_line' id='line_1_92' title="bbox 1842 5338 3381 5430; baseline -0.01 -10"><span class='ocrx_word' id='word_1_577' title='bbox 1842 5357 2051 5421; x_wconf 89' lang='lat' dir='ltr'>siones</span> <span class='ocrx_word' id='word_1_578' title='bbox 2072 5352 2331 5415; x_wconf 89' lang='lat' dir='ltr'>idoneos</span> <span class='ocrx_word' id='word_1_579' title='bbox 2357 5345 2840 5430; x_wconf 83' lang='lat' dir='ltr'>reputaverunt,</span> <span class='ocrx_word' id='word_1_580' title='bbox 2880 5344 2945 5405; x_wconf 88' lang='lat' dir='ltr'>et</span> <span class='ocrx_word' id='word_1_581' title='bbox 2981 5338 3381 5405; x_wconf 82' lang='lat' dir='ltr'>desiderave-</span> 
     </span>
     <span class='ocr_line' id='line_1_93' title="bbox 1842 5448 3389 5542; baseline -0.01 -15"><span class='ocrx_word' id='word_1_582' title='bbox 1842 5467 2018 5540; x_wconf 90' lang='lat' dir='ltr'>runt,</span> <span class='ocrx_word' id='word_1_583' title='bbox 2069 5457 2240 5542; x_wconf 89' lang='lat' dir='ltr'>quod</span> <span class='ocrx_word' id='word_1_584' title='bbox 2287 5455 2366 5520; x_wconf 93' lang='lat' dir='ltr'>ad</span> <span class='ocrx_word' id='word_1_585' title='bbox 2420 5452 2655 5518; x_wconf 86' lang='lat' dir='ltr'>multas</span> <span class='ocrx_word' id='word_1_586' title='bbox 2709 5448 2986 5514; x_wconf 85' lang='lat' dir='ltr'>insanias</span> <span class='ocrx_word' id='word_1_587' title='bbox 3033 5451 3099 5510; x_wconf 91' lang='lat' dir='ltr'>et</span> <span class='ocrx_word' id='word_1_588' title='bbox 3141 5463 3389 5512; x_wconf 79' lang='lat' dir='ltr'>errores</span> 
     </span>
    </p>
   </div>
  </div>
 </body>
</html>
