4185 6288
1334 469 1527 537 DIST.
1577 471 1623 536 I.
1670 471 1851 542 ΛΒΤ.
1899 475 1946 541 I.
1993 476 2296 555 QUAEST.
2345 483 2451 550 lv.
3330 517 3339 527 ·
3404 511 3481 570 ¹5

295 592 369 656 ita
397 595 565 676 qnod
600 596 673 660 in
716 596 844 662 illis
888 600 1102 666 tribus
1141 604 1426 686 personIs
1451 611 1614 671 esset
1651 624 1822 672 eom-

294 703 486 766 munis
510 704 723 769 unitas
756 706 1116 789 singularis
1144 715 1397 777 naturae
1431 718 1781 798 assumptae
1801 763 1819 793 ‚

290 827 401 872 non
429 812 645 875 unitas
669 831 992 895 personae.
1026 816 1347 901 Quidquid
1376 825 1595 885 autem
1623 822 1705 886 sit
1744 822 1823 887 de

289 914 391 980 hoc
409 968 427 996 ,
456 918 616 983 illud
637 940 752 1003 pro
776 922 1137 989 indubitato
1167 927 1248 1007 (a)
1282 927 1649 993 habendum
1680 934 1817 1007 est,

287 1024 439 1104 quod
464 1026 661 1091 modo
700 1031 1066 1095 assumendi
1099 1034 1653 1115 praedeterminato
1690 1036 1821 1100 im-

286 1129 563 1210 pomhile
602 1138 699 1197 est
746 1155 954 1201 unum
1010 1143 1073 1202 et
1129 1140 1429 1205 eumdem
1487 1142 1819 1208 hominem

283 1254 616 1315 assumere,
646 1248 906 1325 propter
932 1242 1437 1327 implicationem
1466 1250 1541 1329 (b)
1572 1256 1820 1316 eontra·

281 1343 580 1426 dictionis,
622 1347 781 1430 quia
815 1356 1198 1434 sequeretur
1222 1354 1401 1437 quod
1432 1353 1632 1421 Filius
1653 1362 1819 1423 esset

282 1447 468 1516 Pater.

777 1688 1190 1767 QUAESTIO
1232 1693 1346 1759 lv.

280 1839 361 1895 An
376 1841 630 1910 qnalibet
649 1845 818 1899 trium
827 1860 1184 1917 personarum
1202 1849 1493 1904 incarnari
1507 1852 1751 1920 potua-it
1770 1851 1809 1906 ¹.

108 2009 257 2055 fuam.
352 1999 575 2065 Utrum
603 2003 910 2085 quaelibet
937 2005 1130 2070 trium
1162 2025 1585 2090 personarum
1616 2010 1815 2092 possit

282 2105 581 2172 incarnari
606 2128 722 2192 per
746 2111 1022 2195 seipsam
1042 2134 1060 2191 ;
1092 2118 1156 2177 et
1172 2115 1342 2196 qnod
1360 2114 1473 2194 sic,
1502 2114 1760 2180 videtur
1789 2138 1805 2180 ι

279 2210 691 2281 Tantumdem
718 2218 910 2283 distat
939 2224 1234 2285 creatura
1259 2240 1299 2285 a
1324 2240 1593 2304 persona
1620 2222 1760 2287 Filii
1790 2272 1809 2304 ,

280 2328 578 2403 quantum
592 2343 632 2388 a
649 2344 922 2408 persona
940 2325 1165 2407 Patris,
1195 2332 1259 2392 et
1277 2328 1554 2411 Spiritus
1573 2331 1806 2395 sancti:

279 2445 421 2510 ergo
440 2449 575 2513 qua
598 2434 845 2498 ratione
869 2452 1139 2518 persona
1165 2433 1311 2499 Filii
1339 2436 1661 2501 incarnari
1688 2456 1807 2521 po-

256 2514 415 2614 ast,
459 2539 761 2604 distantia
799 2559 931 2606 non
968 2542 1389 2626 impediente3
1435 2544 1658 2609 eadem
1700 2563 1806 2610 ra·

279 2642 434 2709 tione
458 2647 720 2711 videtur
742 2648 919 2730 quod
954 2649 1148 2713 etiam
1176 2669 1449 2733 persona
1475 2650 1678 2716 Patris
1702 2700 1719 2731 ,
1746 2658 1812 2718 et

282 2750 539 2834 Spiritus
569 2756 796 2820 sancti.

349 2863 498 2930 Item
546 2885 732 2949 posse
767 2868 1085 2932 incarnari
1127 2873 1364 2951 spectat
1404 2869 1484 2934 ad
1525 2869 1809 2954 dig-nita-

279 2972 393 3033 tem
410 3021 426 3048 ‚
465 2974 759 3057 alioquin
811 2993 944 3040 non
992 2975 1362 3041 conveniret
1402 2974 1568 3042 Filio
1623 3000 1638 3042 z
1695 2980 1807 3044 sed

282 3078 575 3162 quidquid
617 3084 826 3165 potest
863 3080 1065 3147 Filius
1098 3081 1179 3146 ad
1206 3082 1581 3166 dignitatem
1624 3104 1805 3171 spec-

281 3186 402 3247 tans
421 3234 437 3264 ‚
473 3191 683 3269 potest
709 3192 774 3253 et
815 3186 1002 3253 Pater
1024 3239 1042 3266 ,
1071 3208 1221 3254 cum
1243 3195 1452 3255 totum
1479 3210 1662 3275 posse
1687 3194 1807 3259 ha-

278 3289 404 3356 heat
427 3292 633 3358 Filius
648 3314 687 3359 a
707 3294 931 3360 Patre:
963 3314 1123 3378 ergo
1149 3297 1203 3360 si
1225 3317 1497 3381 persona
1525 3300 1671 3366 Filii
1696 3322 1807 3386 po-

277 3408 381 3468 test
424 3407 748 3472 incarnari
772 3457 789 3486 ‚
841 3414 905 3474 et
957 3427 1213 3474 carnem
1269 3411 1390 3474 sihi
1434 3430 1761 3480 assumere
1782 3465 1801 3496 ,

279 3510 511 3577 videtur
555 3515 731 3598 quod
763 3514 890 3580 hoc
929 3517 1123 3598 possit
1165 3521 1229 3581 et
1267 3517 1453 3584 Pater
1490 3522 1804 3588 consimili

279 3625 526 3690 ratione.

347 3730 494 3797 Item
547 3734 628 3798 ad
687 3734 1195 3801 incarnationem
1261 3737 1615 3805 faciendam
1672 3761 1803 3807 non

278 3838 444 3920 plura
466 3843 827 3923 exiguntur
860 3863 1056 3927 quam
1084 3849 1374 3910 extrema
1398 3849 1671 3913 unihilia
1693 3899 1711 3930 ,
1742 3856 1806 3916 et

278 3951 468 4017 unitas
508 3954 575 4017 in
612 3972 888 4037 persona
908 4003 927 4034 ‚
959 3960 1022 4019 et
1049 3957 1447 4022 immensitas
1482 3960 1551 4023 in
1580 3965 1802 4044 poten-

276 4057 378 4136 tia,
408 4079 553 4143 quae
573 4066 864 4126 extrema
887 4061 997 4126 illa
1018 4066 1371 4146 conjungat
1394 4067 1540 4131 :sed
1573 4072 1803 4134 natura

279 4159 457 4232 Patris
504 4168 593 4233 ita
634 4172 731 4233 est
775 4169 1036 4233 unibilis
1057 4217 1074 4247 ,
1124 4171 1292 4235 sicut
1333 4176 1564 4238 natura
1611 4174 1798 4253 Filii,

278 4288 408 4336 eum
431 4277 511 4340 sit
535 4295 671 4341 una
706 4281 773 4342 et
795 4277 1048 4356 eadem;
1079 4282 1143 4342 et
1169 4298 1442 4362 persona
1472 4280 1680 4347 Patris
1710 4284 1801 4349 ita

277 4386 357 4443 est
374 4402 509 4448 una
527 4434 546 4464 ,
568 4385 739 4449 sicut
769 4403 1041 4469 persona
1070 4384 1243 4468 Filii,
1283 4392 1348 4452 et
1371 4390 1653 4471 potentia
1676 4392 1799 4456 im—

277 4504 473 4556 mensa
500 4511 519 4557 :
545 4511 731 4575 ergO,
761 4497 883 4557 etc.

341 4592 492 4660 Item
515 4597 571 4660 si
594 4614 866 4679 persona
891 4595 1038 4660 Filii
1063 4601 1268 4680 potest
1300 4598 1621 4664 incarnari
1639 4648 1658 4680 ‚
1688 4607 1802 4667 aut

276 4716 340 4763 eo
377 4702 511 4785 ipso
554 4722 686 4787 quo
722 4708 817 4769 est
855 4703 1090 4785 Filius,
1131 4710 1346 4771 anteo
1381 4706 1522 4790 ipso
1550 4726 1679 4790 quo
1707 4713 1802 4773 est

275 4824 558 4888 persona:
577 4830 714 4877 non
737 4830 814 4876 eo
840 4812 978 4895 ipso
1002 4831 1132 4896 quo
1152 4818 1247 4878 est
1281 4812 1504 4896 Filius,
1525 4816 1681 4898 quia
1693 4814 1798 4879 Fi-

275 4910 603 4984 liussolum
621 4921 776 4985 dicit
786 4925 1148 5004 respectum
1162 4922 1243 4987 ad
1264 4921 1541 5003 Patrem,
1564 4941 1697 4989 non
1717 4924 1797 4990 ad

334 5091 452 5158 ¹Cf.
474 5096 613 5148 Alex.
643 5095 877 5159 Alensis,
912 5109 964 5160 p.
994 5096 1085 5160 111,
1116 5109 1167 5161 q.
1196 5108 1265 5161 11,
1292 5096 1486 5148 memb.
1517 5099 1582 5161 5,
1611 5101 1708 5148 art.
1731 5099 1795 5165 23

279 5160 529 5231 S.Thom.‚
552 5183 604 5232 p.
622 5170 713 5234 ΙΙΙ,
731 5182 783 5234 q.
806 5179 871 5218 111
887 5203 906 5230 ,
925 5169 1022 5217 art.
1044 5167 1572 5232 53et1118ent.‚dist.
1596 5181 1635 5230 1,
1656 5183 1708 5233 q.
1735 5181 1797 5233 11,

276 5237 359 5284 art.
382 5238 436 5300 35
457 5240 676 5305 AEgidius
701 5243 884 5303 Rom„
905 5239 971 5290 lu
994 5238 1153 5301 Seni„
1184 5238 1307 5290 dist.
1330 5250 1370 5302 1,
1396 5254 1451 5305 q.
1472 5249 1559 5304 ιη
1584 5240 1796 5291 Richar-

275 5302 383 5371 dns,
414 5310 481 5361 111
497 5312 785 5379 Sent.,dist.
806 5324 858 5376 1,
879 5324 934 5376 q.
960 5322 1055 5374 1113
1074 5310 1268 5363 namn.
1296 5313 1524 5378 Inguen,
1551 5311 1613 5362 lll
1633 5312 1795 5378 Seni„

333 5395 396 5460 (a)
421 5399 537 5450 Coet.
565 5402 684 5453 edit.
708 5398 1048 5453 indubitanti.
1072 5426 1132 5439 -
1154 5399 1220 5466 (b)
1252 5399 1376 5451 σωκ.
1403 5401 1527 5453 edit.
1550 5401 1794 5467 multipli-

281 5468 512 5520 cationem
535 5472 808 5539 implicite.
827 5495 898 5509 -—
912 5472 976 5534 (c)
999 5471 1118 5524 coet.
1141 5460 1267 5522 edii.
1296 5469 1415 5522 add.
1440 5475 1541 5524 etc.

1932 617 2294 681 creaturam
2328 635 2532 703 :ergo
2561 623 2616 687 si
2640 630 2846 708 potest
2868 628 3187 698 incarnari
3220 652 3298 701 eo
3337 638 3478 722 ipso

1932 735 2064 801 quo
2094 726 2190 787 est
2218 743 2489 807 persona
2505 730 2744 811 divina,
2765 735 2968 817 igitur
3002 760 3155 806 cum
3180 741 3384 827 Pater,
3418 754 3481 813 et

1933 825 2210 909 Spiritus
2238 840 2495 899 sanctus
2517 886 2535 917 ,
2567 839 2654 917 sit¹
2673 859 2944 923 persona
2972 846 3191 913 divina
3212 899 3231 931 ,
3257 855 3477 936 sequi-

1930 936 2039 998 tur
2066 941 2417 1005 necessario
2456 946 2628 1027 quod
2661 966 2929 1030 persona
2963 951 3201 1036 Patris,
3240 963 3304 1023 et
3331 959 3474 1042 Spi-

1931 1041 2097 1105 ritus
2118 1048 2319 1110 sancti
2342 1096 2359 1125 ‚
2389 1049 2478 1114 ita
2507 1054 2701 1135 possit
2725 1056 3041 1125 incarnari
3065 1110 3084 1142 ‚
3134 1064 3299 1130 sicut
3326 1086 3475 1150 per-

1930 1166 2087 1213 sona
2116 1150 2284 1217 Filii.

2011 1255 2134 1321 Sed
2160 1266 2380 1325 contra
2410 1281 2428 1326 ε
2460 1267 2520 1328 ¹.
2557 1263 2624 1330 Si
2651 1286 2921 1350 persona
2949 1271 3174 1353 Patris,
3205 1279 3307 1344 vel
3338 1278 3477 1365 Spi-

1930 1364 2099 1430 ritus
2141 1372 2366 1451 saneti‚
2412 1373 2877 1457 incarnaretur,
2909 1384 3065 1447 tunc
3103 1384 3236 1450 duo
3267 1396 3477 1456 essent

1926 1473 2042 1539 fllii
2078 1476 2152 1540 in
2188 1474 2492 1545 Trinitate
2524 1500 2542 1545 ε
2572 1484 2682 1549 sed
2707 1485 2830 1552 hoe
2857 1493 2951 1554 est
2977 1491 3472 1563 inconveniens:

1925 1583 2254 1665 quodlibet
2298 1592 2515 1653 autem
2558 1591 3057 1677 inconveniens,
3106 1602 3276 1668 sicut
3316 1603 3471 1673 dicit

1926 1690 2267 1758 Anselmus
2311 1695 2380 1759 in
2429 1696 2592 1764 libro
2646 1700 2775 1768 cur
2824 1705 2992 1772 Deus
3031 1707 3214 1778 homo
3235 1759 3256 1791 ‚
3295 1716 3468 1796 apud

1924 1792 2128 1860 Deum
2146 1801 2241 1862 est
2261 1798 2652 1882 impossibile
2678 1806 2749 1888 (c)
2777 1829 2793 1871 t
2827 1827 2987 1890 ergo
3006 1810 3261 1878 videtur
3285 1815 3467 1879 simi-

1921 1900 2065 1966 liter
2085 1921 2222 1969 esse
2250 1905 2638 1989 impossibile
2661 1931 2997 1995 personam
3027 1916 3235 1984 Patris
3262 1921 3470 1987 incar-

1924 2012 2085 2088 nari,
2117 2012 2219 2078 vel
2248 2011 2521 2096 Spiritus
2546 2021 2768 2084 sancti.

2002 2118 2161 2185 Item
2189 2121 2508 2186 incarnari
2535 2142 2667 2189 non
2692 2131 2786 2191 est
2804 2127 2977 2193 aliud
3005 2149 3202 2213 quam
3228 2134 3299 2199 in
3326 2154 3462 2202 car·

1921 2242 2069 2290 nem
2117 2228 2324 2307 mitti,
2384 2231 2550 2296 sicut
2601 2234 2742 2298 vult
2782 2235 3189 2318 Augustinus
3237 2246 3259 2281 ⁸
3301 2261 3316 2303 z
3352 2245 3460 2308 sed

1919 2330 2310 2416 impossibile
2346 2343 2442 2403 est
2483 2338 2734 2407 Patrem
2764 2344 2955 2422 mitti,
2990 2364 3139 2411 cum
3178 2366 3310 2413 non
3340 2350 3465 2416 ha-

1918 2441 2066 2507 beat
2094 2444 2294 2508 alium
2314 2494 2332 2525 ‚
2364 2465 2404 2510 a
2429 2466 2561 2531 quo
2596 2450 2677 2513 sit
2702 2470 2717 2514 ε
2745 2469 2905 2532 ergo
2944 2452 3330 2537 impossibile
3371 2464 3466 2523 est

1918 2545 2172 2615 Patrem
2201 2551 2543 2619 incarnari.

1998 2660 2058 2721 3.
2095 2656 2252 2722 Item
2294 2661 2466 2743 quod
2495 2666 2590 2726 est
2628 2664 2963 2746 proprium
3009 2668 3202 2732 unius
3235 2688 3462 2752 perso-

1915 2780 2018 2828 nae
2043 2813 2061 2844 ,
2104 2764 2494 2848 impossibile
2524 2772 2620 2833 est
2649 2769 2831 2833 alteri
2858 2774 3200 2840 convenire
3241 2795 3258 2839 ε
3300 2779 3409 2843 sed
3435 2785 3459 2820 ⁸

1914 2871 2234 2936 incarnari
2252 2878 2348 2938 est
2364 2877 2696 2960 proprium
2715 2877 2898 2956 Filii,
2925 2885 2991 2947 et
3018 2882 3139 2947 sibi
3165 2885 3281 2949 soli
3303 2905 3461 2952 oon-

1914 2980 2092 3044 venit
2121 2998 2138 3043 t
2171 2998 2329 3062 ergo
2359 2982 2751 3067 impossibile
2777 2992 2871 3052 est
2896 2989 3066 3071 quod
3096 2990 3276 3056 alteri
3303 3012 3458 3077 per-

1913 3103 2088 3152 sonae
2117 3089 2478 3156 conveniat.

1993 3202 2056 3261 4.
2114 3197 2273 3263 Item
2328 3201 2639 3283 majorem
2698 3205 3209 3273 convenientiam
3262 3209 3455 3276 habet

1911 3308 2145 3370 natura
2165 3312 2491 3391 assumpta
2506 3327 2545 3373 a
2567 3307 2775 3376 Verbo
2793 3330 2946 3377 cum
2973 3315 3116 3379 aliis
3140 3317 3446 3398 personis,

1913 3432 2110 3496 quam
2141 3414 2265 3478 alia
2306 3421 2534 3481 natura
2571 3437 2719 3501 quae
2766 3438 2897 3485 non
2934 3426 3028 3485 est
3069 3428 3394 3506 assumpta
3433 3444 3450 3489 ε

1911 3539 2072 3603 ergo
2100 3522 2152 3585 si
2179 3522 2324 3587 aliae
2364 3542 2651 3607 personae
2683 3545 2815 3591 non
2839 3532 3105 3610 possunt
3129 3528 3305 3594 illam
3331 3550 3449 3596 na-

1910 3632 2126 3693 turam
2143 3649 2489 3710 assumere,
2518 3651 2667 3716 quae
2689 3640 3016 3718 assumpta
3041 3640 3137 3700 est
3154 3655 3195 3700 a
3217 3635 3446 3717 Verbo,

1909 3736 2166 3803 videtur
2190 3741 2363 3822 quod
2397 3760 2512 3806 nec
2542 3742 2825 3826 aliquam
2857 3744 3050 3808 aliam
3087 3761 3103 3804 ε
3133 3744 3242 3809 sed
3273 3745 3450 3810 illam

1910 3862 2044 3908 non
2072 3852 2341 3929 possunt
2376 3867 2702 3915 assumere
2724 3900 2741 3931 ‚
2781 3851 2948 3916 sicut
2972 3852 3044 3916 in
3085 3852 3451 3934 praeoeden-

1908 3953 2080 4019 tibus
2110 3961 2132 3996 ⁸
2157 3963 2580 4024 monstratum
2619 3965 2756 4029 est:
2789 3979 2948 4045 ergo
2986 3962 3243 4027 videtur
3278 3963 3450 4045 quod

1908 4061 2156 4126 nullam
2183 4064 2379 4130 aliam
2406 4085 2733 4134 assumere
2761 4070 3032 4136 valeant.

2442 4292 2892 4363 CONCLUSIO.

1911 4449 2177 4518 Quoelibet
2201 4451 2515 4511 divinarum
2534 4472 2888 4529 personarum
2916 4463 3104 4533 potuit
3129 4463 3416 4519 incarnari
3422 4504 3443 4536 ‚

2143 4542 2268 4600 lieet
2286 4544 2458 4601 solum
2486 4546 2719 4604 Verbum
2742 4551 2817 4605 sit
2843 4552 3217 4607 incarnatum.

1986 4699 2176 4785 Resp.
2209 4703 2287 4768 ad
2316 4722 2458 4786 arg.
2486 4705 2581 4770 Ad
2611 4707 3064 4790 praedictorum
3090 4711 3451 4796 intelligen-
3530 4739 3691 4796 ophi„

1905 4809 2061 4873 tiam
2100 4815 2194 4875 est
2230 4812 2586 4877 notandum
2630 4816 2802 4898 quod
2849 4816 3044 4899 aliqui
3079 4818 3287 4884 dicere
3328 4840 3444 4887 vo,
3477 4803 3676 4855 unorum.

1905 4917 2083 4999 lunt,
2126 4919 2299 5002 quod
2334 4920 2514 4985 nulla
2552 4940 2819 5004 persona
2847 4923 3166 4990 incarnari
3200 4931 3404 5010 potest
3424 4978 3443 5010 ,

1904 5024 2029 5088 nisi
2057 5043 2330 5108 persona
2353 5025 2543 5092 Verbi
2566 5050 2583 5107 ;
2625 5033 2688 5094 et
2713 5031 3026 5096 rationem
3050 5033 3261 5117 hujus
3286 5036 3445 5100 assi-

1903 5137 2141 5214 gnant,
2183 5133 2338 5217 quia
2381 5133 2436 5198 si
2485 5153 2758 5218 persona
2801 5137 2927 5203 alia
2965 5141 3406 5209 incarnaretur
3425 5193 3445 5221 ‚

1902 5271 1955 5322 q.
1973 5271 2012 5309 11
2028 5295 2044 5321 ‚
2064 5262 2160 5309 art.
2181 5263 2204 5310 1
2223 5274 2241 5322 ς
2272 5258 2565 5324 Stephanus
2583 5260 2793 5325 Brulet„
2816 5262 2880 5314 ill
2899 5262 3060 5326 Seni„
3081 5265 3198 5318 dist.
3220 5279 3262 5331 ι,
3286 5281 3341 5332 q.
3361 5279 3441 5318 111.

1898 5356 1965 5368 -
1990 5331 2013 5366 ⁸
2036 5331 2881 5399 Ansam.‚curneushomo,1ib.
2910 5336 2966 5397 1,
2989 5350 3226 5391 c.11.—
3250 5338 3444 5404 ung„

1902 5401 1963 5453 de
1985 5403 2143 5466 Tria„
2172 5402 2259 5453 lib.
2285 5404 2360 5468 ΙΙ,
2382 5417 2428 5455 c.
2459 5415 2488 5452 v
2509 5439 2522 5465 ,
2544 5418 2599 5455 n.
2627 5407 2673 5457 9.
2701 5431 2763 5443 —
2783 5407 2805 5442 δ
2834 5407 2981 5471 thid„
3011 5409 3103 5460 lib.
3137 5422 3209 5476 lv,
3238 5425 3287 5463 c.
3315 5422 3439 5472 ιιι,

1904 5487 1957 5524 ιι.
1989 5476 2066 5524 26.
2088 5498 2151 5511 —
2173 5474 2195 5509 ⁸
2213 5475 2404 5534 Queat.
2433 5487 2511 5527 111.
