4185 6288
1578 498 1955 569 ms‘rmcr.
2005 499 2106 568 IV.
3350 504 3422 565 ot

605 738 1025 807 EXPOSITIO
1064 738 1394 807 TEXTUS.

534 914 664 964 Cum
689 926 818 964 vero
845 910 1133 963 incarnatio
1155 910 1342 978 Verbi,
1366 913 1464 964 etc.

319 1066 517 1152 Supra
552 1065 1003 1132 determinavit
1043 1064 1345 1147 Magister
1377 1065 1456 1130 de
1493 1066 1774 1131 sanetifi-

257 1176 471 1239 catione
514 1173 799 1257 Virginis
820 1221 838 1248 ,
882 1174 1032 1256 qhae
1079 1173 1201 1237 fuit
1253 1173 1646 1255 praeambula
1692 1175 1773 1240 ad

255 1283 704 1367 conceptionem
732 1280 987 1345 Christi.
1023 1280 1096 1344 In
1123 1281 1247 1345 hac
1272 1286 1450 1364 parte
1482 1281 1777 1347 determi-

255 1393 347 1454 nat
371 1391 446 1455 de
474 1390 616 1473 ipsa
641 1389 1046 1473 conceptione
1073 1387 1349 1453 Domini.
1370 1388 1448 1453 Et
1466 1390 1773 1475 quoniam

256 1497 554 1581 conceptio
598 1496 827 1562 Christi
878 1495 1069 1560 babet
1110 1498 1649 1579 comparationem
1693 1498 1772 1564 ad

257 1601 543 1686 Spiritum
566 1606 864 1668 sanctum
889 1603 1361 1668 foecundantem
1380 1652 1398 1683 ,
1429 1604 1596 1669 etad
1622 1605 1771 1671 Vir-

257 1712 454 1793 ginem
477 1711 961 1794 concipientem,
984 1709 1124 1775 ideo
1143 1729 1290 1792 pars
1318 1711 1438 1775 ista
1465 1712 1775 1779 dividitur

256 1820 313 1883 in
335 1820 487 1884 duas
510 1824 740 1902 partes,
762 1818 830 1882 in
856 1835 1137 1902 quarum
1161 1819 1372 1900 prima
1398 1819 1776 1887 determinat

257 1927 322 1992 de
364 1926 763 2009 conceptione
805 1925 1031 1991 Christi
1073 1926 1143 1990 in
1184 1927 1654 2012 comparatione
1692 1929 1772 1995 ad

257 2033 542 2118 Spiritum
583 2038 909 2111 sanctum;
962 2033 1030 2097 in
1072 2034 1352 2100 secunda
1395 2035 1772 2103 determinat

257 2139 325 2205 de
363 2161 437 2207 ea
473 2141 538 2205 in
581 2142 1050 2225 comparatione
1091 2142 1170 2206 ad
1214 2140 1548 2224 Virginem
1573 2191 1593 2221 ,
1630 2145 1769 2211 ihi:

260 2249 371 2316 Sed
396 2250 588 2332 (μω-ἰ
607 2253 820 2332 potest
835 2297 857 2328 ‚
888 2264 1035 2314 cum
1059 2265 1177 2317 nos
1204 2247 1603 2318 salvatorem
1646 2268 1774 2319 na-

263 2360 383 2421 tum
414 2356 840 2438 profiteamur.
870 2353 1088 2419 Prima
1129 2374 1277 2439 pars
1302 2356 1367 2420 in
1413 2361 1622 2440 partes
1648 2363 1777 2424 tres

264 2460 565 2541 dividitur,
594 2461 664 2525 in
693 2480 972 2545 quarum
1002 2461 1210 2544 prima
1237 2463 1418 2545 ponit
1445 2464 1547 2529 vel
1572 2482 1776 2548 expo-

267 2567 349 2632 nit
371 2569 709 2649 veritatem,
736 2568 1073 2651 assignem
1095 2587 1293 2651 quare
1322 2569 1777 2639 incarnationis

270 2678 608 2759 mysterium
667 2677 751 2741 sit
811 2676 1079 2760 Spiritui
1138 2681 1356 2742 sancto
1419 2680 1777 2749 attribuen-

272 2781 437 2861 dum;
469 2782 531 2847 in
557 2783 833 2849 secunda
880 2802 1035 2849 vero
1069 2789 1286 2851 movet
1311 2786 1774 2855 dubitationem

276 2907 344 2953 ex
378 2889 484 2967 his,
512 2908 656 2974 quae
702 2890 869 2955 dicta
908 2894 1083 2967 sunt,
1130 2891 1474 2958 habentem
1515 2899 1730 2961 ortum
1750 2945 1772 2977 ,

278 2995 349 3059 ihi
373 3017 388 3060 :
414 2998 527 3065 Sed
563 3014 696 3066 non
735 3005 829 3067 est
873 2998 1129 3066 diutius
1170 3002 1668 3071 immorandum.
1702 3004 1775 3071 In

278 3104 429 3170 tertia
462 3125 607 3172 vero
646 3107 989 3191 subjungit
1030 3108 1344 3191 majorem
1382 3109 1777 3194 explanatio-

277 3228 399 3275 nem
417 3213 880 3295 praedictorum,
902 3214 993 3279 ibi
1014 3233 1032 3278 ε
1057 3215 1342 3297 Profecto
1370 3217 1598 3286 modus
1624 3222 1772 3302 iste,

279 3333 377 3396 quo
396 3326 573 3387 natus
601 3330 691 3388 est
723 3321 1021 3388 Christus
1046 3321 1126 3388 de
1151 3323 1392 3402 Μανία,
1415 3329 1533 3390 etc.
1563 3325 1776 3393 Prima

280 3441 398 3506 pam
421 3425 597 3493 habet
620 3428 782 3494 duas
814 3447 833 3493 t
858 3429 928 3494 in
963 3429 1171 3512 prima
1212 3432 1514 3514 exprimit
1539 3435 1778 3500 verita-

280 3533 414 3611 tem3
441 3534 503 3599 in
528 3536 805 3602 secunda
830 3537 1166 3603 confirmat
1190 3556 1333 3604 eam
1359 3558 1475 3622 per
1499 3543 1776 3607 auctori-

280 3639 460 3718 tatem,
487 3643 574 3707 ibi
604 3666 621 3709 ι
664 3643 836 3711 Unde
856 3644 1262 3727 Auaustinus
1287 3663 1478 3730 super
1501 3648 1612 3716 hoc
1642 3666 1778 3718 mo-

282 3762 407 3815 vens
427 3755 855 3832 questionem,
881 3753 1184 3820 Similiter
1208 3756 1487 3822 secunda
1509 3777 1676 3840 pars,
1707 3760 1779 3824 in

285 3871 386 3935 qua
405 3865 605 3926 movet
623 3861 1107 3943 dubitationem,
1137 3863 1448 3929 dividitur
1474 3866 1543 3930 in
1568 3866 1727 3932 duas
1758 3889 1774 3933 ι

285 3960 338 4025 in
375 3965 562 4045 prima
601 3972 786 4051 parte
834 3969 1014 4053 ponit
1057 3971 1521 4053 quaestionem3
1568 3974 1637 4038 in
1677 3992 1780 4040 se-

289 4070 457 4136 cunda
492 4075 904 4157 solutionem,
936 4076 1026 4141 ibi
1057 4100 1073 4142 :
1105 4078 1249 4145 Non
1276 4084 1366 4146 est
1391 4087 1605 4149 autem
1631 4097 1779 4149 con-

287 4175 586 4248 cedendum
637 4183 853 4250 eodem
896 4184 1105 4251 modo.
1161 4184 1373 4251 Tertia
1428 4205 1611 4270 pars,
1669 4189 1780 4253 ubi

287 4285 430 4362 ponit
462 4289 999 4373 explanationem,
1032 4292 1337 4358 dividitur
1378 4293 1448 4357 in
1491 4295 1679 4372 duas,
1711 4296 1779 4361 in

288 4406 518 4471 quarum
541 4397 750 4482 prima
777 4399 958 4483 ponit
996 4418 1203 4466 unum
1229 4401 1613 4486 explanandi
1640 4421 1783 4469 mo-

289 4499 413 4568 dum
456 4511 798 4576 secundum
854 4511 1341 4594 Augustinum3
1388 4514 1459 4578 in
1507 4516 1786 4582 secunda

289 4606 480 4690 alium,
505 4615 591 4681 ihi
625 4638 642 4682 :
675 4617 889 4686 Potest
927 4620 1128 4686 etiam
1164 4619 1305 4690 dici
1339 4621 1633 4691 Christus
1677 4638 1782 4691 se-

287 4718 520 4790 mondum
536 4723 878 4806 hominem,
905 4730 1023 4791 etc.

1882 640 2034 703 nata
2059 655 2190 703 una
2225 654 2495 721 persona
2513 686 2531 718 ,
2562 637 2767 703 multo
2794 637 3013 703 minus
3048 634 3433 717 intelligitur

1881 742 2027 808 8118.
2060 742 2252 824 Item,
2283 744 2338 808 si
2371 744 2698 809 nominata
2727 761 2860 809 una
2887 760 3160 825 persona
3195 740 3435 807 intelli-

1881 852 2060 934 gitur
2088 852 2240 931 alia,
2269 871 2427 934 ergo
2463 853 2630 917 dicto
2674 851 2848 935 quod
2895 850 3080 917 Pater
3124 851 3429 932 generet,

1881 958 2136 1025 videtur
2162 960 2338 1044 quod
2366 959 2569 1025 Filius
2593 962 2881 1042 generet.

1962 1064 2147 1150 Resp.
2184 1064 2531 1131 Dicendum
2557 1066 2730 1149 quod
2766 1064 2952 1131 Pater
2987 1066 3195 1149 potest
3217 1064 3434 1130 nomi-

1881 1173 2022 1238 nari
2057 1178 2348 1256 respectu
2373 1179 2552 1240 actus
2577 1173 3007 1240 substantialis
3026 1221 3044 1253 ,
3083 1173 3184 1239 vel
3209 1189 3433 1256 perso-

1881 1281 2065 1344 nalis.
2103 1280 2170 1346 Si
2194 1286 2485 1366 respectu
2513 1283 2866 1348 essentialis
2890 1286 3091 1358 actus,
3125 1281 3279 1364 quia
3300 1298 3434 1345 una

1881 1388 2152 1451 essentia
2179 1389 2367 1453 estin
2391 1388 2598 1453 tribus
2614 1436 2632 1466 ‚
2664 1394 2729 1453 et
2767 1387 3079 1472 quidquid
3104 1388 3434 1453 essentiale

1881 1496 2180 1560 convenit
2216 1496 2358 1575 uni,
2406 1495 2704 1562 convenit
2748 1499 2813 1560 et
2851 1496 3072 1574 alteri;
3111 1514 3244 1560 una
3287 1514 3435 1579 per-

1880 1621 2040 1668 sona
2064 1603 2391 1669 nominata
2412 1652 2430 1683 ,
2460 1603 2833 1668 nominatur
2858 1607 2921 1669 et
2962 1602 3161 1668 altera
3185 1621 3299 1687 per
3325 1620 3437 1668 ne·

1881 1712 2238 1777 cessitatem
2266 1711 2759 1795 consequentiae,
2787 1711 3070 1777 maxime
3088 1729 3239 1776 cum
3257 1714 3436 1776 actus

1881 1819 1986 1883 ille
2010 1823 2106 1884 est
2131 1825 2422 1904 respectu
2448 1821 2713 1886 effectus
2742 1820 2968 1898 creati,
2999 1821 3068 1885 in
3103 1838 3235 1904 quo
3262 1817 3437 1884 relu-

1882 1931 2027 1992 cent
2055 1929 2462 2012 appropriata
2489 1927 2695 1993 tribus
2722 1927 3030 2012 personis.
3052 1926 3129 1992 Et
3156 1926 3245 1991 sic
3266 1930 3439 2010 patet

1881 2036 2209 2119 responsio
2248 2036 2328 2101 ad
2367 2040 2710 2119 utramque
2743 2035 3165 2119 objectionem
3198 2055 3213 2098 ε
3255 2038 3436 2098 utra-

1881 2162 2010 2226 que
2054 2142 2230 2208 enim
2279 2143 2477 2209 currit
2515 2142 2868 2209 secundum
2917 2140 3434 2226 praedicationem

1881 2249 2167 2334 aliquam
2186 2299 2206 2330 ,
2234 2251 2407 2335 quod
2434 2252 2522 2316 ita
2548 2251 2865 2333 contingit
2902 2249 3057 2326 uni,
3090 2248 3263 2332 quod
3306 2248 3432 2313 alio

1884 2358 2073 2423 modo
2103 2362 2199 2424 ost
2225 2368 2529 2425 extranea
2553 2358 2758 2424 alteri.

2529 2613 2668 2662 DUB.
2708 2612 2775 2658 11.

1882 2773 1981 2834 Qui
2006 2778 2290 2826 nascuntur
2316 2788 2382 2826 ex
2407 2789 2542 2840 aqua
2567 2778 2619 2827 et
2651 2776 2842 2839 Spiritu
2868 2779 3047 2827 sancto
3067 2811 3084 2839 ‚
3136 2787 3244 2826 non
3280 2786 3428 2840 aqum

1991 2852 2146 2917 filios,
2175 2858 2294 2919 etc„
2323 2856 2414 2906 sed
2438 2855 2536 2908 Dei
2564 2855 2747 2921 Patris,
2778 2859 2831 2908 ct
2854 2855 3032 2906 matris
3061 2853 3317 2906 Ecclesia.

1962 3002 2194 3069 Contra
2223 3026 2239 3067 :
2274 3004 2341 3068 Si
2381 3022 2515 3069 non
2541 3005 2774 3071 dicitur
2809 3008 3015 3071 mater
3041 3005 3167 3071 nisi
3198 3021 3431 3070 secun-

1883 3111 2041 3177 dum
2081 3112 2364 3197 aliquam
2416 3113 2925 3194 translationem,
2971 3118 3035 3179 et
3081 3110 3429 3178 similitudo

1884 3220 2256 3285 translativa
2283 3224 2489 3305 potest
2533 3223 2795 3307 reperiri
2836 3223 2909 3286 in
2948 3241 3148 3306 aqua,
3176 3221 3344 3287 sicut
3368 3223 3433 3285 et

1883 3326 1953 3391 in
1994 3326 2290 3408 Ecclesia,
2342 3329 2596 3396 videtur
2640 3331 2813 3415 quod
2861 3330 3103 3414 possint
3141 3329 3265 3395 dici
3314 3329 3432 3394 filii

1883 3452 2096 3518 aquae,
2121 3436 2285 3501 sicut
2312 3437 2427 3502 mii
2463 3437 2776 3503 Ecclesiae.
2806 3436 3003 3502 Juxta
3041 3437 3164 3503 hoc
3188 3437 3429 3520 quaeri-

1885 3546 2021 3622 tur,
2051 3562 2203 3608 cum
2230 3544 2585 3611 lumbricus
2614 3546 2984 3610 naturaliter
3010 3548 3308 3610 nascatur
3346 3563 3429 3609 ex

1886 3649 2169 3728 homine,
2200 3670 2398 3734 quare
2427 3670 2556 3716 non
2583 3652 2814 3717 dicitur
2842 3652 3014 3717 filius
3037 3653 3205 3734 ejus.

1967 3757 2153 3841 Resp.
2181 3759 2531 3824 Dicendum
2558 3760 2730 3843 quod
2762 3760 2973 3827 Filius
2998 3762 3060 3823 et
3082 3758 3276 3827 Pater
3301 3777 3432 3824 non

1886 3865 2100 3930 solum
2127 3865 2429 3931 dicuntur
2462 3867 2544 3931 ab
2572 3865 2844 3948 originis
2882 3865 3259 3931 habitudine
3275 3913 3295 3945 ,
3324 3865 3435 3931 sed

1887 3971 2118 4038 debent
2200 3974 2437 4039 habere
2496 3992 2865 4057 expressam
2925 3973 3430 4039 similitudinem.

1889 4078 2212 4157 Quoniam
2249 4100 2409 4163 ergo
2451 4101 2623 4166 aqua
2659 4099 2792 4146 non
2835 4082 3027 4147 babet
3069 4098 3435 4165 expressam

1891 4188 2375 4253 similitudinem
2412 4189 2495 4254 ad
2540 4208 2692 4254 eum
2732 4188 2846 4273 qui
2890 4188 3279 4267 renascitur,
3327 4185 3447 4258 ssd

1889 4295 2103 4378 potius
2150 4296 2231 4360 ad
2275 4296 2552 4378 gratiam
2574 4343 2592 4373 ‚
2635 4315 2749 4379 per
2791 4314 2988 4379 quam
3040 4295 3424 4372 renascitur3

1890 4402 2165 4468 Ecclesia
2202 4408 2418 4468 autem
2456 4422 2822 4487 expressam
2852 4404 3044 4468 habet
3067 4401 3436 4466 similitudi-

1889 4528 2042 4575 nem
2069 4509 2149 4575 ad
2177 4528 2329 4576 eum
2354 4511 2469 4593 qui
2506 4511 2573 4574 in
2617 4528 2693 4575 ea
2724 4510 3007 4575 nascitur
3031 4558 3050 4585 ,
3080 4508 3234 4592 quia
3272 4507 3438 4573 nihil

1889 4618 2064 4685 aliud
2107 4624 2200 4685 est
2238 4639 2437 4704 quam
2475 4619 2887 4702 congregatio
2926 4618 3216 4683 fidelium
3246 4638 3263 4682 ι
3294 4615 3437 4682 ideo

1888 4726 2096 4793 renati
2122 4746 2205 4793 ex
2241 4746 2412 4811 aqua
2448 4727 2752 4794 dicuntur
2779 4726 2896 4791 mii
2937 4725 3257 4805 Ecdesiae,
3301 4741 3435 4790 non

1783 4867 1788 4870 ·
1888 4834 2010 4900 filii
2028 4852 2239 4917 aquae.
2267 4833 2388 4901 Per
2413 4835 2581 4900 hanc
2606 4834 2897 4900 eamdem
2922 4833 3239 4898 rationem
3263 4830 3435 4898 lum-

897 4964 1038 5011 DUB.
1076 4963 1123 5011 1.

387 5114 477 5167 Sed
497 5115 663 5181 potius
684 5129 794 5169 uno
813 5114 1084 5168 nominato
1098 5152 1117 5180 ‚
1139 5119 1245 5168 tres
1271 5115 1638 5184 intelliguntur.

1890 4940 2108 5007 bricus
2142 4960 2273 5007 non
2300 4942 2487 5008 debet
2511 4942 2635 5007 dici
2660 4941 2832 5007 fllius
2855 4939 3168 5019 hominis,
3198 4958 3436 5023 quam-

1890 5049 1993 5119 vis
2016 5069 2100 5116 ex
2120 5050 2257 5134 ipso
2284 5053 2615 5129 nascatur,
2648 5068 2763 5134 per
2789 5050 2912 5115 hoc
2935 5049 3109 5131 quod
3138 5066 3272 5113 non
3315 5049 3435 5114 ha-

1889 5161 1997 5226 bet
2040 5160 2122 5224 ad
2165 5176 2322 5224 eum
2362 5158 2867 5225 similitudinem.
2918 5156 2997 5223 Et
3056 5157 3202 5224 ideo
3264 5161 3433 5223 recte

347 5263 644 5350 objicitur.
675 5269 729 5337 N
732 5271 1022 5337 ominata
1057 5270 1350 5349 essentia,
1382 5288 1518 5336 non
1542 5271 1623 5337 de
1658 5289 1777 5336 ne-

286 5372 526 5441 cessitate
561 5378 945 5463 intelligitur
989 5395 1263 5461 persona
1302 5397 1321 5440 z
1363 5394 1522 5459 ergo
1561 5378 1774 5444 nomi-

341 5497 354 5530 ·
378 5500 506 5565 Aug„
534 5502 807 5569 uuoltin-id„
837 5518 892 5555 c.
914 5513 1106 5555 xxxix.
1130 5516 1186 5554 n.
1215 5505 1293 5554 ¹2.

1888 5267 2298 5350 Augustinus
2325 5269 2347 5306 ²
2395 5264 2694 5348 infringit
2750 5264 2910 5333 illud
2968 5268 3429 5349 argumentum
3505 5315 3675 5359 rimo

1887 5393 2004 5460 per
2042 5374 2155 5439 illa
2190 5373 2531 5456 exemplat
2572 5395 2602 5434 α
2637 5371 2774 5439 Hoc
2813 5372 3097 5439 nascitur
3139 5392 3224 5439 ex
3266 5372 3377 5439 illo
3409 5396 3424 5438 ε
3458 5382 3675 5498 augur}-

1889 5499 2048 5567 ergo
2073 5485 2172 5547 cst
2195 5481 2368 5547 tilius
2392 5483 2556 5564 ejus,
2585 5502 2617 5541 n
2651 5480 2806 5563 quia
2831 5480 3055 5547 filiatio
3080 5482 3227 5564 plus
3249 5480 3425 5559 dicit,
3457 5505 3657 5619 &aaz
