4185 6288
319 2898 454 2944 virie

565 432 687 494 270

562 578 697 625 non
723 562 943 628 debuit
966 563 1130 629 Deus
1155 564 1226 630 in
1255 584 1372 630 sua
1397 567 1830 633 incarnatione
1855 571 2059 634 facere
2086 617 2105 647 ,

560 668 720 749 quin
747 671 958 753 potius
986 672 1376 739 destructum
1404 674 1696 740 ordinem
1736 676 1954 741 debuit
1998 696 2110 741 re-

557 793 806 858 parare.

639 881 795 948 Item
863 885 1248 967 principium
1291 888 1484 953 totius
1536 890 1968 972 generationis
2011 896 2107 956 est

557 1007 750 1055 sexus
772 991 1010 1070 virilis,
1044 1012 1199 1058 nam
1227 1014 1311 1060 ex
1336 1015 1470 1062 uno
1512 997 1653 1062 viro
1691 1016 1914 1063 omnes
1945 1001 2105 1065 :sed

555 1099 751 1167 homo
774 1109 1137 1188 assumptus
1162 1106 1384 1172 debuit
1414 1127 1549 1173 esse
1591 1110 1976 1193 principium
2002 1116 2100 1176 to·

555 1213 685 1278 tius
708 1216 1137 1297 generationis
1159 1220 1536 1301 spiritualis:
1564 1240 1696 1286 non
1725 1241 1885 1304 ergo
1907 1241 2101 1289 sexus

554 1322 907 1404 muliebris,
936 1325 1045 1390 sed
1071 1325 1297 1391 virilis.

634 1428 815 1510 Item,
843 1431 896 1495 si
937 1434 1381 1516 assumpsisset
1422 1455 1653 1500 sexum
1690 1438 2095 1518 muliebrem,

550 1558 709 1622 ergo
736 1559 886 1606 cum
913 1545 1027 1607 fiat
1053 1547 1544 1612 communicatio
1571 1548 1972 1628 idiomatum,
1994 1551 2098 1615 de-

549 1647 726 1712 beret
751 1650 873 1714 dici
899 1652 1017 1716 dea
1036 1700 1054 1730 ,
1084 1657 1148 1717 et
1185 1653 1440 1718 deberet
1483 1656 1602 1720 dici
1643 1657 1797 1722 fllia.
1830 1657 1899 1722 Si
1937 1676 2096 1740 ergo

547 1772 678 1819 non
719 1756 895 1821 decet
929 1777 1063 1823 esse
1091 1760 1211 1823 nisi
1254 1760 1455 1826 Deum
1499 1767 1559 1826 et
1601 1762 1838 1829 Filium
1878 1766 1949 1828 in
1989 1765 2097 1827 illa

544 1880 801 1928 summa
862 1864 1164 1931 Trinitate
1185 1916 1203 1946 ,
1266 1885 1398 1931 non
1447 1869 1632 1933 deam
1691 1875 1805 1935 aut
1854 1871 2052 1934 filiam
2071 1919 2089 1949 ,

543 1970 723 2035 nullo
781 1974 971 2038 modo
1021 1972 1233 2039 decuit
1280 1975 1482 2040 Deum
1534 1995 1858 2042 assumere
1912 1978 2094 2042 femi-

541 2094 716 2141 nam.

1082 2253 1533 2323 CONCLUSIO.

539 2398 672 2456 Gmn
697 2404 969 2461 maswlus
994 2405 1195 2462 habeat
1219 2407 1548 2478 dignitatem
1576 2411 1639 2464 in
1659 2412 2082 2483 principando,

605 2492 864 2549 virtutem
894 2500 1335 2566 proestantiorem
1372 2501 1434 2554 in
1462 2502 1738 2571 operando
1760 2542 1775 2568 ,
1821 2506 1869 2557 et
1909 2502 2084 2558 domi-

606 2582 757 2636 nium
771 2585 833 2638 in
851 2585 1187 2654 proesidendo
1200 2606 1218 2655 ς
1246 2588 1364 2644 ideo
1388 2588 1563 2644 decuit
1590 2593 1847 2646 naturam
1874 2594 1936 2648 in
1953 2608 2085 2649 sewu

605 2671 933 2740 masculino,
963 2679 1015 2730 et
1042 2691 1149 2732 non
1175 2678 1438 2745 feminino
1466 2682 1632 2735 Deum
1658 2696 1936 2738 aswmere.

617 2829 804 2913 Resp.
842 2833 922 2897 ad
948 2853 1093 2916 arg.
1126 2836 1469 2903 Dicendum
1497 2841 1670 2923 quod
1701 2842 1941 2925 absque
1969 2842 2083 2908 du-

300 2963 410 3006 οι,ηρ
414 2912 500 3005 023¹.
538 2932 641 2998 bio
682 2954 816 3001 non
825 2938 948 3003 ita
985 2942 1198 3007 decuit
1235 2943 1439 3008 Deum
1480 2965 1805 3012 assumere
1850 2967 2080 3013 sexum

315 3032 366 3070 “¹
331 3028 490 3084 ‘⁵⁶³⁹'
466 3041 903 3125 ’femineum,
930 3047 1093 3113 sicut
1117 3050 1413 3116 virilem
1396 3071 1466 3116 ιιι
1491 3054 1739 3119 unitate
1763 3074 2073 3138 personae.

529 3148 608 3212 Et
634 3152 795 3217 ratio
820 3154 1018 3238 hujus
1042 3162 1158 3238 est,
1190 3160 1345 3242 quia
1372 3163 1703 3228 muliebris
1727 3182 1920 3229 sexus
1944 3184 2076 3230 non

523 3262 620 3322 est
666 3263 862 3326 tantae
906 3262 1234 3345 dignitatis
1254 3315 1272 3345 ,
1318 3269 1480 3334 sicut
1525 3271 1750 3335 virilis.
1810 3271 2076 3338 Excellit

519 3366 693 3430 enim
736 3387 932 3434 sexus
961 3372 1167 3438 virilis
1207 3378 1619 3457 muliebrem,
1654 3383 1719 3443 et
1757 3385 2071 3463 quantum

518 3477 599 3540 ad
627 3478 1012 3559 dignitatem
1039 3483 1110 3547 in
1136 3486 1580 3570 principiando
1603 3537 1620 3566 ,
1651 3494 1716 3553 et
1754 3496 2071 3571 quantum

516 3584 598 3648 ad
625 3587 931 3653 virtutem
958 3590 1029 3653 in
1053 3592 1304 3672 agendo
1323 3641 1340 3670 ‚
1371 3601 1433 3658 et
1458 3601 1774 3677 quantum
1819 3598 1900 3662 ad
1926 3617 2071 3663 auo-

515 3694 835 3760 toritatem
863 3698 928 3760 in
958 3701 1374 3780 praesidendo.
1398 3701 1724 3779 Quantum
1751 3706 1832 3769 ad
1858 3707 2067 3788 digni-

517 3804 714 3864 tatem
740 3803 810 3866 in
837 3805 1280 3890 principiando
1297 3856 1315 3886 ,
1347 3810 1502 3893 quia
1532 3829 1757 3876 omnes
1781 3816 1914 3876 tam
1944 3815 2067 3878 viri

515 3926 712 3990 quam
759 3912 1060 3977 mulieres
1102 3933 1185 3978 ex
1229 3935 1362 3981 uuo
1416 3918 1558 3982 viro
1608 3919 1870 3983 fuerunt
1930 3938 1949 3983 ε
1996 3920 2065 3983 in

514 4035 644 4099 quo
673 4025 766 4084 est
793 4039 1091 4103 expressa
1116 4026 1595 4106 repraesentatio
1622 4044 1922 4108 egressus
1959 4028 2068 4091 re-‘

512 4142 662 4189 rum
694 4128 776 4190 ab
809 4128 921 4191 illo
946 4129 1137 4193 unico
1175 4131 1494 4214 principio
1533 4132 1744 4214 primo
1787 4137 1852 4197 et
1893 4151 2066 4197 sum-

512 4250 641 4296 mo.
679 4234 999 4310 Quantum
1022 4238 1101 4300 ad
1130 4238 1437 4302 virtutem
1468 4238 1538 4303 in
1561 4240 1814 4320 agendo
1836 4240 2059 4303 simili-

512 4342 608 4402 ter
664 4342 999 4423 praecellit,
1047 4345 1355 4426 quoniam
1408 4345 1534 4409 viri
1581 4349 1676 4409 est
1718 4364 1954 4428 agere,
1998 4352 2063 4411 et

510 4446 796 4511 mulieris
826 4453 921 4513 est
949 4453 1098 4532 pati.
1131 4450 1308 4516 Unde
1333 4452 1477 4535 plus
1511 4452 1704 4518 habet
1740 4472 1934 4518 sexus
1958 4455 2060 4521 vi-

505 4552 641 4617 rilis
678 4554 756 4619 de
783 4556 1023 4621 virtute
1053 4558 1261 4622 activa
1301 4581 1315 4622 :
1349 4563 1609 4642 propter
1635 4561 1806 4643 quod
1851 4565 1914 4624 et
1957 4579 2060 4624 ro-

504 4659 750 4725 bustior
775 4666 870 4726 est
907 4668 971 4727 et
1013 4683 1113 4741 re,
1143 4672 1208 4730 et
1244 4667 1701 4731 nominatione.
1730 4665 2056 4744 Quantum

504 4767 583 4829 ad
623 4770 1062 4835 auctoritatem
1105 4772 1172 4835 in
1221 4774 1619 4856 praesidendo
1649 4774 1842 4839 etiam
1885 4793 2056 4857 prae-

503 4875 714 4941 cellit.
748 4898 901 4944 nam
930 4882 1282 4946 secundum
1317 4887 1563 4948 rectum
1604 4883 1893 4948 ordinem
1920 4902 2053 4948 non

503 4983 738 5047 mulier
762 4986 940 5067 viro,
971 4988 1080 5052 sed
1107 4990 1210 5053 vir
1238 4991 1589 5072 praeflcitur
1615 4990 1891 5066 mulieri,
1917 4995 2053 5054 tan·

502 5106 699 5171 quam
734 5099 925 5175 caput
961 5096 1232 5179 corpori,
1282 5098 1446 5162 sicut
1490 5098 1642 5163 dicit
1681 5098 2042 5181 Apostolus.

502 5197 817 5275 Quoniam
844 5223 1002 5288 ergo
1027 5206 1097 5270 in
1122 5205 1328 5272 Verbo
1353 5213 1716 5274 assumente
1742 5213 2044 5273 naturam

499 5307 855 5375 humanam
892 5317 987 5376 est
1030 5315 1354 5397 praecipua
1387 5314 1666 5397 dignitas
1702 5315 1772 5377 in
1805 5315 2042 5397 princi·-

1683 401 2310 501 sssn‘rssnruffl'uu
2351 436 2501 505 Lm.
2546 439 2655 505 111.

2223 573 2294 637 in
2318 574 2755 656 praesidend03
2787 575 2939 641 binc
2971 580 3067 642 est
3103 578 3276 662 quod
3311 578 3522 661 magis
3558 578 3772 645 decuit

2220 698 2452 746 sexum
2482 681 2735 747 virilem
2756 731 2773 760 ,
2816 701 3014 765 quam
3040 683 3421 749 muliebrem
3461 687 3703 750 assumi
3729 706 3770 751 a

2218 786 2424 853 Verbo
2472 790 2783 868 increato;
2815 790 2968 874 quia
3002 791 3093 855 illi
3128 795 3376 856 naturae
3419 803 3766 876 assumptae

2218 894 2578 962 debuerunt
2612 899 2754 963 haec
2787 898 2913 963 tria
2950 899 3409 965 communicari
3447 899 3764 965 excellen-

2220 1005 2331 1066 ter.
2390 1002 2467 1068 Et
2512 1005 2652 1070 ideo
2702 1007 3117 1072 concedendae
3156 1010 3307 1071 sunt
3362 1007 3640 1072 rationes
3682 1008 3764 1073 ad

2212 1108 2380 1174 hanc
2405 1116 2671 1194 partem.

2295 1225 2355 1282 1.
2388 1220 2486 1284 Ad
2512 1221 2670 1285 illud
2696 1222 2867 1304 quod
2911 1221 3120 1305 primo
3164 1220 3459 1304 objicitur
3498 1220 3568 1285 in
3604 1238 3759 1285 con-

2214 1326 2507 1405 trarium,
2537 1328 2711 1411 quod
2736 1328 2929 1393 ruina
2953 1328 3074 1393 fuit
3106 1345 3220 1412 per
3260 1326 3597 1393 mulierem
3610 1376 3627 1407 ,
3658 1327 3763 1392 di-

2212 1435 2488 1500 cendum
2547 1437 2719 1519 quod
2763 1435 3059 1519 quamvis
3118 1435 3188 1498 in
3240 1453 3406 1501 sexu
3457 1434 3761 1500 muliebri

2210 1544 2401 1608 ruina
2425 1550 2642 1608 nostra
2659 1544 2778 1607 suit
2803 1543 3118 1622 inchoata,
3147 1542 3218 1607 in
3244 1561 3402 1608 sexu
3420 1545 3636 1607 tamen
3661 1541 3764 1607 vi·-

2207 1652 2314 1716 rili
2339 1657 2435 1715 est
2456 1657 2917 1717 consummata.
2949 1650 3028 1714 Et
3061 1651 3367 1734 quoniam
3390 1655 3607 1718 nostra
3645 1669 3760 1715 re-

2208 1750 2452 1842 paratio
2475 1761 2546 1824 in
2576 1765 2808 1825 natura
2832 1762 3159 1841 assumpta
3198 1757 3427 1824 habuit
3449 1776 3762 1824 consum-

2206 1868 2371 1930 mari
2396 1889 2413 1944 ;
2445 1867 2595 1932 hinc
2638 1872 2732 1932 est
2755 1867 2928 1950 quod
2960 1866 3314 1931 secundum
3340 1869 3579 1931 rectam
3607 1885 3753 1932 cor-

2204 1977 2717 2056 respondentiam
2756 1974 2967 2057 magis
3010 1973 3224 2039 decuit
3269 1974 3509 2055 virum,
3551 1992 3752 2056 quam

2160 2073 2163 2076 ’
2206 2083 2540 2148 mulierem
2566 2084 2826 2148 assumi.

2282 2196 2342 2255 2.
2373 2191 2472 2255 Ad
2495 2191 2654 2255 illud
2688 2191 2859 2274 quod
2905 2190 3206 2274 objicitur
3246 2189 3327 2253 de
3365 2188 3746 2270 fragilitate,

2200 2299 2541 2364 dicendum
2566 2299 2738 2382 quod
2766 2299 2854 2362 sic
2880 2314 3245 2379 congruum
3273 2296 3395 2360 suit
3422 2294 3750 2360 Christum

2199 2408 2453 2474 vincere
2475 2428 2590 2493 por
2607 2409 3016 2491 fragilitatem
3040 2407 3110 2472 in
3133 2404 3451 2489 patiendo,
3478 2409 3553 2470 ut
3577 2411 3750 2488 post-

2200 2515 2461 2579 modum‘
2527 2517 2810 2581 vinceret
2873 2534 2987 2598 per
3055 2514 3361 2579 virtutem
3402 2513 3470 2577 in
3523 2532 3742 2578 resur·

2195 2624 2408 2705 gendo
2453 2646 2469 2688 ι
2517 2627 2582 2688 et
2623 2624 2765 2689 ideo
2807 2641 3037 2688 sexum
3075 2621 3270 2687 talem
3309 2620 3530 2686 debuit
3569 2638 3746 2685 assu-

2196 2749 2393 2809 mere,
2432 2733 2588 2815 quia
2629 2732 2824 2797 etiam
2869 2731 3114 2813 fragilis
3155 2735 3321 2795 esset
3363 2730 3442 2792 ad
3487 2733 3745 2811 tempus

2192 2844 2448 2922 propter
2490 2840 2918 2922 passibilitatis
2957 2838 3350 2922 qualitatem,
3405 2840 3470 2901 et
3511 2835 3743 2899 nihilo-

2192 2948 2410 3010 minus
2457 2948 2537 3012 ad
2587 2948 2893 3012 virtutem
2956 2943 3325 3010 ordinabilis
3384 2942 3738 3008 secundum

2190 3054 2560 3137 qualitatem
2577 3060 2828 3119 naturae
2854 3074 2869 3116 ι
2894 3057 2958 3117 et
2980 3051 3263 3117 talisfuit
3287 3049 3491 3115 vizilis
3515 3068 3734 3132 sexus,

2188 3164 2419 3247 magis,
2440 3182 2637 3247 quam
2665 3162 3014 3228 muliebris.

2269 3278 2328 3336 3.
2365 3270 2465 3334 Ad
2505 3271 2664 3336 illud
2701 3271 2871 3353 quod
2898 3269 3198 3354 objicitur
3222 3267 3302 3333 de
3330 3266 3570 3331 unione
3594 3266 3728 3349 spi-

2185 3378 2348 3442 ritus
2372 3378 2697 3444 rationalis
2722 3378 2801 3442 ad
2827 3381 3179 3458 utrumque
3221 3392 3451 3439 sexum
3469 3422 3487 3454 ,
3519 3374 3735 3438 diceu-

2181 3486 2338 3550 dum
2387 3488 2560 3570 quod
2602 3505 2734 3551 non
2776 3489 2872 3549 est
2911 3484 3120 3548 simile
3166 3506 3181 3547 t
3213 3483 3531 3565 primum,
3575 3480 3732 3563 quia

2182 3594 2440 3677 spiritus
2482 3594 2703 3658 unitur
2743 3591 2993 3674 corpori
3020 3591 3142 3669 ita,
3185 3589 3358 3671 quod
3400 3588 3611 3653 ex-bis
3652 3588 3732 3653 fit

2179 3719 2410 3780 unum,
2441 3704 2505 3766 et
2522 3719 2655 3765 non
2672 3704 2768 3765 est
2792 3696 3284 3763 communicatio
3303 3695 3680 3759 idiomatum
3704 3715 3722 3759 ε

2179 3824 2311 3871 ιιοιι
2354 3809 2444 3872 sic
2469 3811 2684 3873 autem
2720 3806 2799 3871 de
2824 3804 3032 3871 Verbo
3071 3807 3312 3868 aeterno
3325 3850 3347 3880 ,
3376 3800 3550 3884 quod
3576 3818 3729 3865 ma-

2177 3918 2287 3978 net
2338 3915 2409 3978 in
2450 3933 2568 3979 sua
2611 3914 2993 3997 proprietate
3013 3961 3033 3991 ,
3081 3908 3563 3976 communicans
3599 3907 3721 3971 ho-

2179 4023 2337 4087 mini
2376 4029 2702 4108 assumpto
2742 4041 2892 4087 suas
2937 4020 3384 4105 proprietates,
3428 4016 3514 4082 ad
3557 4033 3723 4099 quas

2175 4130 2738 4196 communicandas
2770 4130 2981 4211 magis
3022 4147 3214 4193 sexus
3246 4126 3488 4207 virilis,
3521 4142 3725 4208 quam

2174 4238 2507 4303 muliebris
2534 4243 2900 4323 competens
2925 4241 3084 4303 erat.
3116 4234 3432 4300 Praeterea
3465 4250 3596 4295 non
3622 4234 3720 4294 est

2172 4345 2379 4409 simile
2399 4394 2417 4424 ,
2446 4347 2598 4429 quia
2624 4346 2883 4429 spiritus
2906 4344 3221 4407 increatus
3254 4344 3350 4405 est
3385 4338 3714 4404 nobilissi-

2172 4470 2342 4531 muS,
2363 4457 2427 4516 et
2452 4452 2610 4517 unio
2635 4471 2764 4535 qua
2794 4451 2933 4515 unit
2956 4450 3080 4515 sibi
3103 4453 3389 4514 nostram
3413 4450 3714 4513 naturam

2169 4559 2239 4623 in
2270 4577 2540 4642 persona
2578 4563 2672 4623 est
2696 4554 3122 4639 nobilissima3
3151 4560 3217 4622 et
3256 4555 3397 4621 ideo
3431 4554 3714 4620 nobilio-

2167 4684 2305 4730 rem
2334 4684 2563 4731 sexum
2589 4665 2807 4730 debuit
2831 4682 3178 4730 assumere.
3209 4662 3351 4730 Non
3375 4662 3470 4727 sic
3491 4666 3712 4727 autem

2165 4783 2261 4841 est
2283 4777 2362 4842 de
2390 4778 2621 4861 spiritu
2647 4778 2958 4842 rationali.

2243 4888 2306 4947 4.
2356 4884 2456 4950 Ad
2496 4884 2654 4949 illud
2690 4884 2866 4967 quod
2916 4884 3243 4968 objicitur,
3283 4881 3455 4966 quod
3497 4882 3713 4965 pmles

2161 4990 2348 5056 debet
2398 4991 2734 5056 assimilari
2780 5009 2898 5056 suo
2955 4990 3306 5074 principie,
3362 4989 3707 5055 dicendum

2160 5100 2334 5181 quod
2359 5099 2517 5163 illud
2542 5106 2637 5165 est
2661 5117 2915 5179 verum,
2945 5097 3199 5180 quando
3225 5096 3520 5181 producit
3545 5116 3704 5181 pro-

2157 5206 2283 5272 lem
2325 5207 2590 5272 omnino
2632 5208 2985 5273 secundum
3026 5208 3351 5290 propriam
3393 5205 3703 5272 virtutem

2156 5318 2404 5379 naturae
2435 5332 2571 5379 suae
2584 5337 2601 5394 ;
2628 5332 2761 5379 non
2785 5314 2877 5378 sic
2901 5318 3116 5378 autem
3141 5317 3235 5377 est
3258 5313 3328 5376 in
3346 5313 3697 5396 propoffltm

499 5415 763 5497 piando,
794 5423 859 5483 et
903 5420 1108 5485 virtus
1150 5422 1220 5486 in
1261 5422 1544 5503 agendo,
1575 5424 1640 5485 et
1680 5421 2041 5488 dominium
2153 5440 2308 5487 nam
2333 5419 2531 5504 Virgo
2577 5422 2863 5505 concepit
2890 5426 3067 5487 mota
3102 5425 3169 5484 et
3197 5420 3416 5502 adjuta
3449 5419 3704 5504 Spiritu
