4185 6288
0 4649 85 4706 pin.
111 4651 157 4692 ί.

1163 454 1364 522 nts'r.
1405 454 1595 522 XXss'.
1641 454 1824 524 ΛΒΤ.
1869 458 1920 523 1.
1964 454 2269 536 QUAEST.
2314 459 2423 525 111.

206 595 549 676 certitudo,
574 612 705 678 qua
738 593 1060 659 credimus
1101 610 1221 658 nos
1262 595 1752 672 resurrecturos,

210 704 477 769 fundata
532 704 628 766 est
695 718 893 783 supra
950 716 1174 764 veram
1228 698 1754 763 resurrectionem

210 807 470 872 Christi.
502 807 598 872 Ad
626 808 750 872 hoc
775 810 990 872 autem
1017 804 1188 888 quod
1215 807 1457 869 constet
1473 805 1660 869 nobis
1677 805 1756 870 de

209 916 478 979 veritate
503 913 986 980 resurrectionis
1013 911 1266 991 Christi,
1309 911 1439 975 duo
1487 929 1752 976 concur·

205 1025 362 1085 runt
411 1044 426 1087 :
472 1022 755 1105 primum
782 1026 880 1086 est
898 1068 916 1097 ‚
958 1018 1130 1103 quod
1174 1023 1610 1101 opportunum
1657 1022 1755 1082 est

209 1130 383 1212 quod
412 1134 653 1194 constet
691 1129 767 1194 de
816 1128 1084 1194 veritate
1105 1127 1367 1204 mortis;
1396 1126 1751 1191 secundum

209 1241 325 1316 est,
358 1237 530 1318 quod
585 1242 830 1321 oportet
879 1236 1050 1317 quod
1098 1239 1341 1299 constet
1384 1235 1460 1298 de
1486 1234 1754 1298 veritate

205 1345 672 1427 conjunctionis
698 1344 940 1409 iteratae
966 1343 1200 1407 animae
1226 1346 1290 1406 et
1310 1342 1542 1406 carnis.
1571 1339 1751 1406 Veri-

208 1456 307 1514 tas
334 1452 558 1516 mortis
584 1469 717 1516 non
745 1451 1126 1516 constitisset
1150 1449 1355 1526 nobis,
1389 1448 1444 1512 si
1467 1447 1752 1513 Christus

210 1561 428 1623 statim
473 1559 955 1637 resurrexisset;
999 1557 1110 1622 sed
1162 1556 1469 1639 potuisset
1521 1555 1752 1638 aliquis

205 1667 515 1750 suspicari
543 1668 753 1749 ipsum
783 1666 1042 1729 tinxisse
1070 1683 1137 1728 se
1189 1669 1540 1728 mortuum.
1564 1663 1751 1730 Veri-

203 1778 302 1836 tas
345 1775 588 1837 iteratae
617 1772 1079 1854 conjunctionis
1105 1789 1232 1835 non
1270 1770 1669 1847 constitisset,
1696 1772 1750 1834 si

207 1880 497 1946 Christus
520 1881 732 1946 adhuc
755 1899 887 1945 non
918 1879 1398 1945 resurrexisset:
1428 1897 1586 1960 ergo
1635 1896 1747 1962 po·

211 1988 342 2053 tius
359 1993 568 2072 posset
593 1989 740 2071 quis
762 1988 1116 2071 desperare,
1148 2003 1343 2068 quam
1373 1989 1745 2069 expectare:

202 2096 339 2160 imo
368 2100 535 2160 certe
562 2097 615 2159 si
642 2114 773 2160 non
792 2095 1261 2173 resurrexisset,
1284 2093 1441 2158 fides
1468 2094 1537 2158 16
1562 2113 1750 2177 apos-

199 2204 348 2268 tolis
391 2204 654 2268 omnino
712 2202 1054 2279 defecisset,
1108 2219 1228 2265 nec
1272 2201 1503 2284 aliquis
1554 2202 1750 2266 fuisse

207 2310 529 2375 Christum
553 2309 755 2375 Deum
795 2309 1095 2387 crederet,
1128 2308 1236 2372 sed
1263 2308 1590 2373 hominem
1620 2327 1749 2390 pu-

198 2433 376 2480 rum.
409 2414 673 2481 Necesse
701 2434 857 2496 ergo
884 2416 1027 2492 fuit,
1057 2419 1318 2497 propter
1339 2418 1573 2478 nostrae
1599 2414 1749 2478 fidei

203 2523 542 2588 veritatem
617 2528 680 2586 et
734 2523 1137 2599 firmitatem,
1217 2522 1748 2586 resurrectionem

208 2629 436 2695 Christi
455 2630 813 2710 accelerari,
839 2648 957 2694 nec
970 2633 1185 2693 tamen
1214 2629 1370 2693 adeo
1384 2629 1742 2703 accelerari,

201 2737 364 2819 quin
397 2738 908 2802 manifestaretur
926 2738 1160 2801 veritas
1188 2736 1442 2800 mortis:
1464 2735 1605 2800 ideo
1634 2754 1747 2799 us-

203 2862 335 2927 que
358 2844 437 2909 ad
461 2848 720 2909 tertium
739 2846 908 2909 diem
923 2844 1183 2924 distulit,
1206 2849 1268 2908 et
1289 2862 1418 2907 non
1442 2842 1743 2926 amplius,

202 2951 358 3033 quia
382 2970 495 3033 per
519 2956 771 3034 tempus
797 2951 954 3016 illud
995 2968 1148 3016 vere
1175 2954 1419 3033 poterat
1445 2951 1747 3014 manifes-

197 3058 323 3122 tari
361 3058 558 3123 fuisse
601 3064 895 3123 mortuus
940 3059 1308 3141 :requievit
1360 3077 1549 3139 ergo,
1582 3059 1748 3122 sicut

203 3165 355 3230 dicit
377 3165 533 3230 fides
559 3172 808 3244 nostra,
839 3186 955 3250 per
997 3168 1289 3234 triduum
1332 3167 1401 3230 in
1430 3167 1741 3251 sepulcre.

203 3271 350 3337 Non
373 3279 590 3337 tamen
612 3293 729 3356 per
757 3279 882 3338 tres
906 3274 1040 3339 dies
1063 3275 1351 3356 integros
1372 3279 1435 3338 et
1462 3275 1744 3357 comple-

202 3385 341 3458 tos;
374 3380 483 3445 sed
508 3400 624 3463 per
642 3381 935 3446 ultimam
962 3386 1211 3464 partem
1237 3382 1360 3446 diei
1377 3379 1664 3461 VeneriS‚
1683 3385 1748 3446 61

206 3506 326 3570 per
362 3488 638 3570 primam
683 3493 931 3572 partem
971 3488 1316 3554 Dominicae
1346 3488 1494 3565 diei,
1525 3493 1590 3553 et
1631 3507 1746 3571 per

203 3600 405 3660 totam
449 3595 618 3660 diem
660 3594 938 3675 Sabbati‚
968 3596 1058 3661 ita
1090 3596 1264 3679 quod
1297 3596 1611 3679 requietio
1637 3595 1746 3659 illa

204 3719 322 3786 per
348 3702 636 3767 triduum
677 3703 1092 3785 intelligenda
1132 3709 1227 3768 est
1271 3722 1382 3788 per
1430 3703 1745 3786 synecdo-

202 3809 395 3874 chen.
425 3809 504 3874 Et
521 3811 589 3874 in
615 3810 738 3875 hoc
765 3829 988 3876 omnes
1010 3812 1213 3876 sancti
1229 3811 1631 3889 concordant,
1660 3810 1745 3873 li-

204 3921 309 3982 cet
334 3918 414 3981 de
454 3916 617 3983 hora
656 3920 958 4002 temporis
986 3919 1280 3984 videatur
1314 3938 1452 3984 esse
1487 3922 1746 3982 contro-

204 4025 438 4091 versia.
485 4022 648 4089 Nam
686 4025 950 4109 quidam
977 4025 1281 4092 videntur
1333 4026 1540 4090 dicere
1574 4025 1746 4107 quod

204 4130 490 4197 surrexit
539 4131 749 4197 media
797 4136 1011 4212 nocte3
1050 4132 1311 4215 quidam
1357 4148 1536 4210 vem,
1574 4131 1746 4215 quod

205 4240 489 4305 surrexit
514 4239 584 4303 16
609 4257 862 4304 661016.
879 4238 1062 4304 Ratio
1086 4243 1301 4304 autem
1325 4239 1440 4323 huj
1448 4258 1526 4304 65
1545 4240 1749 4307 diver-

206 4348 413 4413 sitatis
437 4352 532 4413 est
556 4367 675 4431 pro
718 4366 816 4428 eo,
847 4347 1018 4432 quod
1046 4348 1446 4413 considerant
1488 4348 1749 4414 diversi-

207 4457 398 4522 mode
421 4456 493 4520 in
539 4455 647 4520 illa
686 4456 983 4521 dilatione
1026 4458 1518 4539 congruentiam
1544 4476 1750 4540 quan-

208 4568 354 4628 tum
377 4563 458 4627 ad
479 4580 825 4628 numerum
852 4562 1184 4629 horarum.
1229 4563 1395 4629 Nam
1420 4565 1618 4648 aliqui
1645 4565 1752 4629 in-

210 4666 462 4751 cipiunt
503 4669 758 4750 tempus
811 4671 1181 4751 computare
1228 4668 1310 4732 ab
1360 4669 1521 4732 hora
1547 4671 1747 4748 sexta,

209 4792 344 4859 qua
370 4775 714 4839 crucifixus
740 4780 855 4854 est,
910 4780 973 4840 et
1014 4781 1035 4817 ¹
1064 4775 1330 4842 tenebroe
1360 4777 1554 4857 factae
1596 4784 1753 4844 sunt

215 4897 409 4965 super
441 4887 680 4949 terram
705 4883 1118 4948 universam:
1149 4889 1212 4947 et
1235 4883 1336 4947 isti
1365 4884 1755 4967 protendunt

215 4997 473 5073 tempus
496 5008 703 5073 usque
728 4988 807 5053 ad
824 4990 1097 5055 mediam
1123 4994 1376 5055 noctem
1392 4991 1560 5055 inter
1584 4991 1755 5056 diem

214 5099 477 5165 Sahbati
499 5104 563 5163 et
605 5098 774 5163 diem
809 5099 1237 5175 Dominicum‚
1279 5099 1457 5164 etsie
1486 5118 1753 5184 compu-

279 5213 299 5248 ¹
329 5210 534 5274 Matilo„
561 5222 729 5275 nvn,
757 5213 838 5263 45.
869 5235 931 5251 —
962 5213 986 5248 ¹
1006 5214 1258 5263 Numerus
1291 5210 1522 5263 senarius
1548 5217 1626 5263 est
1648 5212 1760 5277 pri-

214 5297 336 5336 mus
353 5296 600 5335 numerus
617 5283 898 5348 perfectus,
918 5283 1063 5349 cujus
1087 5286 1258 5348 partes
1279 5283 1454 5334 divisae
1463 5320 1481 5347 ,
1500 5287 1556 5335 ut
1567 5286 1616 5349 3,
1638 5287 1688 5349 2,
1710 5289 1728 5336 ¹
1737 5321 1756 5350 ,

242 5369 528 5496 hfflmlz'dit.
555 5368 723 5420 Venet.
744 5367 1087 5433 incoeperunt.
1113 5397 1178 5409 —
1201 5368 1271 5436 (ὁ)
1301 5368 1424 5422 Coet.
1443 5368 1567 5421 edit.
1587 5370 1757 5435 sepul-

217 5461 243 5498 c
404 5478 418 5493 .

3281 462 3402 531 1⁵6⁷

1866 599 2003 658 tant
2030 599 2109 660 36
2134 594 2349 672 110165,
2401 596 2554 679 quia
2592 600 2748 663 tunc
2789 600 2925 663 erat
2950 597 3404 681 aequinoctium

1861 703 2148 781 vernale,
2188 703 2444 786 quando
2490 706 2778 771 Christus
2829 705 3138 771 Dominus
3180 726 3405 789 passus

1862 812 1991 889 est;
2031 809 2230 891 aliqui
2270 811 2582 896 incipiunt
2621 817 2702 894 (α)
2755 817 3121 896 computare
3168 834 3208 879 a
3235 834 3400 896 sero,

1862 915 1930 978 in
1959 933 2088 998 quo
2144 917 2379 998 positus
2426 919 2548 984 fuit
2591 920 2659 983 in
2689 921 2979 1002 sepulcro
3003 920 3107 1003 (b),
3138 926 3203 985 et
3246 941 3404 1004 pro-

1859 1022 2130 1087 tendunt
2167 1027 2419 1106 tempus
2465 1045 2672 1109 usque
2703 1027 2784 1091 ad
2810 1027 3171 1091 diluculum
3199 1028 3405 1095 Domi-

1861 1128 2021 1192 nicae
2049 1128 2175 1193 diei
2204 1153 2218 1193 :
2247 1134 2314 1194 et
2337 1134 2470 1195 tam
2498 1133 2625 1212 isti,
2658 1151 2852 1215 quam
2888 1134 2976 1197 illi
3004 1134 3403 1202 considerant

1860 1236 2149 1300 eamdem
2170 1239 2659 1319 congruentiam
2688 1246 2883 1305 tantae
2899 1242 3233 1306 dilationis.
3257 1242 3402 1309 [leo

1860 1343 2033 1405 enim
2060 1342 2373 1408 Dominus
2398 1364 2737 1427 resurgere
2764 1347 3007 1412 distulit
3031 1366 3147 1431 per
3177 1354 3256 1413 36
3277 1351 3403 1417 ho-

1859 1464 1984 1527 165,
2011 1450 2182 1513 utin
2218 1451 2340 1515 1106
2382 1453 2805 1534 significetur,
2833 1455 2984 1538 quia
3022 1455 3312 1522 liberatio
3340 1463 3403 1523 et

1858 1554 2126 1620 victoria
2149 1563 2244 1621 est
2268 1560 2564 1640 perfecta.
2599 1561 2710 1626 1116
2757 1563 2932 1626 enim
2951 1581 3263 1628 numerus
3306 1570 3402 1630 est

1858 1680 1938 1725 ex
1965 1664 2220 1728 senario
2242 1664 2266 1701 ²
2295 1684 2569 1732 numero
2594 1669 2661 1731 in
2684 1687 2752 1733 se
2778 1668 2987 1750 ducto,
3004 1671 3118 1752 qui
3140 1671 3402 1752 quidem

1857 1786 2174 1834 numerus
2202 1777 2296 1837 est
2323 1774 2573 1855 primus
2621 1794 2933 1841 numerus
2959 1778 3273 1859 perfectus
3300 1797 3402 1843 se-

1857 1876 2143 1941 cundum
2160 1878 2675 1946 Arithmeticum.
2699 1883 2810 1947 Est
2822 1888 2885 1947 et
2897 1882 3022 1946 alia
3043 1901 3402 1964 congruen-

1859 1977 1967 2055 tia,
1999 1980 2153 2062 quia
2178 1981 2244 2044 in
2273 1986 2351 2046 36
2365 1982 2541 2047 horis
2558 1988 2711 2049 sunt
2733 1985 2880 2049 duae
2907 1989 3123 2050 noctes
3148 1990 3212 2049 et
3229 2004 3401 2051 unus

1857 2084 2130 2165 (1165,116
2154 2089 2325 2170 quod
2380 2091 2557 2155 salva
2583 2095 2678 2155 est
2711 2092 2800 2155 ibi
2835 2093 3160 2174 proportio
3187 2093 3400 2176 simpli

1855 2192 1936 2256 ad
1959 2193 2255 2275 duplum,
2285 2199 2360 2260 ut
2409 2197 2561 2262 dicit
2589 2198 3021 2280 Augustinus:
3054 2201 3125 2264 in
3151 2220 3280 2284 quo
3308 2203 3399 2265 51-

1859 2302 2208 2382 gnificatur
2258 2304 2433 2386 quod
2482 2304 2768 2369 Christus
2815 2324 2948 2369 una
2999 2307 3225 2390 simpla
3282 2327 3400 2373 sua

1855 2411 2169 2473 vetustate
2215 2411 2474 2476 abstulit
2529 2413 2687 2476 duas
2733 2420 2981 2477 nostras
3028 2418 3395 2496 vetustateS,

1855 2532 2003 2597 quae
2031 2517 2290 2599 quidem
2314 2519 2765 2602 intelliguntur
2803 2542 2918 2605 per
2943 2524 3101 2587 duas
3128 2529 3345 2589 noctes
3377 2548 3392 2590 ε

1855 2627 1918 2684 61
1943 2622 2110 2687 hanc
2129 2626 2442 2690 rationem
2470 2629 2757 2710 assignat
2794 2630 3199 2713 Augustinus
3224 2635 3293 2699 in
3317 2635 3396 2698 li-

1854 2727 1970 2792 bro
1992 2729 2071 2795 de
2098 2730 2415 2798 Trinitate
2435 2735 2478 2797 ’.
2510 2732 2660 2798 Haee
2682 2735 2904 2799 eadem
2923 2738 3086 2802 ratio
3104 2742 3398 2822 assigna-

1853 2836 1962 2897 tur
1988 2854 2180 2920 super
2233 2839 2392 2903 illud
2419 2839 2607 2905 Lucae
2636 2846 2656 2881 ⁸
2691 2863 2708 2907 ε
2747 2841 3042 2924 oportuit
3073 2844 3399 2915 Christum

1849 2945 2032 3023 pati3
2083 2943 2347 3009 Glossa:
2388 2971 2420 3007 α
2452 2947 2674 3014 Μ61110
2727 2970 2858 3014 660
2898 2952 2999 3016 die
3046 2957 3110 3017 et
3149 2953 3399 3019 duabus

1853 3052 2151 3116 noctibus
2187 3052 2256 3116 in
2275 3056 2612 3138 sepulchro
2629 3059 2853 3139 jacuit,
2886 3060 3039 3143 quia
3067 3063 3300 3144 lucem,
3333 3064 3399 3129 id

1854 3165 1949 3223 est
2005 3162 2284 3242 gratiam
2337 3182 2476 3228 suae
2534 3166 2783 3246 6101115,
2822 3185 2967 3250 quae
3024 3173 3275 3235 tantum
3329 3171 3400 3235 16

1854 3286 2045 3332 661116
2071 3276 2229 3349 6161,
2286 3272 2565 3336 tenebris
2604 3278 2839 3339 nostrae
2887 3276 3104 3360 duplae
3148 3279 3393 3358 mortis,

1853 3393 2002 3458 quae
2030 3376 2100 3440 iu
2149 3395 2340 3442 carne
2370 3383 2432 3442 et
2461 3379 2678 3445 anima
2711 3387 2914 3463 erant,
2944 3386 3227 3467 opponit.
3256 3409 3288 3445 ι)
3321 3386 3399 3450 Et

1852 3482 1977 3545 hoc
2019 3483 2233 3564 ipsum
2261 3484 2412 3548 dicit
2437 3505 2630 3570 super
2670 3487 2829 3553 illud
2854 3491 2952 3568 ‚ad
2980 3489 3300 3556 Romanos
3323 3492 3345 3528 ⁸
3374 3512 3390 3556 ε

1854 3589 1987 3655 Hoc
2006 3591 2303 3669 sciente&
2334 3594 2491 3674 quia
2520 3598 2700 3661 vetus
2722 3596 2925 3676 homo,
2953 3602 3098 3677 etc„
3129 3598 3346 3663 Glossa
3375 3623 3391 3665 z

1865 3719 1894 3755 a
1923 3696 2179 3773 Quievit
2215 3697 2286 3761 in
2321 3689 2661 3782 sepulchro
2704 3720 2837 3766 uno
2890 3703 2992 3768 die
3040 3710 3105 3769 et
3148 3707 3398 3770 duabus

1854 3804 2170 3882 noctibus,
2201 3805 2356 3889 quia
2400 3812 2684 3872 nostram
2723 3809 2986 3892 duplam
3016 3815 3394 3878 vetustatem

1855 3927 1976 3975 sua
2001 3911 2233 3995 simpla
2287 3915 2702 3998 consumpsit.
2745 3939 2777 3976 n
2810 3915 2889 3981 Et
2930 3917 3094 3999 ideo,
3124 3918 3270 3986 licet
3296 3921 3401 3987 vi-

1856 4016 2128 4083 deantur
2175 4018 2429 4085 differre
2469 4021 2538 4085 in
2581 4025 2884 4106 temporis
2930 4025 3112 4106 hora,
3155 4046 3397 4093 conve-

1857 4124 2050 4190 niunt
2077 4130 2296 4191 tamen
2352 4127 2423 4191 16
2475 4129 2861 4211 assignando
2897 4134 3203 4215 temporis
3240 4153 3399 4200 606-

1857 4233 2249 4314 gruentiam.
2285 4232 2414 4298 Nec
2437 4237 2748 4301 tamenin
2776 4238 2938 4304 hora
2978 4241 3102 4304 sibi
3143 4247 3399 4309 contra-

1858 4337 2099 4419 dicunt,
2130 4340 2284 4422 quia
2336 4341 2674 4425 dupliciter
2701 4343 2933 4410 dicitur
2960 4366 3063 4412 res
3097 4350 3262 4432 fieri,
3288 4357 3402 4418 aut

1858 4446 2114 4527 quando
2140 4448 2217 4511 fit
2253 4449 2608 4514 secundum
2638 4453 2992 4537 veritatem,
3019 4462 3132 4522 aut
3146 4461 3401 4542 quando

1860 4552 2219 4620 innotescit.
2251 4556 2330 4622 Et
2368 4557 2483 4639 1111,
2511 4560 2626 4642 qui
2660 4560 2890 4625 horam
2943 4566 3221 4631 mediam
3248 4585 3403 4631 noc-

1861 4660 1941 4724 tis
1969 4661 2297 4742 assignant
2327 4665 2794 4747 resurrectioni,
2822 4674 3076 4753 tempus
3101 4673 3400 4737 determi-
3518 4698 3523 4704 ·

1862 4773 2019 4832 nant
2039 4769 2296 4851 quando
2321 4771 2528 4852 primo
2568 4773 2691 4837 fuit
2715 4774 2897 4839 facta.
2931 4775 3055 4854 Qui
3084 4797 3237 4844 vero
3261 4801 3403 4848 ma·
3432 4810 3563 4871 0951„
3582 4821 3630 4865 2,

1861 4892 1945 4938 ne
1971 4877 2325 4956 assignant,
2372 4881 2626 4961 tempus
2673 4880 3098 4949 determinant
3150 4890 3407 4970 quando

1864 4982 2167 5048 innotuit.
2198 4983 2313 5051 Vel
2332 4992 2499 5052 certe
2529 4991 2908 5057 resurrectio
2934 4994 3056 5058 fuit
3078 4995 3246 5062 inter
3287 5000 3405 5065 110-

1866 5108 2007 5155 1616
2030 5092 2261 5157 mediae
2288 5095 2508 5175 1106115,
2553 5102 2617 5161 61
2639 5117 2829 5165 16666
2856 5100 2980 5166 diei
3022 5101 3404 5189 Domini0ae3

1870 5297 2056 5348 deinde
2075 5297 2225 5348 simul
2242 5304 2533 5365 aggregatae
2554 5304 2790 5356 eamdem
2804 5319 3057 5358 summam
3079 5311 3413 5362 constituunt.

1871 5395 1930 5408 —-
1949 5371 1972 5407 ⁸
1997 5374 2150 5437 Aug„
2171 5370 2233 5422 (Ie
2251 5373 2451 5438 Triuia,
2469 5374 2558 5426 lib.
2580 5377 2664 5441 lv,
2690 5391 2736 5429 6.
2757 5391 2835 5441 111,
2852 5392 2904 5429 6.
2923 5382 2972 5431 6.
2989 5407 3048 5420 -
3069 5383 3092 5419 ⁸
3115 5384 3250 5448 Luc„
3272 5395 3414 5448 xxiv,

1875 5445 1950 5496 46.
1977 5443 2073 5482 —⁸
2102 5443 2261 5507 Rom„
2288 5456 2360 5506 vt,
2383 5448 2429 5499 6.
