4185 6288
494 2679 558 2723 Ad

578 2693 682 2737 opp.

709 403 830 470 bu

707 539 928 619 dictio,
956 538 1111 623 quia
1132 556 1265 604 non
1293 541 1387 603 est
1412 537 1768 603 secundum
1796 535 1988 602 idem.
2033 535 2112 601 Et
2138 554 2254 620 per

709 647 834 713 hoc
857 651 1027 731 patet
1050 647 1378 730 responsio
1405 646 1486 711 ad
1516 645 1779 729 objecta.

1181 886 1668 957 ARTICULUS
1713 886 1766 955 Ι.

788 1079 888 1145 Ad
917 1077 1401 1158 intelligentiam
1432 1076 1631 1158 hujus
1669 1076 1866 1157 partis
1890 1073 2118 1139 incidit
2146 1071 2254 1138 hic

709 1186 976 1270 quaestio
1002 1186 1169 1249 circa
1196 1185 1346 1249 duo.
1379 1182 1597 1248 Primo
1628 1182 1803 1247 enim
1830 1182 2144 1265 quaeritur
2174 1179 2251 1245 de

708 1294 845 1377 ipsa
870 1292 1288 1376 separatione,
1311 1309 1460 1375 quae
1487 1292 1653 1354 facta
1673 1293 1768 1354 est
1794 1290 1861 1353 in
1881 1293 2109 1367 morte,
2138 1305 2253 1370 per

709 1400 1250 1487 comparationem
1283 1398 1365 1463 ad
1420 1397 1680 1463 unionis
1723 1396 2098 1473 vinculum;
2150 1414 2249 1460 se-

705 1508 941 1585 cundo,
955 1525 1068 1591 per
1085 1507 1626 1590 comparationem
1642 1505 1723 1570 ad
1741 1504 2038 1569 effectum
2051 1503 2253 1588 ipsius

708 1615 1140 1698 separationis,
1175 1615 1350 1679 Circa
1378 1613 1659 1696 primum
1681 1616 2068 1695 quaeruntur
2087 1611 2248 1675 tria:

705 1723 918 1806 primo
930 1721 1243 1804 quaeritur
1263 1724 1479 1783 utrum
1503 1720 1573 1783 in
1591 1724 1796 1783 morte
1821 1719 2014 1783 tuerit
2036 1718 2255 1782 anima

708 1831 998 1912 separata
1027 1846 1066 1891 a
1093 1826 1352 1904 deitate;
1383 1825 1662 1890 secundo
1683 1843 1869 1903 vero,
1900 1829 2125 1889 utrum
2155 1824 2254 1889 di-

710 1936 945 2000 vinitas
976 1934 1168 1999 fuerit
1188 1939 1478 2017 separata
1506 1952 1547 1997 a
1572 1951 1798 2011 carne;
1848 1932 2035 1997 tertio
2072 1950 2256 2015 quae·

707 2044 876 2108 ritur
903 2046 1123 2106 utrum
1150 2040 1434 2106 Verbum
1461 2041 1654 2105 fuerit
1683 2040 1945 2103 unitum
1978 2038 2154 2103 carni
2193 2040 2259 2102 et

708 2150 944 2215 animae
973 2148 1211 2232 duplici
1238 2149 1499 2213 unione.

1242 2365 1602 2447 QUAESTIO
1640 2367 1692 2432 1.

802 2528 897 2585 An
922 2529 1111 2584 anima
1138 2525 1343 2583 Christi
1365 2528 1541 2595 tuerit
1566 2528 1825 2599 separata
1850 2540 1888 2581 a
1914 2524 2118 2581 deitate
2142 2521 2184 2578 ¹.

791 2688 1020 2756 Utrum
1065 2688 1137 2752 in
1172 2691 1378 2753 morte
1419 2686 1639 2752 anima
1684 2684 1913 2750 Christi
1969 2688 2261 2767 separata

712 2799 905 2863 tuerit
945 2816 984 2862 a
1026 2796 1293 2877 deitate;
1333 2799 1396 2860 et
1453 2793 1628 2877 quod
1674 2794 1794 2874 sic,
1837 2793 2090 2858 videtur
2149 2799 2172 2834 ²
2235 2813 2252 2858 ε

712 2906 1089 2973 Potestatem
1136 2901 1329 2969 habeo
1361 2900 1650 2984 ponendi
1693 2902 1981 2967 animam
2025 2917 2255 2981 meam,

712 3020 771 3081 et
811 3015 1182 3095 potestatem
1225 3009 1414 3075 habeo
1473 3011 1705 3076 iterum
1744 3007 2046 3074 sumendi
2090 3024 2252 3074 eam.

713 3120 833 3189 Sed
867 3137 1104 3205 ponere
1134 3118 1222 3188 ibi
1243 3117 1527 3183 animam
1554 3134 1686 3181 non
1714 3121 1808 3182 est
1843 3114 2018 3181 aliud
2061 3135 2259 3199 quam

714 3231 1032 3313 deponere
1061 3247 1079 3291 z
1112 3245 1269 3309 ergo
1305 3225 1361 3289 si
1405 3225 1526 3288 iste
1568 3242 1778 3288 sermo
1823 3227 1919 3287 est
1967 3241 2259 3307 personae

712 3337 857 3403 Filii
889 3336 1029 3415 Dei,
1061 3335 1319 3400 videtur
1361 3332 1536 3415 quod
1577 3330 1777 3396 Filius
1827 3330 1934 3395 Dei
1972 3331 2259 3395 animam

711 3451 781 3514 in
832 3452 1040 3513 morte
1083 3446 1374 3530 deposuit
1418 3467 1435 3510 ε
1484 3462 1646 3525 ergo
1684 3444 1755 3507 in
1796 3446 1999 3509 morte
2044 3443 2261 3507 anima

711 3557 833 3622 fuit
858 3575 899 3620 a
923 3552 1130 3621 Verbo
1158 3557 1466 3637 separata.

793 3668 856 3729 2.
887 3663 1047 3727 Item
1072 3662 1229 3727 unio
1253 3660 1404 3725 facit
1427 3656 2075 3724 communicationem
2097 3656 2260 3723 idio·

715 3775 963 3837 matum
1020 3788 1038 3834 z
1092 3768 1200 3833 sed
1244 3769 1313 3832 in
1367 3772 1571 3832 morte
1617 3766 1921 3830 idiomata
1965 3766 2075 3830 Dei
2126 3784 2261 3830 non

716 3877 1274 3944 communicantur
1304 3875 1539 3940 animae
1568 3873 1650 3938 ad
1691 3872 1990 3938 deitatem
2038 3896 2054 3938 ε
2103 3891 2261 3954 ergo

715 3987 784 4050 in
811 3989 1017 4050 morte
1043 4001 1176 4048 non
1202 3982 1442 4047 mansit
1477 3980 1632 4046 unio
1660 3980 1894 4045 animae
1944 3980 2023 4044 ad
2058 3980 2262 4045 deita-

712 4099 868 4160 tem.

800 4207 861 4267 3.
894 4202 1054 4266 Item
1081 4200 1149 4265 in
1174 4203 1379 4264 morte
1415 4198 1792 4262 dividuntur
1819 4214 1968 4279 quae
1985 4179 2065 4259 in
2095 4193 2263 4260 nati-

717 4310 916 4376 vitate
955 4311 1452 4393 conjunguntur
1498 4326 1516 4370 ε
1549 4306 1659 4371 sed
1701 4304 2001 4369 divinitas
2037 4306 2263 4386 =iuncta

716 4424 814 4484 est
839 4419 958 4502 ipsi
984 4420 1222 4483 animae
1252 4417 1478 4482 Christi
1514 4415 1582 4479 in
1608 4414 1808 4497 ipsius
1851 4413 2263 4495 conceptione

718 4532 782 4591 et
830 4526 1162 4590 nativitate
1211 4525 1280 4588 in
1318 4528 1503 4589 utero
1555 4544 1573 4587 ε
1623 4538 1783 4602 ergo
1811 4524 2102 4604 separata
2140 4519 2265 4585 fuit

717 4634 801 4699 ab
831 4652 910 4698 ea
936 4634 1007 4697 in
1029 4636 1256 4697 morte.

800 4746 864 4806 4.
914 4741 1075 4805 Item
1118 4739 1416 4804 divinitas
1457 4755 1589 4802 non
1627 4736 1834 4820 potuit
1860 4735 2097 4801 animae
2129 4753 2265 4803 esse

721 4850 924 4930 unita,
946 4850 1106 4934 quin
1132 4848 1348 4912 anima
1373 4847 1513 4929 ipsa
1546 4846 1869 4909 frueretur
1903 4847 1968 4909 et
1993 4844 2267 4909 delecta·

719 4961 901 5024 retur
940 4957 1006 5020 in
1035 4957 1172 5040 ipsa
1204 4977 1220 5020 ε
1252 4954 1459 5020 sedin
1491 4955 1696 5017 morte
1724 4956 1971 5017 remota
2012 4952 2141 5016 suit
2163 4951 2266 5017 de-

775 5115 796 5151 ¹
819 5118 898 5182 Gt:
923 5117 1064 5169 Alex.
1087 5116 1303 5180 Mensis,
1319 5131 1371 5182 p.
1399 5117 1484 5178 ΙΙΙ,
1505 5129 1556 5181 q.
1573 5115 1928 5176 11x‚memb.t
1946 5130 1963 5178 3
1983 5116 2036 5166 S.
2059 5115 2263 5180 Thom.‚

720 5203 776 5253 p.
798 5190 885 5251 ΙΙΙ,
910 5203 969 5254 q.
994 5202 1045 5254 L,
1073 5193 1169 5240 art..
1198 5192 1260 5253 ὃς
1283 5192 1335 5240 et.
1362 5189 1424 5239 ΙΙΙ
1450 5188 1610 5250 Sent.,
1637 5187 1754 5238 dist.
1794 5197 1904 5250 xxi,
1936 5200 1986 5251 q.
2019 5198 2056 5248 1,
2083 5191 2183 5236 art.
2208 5191 2262 5252 ¹3

722 5263 774 5309 et
803 5260 946 5321 Quol.
968 5261 1033 5324 ll,
1060 5265 1158 5312 art.
1189 5265 1240 5324 {5
1262 5264 1314 5311 et
1335 5260 1512 5326 opusc.
1537 5260 1625 5323 ΙΙΙ,
1653 5273 1697 5310 c.
1724 5270 1973 5313 ccxxxm
2006 5257 2264 5322 Richard.,

723 5330 791 5380 ΙΙΙ
813 5331 972 5395 sent„
1000 5332 1119 5382 dist.
1144 5343 1252 5391 ιιι,
1276 5345 1325 5394 q.
1352 5331 1598 5396 13'1'110111·
1624 5333 1854 5393 Argent„
1877 5330 1942 5380 ΙΙΙ
1964 5330 2121 5388 sent„
2147 5329 2265 5380 dist.

724 5409 837 5466 xxi,
860 5415 911 5469 q.
934 5416 973 5467 ι,
989 5404 1090 5453 art.
1114 5404 1133 5451 t
1154 5415 1172 5464 3
1193 5401 1370 5467 Steph.
1392 5401 1600 5467 Brulet„
1623 5402 1859 5464 ttlsent„
1873 5399 1990 5454 dist.
2007 5411 2121 5464 xxi,
2137 5413 2191 5467 q.
2217 5409 2263 5464 ις

1821 399 2448 469 SENTENTIARUM
2486 401 2637 469 ΗΒ.
2681 401 2789 468 111.

2358 536 2606 602 lectatio
2632 539 2714 603 ab
2748 538 2985 618 anima,
3016 555 3213 621 quam
3240 537 3515 604 habebat
3536 538 3608 602 in
3630 536 3772 621 ipsa
3793 535 3889 603 di·

2359 644 2622 709 vinitate
2690 666 2705 709 ε
2757 663 2916 726 ergo
2966 650 3254 729 separata
3290 645 3421 710 fuit
3467 644 3771 710 divinitas
3814 644 3891 709 ab

2357 751 2595 816 anima.
2655 751 2856 835 Major
2906 754 3251 836 propositio
3281 772 3396 836 per
3445 772 3513 818 se
3564 752 3895 816 manifesta

2356 863 2473 923 est.
2509 859 2715 926 Minor
2741 862 3049 944 probatur
3076 881 3189 945 per
3207 863 3365 928 illud
3393 862 3566 945 quod
3585 860 3890 927 dicitur⁸:

2365 966 2600 1034 Tristis
2642 976 2736 1035 est
2771 970 2999 1036 anima
3034 986 3176 1036 mea
3219 986 3416 1053 usque
3459 969 3550 1036 ad
3597 975 3857 1036 mortem
3870 987 3898 1051 ,·

2359 1071 2576 1137 Glossa
2615 1096 2631 1138 ε
2668 1099 2698 1137 α
2724 1074 2990 1140 Remota
3019 1076 3433 1142 delectatione
3474 1080 3738 1141 aeternae
3763 1076 3893 1141 dei·

2357 1179 2533 1256 tatis,
2564 1181 2752 1246 taedio
2788 1182 3092 1248 humanae
3130 1183 3504 1249 calamitatis
3531 1184 3832 1249 afficitur.
3858 1205 3889 1244 ι

2358 1286 2531 1369 Ergo
2584 1289 2934 1353 secundum
2982 1290 3167 1354 istam
3231 1290 3515 1356 Glossam
3571 1291 3898 1358 delectatio

2356 1396 2811 1462 removebatur
2843 1418 2859 1459 ι
2891 1415 3050 1480 ergo
3078 1398 3231 1464 unio
3259 1400 3647 1464 solvebatur.

2440 1501 2671 1566 Contra
2726 1526 2743 1568 ε
2800 1503 3205 1585 Augustinus
3249 1510 3313 1570 et
3366 1505 3795 1570 Damascenus
3821 1511 3844 1547 ⁸
3881 1523 3898 1569 ε

2369 1634 2401 1671 α
2420 1611 2777 1677 Anathema
2795 1614 2897 1695 sit,
2920 1614 3033 1696 qui
3056 1615 3208 1680 dicit
3234 1615 3510 1682 Verbum
3538 1616 3901 1700 deposuisse

2359 1720 2532 1802 quod
2578 1721 2775 1787 semel
2819 1723 3181 1805 assumpsit.
3214 1745 3246 1782 n
3299 1723 3365 1787 Si
3414 1742 3572 1806 ergo
3617 1726 3900 1789 animam

2363 1826 2727 1908 assumpsit,
2753 1846 3088 1912 nunquam
3111 1830 3407 1913 deposuit
3432 1831 3742 1896 animam.

2442 1936 2601 2001 ltem
2640 1937 2839 2002 Filius
2865 1938 2972 2004 Dei
3012 1939 3246 2004 dicitur
3273 1940 3663 2006 descendisse
3693 1940 3777 2005 ad
3802 1941 3902 2006 in-

2361 2047 2528 2111 teros
2552 2053 2693 2129 post
2715 2052 2988 2113 mortem
3021 2068 3037 2113 ε
3069 2048 3179 2114 sed
3204 2055 3454 2115 constat
3477 2051 3651 2133 quod
3675 2069 3902 2115 secun·

2362 2153 2520 2217 dum
2548 2154 2947 2220 divinitatem
2971 2174 3102 2221 non
3134 2160 3339 2239 potest
3361 2157 3508 2239 dici,
3536 2175 3658 2222 nec
3682 2176 3905 2223 secun-

2361 2260 2523 2328 dum
2563 2280 2822 2328 carnem
2871 2286 2888 2329 :
2938 2282 3137 2348 quare
3178 2268 3425 2348 oportet
3449 2266 3623 2349 quod
3656 2265 3906 2333 dicatur

2362 2370 2717 2434 secundum
2742 2370 3026 2435 animam
3055 2393 3069 2435 ε
3101 2389 3259 2454 ergo
3295 2372 3515 2436 anima
3555 2377 3700 2456 post
3732 2391 3906 2438 mor·

2362 2481 2492 2542 tem
2533 2480 2655 2543 fuit
2682 2480 2806 2543 sibi
2832 2480 3017 2544 unita
3050 2499 3067 2544 ε
3098 2498 3233 2545 non
3258 2499 3419 2563 ergo
3448 2482 3515 2545 in
3553 2486 3760 2547 morte
3787 2483 3908 2547 fuit

2362 2590 2673 2669 separata.

2445 2692 2606 2758 Item
2654 2693 2710 2757 si
2757 2694 2974 2758 anima
3017 2695 3135 2759 ruit
3177 2700 3466 2777 separata
3497 2696 3570 2760 in
3608 2701 3819 2761 morte
3869 2715 3908 2762 a

2364 2798 2594 2877 Verbo,
2622 2819 2775 2865 cum
2801 2820 2933 2866 non
2970 2801 3233 2866 haberet
3257 2803 3534 2884 gloriam
3583 2803 3906 2869 fruitionis

2365 2908 2490 2972 nisi
2530 2926 2644 2991 per
2681 2909 2990 2973 unionem
3018 2909 3119 2974 sui
3162 2911 3243 2993 ad
3281 2910 3715 2988 divinitatem,
3747 2930 3907 2993 ergo

2365 3016 2581 3079 anima
2609 3014 2837 3080 Christi
2862 3017 3046 3082 desiit
3079 3036 3217 3082 esse
3259 3020 3444 3084 beata
3473 3042 3488 3084 ι
3533 3024 3598 3085 et
3639 3022 3695 3084 si
3720 3020 3909 3085 desiit

2366 3142 2502 3190 esse
2526 3125 2732 3204 beata,
2787 3143 3122 3210 nunquam
3143 3128 3273 3192 suit
3310 3129 3515 3208 beata,
3562 3128 3718 3211 quia
3757 3128 3909 3194 bea-

2367 3233 2571 3298 titudo
2627 3238 2722 3298 est
2775 3235 3020 3299 bonum
3071 3237 3242 3318 quod
3297 3253 3633 3318 nunquam
3708 3239 3915 3319 potest

2366 3341 2571 3404 amitti
2602 3360 2620 3405 t
2651 3341 2705 3405 si
2735 3360 2897 3422 ergo
2922 3342 3045 3408 hoc
3071 3348 3166 3407 est
3192 3343 3668 3422 inconvenienS,
3695 3344 3914 3409 anima

2366 3466 2501 3512 non
2527 3448 2650 3513 tuit
2670 3454 2962 3532 separata
2986 3467 3025 3513 a
3050 3449 3400 3514 divinitate.

2449 3554 2631 3635 item,
2666 3556 2723 3619 si
2749 3559 3036 3637 separata
3061 3556 3203 3636 suit,
3233 3561 3348 3619 aut
3372 3556 3627 3633 nolens,
3655 3559 3770 3621 aut
3798 3575 3913 3622 vo·

2367 3662 2505 3727 lens
2558 3685 2574 3726 τ
2624 3663 2676 3727 si
2722 3662 2966 3744 nolens,
3014 3680 3165 3727 cum
3207 3662 3330 3726 hoc
3374 3681 3508 3727 non
3549 3663 3912 3744 meruisset,

2368 3770 2532 3835 facta
2573 3771 2697 3835 fuit
2740 3770 2861 3835 sibi
2904 3771 3176 3854 inJuria3
3225 3770 3280 3833 si
3305 3770 3563 3848 volens,
3604 3770 3716 3837 sed
3745 3771 3915 3838 velle

2368 3879 2646 3960 separari
2693 3895 2731 3941 a
2778 3877 2907 3942 Deo
2954 3895 3086 3942 non
3131 3880 3333 3960 potest
3380 3878 3598 3958 homo,
3628 3878 3751 3942 nisi
3806 3879 3916 3944 in-

2362 3986 2536 4065 juste
2582 4006 2598 4048 :
2644 4003 2802 4066 ergo
2840 3983 3059 4048 anima
3103 3985 3209 4047 illa
3244 3985 3366 4047 fuit
3409 3985 3650 4068 injusta
3698 4007 3716 4050 ε
3758 4003 3914 4050 cum

2369 4092 2571 4174 igitur
2596 4092 2717 4157 hoc
2742 4091 2825 4155 sit
2847 4093 3079 4156 salsum
3110 4095 3173 4156 et
3199 4091 3499 4175 impium,
3530 4096 3754 4170 restat,
3791 4098 3911 4159 etc.

2888 4311 3341 4380 CONCLUSIO.

2372 4503 2437 4559 ln
2461 4505 2630 4559 morte
2658 4500 2865 4559 Christi
2888 4502 3078 4558 anima
3106 4516 3141 4558 a
3169 4502 3343 4559 Verbo
3369 4517 3477 4560 non
3498 4503 3612 4571 tuit
3635 4508 3913 4577 separata,

2445 4595 2578 4665 quia
2604 4591 2751 4648 illud
2764 4593 2931 4658 Deum
2944 4607 3051 4648 non
3075 4590 3311 4662 decebat,
3340 4607 3433 4649 nec
3460 4590 3616 4648 nobis
3631 4592 3916 4667 &pediam

2448 4687 2586 4753 erat,
2614 4698 2707 4739 nec
2736 4683 2832 4738 illi
2859 4685 3059 4739 animoe
3085 4682 3421 4754 cariffi-nebat.

2456 4843 2641 4927 Resp.
2699 4843 2782 4908 ad
2824 4863 2967 4925 arg.
3012 4844 3363 4910 Dicendum
3404 4845 3578 4927 quod
3611 4843 3683 4909 in
3712 4849 3918 4911 morte

2374 4969 2508 5017 non
2554 4951 2673 5017 tuit
2714 4951 2931 5016 anima
2966 4956 3256 5034 separata
3302 4971 3341 5016 a
3375 4950 3601 5018 Verbo.
3645 4950 3726 5018 Et
3752 4954 3917 5018 ratio

2375 5059 2573 5142 huius
2589 5063 2704 5138 est,
2735 5059 2889 5142 quia
2913 5077 3033 5124 nec
3057 5059 3261 5125 Deum
3287 5059 3567 5131 decebat.
3592 5077 3712 5125 nec
3733 5059 3918 5126 nobis

2376 5184 2629 5237 Mat-silius
2645 5185 2878 5249 luguen„
2896 5186 2963 5237 111
2987 5183 3149 5248 Sena,
3167 5197 3221 5249 q.
3238 5195 3357 5248 xm,
3383 5187 3482 5236 art.
3507 5188 3524 5235 Ι
3542 5201 3559 5249 ς
3581 5186 3735 5238 Gabr.
3766 5184 3916 5249 niel„

2380 5259 2444 5308 ΙΙΙ
2479 5257 2638 5320 sent„
2668 5257 2786 5308 dist.
2814 5267 2926 5321 ιιι,
2969 5272 3024 5323 q.
3054 5269 3106 5323 1,
3128 5260 3226 5309 art..
3267 5261 3314 5309 1.
3334 5283 3396 5295 —
3416 5258 3621 5322 Uvam,
3654 5271 3712 5322 x,
3758 5259 3836 5310 ¹8.
3855 5283 3918 5300 -

2375 5330 2399 5366 ⁸
2412 5328 2617 5391 Mateta„
2641 5340 2785 5394 xxvi,
2801 5333 2944 5382 ⁸8.—
2955 5328 2975 5364 ⁸
2990 5332 3245 5396 Damaso„
3263 5328 3324 5379 de
3343 5329 3470 5382 Fide
3487 5329 3680 5380 orthod.
3684 5367 3704 5398 ,
3717 5330 3807 5381 lib.
3829 5332 3916 5394 ΙΙΙ,

2373 5415 2421 5452 c.
2443 5411 2613 5456 xxvir-
