4185 6288
1515 423 1901 493 ms'rlNffl'.
1946 422 2156 490 XXVI.

3335 428 3458 495 563

262 566 603 654 prehendit
627 582 741 649 per
765 562 1332 647 aequipollentiam.
1363 561 1511 629 Ideo
1537 562 1806 646 plurali·
1915 560 2080 666 dicta
2099 560 2442 626 notificatio
2463 561 2544 627 ab
2569 561 2710 628 aliis
2725 562 3281 647 notificationibus,
3308 581 3456 647 quae

262 682 361 743 ter
412 676 565 741 dicit
608 678 846 748 oeterna
894 688 913 735 t
962 688 1096 736 non
1140 673 1398 755 propter
1441 668 1809 736 aeternitatis
1915 669 2385 733 consueverunt
2409 668 2723 751 assignari
2749 670 2828 735 de
2854 689 2987 754 spe.

265 779 783 856 multitudinem3
831 775 940 840 sed
984 778 1244 858 propter
1302 774 1455 839 boni
1500 771 1809 856 expectati

1998 773 2187 860 Resp.
2217 774 2564 843 Dicendum
2592 779 2764 860 quod
2794 796 2938 862 spes
2970 781 3065 845 est
3089 796 3327 846 nomen
3367 780 3464 845 af·-

265 884 709 953 omnimodam
751 882 1234 967 plenitudinem.
1290 879 1391 945 Ad
1433 880 1592 945 illud
1637 877 1811 961 quod
1916 883 2204 949 fectionis
2221 932 2243 964 ‚
2273 887 2338 949 et
2366 888 2460 950 est
2499 904 2737 952 nomen
2774 886 3054 952 virtutis.
3089 887 3460 952 Secundum

266 994 589 1077 objicitur,
639 992 813 1075 quod
859 995 955 1055 est
995 966 1347 1073 expectatio
1388 987 1542 1052 boni
1583 983 1805 1064 futuri,

265 1100 610 1166 dicendum
654 1099 825 1182 quod
871 1097 1036 1161 nihil
1084 1095 1350 1180 impedit
1395 1093 1652 1178 aliquod
1692 1094 1814 1158 bo·-

267 1225 429 1274 num
457 1225 595 1273 esse
626 1211 943 1272 aeternum
972 1205 1038 1267 in
1063 1223 1151 1282 se,
1183 1206 1247 1269 et
1271 1202 1706 1287 temporaliter
1733 1200 1815 1264 ah

269 1316 486 1399 aliquo
512 1316 736 1381 haberi
758 1315 828 1379 in
857 1313 1130 1398 praemio
1164 1333 1181 1378 t
1211 1315 1275 1377 et
1310 1311 1401 1376 sic
1427 1315 1521 1376 est
1546 1310 1616 1374 in
1642 1327 1819 1392 mer-¹

270 1425 422 1491 cede
450 1442 599 1509 quae
626 1427 999 1508 expectatur
1023 1439 1139 1506 per
1162 1438 1343 1504 spem
1365 1441 1382 1483 ε
1403 1436 1554 1502 quae
1580 1420 1820 1484 aeterna

270 1536 366 1598 est
398 1533 470 1598 in
505 1550 611 1612 se,
639 1536 857 1595 tamen
893 1529 1113 1594 futura
1147 1531 1243 1593 est
1281 1525 1664 1611 expectanti,
1705 1525 1817 1608 qui

271 1641 353 1706 ad
402 1657 547 1706 eam
593 1638 883 1705 nondum
928 1637 1239 1722 pervenit.
1289 1635 1390 1701 Ad
1439 1634 1599 1700 illud
1630 1633 1814 1716 ‘quod

272 1747 609 1831 quaerstnr,
636 1763 787 1830 quae
813 1744 1173 1809 differentia
1209 1743 1292 1808 sit
1330 1743 1495 1808 inter
1540 1741 1650 1808 illa
1688 1740 1816 1806 duo

156 1925 165 1928 ,
272 1854 564 1919 membra
579 1902 597 1933 ,
663 1853 1005 1919 dicendum
1047 1850 1222 1935 quod
1265 1850 1552 1934 primum
1612 1866 1821 1913 mem-

273 1960 466 2028 brum
492 1960 850 2044 explicatur
878 1978 993 2044 per
1022 1957 1377 2024 secundum
1400 1956 1572 2041 quod
1600 1956 1692 2021 ibi
1714 1972 1824 2037 po-

274 2068 486 2147 nitur,
533 2070 609 2132 ut
655 2067 737 2130 sit
792 2085 1016 2131 sensus
1063 2085 1081 2130 ε
1119 2089 1149 2125 α
1166 2064 1533 2148 Spiritualia
1558 2113 1576 2143 ‚
1622 2063 1689 2128 id
1731 2065 1825 2127 est

276 2179 585 2254 aeterna.»
619 2172 734 2240 Vel
759 2179 964 2257 potest
989 2173 1133 2252 dici,
1164 2172 1335 2256 quod
1362 2191 1476 2256 per
1505 2171 1675 2236 hanc
1699 2171 1823 2235 dir·

273 2282 609 2347 fex-entiam
631 2330 650 2361 ,
685 2282 1097 2364 spiritualia,
1128 2279 1549 2360 distinguitur
1574 2297 1718 2362 spes
1744 2278 1825 2341 ab

275 2389 609 2453 affectione
635 2389 949 2467 naturali;
980 2406 1092 2470 per
1118 2387 1241 2451 hoc
1272 2392 1491 2452 autem
1520 2386 1691 2469 quod
1727 2384 1828 2449 di-

279 2498 479 2578 citur,
513 2503 756 2564 oeterna
773 2545 795 2578 ,
826 2496 1253 2579 distinguitur
1280 2515 1320 2560 a
1347 2495 1583 2561 virtute
1620 2493 1828 2560 cardi-

278 2604 409 2669 nali
429 2651 446 2680 ,
476 2609 540 2668 et
565 2604 857 2686 tangitur
881 2603 1139 2687 propria
1163 2602 1326 2668 ratio
1356 2601 1525 2685 spei,
1557 2618 1709 2684 quae
1734 2604 1830 2665 est

278 2711 349 2775 in
401 2711 647 2777 bonum
694 2712 814 2775 sub
875 2710 1120 2775 ratione
1163 2709 1407 2775 aeterni.
1460 2708 1576 2776 Vel
1625 2713 1831 2792 potest

277 2819 424 2898 dici,
454 2818 628 2902 quod
649 2837 764 2902 per
792 2818 913 2882 hoc
934 2817 1107 2901 quod
1132 2817 1388 2897 dicitur,
1416 2817 1825 2899 spiritualia,

276 2925 570 3006 tangitur
600 2925 923 3009 objectum
955 2924 1279 3007 generale,
1311 2924 1484 3007 quod
1512 2923 1703 2989 habet
1730 2941 1830 2988 ra·

270 3033 520 3099 tionem
549 3033 924 3113 materialis,
955 3032 1310 3098 secundum
1343 3031 1517 3114 quod
1559 3049 1829 3098 consue-

276 3139 376 3206 vit
398 3139 542 3221 dici,
575 3140 747 3223 quod
773 3158 918 3224 spes
945 3139 1246 3223 quaedam
1272 3142 1368 3205 est
1393 3137 1627 3218 veniae,
1657 3155 1834 3223 quae-

278 3246 429 3312 dam
450 3248 700 3330 gratiae,
726 3248 1025 3331 quaedam
1046 3247 1295 3330 gloriae.
1322 3246 1444 3312 Per
1467 3246 1592 3312 hoc
1613 3251 1831 3311 autem

278 3356 453 3440 quod
493 3355 746 3436 dicitur,
791 3359 1124 3434 oetmum,
1168 3354 1464 3436 tangitur
1508 3354 1830 3438 objectum

278 3463 615 3546 proprium
628 3464 705 3527 -et
730 3461 1017 3543 formale,
1045 3461 1182 3528 sive
1209 3463 1554 3543 motivum,
1583 3465 1704 3526 etc.

919 3665 1059 3711 DUB.
1106 3664 1176 3711 11.

315 3790 406 3843 Est
416 3788 571 3841 ,euim
597 3802 717 3855 spes
742 3790 882 3841 certa
905 3789 1219 3853 exspectatio
1241 3788 1426 3841 tutum
1456 3789 1803 3855 beatitudinis,

747 3861 961 3913 veniens
986 3874 1050 3913 ex
1078 3861 1173 3912 Dei
1200 3861 1379 3926 gratia.

355 3998 644 4064 ‘Contrax
682 3997 846 4077 Quia
885 3999 1243 4065 secundum
1282 3999 1456 4083 quod
1484 3999 1633 4065 dicit
1676 3997 1832 4067 Phi-

260 4108 589 4193 ·losophus
605 4110 659 4190 ¹,
714 4113 934 4192 peccat
978 4108 1093 4193 qui
1128 4109 1358 4173 diffinit
1398 4108 1572 4191 quod
1630 4114 1725 4174 est
1766 4109 1837 4173 in

286 4217 492 4295 motu,
510 4233 638 4297 ‘per
680 4213 748 4280 id
790 4215 966 4300 quod
1006 4218 1103 4280 est
1140 4214 1212 4279 in
1250 4214 1487 4298 quiete,
1518 4220 1583 4281 et
1605 4234 1642 4281 e
1682 4234 1835 4282 con·

286 4344 476 4394 verso
507 4345 526 4392 ε
555 4327 665 4393 sed
690 4333 1024 4412 expectare
1058 4330 1154 4392 est
1195 4326 1517 4410 quiescere
1532 4377 1553 4409 ,
1581 4346 1839 4412 sperare

285 4435 570 4517 quodam
598 4420 788 4500 modo
816 4438 911 4500 est
934 4434 1194 4500 tendere
1212 4434 1283 4499 in
1309 4453 1448 4501 rem
1477 4441 1831 4521 speratam:

287 4561 448 4626 ergo
514 4545 681 4609 male
743 4544 1056 4611 diffinitur
1122 4564 1237 4628 per
1309 4546 1834 4629 expectationem.

288 4650 451 4717 item
490 4653 700 4717 omnis
737 4652 1084 4718 notificatio
1121 4651 1305 4719 debet
1352 4653 1489 4718 dari
1531 4672 1648 4737 per
1687 4673 1834 4738 pro-

286 4760 430 4844 pria
479 4782 494 4824 ε
543 4760 654 4825 sed
707 4761 1056 4840 beatitudo,
1105 4763 1169 4826 et
1213 4760 1461 4842 gratia,
1508 4765 1574 4827 et
1614 4761 1841 4827 merita

288 4871 443 4933 sunt
468 4867 711 4933 caeteris
737 4867 1087 4933 virtutibus
1117 4867 1525 4933 communia:
1549 4885 1707 4949 ergo
1731 4868 1839 4933 in-

290 4974 742 5041 convenienter
785 4992 929 5059 spes
966 4974 1280 5040 diffinitur
1321 4992 1437 5057 per
1473 4972 1604 5038 illa.
1647 4972 1842 5039 Juxta

289 5082 415 5148 hoc
440 5085 775 5166 quaeritur,
804 5064 956 5149 cum
985 5084 1181 5148 unius
1206 5082 1302 5148 rei
1333 5083 1417 5146 sit
1441 5100 1650 5148 unum
1677 5099 1836 5164 esse,

291 5195 354 5255 et
377 5191 468 5257 ita
505 5210 642 5259 una
681 5191 977 5258 diffinitio
999 5240 1018 5272 ,
1046 5191 1368 5274 quomodo
1414 5189 1628 5256 differt
1671 5207 1841 5274 prae-

288 5353 570 5479 Baliaris&
593 5353 735 5476 {apic
756 5390 774 5418 ‚
804 5352 892 5404 nb.
914 5353 983 5404 vi
998 5390 1018 5416 ,
1040 5366 1085 5405 c.
1112 5365 1151 5405 1.
1169 5378 1233 5392 -
1250 5356 1274 5388 ν
1289 5353 1386 5419 ld„
1406 5351 1694 5417 mimis.
1714 5352 1839 5415 v11;

254 5444 275 5461 ⁴'
412 5460 454 5491 ο,
555 5460 576 5480 a
629 5464 642 5477 ·

1920 991 2091 1073 quod
2118 995 2213 1055 est
2251 1010 2487 1058 nomen
2530 993 2911 1075 affectioniS,
2945 995 3039 1058 sic
3081 993 3393 1059 diffinitur
3423 1013 3464 1059 a

1922 1095 2308 1179 Philosopho
2318 1098 2341 1133 ¹
2363 1116 2424 1161 :u
2440 1096 2597 1180 Spes
2610 1102 2708 1163 est
2723 1098 2996 1182 suspicio
3013 1099 3210 1162 futuri
3238 1098 3409 1163 boni.
3425 1120 3456 1160 n

1922 1203 2291 1270 Secundum
2325 1208 2543 1271 autem
2571 1208 2741 1290 quod
2776 1211 2871 1271 est
2908 1225 3144 1272 nomen
3170 1207 3463 1289 virtutis,

1923 1315 1989 1376 et
2034 1313 2328 1378 nominat
2370 1313 2694 1394 habitum,
2741 1314 2833 1378 sic
2872 1313 3065 1379 habet
3102 1314 3364 1381 diffiniri
3405 1318 3471 1380 et

1924 1418 2240 1486 notificari
2269 1438 2386 1503 per
2409 1438 2603 1512 suum
2626 1424 2863 1485 actum.
2891 1420 3089 1486 Actus
3117 1425 3332 1487 autem
3361 1420 3470 1487 ille

1924 1527 2259 1613 tripliciter
2300 1530 2504 1611 potest
2547 1528 2950 1611 comparari:
2988 1529 3092 1595 vel
3137 1528 3219 1594 ad
3252 1528 3470 1613 objec-

1927 1638 2069 1699 tum
2097 1637 2347 1700 tantum
2367 1682 2384 1711 ,
2419 1638 2483 1701 et
2519 1635 2610 1700 sic
2639 1640 2736 1700 est
2760 1635 2872 1700 illa
2904 1635 3200 1701 diffinitio
3230 1634 3468 1719 Magis-

1928 1744 2014 1808 tri
2060 1763 2080 1806 :
2139 1767 2172 1807 α
2219 1743 2378 1827 Spes
2431 1747 2526 1808 est
2566 1743 2775 1808 virtus
2822 1760 2954 1826 qua
2999 1743 3351 1827 spiritualia
3410 1747 3475 1810 et

1928 1855 2172 1916 aeterna
2197 1850 2365 1917 bona
2386 1853 2767 1933 sperantur;
2798 1871 2830 1911 n
2870 1851 2974 1916 vel
3000 1851 3076 1913 ad
3105 1852 3208 1933 obj
3216 1854 3431 1918 ectum
3452 1900 3470 1931 ‚

1931 1962 1994 2025 et
2032 1958 2115 2023 ad
2150 1957 2561 2042 principium,
2592 1963 2656 2023 et
2692 1959 2781 2024 sic
2812 1962 2906 2023 est
2930 1958 3039 2023 illa
3078 1958 3471 2043 Haymonis:

1940 2089 1971 2128 a
1997 2066 2156 2150 Spes
2201 2068 2297 2132 est
2339 2069 2511 2131 certa
2543 2065 2895 2148 expectatio
2929 2066 3166 2132 futurae
3194 2068 3472 2134 beatitu-

1932 2173 2100 2238 dinis
2111 2206 2138 2255 ,0
2165 2172 2427 2240 veniens
2454 2191 2538 2242 ex
2562 2173 2772 2255 gratia
2797 2177 2860 2239 et
2889 2173 3168 2254 meritis;
3200 2199 3231 2235 1>
3267 2174 3370 2241 vel
3397 2176 3476 2242 ad

1933 2282 2258 2364 objectum
2276 2331 2293 2361 ,
2338 2287 2401 2345 et
2425 2281 2721 2345 habitum
2763 2281 3265 2364 praeambulum,
3300 2289 3364 2349 et
3391 2285 3481 2349 sic

1932 2395 2028 2456 aet
2053 2391 2164 2455 illa
2200 2389 2584 2471 Augustini,
2617 2391 2703 2455 De
2742 2389 3019 2458 civitate
3057 2392 3180 2458 Dei
3206 2409 3228 2455 .·
3265 2413 3298 2454 c
3323 2391 3482 2476 Spes

1933 2501 2029 2563 est
2055 2497 2263 2563 virtus
2297 2516 2428 2581 qua
2453 2497 2596 2578 quis
2621 2514 2688 2560 se
2715 2496 2794 2560 ad
2820 2497 2977 2562 illud
2999 2545 3018 2577 ,
3047 2499 3221 2579 quod
3258 2500 3478 2580 credit,

1935 2609 2403 2691 perventurum
2430 2604 2784 2686 praesumit.
2814 2624 2846 2664 n
2880 2603 3080 2668 Aliter
3106 2609 3325 2670 autem
3363 2624 3483 2689 po-

1935 2719 2056 2782 test
2082 2713 2397 2797 assignari
2423 2711 2747 2779 distinctio
2771 2712 2940 2777 inter
2964 2711 3120 2778 istas
3147 2717 3276 2780 tres
3305 2716 3479 2781 noti·-

1936 2825 2263 2891 flcationes
2306 2843 2325 2888 ε
2371 2821 2546 2907 quod
2588 2820 2796 2904 prima
2843 2821 2926 2886 sit
2968 2821 3253 2887 formalis
3268 2870 3292 2903 ,
3338 2823 3484 2890 data

1936 2951 2051 3018 per
2076 2950 2287 3016 genus
2311 2935 2375 2995 et
2402 2927 2832 3009 differentias3
2863 2928 3142 2994 secunda
3182 2931 3478 3012 causaIiS,

1936 3043 2084 3108 data
2111 3058 2226 3123 per
2253 3043 2470 3104 actum
2495 3041 2559 3102 et
2593 3054 2893 3117 causam3
2925 3037 3111 3102 tertia
3144 3055 3298 3104 vero
3336 3056 3485 3122 par-

1937 3152 2057 3217 tim
2102 3148 2370 3216 causalis
2391 3196 2410 3227 ‚
2455 3147 2689 3231 partim
2732 3144 3051 3226 formalia,
3099 3147 3253 3230 quia
3294 3147 3483 3213 datur

1939 3277 2053 3343 per
2087 3259 2409 3341 objectum
2446 3253 2576 3336 spei
2601 3300 2620 3332 ,
2666 3256 2729 3317 et
2772 3252 2967 3318 aliam
3013 3254 3479 3337 praeambulam

1939 3368 2251 3434 virtutem
2273 3412 2292 3443 ,
2339 3361 2574 3427 scilicet
2613 3359 2808 3426 fidem
2830 3407 2848 3438 ‚
2878 3377 3028 3442 quae
3071 3362 3360 3444 tangitur
3415 3363 3486 3426 in

1940 3475 2142 3542 verbo
2169 3470 2495 3539 credendi.
2524 3468 2623 3535 Ad
2657 3468 2814 3533 illud
2856 3486 3015 3551 ergo
3055 3469 3229 3553 quod
3258 3468 3488 3554 01)]ἰοὶ-

1940 3587 2070 3664 tur,
2114 3581 2286 3665 quod
2334 3575 2685 3662 expectatio
2728 3579 2824 3641 est
2872 3575 3097 3659 quies3
3146 3576 3487 3642 dicendum

1943 3691 2138 3775 quod,
2167 3687 2466 3773 quamvis
2490 3686 2574 3749 sit
2599 3684 2781 3767 quies
2810 3683 3121 3766 corporis,
3151 3687 3368 3749 tamen
3393 3687 3489 3750 est

1943 3798 2243 3881 quaedam
2257 3793 2611 3883 sollicitatio
2638 3791 2887 3856 mentis,
2906 3789 3030 3867 Qui
3052 3791 3228 3855 enim
3254 3810 3488 3875 expec-

1943 3906 2057 3987 t'at,
2088 3904 2439 3970 adventum
2465 3899 2778 3966 desiderat
2801 3899 3112 3982 expectati
3143 3918 3161 3963 ε
3189 3904 3486 3981 expecta-

1943 4010 2034 4074 tio
2063 4028 2242 4091 vero,
2271 4007 2626 4074 secundum
2652 4006 2824 4090 quod
2848 4005 3112 4089 ponitur
3142 4005 3211 4069 in
3247 4006 3489 4071 difflui·-

1945 4118 2117 4182 tione
2144 4116 2300 4200 spei,
2322 4133 2455 4181 non
2482 4117 2575 4180 est
2601 4114 2957 4198 expectatio
2984 4113 3349 4196 corporaliS,
3378 4114 3489 4204 sed

1946 4224 2157 4307 magis
2187 4222 2480 4289 mentalis
2496 4270 2518 4303 ‚
2546 4239 2694 4305 quae
2719 4223 2817 4286 est
2841 4220 3141 4305 quaedam
3168 4220 3492 4303 imagina-

1945 4334 2038 4399 tio
2084 4337 2149 4398 et
2189 4332 2510 4417 protensio
2550 4334 2838 4415 respectu
2882 4328 3034 4395 finis
3083 4327 3491 4411 assequendi.

1947 4442 2048 4507 Ad
2075 4440 2234 4506 illud
2271 4440 2445 4524 quod
2482 4439 2807 4523 oincitur‚
2837 4436 3009 4520 quod
3040 4435 3184 4501 haec
3209 4435 3496 4501 notifica-

1948 4543 2038 4608 tio
2075 4544 2223 4608 data
2256 4547 2352 4608 est
2377 4561 2492 4626 per
2519 4540 2888 4622 communia
2902 4586 2922 4618 ‚
2949 4538 3294 4604 dicendum
3320 4537 3495 4621 quod

1947 4652 2057 4716 illa
2081 4649 2478 4730 communia,
2507 4648 2860 4715 secundum
2902 4646 3074 4729 quod
3101 4644 3208 4710 hic
3233 4664 3496 4730 ponun-

1948 4764 2080 4842 tur,
2122 4760 2275 4824 sunt
2319 4756 2722 4841 appropriata
2763 4773 2787 4822 :⁴
2823 4771 2977 4819 nam
3019 4753 3344 4819 beatitudo
3385 4772 3495 4837 ap-

1950 4866 2316 4952 propriatur
2355 4862 2491 4946 spei
2531 4861 2776 4927 ratione
2822 4861 3073 4925 ultimae
3113 4860 3299 4940 dotiS,
3343 4877 3495 4943 quae

1950 4974 2212 5058 quidem
2264 4973 2361 5035 est
2400 4968 2676 5052 perfecta
2716 4967 2918 5033 tentio
2938 5014 2957 5049 ,
3001 4967 3499 5051 correspondens

1947 5081 2070 5164 ipsi
2096 5079 2252 5163 spei,
2281 5082 2346 5144 et
2370 5096 2447 5142 ea
2472 5075 2740 5155 ratione,
2769 5092 2901 5157 qua
2915 5073 3192 5150 ,nomine
3220 5074 3496 5141 beatitu-

1954 5188 2121 5253 dinis
2146 5184 2568 5268 intelligimus
2589 5183 2837 5248 bonum
2860 5182 3174 5248 excellens
3197 5183 3262 5247 et
3282 5182 3504 5250 indefl-

1953 5296 2148 5363 cienS.
2179 5293 2485 5362 Similiter
2518 5290 2751 5359 merita
2790 5294 2855 5355 et
2890 5290 3101 5374 gratia
3140 5288 3351 5359 eidem
3383 5309 3503 5375 ap-

1950 5403 2366 5488 propriantur
2396 5452 2415 5482 ,
2498 5404 2693 5485 prout
2762 5400 3137 5482 junguntur
3210 5399 3499 5467 insimul.
