4185 6288
47 874 64 1341 'm————-ffi

818 406 939 470 502
1982 403 2605 489 SENTENTIARUM
2646 408 2795 474 LIB.
2840 411 2947 475 111.

824 544 963 622 pter
995 540 1112 604 boc
1138 539 1311 622 quod
1336 539 1404 603 in
1431 540 1568 622 ipsa
1593 540 1881 606 elevatur
1922 541 2139 605 anima
2168 560 2366 626 supra

823 664 900 711 ea
925 663 1073 729 quae
1100 649 1252 711 sunt
1279 647 1337 712 ei
1363 647 1678 713 naturalia
1699 696 1718 727 ,
1756 648 1846 713 sic
1877 648 2364 730 intelligendum

822 757 918 818 est
964 752 1157 819 etiam
1202 754 1270 818 in
1316 758 1493 838 parte
1535 755 1674 820 ista.
1728 754 2216 822 Concedendum
2270 763 2364 823 est

822 878 980 942 ergo
1007 860 1203 926 fidem
1229 861 1571 927 informem
1585 911 1603 943 ,
1636 863 1991 928 secundum
2024 865 2197 947 quod
2230 864 2363 930 vir-

819 973 928 1034 tus
976 973 1110 1046 est,
1144 987 1280 1033 esse
1318 969 1561 1034 donum
1597 970 1906 1035 divinitus
1941 971 2267 1050 collatum,
2300 975 2365 1037 et

818 1075 1114 1141 habitum
1163 1076 1474 1142 infusum.
1520 1076 1698 1142 Unde
1749 1077 2167 1144 concedendae
2211 1082 2363 1144 sunt

818 1183 1011 1248 etiam
1038 1182 1315 1248 rationes
1340 1201 1489 1267 quae
1522 1184 1645 1249 hoc
1671 1186 2034 1250 ostendunt.

899 1295 960 1354 1.
992 1290 1087 1354 Ad
1130 1290 1290 1355 illud
1330 1308 1489 1372 ergo
1532 1291 1705 1373 quod
1729 1292 1940 1375 primo
1966 1291 2270 1375 objicitur
2293 1292 2362 1355 in

755 1379 768 1391 ⁶
817 1398 1231 1478 contrarium,
1262 1398 1435 1480 quod
1462 1399 1620 1463 fides
1644 1404 1739 1464 est
1764 1418 1845 1464 ex
1867 1399 2114 1479 auditu,
2146 1399 2360 1465 dicen-

815 1504 973 1570 dum
1018 1504 1191 1588 quod
1228 1504 1389 1569 illud
1418 1505 1648 1570 dicitur
1672 1506 1751 1570 de
1777 1506 1926 1586 fide,
1959 1524 2092 1571 ιιοιι
2118 1506 2362 1572 ratione

816 1615 957 1695 ejus
984 1614 1157 1696 quod
1199 1617 1294 1677 est
1333 1612 1598 1678 formale
1634 1617 1700 1677 et
1742 1613 2222 1696 completivum,
2253 1612 2363 1679 sed

816 1720 1064 1785 ratione
1112 1722 1252 1802 eJus
1287 1720 1459 1803 quod
1494 1724 1590 1784 est
1616 1720 1940 1786 materiale
1960 1768 1978 1800 ,
2009 1723 2230 1803 utpote
2256 1740 2361 1786 ra-

814 1828 987 1893 tione
1029 1827 1202 1892 illius
1234 1827 1619 1908 cognitionis
1639 1876 1657 1907 ,
1690 1846 1819 1910 qua
1855 1827 2181 1910 cognoscit
2205 1826 2361 1910 quid

816 1934 1106 2017 estquod
1147 1952 1263 2014 per
1304 1952 1540 1999 nomen
1576 1935 1845 2015 dicitur,
1880 1953 2027 2018 quae
2067 1953 2361 1999 commu-

813 2043 980 2107 niter
1009 2060 1144 2107 non
1188 2042 1460 2107 habetur
1496 2059 1615 2107 nec
1660 2043 1730 2106 in
1766 2043 1892 2107 fide
1917 2043 2213 2123 formata,
2242 2060 2361 2108 nec

814 2152 885 2215 in
933 2150 1231 2231 informi,
1278 2152 1401 2215 nisi
1442 2169 1558 2234 per
1603 2151 2110 2235 acquisitionem.
2163 2152 2360 2217 Aliter

814 2258 1007 2335 etiam
1036 2257 1295 2323 videtur
1309 2258 1632 2341 aliquibus
1649 2276 1784 2323 esse
1800 2257 2167 2337 dicendum,
2188 2257 2361 2341 quod

813 2366 970 2432 illud
1020 2367 1296 2432 verbum
1343 2366 1626 2449 Apostoli
1680 2365 2064 2447 intelligitur
2110 2364 2188 2429 de
2235 2365 2362 2430 fide

813 2472 1072 2538 informi
1103 2522 1122 2552 ‚
1180 2491 1327 2557 quae
1384 2473 1683 2538 innititur
1732 2473 2036 2538 humanae
2088 2471 2357 2550 rationi,

819 2602 965 2669 quae
1012 2585 1271 2668 quidem
1309 2604 1440 2650 ιιοιι
1467 2585 1658 2651 habet
1687 2585 1756 2650 in
1786 2602 1852 2649 se
1886 2585 2199 2650 rationem
2226 2583 2364 2649 vir-

817 2693 990 2757 tutis.
1022 2691 1146 2757 Sed
1173 2692 1428 2776 primus
1455 2692 1682 2758 modus
1718 2691 1970 2758 dicendi
2010 2690 2361 2756 rationabi-

817 2800 939 2864 lior
961 2817 1097 2864 esse
1118 2800 1397 2877 videtur,
1428 2799 1822 2865 considerato
1846 2798 2171 2863 intellectu
2197 2799 2362 2881 Apo-

817 2906 985 2972 stoli.

894 3013 958 3078 2.
989 3011 1086 3078 Ad
1120 3012 1276 3079 illud
1318 3013 1489 3096 quod
1539 3011 1871 3096 objicitur,
1903 3012 2076 3095 quod
2105 3012 2360 3078 credere

816 3121 1080 3186 debetur
1104 3119 1485 3200 auctoritati,
1514 3119 1855 3185 dicendum
1880 3120 2052 3204 quod
2080 3121 2357 3198 credere,

821 3227 1178 3293 secundum
1222 3226 1393 3311 quod
1434 3231 1530 3291 est
1555 3229 1735 3291 actus
1760 3227 1905 3292 fidei
1933 3228 2211 3308 virtutis,
2243 3229 2360 3294 de·

816 3336 1003 3400 betur
1030 3334 1385 3400 auctoritati
1412 3351 1543 3398 non
1562 3333 1842 3413 cuilibet,
1873 3335 1982 3400 sed
1999 3333 2360 3400 auctoritati

815 3443 1051 3508 divinae
1075 3463 1091 3506 ε
1123 3442 1228 3506 cui
1248 3441 1509 3525 quidem
1534 3442 1895 3507 auctoritati
1920 3459 2111 3507 nemo
2134 3460 2359 3507 assen-

814 3553 890 3616 tit
915 3556 1170 3636 propter
1212 3568 1280 3614 se
1303 3597 1318 3626 ,
1361 3556 1424 3614 et
1457 3567 1651 3633 super
1677 3549 1924 3627 omnia,
1956 3549 2081 3613 nisi
2113 3568 2229 3633 per
2256 3551 2358 3615 di-

814 3657 1033 3724 vinam
1056 3657 1591 3723 illuminationem
1617 3677 1632 3720 :
1658 3659 1721 3721 et
1745 3656 1837 3720 sic
1862 3655 2002 3720 talis
2019 3656 2358 3721 credulitas

812 3786 946 3833 non
989 3771 1084 3832 est
1120 3766 1446 3850 acquisita,
1477 3764 1587 3831 sed
1616 3765 1845 3831 infusa.
1882 3765 1995 3831 Illa
2039 3785 2192 3832 vero
2220 3785 2359 3833 cre·

813 3874 1051 3939 dulitas
1094 3891 1241 3957 quae
1281 3872 1577 3938 innititur
1603 3871 1834 3936 rationi
1864 3877 2090 3937 creatae
2119 3872 2356 3955 princi-

814 3982 1060 4067 paliter,
1095 4000 1225 4046 non
1257 3982 1493 4064 spectat
1535 3979 1614 4044 ad
1642 3980 1847 4062 ipsam
1892 3979 2082 4045 fidem
2124 3997 2353 4044 secun·

816 4094 969 4159 dum
999 4093 1169 4178 quod
1193 4093 1349 4157 fides
1375 4094 1470 4156 est
1499 4090 1706 4155 virtus
1738 4114 1752 4155 ι
1787 4092 1954 4156 etde
1977 4091 2099 4156 hac
2124 4109 2355 4157 verum

816 4206 948 4281 est,
1006 4201 1173 4283 quod
1244 4203 1448 4284 potest
1489 4217 1625 4264 θεεθ
1679 4217 1793 4281 per
1844 4198 2346 4281 acquisitionem.

686 4286 698 4298 ’
812 4306 991 4373 Unde
1021 4307 1474 4373 attendendum
1502 4311 1620 4385 est,
1654 4307 1824 4389 quod
1852 4306 2191 4389 dupliciter
2234 4327 2350 4391 po-

808 4419 930 4480 test
975 4414 1207 4499 aliquis
1261 4433 1375 4498 per
1426 4414 1620 4479 fidem
1674 4429 1860 4478 suam
1915 4414 2103 4479 inniti
2157 4434 2354 4482 sacrae

808 4522 1155 4606 Scripturae
1187 4540 1204 4585 ε
1235 4527 1348 4586 aut
1373 4522 1527 4605 quia
1555 4521 1752 4586 credit
1775 4538 2020 4585 sacram
2060 4519 2352 4606 Scriptu-

805 4648 946 4696 ram
989 4648 1027 4693 a
1071 4617 1314 4713 Spiritu
1358 4632 1576 4694 sancto
1623 4628 1819 4693 fuisse
1851 4629 2255 4714 inspiratam,
2289 4637 2354 4698 et

804 4736 1063 4815 editam,
1084 4737 1275 4818 juxta
1300 4735 1471 4819 quod
1502 4734 1737 4801 dicitur
1757 4742 1774 4777 ¹
1803 4758 1818 4800 t
1849 4738 2106 4819 sz'ritu
2128 4747 2349 4808 sancto

803 4844 1115 4926 inspirati
1153 4842 1350 4910 locuti
1395 4849 1550 4910 sunt
1593 4843 1807 4911 sancti
1854 4843 1974 4912 Dei
2009 4844 2295 4914 homines
2323 4864 2347 4913 .·

802 4956 867 5015 et
899 4951 990 5015 sic
1020 4951 1164 5015 talis
1207 4950 1546 5015 credulitas
1595 4955 1834 5035 spectat
1858 4953 1938 5018 ad
1964 4953 2113 5019 fldei
2139 4955 2348 5021 virtu-

801 5061 974 5137 tem3
1009 5062 1123 5123 aut
1164 5057 1308 5122 ideo
1336 5057 1538 5121 credit
1561 5075 1758 5124 sacrae
1788 5058 2160 5143 Scripturae,
2189 5063 2348 5145 quia

801 5169 1010 5247 patres
1045 5164 1145 5229 sui
1199 5164 1625 5247 crediderunt,
1680 5185 1720 5231 a
1772 5184 2053 5250 quorum
2098 5169 2346 5235 semitis

800 5291 929 5338 non
956 5272 1097 5335 vult
1140 5272 1478 5336 recedere·
1506 5276 1570 5337 et
1611 5273 1734 5388 hoc
1762 5273 1953 5339 modo
1989 5273 2343 5342 humanam

862 5399 1112 5451 ΙΙΙΡθηι
1118 5399 1310 5457 ‚‚121.

2476 544 2733 628 respicit
2776 546 3091 612 rationem
3113 596 3130 628 ,
3171 566 3290 613 nec
3331 552 3429 614 est
3480 550 3623 615 talis
3677 551 4013 618 credulitas

2474 646 2621 711 fidei
2668 646 2945 729 virtutis,
2984 650 3094 715 sed
3128 652 3341 735 potius
3360 652 3700 737 cujusdam
3725 659 4011 721 assuetu-

2469 752 2657 818 dinis.

2552 863 2612 923 3.
2643 859 2742 926 Ad
2774 860 2933 927 illud
2970 864 3143 946 quod
3169 865 3489 948 objicitur,
3518 867 3695 951 quod
3718 868 3867 934 aliae
3888 869 4012 934 vir-

2469 970 2639 1032 tutes
2683 967 2986 1035 informes
3012 971 3333 1038 habentur
3356 992 3473 1058 per
3506 975 4010 1059 acquisitionem,

2471 1075 2814 1145 dicendum
2840 1077 3014 1159 quod
3032 1097 3167 1144 non
3192 1084 3288 1144 est
3320 1081 3551 1161 simile,
3587 1100 3709 1165 pro
3735 1100 3819 1147 eo
3847 1085 4012 1166 quod

2470 1185 2649 1248 actus
2679 1184 2952 1250 aliarum
2996 1186 3317 1253 virtutum
3345 1190 3731 1255 concordant
3758 1190 3884 1274 ipsi
3916 1212 4012 1257 ra-

2470 1290 2631 1354 tioni
2685 1293 3038 1357 secundum
3100 1295 3393 1360 naturale
3437 1296 3782 1362 dictamen.
3841 1296 4013 1366 Unde

2463 1398 2714 1480 Justitia
2755 1401 3067 1465 naturalis
3110 1401 3331 1485 dirigit
3357 1404 3439 1468 ad
3466 1421 3662 1486 opera
3694 1405 4010 1471 virtutum

2470 1504 2917 1587 politicarum:
2944 1526 3076 1573 ιιοιι
3096 1510 3187 1574 sic
3212 1515 3432 1575 autem
3460 1515 3556 1575 est
3577 1512 3658 1577 de
3686 1511 3838 1593 fide,
3870 1531 4013 1597 qum

2469 1611 2693 1696 dirigit
2717 1614 2800 1679 ad
2823 1615 3037 1699 aliqua
3064 1616 3396 1699 credenda,
3430 1636 3579 1702 quae
3603 1624 3759 1683 sunt
3783 1624 4013 1703 praeter

2469 1727 2770 1788 naturam
2783 1773 2802 1804 ,
2836 1728 2899 1788 et
2941 1741 3139 1808 supra
3172 1724 3494 1808 judicium
3530 1726 3797 1791 rationis
3830 1749 3847 1791 ε
3877 1728 4010 1794 ideo

2469 1848 2603 1895 non
2632 1830 2722 1896 sic
2744 1832 3029 1914 subjacet
3055 1836 3291 1897 nostrae
3317 1833 3745 1916 acquisitioni,
3782 1853 4012 1901 secun·

2470 1937 2626 2003 dum
2652 1939 2825 2021 quod
2856 1938 3001 2004 aliae
3028 1938 3303 2004 virtutes
3328 1924 3625 2005 morales.

2547 2048 2611 2110 4.
2631 2046 2732 2110 Ad
2748 2045 2908 2112 illud
2925 2048 3099 2129 quod
3124 2046 3448 2131 objicitur,
3479 2048 3654 2131 quod
3678 2048 3916 2132 aliquis
3940 2050 4013 2113 de

2468 2153 2837 2219 infidelitate
2861 2154 3182 2220 transiens
3206 2155 3289 2219 ad
3302 2154 3603 2219 haeresim
3630 2155 4013 2238 aequit-itec-

2469 2260 2828 2340 gnitionem
2839 2260 3204 2342 aliquorum
3213 2261 3655 2341 articulorum,
3674 2260 4012 2328 dicendum

2469 2367 2641 2450 quod
2663 2384 2798 2431 non
2829 2370 2923 2431 est
2947 2368 3189 2432 simile:
3217 2367 3372 2451 quia
3410 2369 3575 2433 sicut
3601 2368 4012 2453 idemipsum

2468 2478 2674 2558 potest
2686 2475 2890 2540 amari
2907 2493 3126 2540 amore
3137 2475 3453 2540 divinitus
3465 2476 3701 2553 infuso,
3716 2480 3782 2540 et
3797 2495 4014 2543 amore

2468 2580 2660 2644 etiam
2711 2580 2933 2646 innato
2949 2631 2968 2661 ,
3014 2585 3079 2645 et
3115 2582 3480 2663 libidinoso,
3512 2584 3578 2647 et
3602 2582 3889 2648 multum
3916 2603 4012 2650 re-

2466 2688 2591 2753 fert
2634 2692 2856 2753 utrum
2895 2689 3136 2773 aliquid
3161 2690 3252 2755 sic
3271 2738 3290 2771 ,
3326 2691 3433 2755 vel
3477 2691 3570 2754 sic
3595 2695 3854 2757 ametur
3883 2714 3901 2757 t
3929 2693 4016 2759 sic

2467 2796 2660 2862 etiam
2708 2796 3194 2879 intelligendum
3257 2797 3330 2862 in
3383 2797 3755 2880 cognitione
3782 2847 3801 2878 ,
3848 2799 4013 2882 quod

2467 2902 2637 2967 idem
2681 2904 2896 2988 ipsum
2925 2905 3133 2985 aliter,
3161 2909 3225 2970 et
3247 2905 3431 2970 aliter
3455 2907 3662 2988 potest
3687 2905 3885 2984 credi,
3915 2906 4013 2971 vel

2468 3028 2552 3075 ex
2576 3011 2987 3094 persuasione
3013 3011 3303 3077 veritatis
3327 3013 3658 3091 humanm,
3691 3013 3796 3078 vel
3822 3031 3908 3078 ex
3932 3013 4008 3078 il·

2467 3118 2843 3185 lustratione
2893 3120 3180 3186 veritatis
3232 3123 3494 3186 aeternae
3543 3138 3562 3185 z
3616 3124 3681 3186 et
3722 3120 4010 3187 haeretici

2468 3227 2728 3310 quidem
2759 3227 2814 3291 si
2840 3233 3233 3310 cognoscunt
3261 3227 3513 3312 aliquos
3537 3227 3867 3309 articulos,
3892 3229 4013 3294 hoc

2467 3337 2562 3399 est
2585 3352 2667 3399 ex
2694 3335 2972 3417 quadam
3012 3335 3422 3418 persuasione
3465 3335 3776 3401 humanae
3817 3338 4009 3401 ratio-

2466 3443 2589 3522 nis,
2620 3443 2753 3507 imo
2777 3442 3059 3507 fictionis
3083 3460 3260 3522 suae3
3287 3443 3408 3508 etsi
3443 3444 3801 3508 secundum
3835 3443 4009 3509 illam

2466 3550 2766 3616 omnibus
2800 3550 3087 3615 articulis
3136 3550 3287 3616 fidei
3328 3549 3709 3616 mentirent
3725 3599 3747 3631 ,
3800 3551 4011 3616 adhuc

2465 3661 2682 3722 tamen
2718 3659 3026 3724 virtutem
3063 3659 3212 3724 fidei
3260 3676 3394 3724 non
3438 3657 3788 3738 haberent,
3828 3661 4011 3740 cnjus

2465 3769 2560 3830 est
2589 3765 2980 3832 intellectum
3020 3767 3091 3830 in
3127 3764 3358 3831 Christi
3397 3764 3782 3848 obsequium
3817 3765 4011 3849 capti·

2462 3891 2640 3939 vare.
2666 3871 2813 3939 Ideo
2837 3892 2971 3954 non
3001 3876 3098 3939 est
3121 3872 3331 3938 simile
3356 3872 3435 3937 de
3460 3871 3834 3955 cognitione
3858 3873 4011 3938 arti-

2464 3980 2759 4046 culorum
2781 3980 2852 4045 in
2878 3982 3022 4046 viro
3045 3978 3214 4045 fideli
3247 4000 3265 4043 t
3306 3982 3372 4044 et
3392 3996 3512 4061 pro
3537 3982 3718 4044 tanto
3744 3997 3880 4044 non
3902 3997 4009 4044 εθ-

2465 4090 2710 4173 quitur,
2740 4090 2913 4173 quod
2936 4089 2992 4152 si
3018 4089 3128 4153 illa
3161 4088 3446 4171 cognitio
3470 4087 3541 4151 in
3565 4086 3886 4153 haereticis
3914 4091 4006 4153 est

2462 4197 2806 4279 acquisita,
2850 4196 3023 4280 quod
3048 4195 3189 4260 haec
3215 4195 3286 4259 in
3316 4193 3610 4259 fidelibus
3634 4211 3771 4259 non
3796 4195 3880 4259 sit
3904 4196 4008 4259 in-

2462 4306 2624 4370 fusa.
2655 4304 2724 4370 Si
2749 4304 2895 4388 quis
2919 4309 3136 4369 tamen
3171 4303 3249 4368 de
3274 4301 3448 4368 fideli
3472 4305 3537 4366 et
3561 4301 3876 4367 catholico
3895 4302 4007 4366 fiat

2461 4415 2822 4494 haereticus,
2855 4415 2923 4478 et
2942 4415 3269 4477 remaneat
3279 4410 3403 4476 sibi
3420 4407 3708 4492 cognitio
3729 4410 4005 4492 alicujus

2461 4520 2749 4601 articuli,
2780 4539 2914 4586 non
2942 4520 3138 4584 habet
3169 4536 3315 4584 eam
3342 4518 3608 4583 omnino
3636 4534 3753 4599 per
3780 4517 4004 4599 acqui-

2459 4629 2778 4708 sitionem,
2804 4645 2924 4692 nec
2949 4632 3166 4692 tamen
3183 4626 3489 4691 dicendus
3502 4628 3599 4690 est
3617 4623 3860 4689 habere
3878 4625 4004 4688 vir-

2457 4740 2684 4815 tutem,
2730 4736 2888 4819 quia
2921 4734 3011 4798 ibi
3045 4732 3428 4799 illuminatio
3466 4732 3640 4815 prior
3684 4732 4000 4816 permixta

2457 4847 2552 4910 est
2591 4844 2871 4928 quodam
2908 4844 3099 4909 modo
3143 4841 3398 4907 falsitati
3435 4839 3671 4905 erroris
3713 4861 3731 4905 t
3771 4845 3833 4905 et
3858 4838 3998 4905 ideo

2456 4970 2591 5017 non
2615 4953 2810 5019 habet
2853 4950 3302 5036 perfectionem
3346 4951 3812 5108 competentem
3860 4948 3991 5013 vir-

2453 5061 2601 5235 ωὲ.
2624 5168 2723 5234 Ad
2743 5167 2901 5233 illud
2927 5166 3103 5250 quod
3126 5165 3430 5249 objicitur
3454 5164 3536 5230 de
3560 5097 3856 5248 parvulo,
3880 5161 3992 5247 qui

2452 5277 2621 5342 cadit
2670 5277 2750 5342 de
2804 5274 3056 5360 gratia,
3100 5276 3446 5357 antequam
3485 5270 3731 5356 aliquid
3761 5269 3989 5336 dende

2452 5384 2781 5470 acquirat,
2827 5383 3168 5449 dicendum
3216 5380 3389 5464 quod
3438 5378 3746 5464 parvulus
3799 5378 3988 5444 habet
