4185 6288
753 521 874 585 ⁴70

1288 677 1648 761 QUAESTIO
1686 675 1764 745 V.

760 836 852 891 An
889 832 1130 890 Clu-istm
1161 833 1224 888 in
1258 828 1504 887 descensu
1534 822 1610 881 ad
1645 825 1848 891 interos
1873 833 2051 877 omnes
2090 819 2304 874 ωιίηιω

1337 916 1649 975 liberaverit
1673 913 1712 966 ¹.

549 1089 613 1134 ΑΔ
630 1101 733 1145 ουν·
843 1081 1069 1148 Utrum
1119 1095 1342 1143 omnes
1393 1073 1665 1151 animas,
1721 1088 1870 1154 quae
1933 1068 2003 1133 in
2055 1068 2307 1132 inferno

761 1191 965 1268 erant,
982 1185 1297 1262 liberavit3
1314 1188 1379 1249 et
1393 1181 1564 1265 quod
1579 1181 1692 1257 sic,
1717 1179 1993 1244 videtur.
2008 1174 2126 1240 Job
2147 1174 2229 1255 (α)
2249 1175 2303 1237 ¹:

762 1300 842 1363 In
863 1293 1447 1379 protmtdissimum
1468 1288 1800 1368 infernum
1825 1281 2154 1349 descendet
2167 1280 2313 1346 ani·

763 1421 872 1470 ma
899 1419 1059 1469 mea.
1089 1401 1213 1467 Sed
1263 1401 1507 1463 constat
1535 1396 1708 1479 quod
1750 1392 2034 1459 Christus
2076 1390 2312 1473 eripuit

762 1510 882 1577 Job
919 1509 998 1574 de
1025 1507 1320 1571 inferno:
1369 1521 1529 1585 ergo
1555 1500 1793 1585 eripuit
1827 1498 2079 1582 aliquos
2100 1498 2179 1564 de
2206 1497 2308 1560 in·

764 1617 946 1683 terno
972 1610 1469 1698 profundissimo
1500 1630 1517 1673 ε
1552 1606 1756 1672 multo
1774 1605 2002 1671 fortius
2027 1604 2105 1669 de
2133 1607 2311 1687 parte

766 1721 1079 1805 superiori
1123 1717 1355 1782 inferni
1384 1737 1401 1780 t
1432 1733 1593 1797 ergo
1621 1712 1878 1778 videtur
1902 1709 2075 1794 quod
2103 1715 2311 1775 totum

765 1829 1093 1894 infernum
1118 1823 1554 1909 expoliaverit.

847 1940 910 2000 2.
968 1935 1126 2000 Item
1168 1934 1237 1996 in
1290 1930 1540 1997 Psalmo
1586 1929 1609 1965 ²
1656 1949 1674 1993 ι
1721 1927 1979 1993 Emisti
2020 1927 2317 1993 animam

768 2064 974 2114 meam
995 2058 1080 2112 ex
1105 2044 1364 2124 inferno
1387 2041 1694 2121 interiori
1723 2059 1748 2103 .·
1774 2042 1888 2102 aut
1929 2039 2054 2102 hoe
2084 2037 2318 2103 dieitur

769 2156 836 2221 in
863 2172 1136 2239 persona
1161 2152 1413 2230 Christi,
1468 2154 1583 2214 aut
1609 2149 1677 2213 in
1703 2165 1976 2231 persona
2002 2146 2266 2211 alterins
2294 2167 2315 2213 ι

770 2264 879 2329 sed
927 2278 1337 2347 quocumque
1392 2258 1581 2323 modo
1632 2257 2055 2339 intelligatur,
2121 2254 2320 2337 aliqui

771 2372 940 2437 eruti
988 2375 1141 2434 sunt
1183 2368 1261 2431 de
1302 2366 1442 2430 loeo
1468 2365 1775 2445 inferiori,
1821 2364 1979 2448 quia
2036 2364 2321 2428 Christus

774 2496 906 2542 non
945 2475 1264 2541 deseendit
1309 2473 1436 2537 nisi
1490 2473 1572 2537 ad
1625 2472 1839 2537 locum
1887 2472 2111 2551 illum,
2146 2469 2322 2536 unde

773 2585 1021 2649 animas
1058 2584 1229 2649 eruit
1283 2606 1299 2647 ε
1357 2599 1519 2663 ergo
1573 2581 1779 2645 multo
1833 2580 2063 2644 fortius
2120 2584 2323 2644 erutae

775 2695 929 2755 sunt
953 2692 1031 2755 de
1074 2691 1322 2756 inferno
1367 2689 1683 2774 superiori
1715 2706 1735 2752 z
1763 2707 1926 2771 ergo
1948 2688 2027 2753 de
2052 2689 2189 2754 toto
2212 2688 2321 2752 in-

776 2797 976 2861 seruo.

859 2910 919 2969 3.
965 2906 1146 2987 Item,
1176 2924 1370 2990 super
1394 2905 1552 2971 illud
1581 2906 1924 2973 Zachariae
1948 2905 2014 2969 ⁸:
2041 2905 2124 2969 In
2168 2919 2320 2969 san·

778 3014 972 3095 quine
990 3016 1352 3082 testamenti
1370 3015 1601 3080 eruisti
1619 3015 1865 3079 vinctos
1884 3010 1963 3077 de
1983 3012 2152 3090 lacu,
2171 3015 2321 3089 ete„

781 3119 1034 3186 Glossa:
1070 3144 1100 3183 α
1129 3121 1274 3198 EoS,
1295 3120 1809 3204 quitenebantur
1831 3120 2029 3184 vincti
2057 3118 2325 3184 carceri·

711 3253 714 3254 ⁷
783 3227 925 3306 bus,
958 3229 1070 3292 ubi
1096 3229 1274 3294 nulla
1303 3228 1730 3294 misericordia
1759 3247 1865 3292 eos
1885 3227 2322 3310 refrigerabat,

783 3354 981 3419 quam
1025 3337 1202 3402 dives
1251 3338 1357 3402 ille
1383 3336 1655 3420 petebat,
1688 3339 1762 3399 tu
1800 3335 2104 3400 liberasti.
2134 3357 2165 3395 n
2203 3335 2328 3400 Sed

781 3444 937 3509 tales
956 3451 1139 3511 erant
1166 3446 1448 3511 damnati
1471 3446 1543 3508 in
1569 3445 1854 3509 inferno:
1886 3460 2045 3526 ergo
2076 3444 2330 3509 videtur

779 3553 953 3636 quod
981 3555 1122 3618 illos
1137 3555 1433 3618 liberavit
1463 3570 1662 3633 :ergo
1689 3569 1912 3615 omnes
1936 3551 2184 3615 eduxit.

857 3665 921 3724 4.
941 3660 1125 3740 Item,
1155 3662 1209 3725 si
1232 3662 1399 3726 solos
1409 3661 1610 3724 bonos
1628 3659 1707 3724 de
1729 3658 1979 3722 inferno
2007 3658 2327 3738 liberavit,

779 3771 847 3833 et
894 3768 1098 3832 malos
1137 3769 1411 3852 reliquit,
1443 3785 1593 3831 cum
1638 3766 1855 3849 plures
1909 3769 2121 3830 essent
2175 3767 2329 3830 mali

784 3894 981 3958 quam
1009 3876 1182 3956 boni,
1239 3877 1494 3941 videtur
1516 3875 1688 3958 quod
1730 3875 2015 3939 Christus
2041 3892 2173 3937 non
2204 3873 2329 3956 ple-

789 4002 968 4062 nam,
1012 3984 1124 4048 sed
1150 3982 1565 4067 semiplenam
1610 3981 1944 4047 victoriam
1972 3981 2051 4048 de
2077 3981 2330 4046 diabolo

791 4091 1092 4155 obtinuit.

745 4255 750 4260 .
872 4201 933 4261 5.
965 4197 1122 4262 Item
1150 4197 1433 4264 Christus
1451 4215 1568 4280 pro
1585 4195 1886 4260 omnibus
1903 4212 2130 4278 passus
2154 4196 2333 4261 estin

790 4323 979 4371 cruce
1036 4327 1053 4369 ε
1090 4306 1202 4370 sed
1253 4306 1334 4369 ad
1380 4304 1519 4368 illos
1551 4303 1909 4368 liberandos
1947 4303 2029 4367 ad
2081 4303 2331 4367 inferna

791 4413 1131 4490 descendit,
1162 4431 1281 4498 pro
1307 4413 1559 4495 {quibus
1585 4430 1806 4494 passus
1846 4410 2009 4476 fuit:
2043 4429 2201 4492 ergo
2228 4412 2328 4477 vi-

790 4518 977 4584 detur
1026 4520 1198 4603 quod
1225 4537 1449 4584 omnes
1474 4519 1766 4584 eduxerit
1817 4519 1896 4583 de
1933 4519 2204 4584 inferno.
2264 4519 2332 4584 Si

790 4631 864 4691 tu
890 4627 1062 4693 dicas
1079 4626 1253 4711 quod
1277 4645 1408 4691 non
1433 4631 1527 4691 est
1552 4643 1776 4709 passus
1799 4631 2115 4709 quantum
2138 4626 2216 4690 ad
2246 4627 2332 4691 ef·

790 4734 1077 4798 ficaciam
1125 4735 1252 4798 nisi
1303 4753 1420 4817 pro
1472 4735 1676 4810 nobiS,
1706 4733 1852 4798 licet
1899 4737 2218 4816 quantum
2252 4735 2333 4799 ad

789 4841 1234 4907 sufficientiam
1274 4858 1392 4924 pro
1439 4841 1767 4917 omnibus;
1811 4844 2032 4904 contra
2073 4841 2198 4905 hoe
2240 4846 2335 4906 est

788 4951 960 5032 quod
986 4950 1215 5015 dicitur
1258 4949 1348 5015 ad
1399 4950 1714 5016 Romanos
1742 4950 1763 4985 ⁸
1816 4967 1839 5012 .·
1883 4933 2177 5016 Christus
2214 4965 2333 5031 pro

790 5059 1017 5141 impiis
1038 5072 1275 5139 passus
1302 5057 1373 5138 (b)
1415 5062 1510 5122 est
1547 5078 1562 5120 :
1592 5059 1657 5121 et
1695 5060 1991 5120 oonstans
2020 5062 2117 5121 est
2156 5057 2330 5140 quod

790 5164 978 5227 multi
1005 5168 1361 5247 peecatores
1387 5164 1614 5228 merito
1652 5163 1961 5246 passionis
1989 5163 2217 5229 Christi
2245 5165 2333 5228 li-

854 5289 874 5322 ¹
903 5289 984 5351 Cf.
1006 5291 1063 5342 S.
1091 5289 1336 5354 Thomas,
1356 5305 1410 5356 p.
1441 5290 1529 5351 tn,
1557 5303 1609 5354 q.
1639 5300 1748 5354 mr,
1776 5293 1872 5340 art.
1905 5293 1967 5352 5;
1996 5291 2049 5340 et
2072 5290 2137 5339 ln
2168 5289 2330 5353 Seni„

793 5361 908 5409 dist.
933 5372 1043 5411 xxn
1064 5399 1082 5424 ‚
1107 5375 1156 5424 q.
1183 5374 1242 5422 ιι,
1265 5366 1362 5412 art.
1392 5364 1451 5422 23
1471 5361 1730 5420 Richard.,
1753 5362 1819 5410 ΙΙΙ
1852 5362 2011 5423 Seni„
2039 5361 2156 5412 dist.
2178 5373 2293 5412 xxn
2315 5400 2328 5421 ,

791 5437 888 5480 art.
910 5434 957 5490 3,
981 5446 1034 5495 q.
1066 5444 1124 5493 11,
1145 5433 1320 5496 Steph.
1350 5432 1557 5495 Brulel,
1591 5434 1653 5482 ΙΙΙ
1688 5433 1846 5491 Sene„
1875 5432 1992 5482 dist.
2018 5445 2153 5495 xxu,
2182 5448 2235 5498 q.
2265 5444 2326 5496 η

789 5501 1044 5553 Marsilius
1069 5503 1306 5567 luguen,
1331 5505 1398 5554 111
1435 5503 1594 5564 Seni„
1621 5517 1675 5567 q.
1702 5513 1831 5566 xm,
1867 5507 1964 5554 art.
2001 5506 2049 5554 2.
2083 5503 2328 5560 —¹Jo⁶.,

1895 499 2519 571 SENTENTmmn
2554 500 2707 567 LIB.
2748 501 2857 568 111.

2412 639 2725 704 berantur
2772 636 2850 703 de
2900 643 3207 722 potestate
3259 645 3326 707 et
3367 642 3616 727 laqueis
3658 642 3954 710 diaboli:

2412 763 2571 829 ergo
2611 745 2867 811 videtur
2915 746 3089 830 quod
3140 747 3346 814 multo
3395 749 3623 815 fortius
3674 749 3770 814 illi
3821 749 3957 814 tue·

2413 856 2569 918 runt
2610 853 2884 937 liberati,
2926 855 3040 938 qui
3079 855 3344 921 fuerunt
3384 854 3477 920 ibi
3520 874 3561 921 a
3587 855 3837 921 Christo
3863 857 3961 920 in-

2415 956 2617 1021 venti.

2495 1063 2619 1129 Sed
2645 1069 2906 1129 eontra:
2937 1062 3011 1130 In
3030 1065 3193 1130 Isaia
3206 1065 3438 1132 dicitur
3451 1067 3531 1133 de
3544 1068 3866 1134 damnatis
3889 1075 3912 1110 ⁸
3940 1090 3957 1132 z
3986 1062 4142 1109 Μ

2426 1172 2678 1238 vermis
2705 1188 2919 1239 eorum
2945 1189 3076 1239 non
3090 1176 3423 1277 ‘moriscum
3463 1181 3523 1243 et
3540 1177 3722 1259 iqnis
3749 1192 3963 1243 eorum

2416 1295 2549 1346 non
2565 1281 2981 1362 antiquetur
3006 1298 3031 1345 .·
3061 1297 3224 1361 ergo
3262 1281 3520 1347 videtur
3544 1284 3718 1367 quod
3742 1303 3963 1367 repro-

2418 1387 2534 1452 bos
2550 1390 2615 1452 et
2638 1386 2841 1452 malos
2863 1386 3147 1453 Christus
3174 1388 3257 1455 ab
3284 1389 3437 1472 igne
3461 1390 3697 1456 inferni
3730 1412 3866 1457 non
3888 1392 3964 1457 li-

2419 1492 2695 1559 beravit.

2502 1599 2696 1667 Item¹
2725 1619 2745 1666 ε
2776 1601 2974 1670 Chaos
2986 1621 3290 1687 maurium
3310 1605 3644 1687 firmatum
3671 1615 3769 1675 est
3796 1611 3966 1675 inter

2421 1722 2541 1774 nos
2589 1712 2651 1775 et
2682 1725 2817 1789 vos,
2872 1713 2994 1776 etc.
3042 1709 3216 1793 Ergo
3266 1712 3474 1776 multo
3528 1714 3758 1779 fortius
3806 1717 3967 1781 inter

2422 1814 2748 1881 Christum
2799 1820 2863 1881 et
2903 1818 3237 1883 damnatos
3291 1840 3309 1884 ε
3339 1837 3501 1901 ergo
3553 1839 3688 1886 non
3716 1822 3965 1888 videtur

2421 1921 2597 2004 quod
2635 1923 2920 1987 Christus
2953 1924 3342 1991 descenderit
3385 1927 3466 1991 ad
3510 1927 3653 1992 illos
3690 1929 3966 1995 liberan-

2423 2030 2560 2095 dos.
2589 2030 2658 2095 Si
2684 2032 2858 2096 enim
2885 2031 2990 2095 alii
3018 2033 3214 2097 saneti
3253 2052 3384 2098 non
3416 2037 3968 2118 oompatiebantur

2425 2135 2743 2203 damnatis
2762 2144 3022 2222 propter
3049 2144 3454 2207 severitatem
3478 2145 3771 2225 justitiae,
3810 2151 3966 2212 mul·

2426 2249 2492 2310 to
2536 2245 2763 2310 fortius
2801 2264 2920 2310 nee
2949 2248 3083 2329 ipse
3127 2247 3443 2328 Christus,
3474 2251 3585 2331 qui
3632 2257 3728 2315 est
3752 2256 3966 2335 justus

2418 2354 2647 2434 judex.
2690 2352 3021 2418 Transitus
3047 2355 3223 2419 enim
3275 2356 3405 2436 ille,
3453 2357 3613 2421 sieut
3643 2359 3796 2424 dicit
3824 2360 3968 2426 Gre-

2425 2460 2672 2542 gorius,
2694 2460 3079 2543 intelligitur
3102 2462 3179 2527 de
3205 2466 3658 2547 compassione.

2511 2567 2670 2631 Item
2710 2567 2744 2633 J
2751 2568 2927 2649 uda3‚
2957 2569 3154 2634 etalii
3200 2570 3270 2633 in
3295 2576 3549 2653 peccato
3580 2573 3837 2638 mortali
3859 2575 3970 2640 de-

2429 2675 2737 2754 cedentes,
2761 2676 3043 2740 damnati
3068 2682 3249 2741 erant
3266 2696 3379 2761 per
3401 2681 3781 2745 seutentiam
3801 2682 3969 2747 diffi-

2429 2783 2703 2848 nitivam
2740 2801 2758 2847 2
2813 2783 2923 2847 sed
2976 2783 3143 2849 Deus
3195 2802 3533 2867 nunquam
3581 2789 3962 2852 sententiam

2431 2910 2618 2957 suam
2643 2894 3051 2958 diffinitivam
3070 2898 3365 2959 retractat
3390 2919 3405 2960 ε
3433 2914 3593 2979 ergo
3620 2902 3746 2964 etc.

2514 3001 2673 3065 Item
2701 3002 2909 3085 passio
2939 3000 3165 3067 Christi
3193 3020 3323 3066 non
3350 3003 3517 3068 tollit
3555 3003 3831 3070 liberum
3855 3025 3967 3072 ar-

2433 3110 2696 3175 bitrium
2727 3133 2743 3174 :
2775 3129 2933 3193 ergo
2950 3129 3069 3176 nee
3093 3112 3321 3177 merita
3346 3112 3529 3179 liberi
3560 3114 3842 3180 arbitrii:
3862 3133 3966 3179 er·

2434 3235 2545 3298 go,
2575 3219 2628 3282 si
2654 3218 2854 3302 aliqui
2880 3224 3062 3283 erant
3088 3220 3176 3284 ibi
3202 3220 3485 3284 damnati
3511 3238 3628 3304 per
3663 3222 3970 3287 demerita

2434 3327 2536 3389 sui
2585 3326 2771 3389 liberi
2816 3326 3084 3403 arbitrii,
3139 3327 3394 3393 videtur
3436 3328 3611 3411 quod
3635 3346 3971 3413 nunquam

2436 3435 2665 3498 merito
2684 3435 2990 3518 passionis
3015 3435 3245 3500 Christi
3263 3437 3565 3503 deberent
3581 3437 3731 3504 inde
3747 3438 3885 3504 erui
3910 3443 3972 3502 et

2437 3547 2717 3612 liberari.

2519 3656 2675 3719 item
2702 3659 2816 3720 aut
2865 3657 2971 3721 isti
3020 3660 3401 3740 peecatoreS,
3432 3657 3548 3741 qui
3597 3659 3789 3725 modo
3837 3678 3977 3724 mo-

2442 3764 2698 3828 riuntur
2739 3765 2808 3828 in
2860 3770 3141 3847 peccato,
3172 3765 3526 3831 liberantur
3570 3767 3647 3832 de
3702 3767 3972 3842 inferno,

2439 3877 2751 3937 autnon:
2784 3872 2837 3934 si
2862 3872 3236 3951 liberantur,
3285 3891 3447 3955 ergo
3477 3874 3639 3938 nihil
3667 3879 3762 3939 est
3788 3875 3862 3940 de
3890 3876 3970 3939 ri-

2441 3999 2603 4063 gore
2643 3981 2877 4046 divinae
2897 3982 3198 4064 justitiae3
3245 3983 3301 4045 si
3336 4000 3468 4046 non
3501 3981 3876 4062 liberantur,
3909 3989 3970 4048 et

2438 4090 2531 4153 illi
2553 4091 2819 4154 fuerunt
2846 4090 3124 4170 liberati,
3161 4107 3319 4171 ergo
3348 4091 3581 4173 pejoris
3604 4092 3977 4156 conditionis

2440 4201 2590 4263 sunt
2615 4198 2728 4275 illi,
2770 4199 2880 4281 qui
2912 4197 3110 4262 secuti
3155 4203 3307 4261 sunt
3334 4198 3696 4281 passionem
3721 4200 3971 4277 Christi,

2443 4323 2641 4390 quam
2670 4306 2760 4369 illi
2783 4306 2894 4388 qui
2940 4309 3439 4388 praecesserunt:
3470 4307 3579 4370 sed
3599 4307 3725 4371 hoo
3751 4312 3842 4371 est
3860 4307 3978 4370 fal·

2443 4433 2592 4478 sum
2640 4435 2657 4477 ε
2688 4430 2845 4495 ergo
2889 4413 3048 4478 nulli
3094 4413 3348 4496 reprobi
3389 4413 3634 4478 liberati
3661 4418 3835 4478 sunt.
3865 4413 3975 4478 Est

2441 4540 2598 4604 ergo
2650 4521 2945 4604 quaestio,
3000 4538 3162 4603 quos
3207 4520 3573 4584 liberaverit
3631 4524 3706 4601 (c)
3724 4569 3742 4597 ,
3799 4526 3860 4586 et
3908 4523 3977 4585 in

2439 4648 2637 4713 quem
2686 4629 3008 4693 infernum
3056 4627 3476 4707 descenderit3
3527 4633 3593 4691 et
3627 4628 3975 4712 specialiter

2440 4738 2709 4802 dubium
2736 4740 2829 4801 est
2877 4736 2953 4801 de
2981 4737 3287 4820 parvulis,
3318 4738 3429 4821 qui
3459 4737 3862 4804 decesserunt
3913 4738 3978 4801 iu

2438 4849 2696 4928 peccato
2732 4845 3060 4925 originali.
3124 4844 3196 4910 Si
3240 4846 3414 4909 enim
3432 4845 3524 4910 illi
3561 4864 3699 4910 non
3743 4846 3978 4910 habent

2440 4952 2614 5016 aliud
2664 4956 2992 5033 peccatum
3023 4952 3144 5015 nisi
3177 4956 3507 5035 peccatum
3546 4952 3728 5033 Adae,
3767 4957 3831 5018 et
3860 4971 3976 5035 pro

2438 5057 2549 5123 illo
2562 5058 2857 5123 satisfecit
2877 5058 3184 5139 Christus,
3203 5065 3268 5123 et
3281 5060 3506 5125 merita
3524 5056 3755 5126 Christi
3766 5059 3977 5125 valent

2440 5162 2567 5228 illis
2591 5164 2705 5246 qui
2732 5183 2861 5230 non
2889 5169 3164 5231 utuntur
3188 5165 3386 5230 libero
3403 5166 3692 5243 arbitrio,
3722 5167 3974 5233 videtur

2439 5295 2573 5346 xvn,
2602 5288 2677 5337 16.
2708 5310 2769 5324 —
2793 5284 2816 5320 ⁸
2837 5286 2972 5338 Psal.
3010 5298 3203 5346 nxxxv,
3246 5289 3322 5338 13.
3347 5313 3409 5326 —
3440 5286 3460 5321 ⁸
3491 5287 3669 5351 zach„
3706 5297 3781 5352 xx,
3812 5292 3884 5338 11.
3913 5314 3973 5325 -

2439 5357 2462 5391 ⁸
2492 5357 2649 5417 Rom„
2670 5367 2721 5419 v,
2748 5359 2795 5408 6.
2823 5382 2884 5395 -
2904 5357 2927 5392 ⁸
2953 5356 3073 5421 lea„
3102 5369 3247 5422 nm,
3272 5361 3353 5410 26.
3370 5383 3432 5399 -
3450 5359 3633 5420 vnce„
3666 5372 3774 5424 xvi,
3803 5362 3884 5411 26.

2500 5432 2573 5496 (α)
2592 5432 2677 5483 ΑΙ.
2706 5432 2838 5481 deese
2863 5433 2977 5484 lob.
3000 5461 3060 5472 —
3089 5433 3154 5499 (ὁ)
3202 5433 3350 5500 Vulq.
3378 5437 3632 5486 mortuus.
3663 5461 3725 5477 —
3756 5437 3819 5501 (e)
3854 5437 3979 5488 eet.

2439 5504 2559 5554 edit.
2586 5503 2841 5556 liberavit.
