4185 6288
1225 472 1610 540 DISTINGT.
1649 471 1863 539 lxlv.
1908 471 2098 539 ΛΒΤ.
2145 473 2253 540 111.
2298 465 2603 553 QUAEST.
2648 471 2725 537 11.

358 606 431 671 in
454 606 683 689 ipsam.
713 626 744 666 ι
767 604 848 671 Et
865 607 1018 690 quia
1042 608 1124 673 ad
1142 610 1492 690 utrumque
1513 609 1728 674 actum
1741 624 1912 673 com·

361 722 626 801 paratur
650 718 978 785 iuratione
1002 720 1249 800 motivi‚
1273 719 1427 785 hinc
1439 718 1722 802 estquod
1739 736 1906 801 prae-

360 824 525 889 dicta
569 824 863 890 diffinitio
908 823 1322 909 intelligenda
1361 830 1459 892 est
1494 826 1636 892 dari
1681 842 1911 891 secun-

358 930 516 996 dum
543 931 1056 1015 praedicationem
1072 933 1413 1014 causalem,
1442 937 1516 998 ut
1537 933 1619 997 sit
1642 950 1905 1000 sensus,

357 1037 681 1105 articulus
708 1042 802 1104 est
829 1040 1172 1123 perceptiO,
1192 1045 1339 1121 etc„
1366 1041 1432 1106 id
1461 1043 1578 1119 est,
1602 1040 1910 1106 articulus

359 1149 454 1210 est
480 1146 638 1211 illud
660 1148 833 1230 quod
858 1147 1181 1214 illuminat
1199 1167 1317 1215 nos
1334 1151 1416 1215 ad
1437 1150 1726 1216 divinam
1746 1149 1910 1216 veri-

356 1256 553 1318 tatem
590 1254 1086 1338 percipiendam,
1122 1261 1185 1322 et
1223 1259 1396 1341 quod
1425 1258 1656 1324 excitat
1680 1276 1797 1322 nos
1825 1257 1907 1323 ad

356 1360 745 1426 tendendum
771 1361 840 1425 in
869 1361 1096 1444 ipsam.
1125 1363 1302 1430 Unde
1328 1365 1562 1430 dicitur
1588 1365 1905 1448 perceptio

355 1467 642 1547 tendenS,
671 1466 828 1550 quia
853 1468 1003 1534 facit
1031 1487 1148 1535 nos
1171 1472 1494 1556 percipere
1535 1474 1598 1536 et
1620 1472 1901 1552 tendere,

356 1577 420 1640 et
442 1579 658 1640 movet
683 1593 802 1640 nos
825 1577 905 1640 ad
930 1578 1434 1662 percipiendum,
1455 1584 1519 1645 et
1538 1580 1618 1644 ad
1643 1580 1906 1645 tenden-

353 1681 535 1748 dum.
562 1681 640 1747 Et
667 1701 780 1766 per
803 1683 926 1748 hoc
951 1688 1125 1767 patet
1149 1687 1477 1768 responsio
1502 1687 1634 1752 fere
1660 1687 1740 1752 ad
1767 1705 1903 1753 om-

351 1788 466 1853 nia
494 1788 601 1872 (a),
631 1807 782 1871 quae
807 1790 1223 1874 objiciuntur.

434 1902 495 1963 1.
526 1896 626 1962 Ad
673 1896 833 1961 illud
883 1898 1060 1963 enim
1099 1900 1272 1983 quod
1314 1900 1524 1983 primo
1577 1901 1897 1984 objicitur,

349 2004 522 2087 quod
547 2003 725 2068 nulla
757 2005 992 2069 veritas
1025 2010 1121 2070 est
1172 2024 1291 2071 sua
1338 2008 1680 2090 percepti0‚
1728 2011 1903 2090 patet

349 2110 707 2193 responsio:
724 2111 881 2193 quia
891 2129 1119 2177 verum
1128 2116 1225 2177 est
1240 2114 1682 2195 praedicatione
1694 2132 1901 2180 essen-

351 2216 486 2282 tiali
504 2217 636 2295 3sed
655 2235 787 2281 non
806 2221 900 2282 est
916 2235 1146 2290 verum
1159 2218 1611 2301 praedicatione
1632 2220 1895 2288 causali.

430 2329 469 2388 2
495 2329 557 2388 et
582 2328 641 2387 3.
671 2325 771 2389 Ad
798 2325 960 2390 illud
986 2328 1158 2409 quod
1184 2328 1507 2410 objicItur,
1540 2330 1711 2413 quod
1739 2330 1898 2394 fldes

350 2437 444 2498 est
463 2434 801 2516 perceptiO,
820 2440 884 2498 et
896 2435 1089 2498 etiam
1107 2436 1268 2500 visio
1286 2436 1536 2517 gloriae,
1559 2436 1896 2502 dicendum

348 2540 523 2622 quod
538 2556 670 2604 non
690 2545 783 2605 est
807 2541 1036 2619 simile,
1067 2543 1223 2626 quia
1244 2543 1401 2608 illud
1426 2543 1651 2607 dicitur
1670 2544 1896 2627 praedi-

349 2647 593 2711 catione
608 2647 888 2728 formali,
906 2649 1015 2712 sed
1034 2649 1189 2714 illud
1205 2650 1436 2716 dicitur
1448 2652 1894 2734 praedicatione

351 2755 587 2818 causali
622 2778 636 2815 ε
668 2755 828 2820 fides
874 2756 1045 2820 enim
1091 2759 1155 2821 et
1194 2757 1360 2822 visio
1409 2762 1504 2823 est
1548 2759 1889 2842 perceptio,

345 2861 515 2924 sieut
555 2861 815 2926 habitus
858 2863 1297 2945 perceptivus;
1328 2864 1441 2929 sed
1470 2865 1779 2930 articulus
1800 2868 1894 2930 est

346 2968 687 3050 perceptiO,
718 2968 885 3033 sicut
917 2968 1242 3053 objectum
1282 2970 1600 3037 motivum
1633 2972 1893 3037 virtutis

345 3065 772 3158 percipientis.
824 3072 1042 3141 Posset
1084 3078 1277 3142 etiam
1325 3076 1450 3142 dici
1500 3077 1675 3161 quod
1726 3079 1893 3146 sicut

342 3178 702 3246 intellectus
761 3182 1105 3266 aliquando
1169 3185 1460 3249 nominat
1517 3186 1886 3268 potentiam,

341 3287 688 3370 aliquando
724 3288 1018 3354 habitum
1040 3336 1059 3368 ‚
1090 3290 1435 3375 aliquando
1478 3296 1696 3357 actum
1713 3339 1737 3372 ,
1767 3294 1888 3358 ali—

341 3395 604 3478 quando
630 3396 954 3479 objectum
975 3444 994 3475 ,
1032 3397 1202 3464 sicut
1230 3399 1641 3464 manifestum
1681 3405 1779 3465 est
1818 3401 1890 3466 in

341 3500 611 3568 diversis
655 3503 1138 3569 auctoritatibus
1175 3526 1194 3583 ;
1245 3506 1339 3570 sic
1383 3510 1448 3570 et
1473 3507 1889 3590 perceptionis

341 3626 582 3673 nomen
627 3612 832 3692 potest
868 3609 1126 3674 extendi
1168 3611 1250 3676 ad
1292 3611 1585 3678 habitum
1598 3661 1617 3693 ,
1646 3617 1884 3695 actum,

343 3720 407 3782 et
432 3716 777 3799 objectum.
808 3714 956 3782 Ideo
980 3716 1165 3782 aliter
1180 3718 1415 3784 dicitur
1439 3718 1516 3784 de
1535 3720 1684 3802 fide,
1704 3722 1888 3788 aliter

342 3822 423 3887 de
449 3822 740 3888 articu10.

422 3933 484 3993 4.
517 3929 617 3995 Ad
642 3928 803 3995 illud
827 3930 1005 4013 quod
1041 3854 1377 4014 onjicitur,
1418 3933 1593 4016 quod
1632 3934 1885 4000 articuli

340 4057 474 4103 non
497 4040 745 4103 tantum
772 4041 1060 4124 spectant
1084 4041 1164 4104 ad
1191 4041 1549 4119 veritatem,
1565 4043 1675 4106 sed
1692 4044 1884 4108 etiam

341 4145 422 4212 ad
453 4147 837 4228 bonitatem
868 4165 988 4214 nec
1026 4152 1281 4214 tantum
1312 4149 1396 4213 ad
1425 4149 1756 4214 veritatem
1787 4148 1885 4215 di-

341 4254 585 4333 vinam,
623 4253 735 4321 sed
778 4256 971 4321 etiam
1007 4244 1509 4336 ad'humanam3
1539 4256 1883 4323 dicendum

342 4361 514 4444 quod
558 4360 676 4427 etsi
716 4363 1024 4428 articulus
1068 4367 1405 4429 concernat
1449 4364 1663 4446 aliquo
1690 4366 1884 4430 modo

406 4519 471 4579 (a)
504 4518 626 4567 Coet.
648 4517 773 4568 edit.
796 4518 915 4569 add.
952 4516 1169 4581 obiecta.
1192 4547 1255 4556 —
1282 4518 1348 4583 (b)
1373 4519 1505 4568 deest
1543 4519 1792 4584 quamvis.
1821 4547 1881 4559 —

346 4589 401 4654 (c)
427 4590 622 4641 tendat.
649 4612 703 4626 -—·
739 4589 809 4655 (d)
836 4589 1079 4641 habilem.

3446 483 3560 546 5³7

2020 608 2289 689 honum,
2339 612 2677 675 concernat
2717 609 2910 673 etiam
2953 610 3193 694 aliquid
3249 614 3560 697 creatum,

2020 717 2372 783 secundum
2409 715 2568 783 illud
2611 719 2827 782 tamen
2866 733 2997 782 non
3032 717 3224 784 hahet
3250 719 3562 786 rationem

2021 825 2290 906 motivi3
2321 825 2433 891 sed
2454 843 2534 891 eo
2565 826 2703 909 ipso
2737 825 2911 909 quod
2953 826 3194 893 habet·
3175 846 3248 893 in
3273 847 3342 893 se
3367 831 3563 896 ratio-

2019 949 2171 998 nem
2199 932 2370 1013 veri,
2417 935 2480 997 et
2514 932 2652 998 veri
2678 933 2950 1013 summi,
2989 934 3096 1000 cui
3123 935 3281 1001 fides
3304 940 3562 1021 propter

2017 1053 2127 1115 se,
2164 1039 2229 1100 et
2251 1052 2443 1120 super
2468 1036 2688 1101 omnia
2711 1037 3024 1103 assentit:
3055 1040 3118 1103 et
3144 1039 3296 1123 quia
3321 1039 3561 1107 diffini-

2014 1143 2128 1207 tur
2164 1142 2271 1207 hic
2311 1142 2616 1207 articulus
2662 1143 2731 1208 in
2776 1148 3094 1228 quantum
3139 1151 3237 1212 est
3279 1149 3560 1216 motivus

2015 1247 2188 1330 fidei,
2219 1249 2362 1316 ideo
2398 1250 2634 1315 sufficit
2661 1255 2922 1334 tangere
2958 1252 3109 1318 hic
3090 1272 3159 1319 m
3186 1256 3327 1339 ejus
3353 1255 3559 1322 notifi-

2015 1356 2264 1423 catione
2291 1357 2624 1423 veritatem
2646 1357 2960 1438 divinam,
2990 1380 3030 1426 a
3061 1379 3191 1445 qua
3218 1367 3313 1427 est
3337 1364 3469 1428 tota
3495 1365 3560 1429 et

2014 1465 2378 1549 principalis
2401 1465 2564 1529 ratio
2592 1465 2738 1531 fidei
2766 1470 2832 1532 et
2856 1468 3172 1534 credendi.

2095 1576 2155 1637 5.
2207 1572 2308 1639 Ad
2350 1572 2506 1638 illud
2544 1574 2721 1656 quod
2763 1574 2866 1658 obj
2875 1574 3065 1641 icitur
3103 1575 3183 1642 de
3209 1576 3553 1662 tendentia,

2010 1683 2183 1762 patet
2203 1680 2550 1764 responsio,
2581 1680 2735 1762 quia
2758 1681 3121 1764 praedicatio
3150 1683 3258 1748 illa
3283 1685 3553 1750 causali·

2010 1789 2110 1851 ter
2145 1789 2243 1851 est
2283 1785 2718 1870 intelligenda.
2761 1788 3089 1856 Articulus
3127 1791 3306 1856 enim
3326 1795 3555 1858 termi-

2010 1894 2225 1958 nando
2252 1893 2398 1960 facit
2415 1894 2676 1959 tendere
2697 1913 2714 1958 ε
2735 1896 3038 1960 terminat
3056 1897 3231 1963 enim
3258 1898 3328 1962 in
3350 1916 3556 1982 quan·-

2007 2005 2152 2066 tum
2194 2000 2373 2081 finis,
2409 2005 2473 2065 et
2497 2006 2713 2066 movet
2737 2001 2808 2066 in
2836 2006 3153 2086 quantum
3178 2006 3501 2089 objectum
3531 2031 3550 2076 ε

2008 2112 2072 2172 et
2097 2108 2239 2174 ideo
2257 2109 2405 2173 facit
2430 2108 2708 2175 tendere.

2087 2219 2150 2279 6.
2187 2215 2286 2279 Ad
2329 2215 2487 2280 illud
2531 2217 2704 2298 quod
2745 2218 3045 2300 objicitur
3070 2219 3151 2285 de
3190 2220 3316 2288 flde
3343 2223 3550 2289 malo-

2006 2339 2179 2398 rum,
2197 2321 2535 2388 dicendum
2545 2324 2715 2406 quod
2723 2324 2829 2389 hic
2842 2325 3154 2392 diffinitur
3166 2329 3471 2397 articulus
3482 2333 3552 2397 in

2006 2429 2477 2512 comparatione
2495 2430 2574 2495 ad
2593 2431 2787 2496 fidem
2799 2432 3139 2499 formatam
3162 2457 3178 2500 ε
3201 2435 3550 2504 lieetetiam

2004 2537 2160 2601 fides
2201 2537 2556 2617 malorum,
2605 2540 2905 2621 quamvis
2950 2541 3022 2623 (b)
3057 2540 3122 2605 in
3160 2540 3365 2609 Deum
3403 2551 3552 2612 actu

2002 2661 2134 2709 non
2157 2645 2418 2710 tendant
2448 2647 2544 2726 (c),
2571 2650 2790 2711 tamen
2814 2647 3023 2712 reddit
3048 2649 3330 2731 quodam
3358 2654 3549 2719 modo

1999 2752 2243 2817 habiles
2274 2753 2356 2836 (d)
2387 2753 2465 2818 ad
2493 2755 2904 2835 tendendum,
2934 2756 3080 2820 licet
3109 2759 3475 2842 semiplene.

2082 2867 2143 2926 7.
2171 2862 2270 2927 Ad
2298 2861 2455 2927 illud
2480 2861 2652 2945 quod
2687 2862 3007 2946 objicitur,
3052 2866 3226 2948 quod
3268 2868 3550 2949 cognitio

2000 2968 2532 3052 philosophorum
2567 2974 2704 3035 erat
2738 2970 3057 3054 perceptio
3094 2990 3241 3037 cum
3276 2974 3548 3040 tenden-

1998 3077 2087 3140 tia
2109 3125 2128 3158 ,
2158 3077 2497 3142 dicendum
2544 3078 2717 3163 quod
2754 3095 2888 3143 non
2927 3082 3063 3144 erat
3096 3078 3206 3146 illa
3232 3080 3551 3149 tendentia

1998 3185 2267 3264 quaeest
2294 3199 2378 3247 ex
2403 3182 2530 3248 fide
2571 3201 2591 3247 ε
2626 3200 2966 3267 nunquam
3003 3185 3179 3249 enim
3222 3203 3338 3270 per
3373 3186 3551 3253 illam

1997 3288 2431 3370 cognitionem
2449 3292 2740 3371 poterant
2767 3292 3106 3373 pervenire
3129 3293 3210 3357 ad
3234 3292 3546 3360 salutem:

1996 3395 2162 3476 ideo,
2205 3400 2282 3460 ut
2325 3396 2546 3461 verius
2589 3397 2958 3480 loquamur,
2991 3399 3205 3482 potius
3221 3402 3545 3483 jacebant,

1995 3520 2193 3587 quam
2221 3502 2586 3568 tendebant.

2076 3615 2137 3674 8.
2167 3609 2267 3673 Ad
2292 3609 2449 3674 illud
2479 3610 2651 3693 quod
2675 3611 2996 3693 objicitur,
3029 3611 3200 3695 quod
3228 3613 3426 3680 unius
3449 3616 3546 3681 rei

1995 3717 2188 3781 unica
2222 3720 2318 3780 est
2347 3715 2648 3782 diffinitio
2667 3764 2686 3796 ‚
2717 3717 3057 3783 dicendum
3098 3720 3272 3801 quod
3316 3738 3547 3787 verum

1993 3829 2088 3888 est
2154 3823 2509 3890 secundum
2574 3823 2831 3888 unicam
2891 3827 3432 3909 comparationem
3482 3833 3548 3894 et

1992 3931 2601 4011 considerationem3
2646 3931 2753 3996 sed
2795 3932 3149 3998 secundum
3203 3934 3377 4016 quod
3419 3937 3543 4001 ali-

1991 4038 2148 4119 quid
2186 4038 2615 4121 multipliciter
2648 4038 2841 4103 habet
2879 4038 3287 4121 considerari,
3322 4044 3545 4109 multi-

1991 4145 2237 4228 pliciter
2274 4145 2469 4209 habet
2516 4145 2828 4209 notificari
2862 4167 2878 4209 z
2907 4146 3050 4211 ideo
3084 4146 3439 4215 Richardus
3478 4157 3543 4217 et

1993 4251 2274 4317 Isidorus
2325 4252 2744 4319 diversimode
2803 4254 3339 4337 notificaverunt,
3389 4260 3543 4341 quia

1990 4358 2415 4425 diversimode
2483 4361 3048 4426 consideraverunt
3124 4384 3141 4427 ε
3209 4363 3542 4432 diversitas

1989 4466 2207 4526 autem
2249 4479 2476 4528 eorum
2529 4463 2651 4528 fuit
2691 4467 3009 4547 quantum
3053 4464 3132 4530 ad
3184 4466 3309 4531 tria
3322 4512 3341 4545 ‚
3375 4468 3539 4535 sicut

1988 4574 2317 4636 ostensum
2342 4577 2436 4637 est
2454 4590 2670 4656 supra.
