4185 6288
167 1123 314 1180 mvn·

1200 458 1577 529 nls'rlNc'r.
1620 457 1779 524 xlv.
1823 451 2006 520 ΛΒΤ.
2054 453 2163 518 111.
2209 451 2511 532 QUAEST.
2556 451 2611 518 I.

823 709 1177 789 QUAESTIO
1223 709 1272 774 1.

365 866 435 925 An
450 869 657 930 Christus
677 871 927 928 11αὸ00111
956 871 1128 926 aliam
1147 870 1431 925 scientiam
1451 868 1657 939 prater
1677 865 1837 920 illam

677 962 1072 1036 „quamhabuit
1099 963 1161 1016 in
1203 959 1377 1015 Verbo
1405 958 1445 1015 ¹.

413 1119 610 1186 Utrum
636 1120 922 1186 Christus
955 1121 1253 1186 habuerit
1288 1119 1479 1183 aliam
1513 1116 1840 1181 scientiam

344 1246 374 1292 a
399 1227 577 1294 Verbo
611 1232 840 1312 praeter
873 1228 1083 1305 illam,
1112 1246 1306 1311 quam
1336 1225 1561 1290 habuit
1589 1225 1658 1289 in
1684 1222 1842 1289 Ver-

338 1337 440 1416 ho;
465 1343 524 1402 et
545 1338 717 1420 quod
751 1355 879 1402 non
914 1337 1105 1401 fuerit
1129 1335 1342 1418 aliqua
1367 1332 1703 1398 necessitas
1729 1333 1840 1397 ha-

328 1445 497 1510 bendi
528 1445 741 1524 aliam,
780 1445 1034 1509 videtur
1075 1443 1284 1527 primo
1309 1460 1426 1525 per
1465 1441 1620 1505 illud
1668 1439 1842 1523 quod

320 1556 458 1621 dicit
493 1556 916 1620 Damascenus
939 1557 963 1591 ¹
993 1578 1008 1618 ε
1047 1578 1078 1616 ι
1107 1553 1658 1631 Quemadmodum
1694 1569 1841 1615 caro

314 1663 574 1728 hominis
613 1663 971 1729 secundum
1010 1662 1333 1745 propriam
1373 1663 1669 1724 naturam
1711 1678 1841 1723 non

312 1778 397 1837 ost
433 1772 821 1836 vivificativa
841 1820 861 1850 ,
909 1770 1164 1835 Domini
1205 1773 1421 1834 autem
1466 1787 1614 1833 caro
1659 1769 1844 1832 unita

310 1880 654 1945 secundum
678 1876 1077 1963 hypostasim
1112 1878 1233 1961 ipsi
1268 1876 1394 1942 Deo
1435 1876 1641 1941 Verbo
1675 1876 1842 1941 vivi-

310 1990 550 2054 ficativa
595 1988 760 2053 facta
784 1992 907 2066 est,
939 1990 1196 2069 propter
1222 2004 1362 2050 eam
1381 2034 1397 2062 ,
1429 2003 1577 2068 quae
1622 1987 1716 2048 est
1743 2002 1844 2048 se-

309 2096 584 2162 cundum
629 2094 1056 2179 hypostasim,
1100 2093 1404 2158 unionem
1436 2113 1451 2154 ε
1487 2093 1577 2157 110
1613 2097 1679 2156 01
1718 2091 1840 2156 hu·

311 2223 490 2268 mana
554 2208 788 2268 natura
837 2202 1095 2286 quidem
1153 2200 1648 2265 substantialiter
1715 2218 1842 2263 non

310 2313 569 2393 possidet
635 2313 1003 2376 futurorum
1062 2309 1527 2391 cognitionem3
1591 2308 1842 2373 Domini

311 2424 517 2485 autem
542 2420 762 2484 anima
780 2467 799 2500 ,
830 2422 1086 2502 propter
1112 2435 1255 2481 eam
1275 2465 1294 2497 ,
1325 2436 1471 2500 quae
1497 2418 1694 2480 estad
1745 2417 1840 2481 di-

311 2529 439 2594 vini
485 2527 678 2595 Verbi
722 2526 1109 2610 hypostasim
1145 2526 1223 2608 (a)
1273 2526 1578 2591 unionem
1594 2575 1613 2605 ,
1651 2526 1847 2590 ditata

312 2640 807 2703 est-futurorum
847 2636 1209 2718 cognitione
1244 2657 1258 2697 ε
1294 2653 1452 2716 0130
1493 2635 1658 2699 sicut
1698 2652 1845 2699 caro

313 2743 526 2809 Christi
583 2761 716 2809 non
777 2747 986 2827 posset
1045 2742 1371 2807 vivificare
1417 2742 1539 2806 nisi
1589 2748 1847 2825 propter

313 2852 608 2917 unionem
632 2851 734 2916 sui
758 2852 841 2916 ad
866 2848 1170 2929 Verbum,
1197 2850 1285 2912 ita
1309 2849 1527 2912 anima
1554 2851 1694 2931 ejus
1717 2867 1847 2913 non

313 2964 712 3041 cognosceret
736 2958 997 3041 aliquid,
1027 2958 1152 3023 nisi
1179 2958 1247 3021 in
1274 2956 1412 3040 ipso
1436 2955 1665 3021 Verbo,

386 3072 444 3131 Ξ.
484 3066 647 3132 Item
683 3067 878 3131 unius
913 3064 1266 3130 oecundum
1309 3082 1509 3128 unam
1548 3067 1848 3129 naturam

315 3180 402 3240 est
442 3195 575 3240 una
623 3174 922 3259 perfectio
973 3197 989 3238 :
1038 3175 1149 3239 sed
1218 3174 1569 3239 intellectus
1613 3174 1847 3238 animae

317 3280 533 3346 Christi
574 3283 888 3365 perfectus
926 3282 1047 3345 fuit
1080 3282 1369 3360 scientia,
1408 3280 1849 3361 cognoscendo

319 3391 525 3455 omnia
562 3390 634 3453 in
661 3391 799 3473 ipso
833 3388 1041 3453 Verbo
1072 3413 1088 3454 ε
1120 3407 1278 3470 0130
1306 3406 1454 3452 cum
1482 3389 1741 3452 scientia
1769 3388 1851 3451 sit

319 3498 606 3578 perfectio
627 3499 831 3582 ipsius
855 3497 1231 3573 intellectus,
1257 3513 1388 3560 non
1404 3496 1634 3563 habuit
1656 3496 1850 3560 aliam

318 3605 633 3670 scientiam
660 3608 893 3688 praeter
918 3604 1117 3670 iilam.
1548 3585 1554 3591 ¹

394 3718 452 3777 3.
484 3713 643 3777 Item
674 3713 1078 3795 superfluum
1121 3717 1216 3776 est
1241 3713 1445 3777 facere
1471 3730 1584 3795 per
1623 3714 1847 3796 plura,

320 3821 481 3902 quod
515 3823 720 3903 potest
761 3820 1146 3884 sufficienter
1171 3819 1315 3883 fieri
1349 3838 1463 3902 per
1504 3820 1801 3902 pauciora
1830 3842 1845 3885 ε

318 3927 419 3992 sed
457 3928 674 3992 anima
705 3926 932 3992 Christi
965 3926 1497 3992 sufficientissime
1531 3927 1853 4008 cognoscit

319 4052 503 4100 omne
549 4034 1003 4116 cognoscibile,
1051 4034 1411 4116 cognitione
1455 4053 1603 4117 quae
1649 4039 1747 4098 est
1785 4036 1852 4098 in

319 4141 449 4224 ipso
479 4141 689 4209 Verbo
724 4161 742 4206 z
770 4161 929 4224 ergo
968 4142 1222 4207 videtur
1250 4141 1416 4223 quod
1451 4142 1850 4224 superfluum

319 4249 393 4313 sit
417 4251 477 4314 ei
496 4250 844 4316 attribuere
870 4250 1061 4314 aliam
1086 4250 1538 4331 cognitionem.

394 4362 452 4420 4.
488 4356 649 4421 Item
670 4358 933 4440 majoris
960 4357 1227 4421 luminis
1252 4361 1349 4421 est
1371 4356 1709 4420 absorbere
1740 4356 1855 4419 mi-

321 4481 440 4527 nus
470 4487 485 4526 :
518 4465 575 4528 si
610 4482 768 4546 ergo
807 4465 1118 4546 cognitio,
1149 4484 1347 4547 quam
1383 4464 1613 4528 Christi
1639 4464 1855 4529 anima

322 4569 504 4637 habet
530 4572 764 4655 inipso
807 4571 1013 4637 Verbo
1029 4622 1049 4652 ,
1092 4574 1217 4638 fuit
1242 4574 1536 4657 perfectae
1571 4573 1856 4637 lumino-

323 4679 536 4758 sitatis,
564 4681 721 4764 quia
745 4681 865 4744 fuit
889 4682 956 4743 111
984 4682 1122 4763 ipso
1148 4682 1320 4745 fonte
1345 4681 1641 4761 luminis,
1672 4681 1854 4745 vide-
1925 4684 1931 4690 '

324 4790 423 4852 tur
458 4789 632 4872 quod
664 4807 796 4853 non
832 4788 1110 4872 potuerit
1144 4788 1336 4853 simul
1381 4806 1531 4852 cum
1577 4806 1653 4853 ea
1688 4792 1855 4854 stare

325 4894 494 4960 aliud
515 4914 728 4977 genus
752 4895 1132 4977 cognitionis
1155 4895 1226 4959 in
1252 4894 1467 4960 anima
1494 4894 1742 4960 Christi.

400 5008 458 5068 5.
496 5003 698 5069 Item⁸
729 5025 745 5068 ε
782 5003 1048 5077 Quando
1085 5002 1390 5072 adveniet
1410 5003 1582 5085 quod
1608 5006 1854 5086 perrec-

389 5143 503 5207 ¹Cfi
534 5148 589 5197 S.
617 5144 821 5208 Thom„
842 5157 893 5206 p.
924 5143 1012 5206 III,
1041 5157 1093 5207 q.
1121 5156 1193 5203 rx,
1217 5149 1380 5208 art.2;
1402 5149 1455 5196 et
1475 5147 1541 5195 111
1563 5145 1855 5209 Sent.,dist.

332 5225 432 5279 xiv,
465 5232 514 5282 q.
555 5229 596 5279 1,
620 5221 719 5268 art.
745 5221 791 5278 1,
820 5229 872 5278 q.
910 5225 973 5279 ν,
1001 5215 1136 5266 etde
1172 5216 1345 5279 Ver-it„
1373 5232 1425 5282 q.
1450 5230 1545 5279 xx,
1575 5223 1670 5269 art.
1713 5221 1782 5280 23
1807 5220 1859 5267 et

334 5290 513 5359 Opusc„
531 5306 583 5346 11
597 5331 616 5355 ,
634 5307 681 5343 c.
694 5300 889 5342 ccxxm
904 5306 923 5353 3
948 5292 1152 5354 Scotus,
1167 5292 1232 5341 ΙΙΙ
1252 5292 1411 5358 Seni„
1432 5293 1550 5344 dist.
1570 5306 1678 5359 xxv,
1695 5308 1747 5358 q.
1766 5304 1855 5355 1113

363 5387 595 5510 mm.
622 5386 748 5438 edit.
771 5385 906 5435 deest
925 5384 1260 5449 hypostasim.
1277 5412 1338 5425 —
1359 5386 1424 5449 (ὁ)
1447 5388 1568 5440 coet.
1586 5388 1712 5439 edit.
1739 5400 1857 5437 eva·

337 5469 362 5505 0
501 5500 513 5512 .

3382 452 3500 514 319

1949 597 2086 656 tum
2114 595 2226 668 est,
2265 587 2682 655 evacuabitur
2716 585 2789 668 (b)
2823 584 2996 667 quod
3035 600 3120 649 ea·
3142 592 3325 665 parte
3352 590 3444 650 est
3468 605 3492 645 .-

1950 696 2060 760 sed
2104 696 2387 777 cognitio
2421 695 2621 778 ipsius
2649 692 2885 757 animae
2912 690 3137 755 Christi
3181 691 3249 755 in
3288 689 3497 755 verbo

1950 808 2046 867 est
2108 804 2393 885 cognitio
2446 802 2944 886 perfectissima:
3005 798 3286 880 cognitio
3344 817 3499 862 vero

1951 928 2172 975 rerum
2195 912 2265 973 in
2298 911 2555 993 proprio
2583 926 2819 992 genere
2848 911 2941 970 est
2966 905 3249 987 cognitio
3278 905 3499 968 minus

1949 1019 2225 1101 perfecta
2254 1038 2272 1082 ε
2312 1037 2470 1100 0130
2507 1018 2560 1080 si
2611 1016 2895 1081 Christus
2931 1013 3013 1078 ah
3049 1012 3231 1077 initio
3275 1012 3502 1075 habuit

1950 1129 2382 1210 cognitionem
2450 1124 2971 1210 perfectissimam
2991 1171 3010 1202 ,
3061 1140 3208 1204 quse
3270 1125 3367 1185 est
3431 1120 3500 1183 in

1953 1236 2180 1339 YerbO,
2211 1236 2469 1300 videtur
2495 1233 2667 1317 quod
2695 1232 2818 1297 alia
2845 1250 2976 1295 non
3012 1230 3240 1294 habuit
3285 1228 3496 1293 locum

1951 1344 2019 1408 in
2049 1344 2211 1427 ipso.

2032 1455 2155 1518 Sed
2177 1456 2395 1518 contra
2418 1475 2434 1516 :
2458 1451 2638 1516 Sicut
2655 1451 2807 1515 dicit
2821 1449 3229 1530 Augustinus
3247 1453 3293 1524 ⁶,
3311 1462 3500 1528 super
3526 1463 3731 1510 runem.

1957 1562 2249 1628 Genesim
2276 1561 2365 1627 ad
2382 1561 2679 1638 litteram,
2708 1562 2985 1621 tractans
3009 1555 3119 1618 illa
3135 1554 3257 1617 tria
3270 1553 3492 1619 verba:

1953 1672 2122 1748 Fiat,
2161 1671 2330 1751 fecit,
2371 1675 2431 1735 et
2460 1669 2707 1748 factum
2732 1671 2844 1743 est,
2878 1663 3148 1745 angelus
3170 1660 3500 1744 tripliciter

1953 1777 2260 1860 cognovit
2283 1796 2407 1853 res,
2438 1777 2505 1839 in
2530 1774 2667 1859 ipso
2692 1772 2921 1852 Verbo,
2952 1772 3020 1835 in
3047 1789 3135 1848 se,
3165 1770 3324 1834 etin
3353 1787 3498 1853 pro-

1953 1886 2092 1968 prio
2141 1903 2378 1966 genere
2408 1908 2424 1948 :
2463 1885 2572 1970 sed
2609 1882 2960 1947 intellectus
3003 1879 3240 1943 animae
3271 1877 3498 1941 Christi

1953 2012 2084 2059 non
2111 1994 2234 2058 fuit
2270 1995 2486 2058 minus
2523 1993 2868 2076 perfectus,
2909 2006 3108 2072 quam
3146 1985 3499 2050 intellectus

1953 2102 2281 2183 angelicus
2312 2124 2328 2165 t
2360 2119 2517 2183 ergo
2553 2118 2682 2163 non
2720 2101 2970 2162 tantum
3009 2095 3234 2159 habuit
3275 2095 3494 2175 cogni-

1953 2211 2194 2276 tionem
2244 2229 2463 2275 rerum
2508 2209 2576 2272 in
2621 2207 2862 2287 verim,
2910 2223 3143 2270 verum
3191 2203 3383 2267 etiam
3430 2202 3499 2265 in

2035 2425 2217 2506 item,
2251 2427 2537 2491 Christus
2569 2421 2912 2504 assumpsit
2955 2420 3126 2501 quod
3172 2416 3500 2499 dignitatis

1954 2538 2090 2596 erat
2115 2534 2194 2598 de
2229 2533 2408 2597 omni
2437 2536 2606 2596 statu
2623 2579 2641 2609 ,
2675 2528 2911 2593 scilicet
2937 2527 3014 2590 de
3051 2529 3221 2589 statu
3246 2523 3494 2606 gloriae,

1956 2645 2017 2704 et
2052 2641 2132 2705 de
2156 2645 2324 2705 statu
2359 2638 2779 2712 innocentiae,
2810 2640 2872 2699 et
2920 2634 2998 2699 de
3041 2637 3211 2696 statu
3249 2635 3499 2696 naturae

1955 2748 2149 2830 lapsae
2188 2767 2205 2812 ε
2237 2765 2396 2829 0130
2440 2765 2570 2810 11011
2610 2749 2863 2809 tantum
2907 2740 3134 2805 habuit
3175 2738 3499 2819 cognitio-

1956 2873 2109 2919 nem
2170 2854 2654 2920 convenientem
2709 2850 2901 2915 statui
2954 2848 3179 2931 gloriae
3201 2896 3219 2927 ,
3267 2864 3498 2910 verum

1956 2964 2151 3028 etiam
2203 2962 2690 3027 convenientem
2740 2957 2933 3023 statui
2981 2955 3382 3020 innocentiae.
3433 2951 3500 3018 Si

1956 3091 2114 3155 ergo
2141 3072 2344 3137 Adam
2372 3071 2598 3135 habuit
2619 3068 3053 3151 cognitionem
3084 3065 3376 3130 omnium
3404 3080 3501 3126 re-

1956 3199 2106 3244 rum
2170 3184 2527 3244 creatarum
2589 3177 2897 3241 divinitus
2960 3175 3082 3238 sihi
3150 3173 3362 3237 datam
3431 3171 3502 3235 in

1956 3288 2044 3351 sei
2052 3306 2195 3371 ps0,
2247 3287 2502 3352 videtur
2540 3283 2712 3368 quod
2728 3333 2746 3362 ,
2796 3286 3026 3365 praeter
3071 3279 3500 3360 cognitionem

1957 3396 2337 3475 gloriosam,
2369 3392 2655 3458 Christus
2689 3390 2918 3455 habuit
2940 3389 3116 3452 illam
3148 3386 3497 3450 scientiam.

2040 3501 2222 3581 Item,
2254 3502 2470 3565 anima
2497 3499 2725 3563 Christi
2750 3498 2821 3560 in
2851 3497 3025 3561 omni
3058 3495 3226 3559 dono
3253 3492 3503 3574 gratia-

1957 3629 2110 3674 rum
2137 3610 2357 3673 debuit
2378 3606 2681 3673 excedere
2708 3623 2932 3671 omnes
2957 3603 3111 3667 alias
3135 3601 3417 3679 animas;
3442 3603 3504 3664 et

1958 3738 2089 3785 non
2115 3723 2366 3783 tantum
2384 3719 2453 3782 in
2480 3718 2646 3782 dono
2664 3715 2890 3798 gratiae
2918 3719 3178 3797 gratum
3196 3709 3499 3788 facientis,

1958 3846 2190 3895 verum
2217 3827 2410 3891 etiam
2447 3825 2516 3888 in
2560 3826 2727 3889 dono
2769 3823 2996 3906 gratiae
3043 3821 3245 3904 gratis
3286 3820 3451 3884 datae
3482 3836 3500 3883 ε

1958 3937 2012 4001 si
2055 3956 2214 4020 ergo
2251 3935 2486 3999 habere
2527 3922 2819 3997 notitiam
2857 3932 3144 4015 ipsarum
3174 3947 3397 3995 rerum
3438 3929 3505 3990 in

1958 4048 2194 4130 seipso,
2228 4046 2350 4109 hoc
2392 4046 2487 4107 est
2513 4042 2757 4107 donum
2798 4041 3026 4123 gratiae
3069 4039 3268 4121 gratis
3307 4038 3501 4116 datae,

1961 4156 2215 4220 videtur
2254 4152 2427 4236 quod
2472 4151 2756 4215 Christus
2800 4149 3026 4213 habuit
3074 4148 3238 4210 hanc
3280 4145 3507 4227 cogni-

1959 4263 2222 4341 tionem,
2253 4264 2483 4345 praeter
2508 4278 2653 4324 eam
2680 4258 3109 4339 cognitionem
3138 4272 3288 4337 quae
3314 4257 3405 4318 est
3437 4252 3506 4314 in

1959 4370 2191 4436 Verbo.

2042 4477 2202 4541 Item
2222 4526 2241 4554 ,
2288 4477 2454 4540 sicut
2499 4475 2663 4538 ratio
2703 4472 2993 4556 superior
3042 4469 3230 4535 debet
3272 4469 3505 4535 habere

1960 4603 2146 4650 suam
2191 4581 2670 4668 perfectionem,
2698 4580 2788 4644 ita
2815 4579 3008 4644 etiam
3042 4578 3204 4641 ratio
3248 4576 3507 4641 inferior

1963 4694 2032 4757 in
2061 4692 2308 4756 Christo
2342 4713 2356 4754 :
2388 4690 2499 4754 sed
2522 4689 2685 4754 ratio
2710 4687 3002 4771 superior
3025 4687 3177 4749 nata
3202 4689 3297 4748 est
3324 4704 3505 4749 nosse

1963 4819 2065 4865 res
2094 4800 2163 4862 in
2187 4799 2326 4880 ipso
2352 4796 2560 4864 Verbo
2588 4801 2862 4872 aeterno;
2894 4791 3153 4856 inferior
3180 4809 3332 4856 vero
3361 4797 3506 4855 nata

1964 4910 2056 4971 est
2084 4923 2191 4969 eas
2209 4902 2604 4968 considerare
2631 4902 2698 4965 in
2729 4900 2987 4984 proprio
3016 4915 3290 4979 genere:
3324 4916 3502 4979 0130,

1964 5012 2130 5076 sicut
2193 5010 2422 5074 habuit
2479 5008 2909 5091 cognitionem
2979 5004 3322 5088 superioris
3340 5052 3361 5083 ,
3422 5006 3509 5070 ita

1965 5119 2158 5184 etiam
2185 5115 2500 5181 inferioris
2531 5139 2547 5180 ε
2580 5119 2644 5180 01
2666 5116 2776 5193 sic,
2808 5118 2926 5178 etc.
3132 5100 3141 5108 ⁰

1967 5245 2142 5308 Steph.
2165 5242 2450 5304 Brulef.,III
2473 5243 2633 5306 Sent„
2651 5242 2768 5291 dist.
2791 5250 2880 5289 xiv
2903 5275 2916 5297 ,
2944 5252 2996 5301 q.
3014 5248 3108 5287 vu.
3125 5263 3187 5275 -
3208 5238 3229 5273 ²
3251 5238 3504 5300 Damaso„

1969 5316 2030 5366 de
2047 5314 2175 5367 Fide
2198 5313 2416 5372 orthod„
2442 5313 2531 5365 lib.
2562 5314 2648 5375 ΙΙΙ,
2668 5327 2715 5363 0.
2743 5323 2858 5363 ιιι.
2877 5335 2938 5348 --
2958 5310 3019 5358 ⁸1
3045 5308 3183 5373 Corn,
3213 5322 3332 5374 1111,
3359 5316 3509 5360 ¹0.—

1968 5387 1991 5421 ⁶
2016 5391 2168 5449 Aug„
2191 5384 2253 5435 de
2280 5383 2454 5433 Getice.
2479 5383 2548 5433 ad
2574 5384 2702 5445 litt„
2729 5381 2817 5430 lib.
2844 5381 2910 5445 11,
2939 5395 2986 5430 c.
3012 5390 3202 5443 vm,n.
3230 5384 3315 5446 19,
3340 5382 3506 5445 quoad

1970 5469 2196 5509 sensum.
