4185 6288
533 596 727 653 Adopp.

767 431 892 496 4³8

851 566 1220 632 Conana.
1257 562 1738 647 Superilluffl:
1774 563 2044 633 necabat
2085 570 2308 632 amo-

772 690 904 742 rem
944 672 1175 740 sanetis
1214 685 1427 739 eorum
1464 687 1582 753 per
1602 673 1970 753 passionem
2014 686 2309 737 consum·

773 782 968 859 mari,
1024 779 1242 844 Glossa
1289 800 1307 843 t
1364 801 1396 838 a
1424 777 1558 842 Nisi
1595 778 1881 845 Christus
1906 785 2308 857 moreretur,

772 888 969 954 homo
1007 905 1139 953 non
1180 886 1634 965 redimeretur,
1669 891 1731 952 et
1778 906 1911 952 nou
1947 888 2316 970 redemptus

773 995 1031 1078 periret,
1070 999 1135 1058 et
1175 995 1411 1058 trustra
1447 998 1661 1059 essent
1700 994 1921 1059 omnia
1961 995 2149 1058 facta.
2177 1015 2209 1054 υ
2244 993 2314 1059 Si

773 1119 934 1183 ergo
961 1101 1087 1166 hoc
1112 1105 1208 1166 est
1231 1100 1640 1184 impossibile,
1669 1105 1866 1167 restat
1890 1102 2065 1185 quod
2088 1105 2153 1165 et
2175 1101 2315 1184 pri-

775 1227 959 1275 mum
985 1214 1081 1275 est
1107 1209 1493 1292 impowbile
1509 1256 1529 1289 ,
1556 1209 1794 1274 scilieet
1834 1209 2159 1275 Christum
2181 1226 2316 1273 non

774 1319 938 1383 mori
961 1336 1082 1400 pro
1096 1317 1299 1382 salute
1313 1318 1569 1401 generis
1580 1317 1888 1382 humani:
1919 1322 1983 1381 et
2008 1317 2065 1380 si
2089 1317 2320 1382 hocest

776 1421 1186 1505 impossibile,
1203 1421 1592 1504 impossibile
1609 1422 1732 1486 t'uit
1740 1421 1869 1485 alio
1898 1420 2090 1486 modo
2108 1438 2319 1502 genus

775 1530 1136 1595 humanum
1145 1530 1636 1613 liberari‚quam
1645 1548 1759 1613 per
1776 1532 2049 1594 mortem
2061 1528 2315 1594 Christi.

855 1649 918 1709 2.
945 1643 1104 1708 Item
1122 1642 1568 1718 Anselmus,in
1580 1642 1745 1706 libro
1768 1643 1894 1721 Cur
1906 1644 2075 1709 Deus
2088 1642 2321 1709 homo':

790 1771 822 1808 a
849 1746 993 1812 Non
1021 1748 1225 1813 voluit
1257 1748 1530 1811 transire
1555 1747 1840 1825 calicem,
1874 1748 1998 1811 nisi
2023 1747 2268 1811 biberet
2297 1766 2315 1811 ε

779 1873 911 1920 non
949 1856 1102 1939 quia
1144 1873 1276 1920 non
1307 1857 1517 1938 posset
1544 1854 1749 1919 vitare
1778 1862 2077 1933 mortem,
2106 1855 2161 1917 si
2184 1854 2322 1919 vel-

778 1962 899 2041 let;
937 1964 1069 2043 sed,
1114 1962 1559 2031 sicut.dictum
1601 1966 1727 2040 est,
1774 1961 2165 2045 impossibile
2200 1961 2323 2026 fuit

778 2070 961 2134 aliter
995 2070 1240 2134 salvare
1279 2068 1624 2134 mundum.
1666 2089 1698 2129 υ
1738 2067 1922 2133 Redit
1964 2085 2124 2150 ergo
2149 2068 2321 2162 idem

780 2179 954 2261 quod
979 2178 1186 2260 prius,

862 2290 921 2349 3.
966 2283 1123 2349 ltem
1145 2332 1164 2364 ‚
1195 2285 1357 2348 sicut
1383 2283 1536 2347 dicit
1568 2281 1977 2363 Augustinus
1996 2288 2062 2347 ⁸:
2102 2307 2133 2343 e
2163 2282 2323 2348 Nul-

781 2391 883 2457 lus
941 2393 1106 2457 alius
1148 2392 1379 2456 modus
1416 2391 1540 2455 fuit
1585 2391 1708 2455 isto
1763 2392 2240 2471 congruentior.
2280 2415 2313 2451 ι)

779 2504 849 2571 Si
897 2520 1056 2587 ergo
1096 2504 1320 2587 optimi
1363 2507 1459 2568 est
1493 2503 1734 2585 optima
1761 2502 2108 2582 adducere,
2160 2505 2324 2568 sicut

781 2613 933 2677 boni
972 2616 1068 2677 est
1099 2612 1270 2676 bona
1294 2611 1521 2689 facere,
1550 2609 1807 2674 videtur
1833 2610 2004 2692 quod
2031 2627 2324 2674 necessa-

780 2720 954 2785 rium
981 2720 1105 2784 fuit
1126 2735 1449 2783 summam
1473 2717 1823 2781 bonitatem
1843 2718 2037 2781 istum
2056 2718 2323 2783 modum

781 2828 1042 2909 eligere.
1088 2826 1156 2890 Si
1191 2843 1351 2907 ergo
1408 2824 1835 2890 necessarium
1895 2824 2018 2888 fuit
2079 2825 2323 2907 eligere

781 2935 977 2999 istum
1016 2932 1320 3012 modum,
1374 2932 1758 3016 impossibile
1797 2933 1917 2995 fuit
1964 2933 2090 2997 alio
2133 2933 2323 2998 modo

777 3042 1036 3105 salvari.
1323 3027 1328 3031 ’

862 3155 922 3214 4.
974 3148 1130 3213 ltem
1152 3196 1172 3226 ,
1206 3148 1371 3212 Deus
1393 3193 1410 3224 ‚
1458 3165 1609 3211 cum
1657 3147 1740 3211 sit
1781 3165 2033 3213 summe
2076 3151 2319 3233 justus,

781 3275 1018 3339 negare
1057 3257 1339 3339 seipsum
1378 3272 1509 3319 non
1553 3258 1758 3338 potest
1789 3273 1806 3316 ε
1848 3274 2027 3337 ergo,
2058 3258 2110 3320 si
2139 3257 2326 3324 debet

780 3382 1074 3448 reparare
1102 3381 1311 3445 genus
1336 3362 1722 3438 humanum,
1752 3379 2006 3427 necesse
2032 3369 2129 3427 est
2152 3366 2325 3448 quod

778 3476 1030 3554 reparet
1058 3488 1174 3554 per
1189 3469 1364 3534 viam
1384 3469 1651 3551 justitiae
1685 3491 1700 3532 ε
1734 3470 1842 3533 sed
1870 3474 2185 3554 reparatio
2210 3492 2326 3556 per

778 3580 955 3644 viam
991 3578 1261 3662 justitiae
1302 3593 1435 3640 nou
1462 3579 1825 3658 potestesse
1848 3577 1973 3641 nisi
1998 3596 2114 3662 per
2140 3581 2323 3644 satis-

778 3686 1115 3751 factionem
1133 3734 1151 3765 ,
1181 3685 1347 3748 sicut
1384 3684 1595 3765 primo
1615 3688 1940 3749 ostensum
1967 3690 2063 3750 est
2092 3708 2109 3751 z
2139 3689 2321 3751 satis·

779 3796 983 3859 facere
1019 3797 1234 3858 autem
1280 3809 1398 3876 pro
1437 3795 1570 3855 toto
1600 3809 1835 3872 genere
1869 3793 2158 3858 humano
2190 3813 2326 3861 non

779 3906 985 3986 potest
1027 3902 1152 3965 nisi
1195 3899 1362 3965 Deus
1388 3905 1451 3964 et
1475 3899 1705 3978 hom03
1737 3902 1966 3966 modus
2003 3903 2196 3967 etiam
2222 3923 2323 3968 sa-

781 4010 1128 4075 tisfaciendi
1167 4011 1490 4075 sufficiens
1522 4027 1657 4075 esse
1684 4029 1812 4075 non
1847 4014 2073 4094 potest,
2102 4012 2225 4076 nisi
2253 4017 2328 4078 ut

779 4118 1066 4182 solvatur
1092 4117 1307 4181 anima
1334 4136 1452 4201 pro
1478 4119 1715 4198 anima,
1737 4122 1802 4183 et
1828 4119 2014 4183 detur
2042 4121 2177 4185 vita
2206 4140 2322 4205 pro

779 4223 916 4287 vita
933 4245 949 4290 ε
965 4241 1152 4306 ergo,
1175 4243 1214 4287 a
1238 4225 1447 4308 primo
1465 4227 1574 4308 (a),
1595 4225 1684 4288 im
1691 4225 1983 4308 possibile
2004 4226 2129 4291 suit
2150 4228 2322 4310 quod

781 4333 948 4399 Deus
974 4334 1337 4399 humanum
1362 4350 1572 4416 genus
1600 4337 1922 4416 repararet
1949 4332 2073 4397 alia
2096 4334 2222 4399 via.

1321 4571 1771 4640 CONCLUSIO.

777 4747 949 4805 Genus
974 4746 1265 4802 humanum
1289 4745 1479 4817 potuit
1504 4743 1625 4800 alia
1650 4745 1747 4800 via
1787 4759 1951 4816 quam
1971 4759 2074 4815 per
2100 4750 2323 4804 mortem

851 4837 1054 4893 Christi
1079 4836 1331 4908 reparari
1363 4836 1624 4907 qiaantum
1650 4847 1718 4890 ea:
1738 4837 1899 4906 parte
1940 4836 2063 4900 Dei,
2104 4836 2230 4893 licet
2256 4852 2323 4894 a

844 4930 1008 5000 parte
1039 4925 1288 4998 reparati
1315 4923 1483 4980 aliter
1510 4937 1618 4979 non
1641 4926 1904 4994 potuerit.

863 5083 1048 5168 Resp.
1089 5085 1169 5150 ad
1199 5101 1340 5166 arg.
1372 5083 1544 5167 quod
1571 5102 1720 5148 cum
1755 5083 2070 5165 quaeritur
2103 5089 2323 5150 utrum

783 5193 907 5258 alio
950 5193 1142 5258 modo
1183 5210 1392 5276 genus
1428 5193 1793 5259 humanum
1832 5194 2112 5276 potuerit
2138 5214 2324 5280 repa-

784 5297 938 5372 rari,
967 5315 1162 5379 quam
1191 5315 1306 5378 per
1323 5302 1597 5364 mortem
1619 5296 1872 5376 Christi,
1892 5301 2098 5379 potest
2116 5300 2323 5382 quaeri

792 5406 798 5412 ’
855 5418 1363 5485 ¹nebr.,u‚1o.-¹
1385 5422 1632 5489 Ansam„
1656 5421 1760 5473 em·
1781 5421 1912 5473 neus
1941 5421 2104 5488 homo,
2142 5424 2231 5476 m».
2258 5425 2321 5491 n,

1883 426 2512 495 SENTENTIARUM
2553 429 2705 497 un.
2747 429 2860 495 111.

2419 565 2526 630 vel
2575 564 2656 631 de
2678 566 2983 649 ‘potentia
3008 565 3122 633 Dei
3148 569 3526 651 reparantis,
3559 569 3667 634 vel
3688 582 3776 634 ex
3798 575 3971 654 parte

2422 673 2682 755 generis
2723 672 2993 738 humani
3043 674 3344 757 reparati.
3391 674 3461 740 Si
3504 691 3591 740 ex
3644 681 3834 759 parte
3868 678 3972 744 Dei

2420 779 2777 863 reparantis
2794 829 2813 860 ,
2858 781 2952 844 sic
2997 781 3241 864 absque
3283 781 3479 847 dubio
3529 781 3715 847 aliter
3770 788 3974 867 potuit

2422 905 2632 968 genus
2676 887 3043 953 humanum
3086 889 3345 954 liberari
3373 893 3439 953 et
3466 891 3785 971 reparari,
3815 892 3976 955 sicut

2422 995 2624 1058 sancti
2666 995 2911 1061 dicunt.
2946 995 3024 1060 Et
3065 997 3373 1078 magister
3408 997 3603 1078 Hugo
3635 996 3714 1061 de
3742 997 3973 1064 Sancto

2423 1099 2671 1166 Victore
2720 1102 2923 1167 alium
2993 1103 3260 1168 modum
3329 1105 3616 1186 assignat
3688 1104 3764 1169 in
3816 1106 3974 1173 libro

2422 1208 2504 1276 de
2520 1211 2968 1291 sacramenia,
2989 1217 3053 1276 et
3068 1210 3377 1293 Magister
3394 1212 3616 1277 recitat
3641 1212 3714 1276 iu
3740 1212 3970 1278 littera.

2425 1316 2567 1383 Non
2601 1322 2697 1382 est
2746 1318 2921 1383 enim
2989 1319 3325 1385 limitanda
3379 1319 3598 1384 divina
3653 1320 3969 1403 potentia;

2423 1427 2558 1491 imo
2590 1428 2808 1506 etiam,
2839 1429 3006 1494 sicut
3041 1428 3178 1494 solo
3200 1431 3368 1492 nutu
3394 1428 3651 1508 mentis,
3682 1432 3753 1493 et
3776 1430 3973 1511 impe·

2424 1535 2524 1599 rio
2548 1535 2894 1600 voluntatis
2914 1537 3122 1620 potuit
3147 1553 3387 1614 creare,
3425 1536 3517 1599 ita
3543 1536 3757 1619 potuit
3786 1535 3974 1600 etiam

2425 1659 2745 1726 reparare.
2793 1643 2860 1709 Si
2896 1649 3113 1710 autem
3140 1644 3457 1727 quaeritur
3477 1643 3556 1708 de
3581 1642 3876 1727 potentia
3900 1661 3976 1708 ex

2426 1754 2606 1834 parte
2658 1752 2915 1833 generis
2959 1751 3231 1817 humani
3282 1751 3559 1834 reparati
3599 1756 3665 1815 et
3698 1751 3972 1831 liberati,

2426 1857 2519 1920 sic
2563 1857 2905 1923 dicendum
2951 1859 3126 1941 quod
3170 1857 3663 1922 determinatum
3693 1858 3826 1922 fuit
3865 1857 3976 1922 sibi

2428 1982 2611 2047 posse
2643 1964 2723 2029 ad
2765 1964 2935 2029 hanc
2958 1964 3134 2031 viam
3167 1987 3183 2027 :
3214 1969 3281 2029 et
3301 1964 3423 2028 isto
3449 1965 3640 2030 modo
3665 1966 3977 2031 subintel-

2426 2071 2706 2153 ligend0‚
2755 2075 2958 2155 potest
2995 2071 3253 2137 concedi
3296 2071 3469 2156 quod
3504 2090 3719 2153 genus
3744 2072 3974 2138 huma·

2426 2196 2591 2244 num
2638 2198 2772 2244 non
2812 2180 3020 2263 potuit
3059 2180 3244 2244 aliter
3287 2181 3607 2263 reparari,
3636 2181 3813 2245 sicut
3839 2200 3976 2246 con·

2428 2288 2678 2352 ceditur
2718 2289 2892 2371 quod
2949 2287 3169 2353 nullus
3213 2286 3410 2352 homo
3464 2291 3668 2369 potest
3720 2288 3973 2367 salvari,

2429 2395 2555 2458 nisi
2604 2395 2816 2460 credat
2868 2395 2937 2459 in
2976 2395 3321 2460 Christum.
3384 2392 3528 2460 Nou
3582 2396 3765 2459 enim
3814 2399 3977 2478 patet

2430 2502 2615 2565 nobis
2638 2502 2763 2567 alia
2785 2503 2893 2568 via
2915 2501 3143 2567 salutis
3167 2506 3214 2579 ⁸,
3244 2517 3359 2567 nec
3389 2500 3577 2567 aliud
3601 2517 3839 2568 nomen
3867 2501 3975 2568 sub

2429 2609 2603 2688 ooelo,
2645 2610 2722 2675 in
2760 2624 2884 2691 quo
2927 2614 3212 2691 oporteat
3243 2623 3361 2675 nos
3406 2608 3617 2676 salvos
3644 2609 3821 2689 fieri.
3856 2608 3972 2673 Po-

2430 2715 2650 2780 tuisset
2688 2719 2903 2781 tamen
2929 2716 3121 2793 Deus),
3160 2715 3215 2778 si
3253 2714 3580 2792 voluisset,
3626 2715 3809 2781 aliud
3860 2734 3972 2780 no·

2430 2841 2583 2887 men
2629 2824 2782 2888 dare
2804 2873 2822 2903 ,
2865 2825 2933 2887 in
2962 2842 3092 2907 quo
3134 2823 3305 2888 salus
3330 2828 3548 2887 nostra
3583 2824 3970 2888 consisteret.

2431 2930 2858 2996 Concedendae
2894 2949 3053 3013 ergo
3087 2934 3240 2995 sunt
3264 2931 3541 2996 rationes
3578 2931 3659 2995 ad
3696 2932 3972 3014 primam

2430 3042 2674 3122 partem
2699 3085 2718 3116 ‚
2758 3038 3065 3121 quoniam
3107 3038 3451 3103 ostendunt
3475 3038 3678 3103 alium
3706 3040 3969 3105 modum

2431 3149 2664 3211 nostrae
2695 3146 2918 3211 salutis
2960 3146 3090 3213 Deo
3129 3147 3320 3211 tuisse
3355 3146 3749 3230 possibilem,
3778 3166 3972 3232 quan·

2427 3256 2572 3317 tum
2594 3257 2687 3317 est
2713 3272 2797 3318 ex
2818 3257 2997 3335 parte
3018 3253 3258 3321 divinae
3284 3254 3609 3336 potentiae.

2513 3366 2542 3423 1
2597 3364 2660 3425 et
2696 3366 2758 3426 2.
2787 3361 2885 3425 Ad
2930 3360 3095 3425 illud
3143 3379 3299 3427 vero
3341 3362 3514 3445 quod
3555 3361 3861 3446 objicitur
3910 3362 3973 3428 iu

2430 3470 2824 3533 contrarium
2849 3468 2927 3533 de
2950 3467 3165 3533 Glossa
3189 3474 3254 3533 et
3278 3468 3358 3533 de
3400 3468 3726 3550 Anselmo‚
3762 3471 3970 3536 diceu-

2431 3574 2589 3641 dum
2641 3577 2813 3660 quod
2864 3576 2990 3640 illae
3057 3576 3464 3641 auctoritates
3521 3576 3973 3662 intelliguntur

2431 3687 2747 3765 quantum
2772 3686 2869 3749 aet
2897 3701 2981 3748 ex
3008 3687 3187 3767 parte
3219 3687 3437 3750 nostra
3456 3733 3474 3765 ,
3511 3686 3972 3769 praesupposita

2431 3790 2840 3872 dispositione
2866 3789 3113 3871 divina,
3144 3809 3273 3875 qua
3296 3810 3417 3856 nos
3442 3792 3554 3870 sic,
3594 3796 3658 3857 et
3689 3811 3827 3859 non
3852 3792 3972 3857 alio

2432 3897 2645 3977 modo,
2687 3896 2959 3962 liberare
3007 3898 3309 3964 decrevit.
3378 3899 3502 3965 Per
3554 3898 3734 3964 hunc
3790 3900 3974 3964 etiam

2435 4006 2700 4071 modum
2733 4005 3048 4100 intellecta
3089 4010 3186 4070 est
3237 4007 3579 4073 auctoritas
3628 4006 3972 4085 Ambrosii,

2432 4130 2579 4196 quae
2602 4112 2806 4196 posita
2847 4115 2945 4178 est
2976 4129 3172 4197 supra
3191 4114 3214 4150 ⁸
3242 4135 3258 4180 ε
3297 4136 3331 4175 α
3355 4112 3635 4180 Tantum
3660 4114 3839 4180 euim
3858 4112 3974 4179 fuit

2432 4224 2763 4304 peccatum
2810 4221 3105 4284 nostrum
3121 4269 3141 4301 ,
3188 4224 3265 4286 ut
3318 4220 3553 4289 salvari
3589 4211 3722 4287 non
3763 4238 3972 4305 posse-

2432 4345 2580 4393 mus
2599 4375 2617 4404 ,
2645 4327 2770 4391 nisi
2810 4327 3187 4409 unigenitus
3226 4327 3336 4393 Dei
3376 4327 3576 4394 Filius
3619 4331 3970 4394 moreretur

2432 4454 2551 4520 pro
2577 4434 2762 4500 nobis
2783 4433 3175 4500 debitoribus
3185 4435 3446 4500 mortis:
3471 4456 3503 4496 υ
3518 4434 3666 4512 hoc,
3682 4436 3964 4519 inquam,

2432 4542 2929 4624 intelligendum
2972 4546 3089 4623 est,
3115 4542 3271 4625 quia
3301 4541 3465 4608 Deus
3485 4560 3607 4607 nos
3632 4542 3818 4609 aliter
3843 4559 3967 4607 uon

2433 4651 2710 4717 decrevit
2758 4648 3024 4714 salvare.
3072 4649 3195 4714 Per
3240 4648 3418 4714 hunc
3468 4650 3664 4716 etiam
3706 4651 3964 4716 modum

2432 4756 2861 4840 intelligendae
2886 4760 3041 4821 sunt
3067 4756 3473 4822 auctoritates
3492 4756 3873 4822 consimiles.

2513 4873 2573 4933 3.
2616 4867 2714 4932 Ad
2753 4865 2916 4932 illud
2954 4866 3128 4950 quod
3172 4863 3503 4949 objicitur,
3533 4866 3705 4949 quod
3748 4863 3964 4951 optimi

2434 4979 2527 5040 est
2578 4973 2818 5057 optima
2868 4971 3181 5038 adducere
3200 5020 3219 5052 ,
3267 4971 3612 5038 dicendum
3651 4973 3830 5057 quod
3877 4973 3966 5037 oet

2432 5082 2749 5166 optimum
2775 5079 3162 5163 simpliciter,
3187 5083 3250 5145 et
3270 5080 3586 5163 optimum
3603 5079 3675 5144 in
3698 5094 3962 5162 genere:

2434 5195 2498 5256 et
2520 5189 2842 5273 optimum
2878 5186 2948 5251 iu
2990 5203 3230 5270 genere
3255 5187 3461 5271 potest
3496 5203 3633 5253 esse
3672 5186 3882 5270 magis
3904 5188 3962 5251 et

2432 5367 2479 5403 c.
2501 5362 2554 5399 x.
2574 5348 2671 5386 —⁸
2688 5348 2838 5412 Aug„
2864 5346 2962 5396 loc.
2990 5359 3112 5396 mox
3127 5345 3213 5396 cit.
3233 5371 3296 5384 -
3319 5344 3488 5405 *Ac-t„
3515 5357 3587 5410 ιν,
3619 5347 3694 5398 12.
3715 5372 3778 5384 -
3796 5348 3815 5378 ⁸
3837 5345 3955 5399 nist.

2432 5433 2586 5485 μω,
2613 5434 2660 5472 c.
2689 5418 2781 5472 ult.
2802 5444 2857 5456 --
2881 5419 2943 5481 (a)
2970 5417 3147 5485 suppl.
3170 5417 3237 5469 ad
3255 5416 3504 5472 ultimum.
