4185 6288
681 509 801 573 166

1794 504 2416 571 SENTENTIARUM
2453 506 2601 572 LIB.
2648 507 2755 573 111.

675 640 908 707 dentur
929 640 1276 722 contraria,
1304 639 1614 720 dissolvit,
1643 639 1733 705 ibi
1762 658 1781 705 ε
1814 640 1984 707 Huic
2008 645 2222 708 autem
2331 641 2540 707 cunda
2580 662 2737 709 vero
2775 644 2991 726 opinio
3035 643 3185 708 dicit
3232 646 3408 727 quod
3453 645 3739 712 Christus
3786 652 3886 714 est

674 750 1014 815 sentemtioe
1076 749 1443 831 opponitur.
1505 747 1795 813 Secunda
1857 765 2011 812 vero
2076 766 2226 831 pars

675 854 1039 939 principalis
1077 854 1389 920 dividitur
1424 855 1493 919 in
1533 858 1743 939 partes
1781 860 1941 932 tres,
1974 856 2042 920 in
2069 874 2226 937 qua·

674 980 824 1027 rum
863 963 1074 1046 prima
1108 962 1459 1028 locutiones
1496 963 1857 1048 praemissas
1886 962 2221 1046 explanat3

673 1068 745 1131 in
799 1068 1101 1133 secunda.
1117 1087 1275 1136 vero
1320 1071 1722 1136 auctoritates
1770 1072 1949 1153 prius
1994 1070 2229 1152 positas

675 1175 1011 1258 explanat,
1042 1175 1131 1241 ibi
1166 1195 1184 1242 ε
1230 1179 1679 1245 Determinant
1719 1180 1909 1245 eliam
1947 1180 2232 1244 auctori-

677 1287 837 1351 tates
858 1332 879 1364 ,
907 1301 1050 1367 quoe
1090 1286 1355 1368 νήπια»,
1383 1290 1542 1364 etc.;
1572 1287 1642 1350 in
1668 1286 1859 1351 tertia
1895 1303 2051 1350 vero
2077 1284 2233 1349 alias

676 1392 1082 1458 auctoritates
1103 1441 1122 1472 ,
1169 1411 1319 1475 quae
1364 1392 1468 1457 his
1515 1393 1819 1458 videntur
1864 1392 2188 1457 adversari
2207 1439 2229 1470 ,

675 1499 923 1564 reducit
951 1498 1034 1564 ad
1060 1500 1461 1566 concordiam
1479 1549 1499 1580 ‚
1527 1500 1617 1564 ibi
1657 1522 1674 1564 ε
1719 1499 1854 1566 Sed
1880 1499 1988 1565 his
2014 1498 2236 1565 viden-

678 1611 787 1674 tur
826 1606 1203 1686 adversari,
1249 1611 1371 1672 etc.
1425 1607 1505 1672 Et
1543 1607 1654 1672 illa
1691 1626 1840 1691 pars
1883 1608 1956 1671 in
2001 1607 2238 1671 multas

677 1715 887 1798 posset
909 1713 1109 1778 dividi
1141 1717 1376 1796 partes,
1403 1713 1568 1779 sicut
1593 1715 1662 1778 in
1688 1715 1901 1779 littera
1925 1718 2117 1796 patet.
2145 1711 2239 1778 Si-

680 1818 918 1884 militer
970 1820 1156 1885 tertia
1212 1839 1363 1903 pars
1407 1821 1773 1904 principalis
1813 1820 2124 1886 dividitur
2168 1820 2239 1884 in

680 1931 890 2012 partes
920 1931 1084 2008 tres,
1112 1929 1185 1992 in
1211 1947 1491 2012 quarum
1525 1929 1733 2013 prima
1759 1928 2033 2012 explicat
2056 1927 2235 1992 locu-

678 2035 884 2101 tiones
911 2036 1268 2119 praemissas
1301 2038 1654 2102 secundum
1699 2037 1954 2102 tertiam
1994 2041 2242 2101 senten-

681 2141 877 2207 tiam:
922 2142 992 2206 in
1030 2143 1309 2208 secunda
1351 2162 1509 2209 vero
1553 2144 1724 2209 elicit
1767 2162 1850 2207 ex
1897 2143 2244 2228 praemissis

678 2252 1026 2336 quamdam
1071 2253 1267 2318 aliam
1304 2253 1693 2319 locutionem
1732 2271 1865 2319 non
1903 2272 2039 2318 esse
2080 2253 2244 2317 reci-

681 2356 982 2442 piendam
1005 2407 1027 2438 ,
1072 2359 1161 2423 ibi
1193 2382 1208 2424 ε
1239 2360 1326 2428 Et
1359 2360 1506 2428 licet
1541 2360 1803 2428 dicatur
1826 2361 2008 2428 homo
2038 2361 2240 2436 Deus,

681 2469 807 2529 etc.
831 2488 849 2544 ;
883 2466 953 2530 in
980 2466 1165 2531 tertia
1194 2486 1375 2549 vem,
1406 2470 1471 2532 et
1495 2467 1753 2548 ultima,
1782 2467 2057 2533 ostendit
2081 2485 2150 2531 se
2175 2467 2243 2531 in

681 2574 1195 2656 praecedentibus
1256 2575 1667 2660 opinionibus
1725 2592 2103 2660 suspensam
2157 2579 2246 2639 te-

687 2664 904 2745 nuisse
932 2682 1346 2762 sententiam,
1375 2683 1464 2747 ita
1489 2683 1660 2766 quod
1689 2684 1777 2753 ad
1798 2682 2044 2747 nullam
2071 2699 2239 2765 prse-

689 2787 1005 2854 dictarum
1066 2790 1445 2873 opinionum
1516 2790 1928 2856 declinaverit
1991 2790 2240 2871 magis,

688 2913 887 2980 quam
952 2896 1030 2961 ad
1084 2896 1348 2961 alteram
1372 2945 1390 2976 ‚
1447 2896 1536 2960 ibi
1585 2916 1602 2961 ε
1659 2896 1842 2964 Satis
1896 2897 2244 2980 diliqenter

681 3004 880 3085 iuxta
916 3003 1318 3071 diversorum
1343 3006 1742 3084 amentiam,
1764 3009 1885 3068 etc.
1912 3003 1990 3068 Et
2014 3023 2096 3067 ex
2121 3005 2244 3068 hoc

681 3113 858 3192 patet
898 3110 1069 3193 quod
1099 3128 1233 3175 non
1268 3116 1363 3176 est
1395 3111 1860 3194 imponendum
1911 3110 2239 3193 Magistro,

684 3221 858 3305 quod
884 3222 1080 3287 fuerit
1102 3241 1185 3288 ex
1211 3223 1511 3308 opinione
1535 3224 1744 3289 tertia.

765 3331 928 3398 Nota
952 3352 1113 3416 ergo
1136 3334 1306 3416 quod
1330 3335 1398 3400 in
1427 3339 1559 3399 tota
1583 3340 1762 3418 parte
1793 3335 1914 3399 ista
1940 3334 2055 3399 has
2084 3334 2245 3400 duas

690 3441 1043 3505 locutiones
1098 3441 1395 3524 explanat
1458 3464 1473 3505 z
1532 3465 1563 3503 α
1609 3442 1816 3507 Homo
1887 3443 2091 3506 sactus
2150 3446 2244 3507 est

691 3547 896 3626 Deus,
937 3572 967 3609 n
1033 3553 1096 3613 et
1145 3571 1159 3613 :
1218 3572 1249 3610 α
1300 3548 1588 3614 Christus
1630 3549 2115 3632 praedestinatus
2150 3552 2244 3613 est

683 3674 821 3720 esse
844 3655 1042 3721 Filius
1077 3656 1212 3720 Dei.
1245 3677 1276 3715 n
1313 3655 1528 3721 Prima
1573 3657 1745 3722 enim
1778 3656 1996 3739 opinio
2024 3674 2245 3720 conce-

682 3765 775 3829 dit
804 3766 977 3849 quod
1004 3764 1173 3829 Deus
1194 3766 1400 3830 factus
1425 3770 1520 3830 est
1539 3766 1771 3845 home,
1803 3770 1866 3829 et
1892 3784 1927 3829 e
1967 3782 2242 3829 conver-

682 3889 775 3952 s0,
807 3870 958 3955 quia
983 3871 1179 3936 homo
1212 3872 1279 3935 in
1318 3871 1562 3937 Christo
1592 3877 1686 3937 est
1715 3872 2013 3956 quaedam
2050 3872 2238 3936 subsm

680 3979 882 4043 tantia
920 3996 1037 4061 per
1073 3983 1409 4059 naturam,
1468 3999 1618 4063 quae
1663 3980 1852 4063 coepit
1895 3998 2031 4045 esse
2076 3978 2244 4044 Deus

682 4104 797 4167 per
842 4086 1140 4168 gratiam.
1172 4085 1464 4154 Secunda
1497 4107 1654 4155 vero
1699 4089 1913 4173 opinio
1954 4088 2244 4152 concedit

686 4193 864 4275 quod
892 4193 1064 4258 Deus
1093 4194 1298 4259 factus
1339 4199 1435 4260 est
1470 4196 1668 4262 homo
1692 4246 1708 4275 ,
1751 4200 1814 4261 et
1840 4215 1877 4261 e
1904 4213 2236 4277 converso,

683 4301 839 4384 quia
884 4299 1050 4364 Deus
1091 4302 1283 4384 coepit
1321 4320 1457 4367 esse
1502 4304 1851 4368 subsistens
1879 4304 1948 4367 in
1994 4303 2244 4368 duabus

683 4408 961 4487 naturis,
992 4411 1055 4472 et
1090 4426 1173 4471 ex
1208 4407 1329 4472 hoc
1379 4410 1616 4474 factum
1657 4414 1753 4475 est
1791 4414 1865 4475 ut
1895 4409 2244 4474 subsistens

682 4515 750 4579 in
777 4514 1029 4580 duabus
1071 4515 1320 4580 naturis
1365 4516 1448 4579 sit
1475 4515 1665 4581 Deus.
1703 4515 2069 4582 Secundum
2108 4520 2241 4580 ter-

682 4621 842 4686 tiam
885 4621 1258 4704 opinionem
1302 4622 1583 4688 dicitur:
1623 4646 1655 4684 α
1690 4622 1856 4688 Deus
1900 4624 2105 4687 factus
2150 4627 2245 4688 est

685 4732 881 4798 homo
899 4780 915 4813 ‚
948 4753 979 4792 n
1015 4734 1078 4797 et
1122 4751 1158 4796 e
1199 4751 1508 4798 converso
1526 4782 1543 4811 ‚
1595 4734 1751 4816 quia
1796 4732 1962 4798 Deus
2005 4732 2245 4815 accepit

688 4840 1038 4922 hominem,
1066 4844 1130 4906 et
1156 4859 1239 4906 ex
1262 4843 1385 4907 hoc
1407 4844 1647 4908 factum
1676 4848 1772 4909 est
1802 4843 2239 4938 quod-secun-

689 4947 845 5011 dum
913 4948 1090 5014 hunc
1136 4949 1467 5015 hominem
1533 4955 1631 5014 est
1692 4950 1881 5016 Deus,
1941 4949 2244 5014 Similiter

689 5056 897 5138 prima
941 5057 1157 5140 opinio
1199 5057 1486 5123 concedit
1530 5058 1703 5141 quod
1745 5058 2032 5123 Christus
2070 5075 2241 5140 prae-

689 5165 1043 5233 destinatus
1066 5172 1160 5233 est
1189 5187 1322 5234 esse
1350 5169 1552 5235 Filius
1577 5170 1708 5250 Dei,
1734 5170 1887 5252 quia
1913 5170 2019 5234 ille
2046 5170 2242 5235 homo

689 5278 786 5339 est
809 5273 978 5339 filius
1001 5294 1131 5342 non
1160 5294 1273 5360 per
1300 5281 1623 5358 naturam,
1642 5277 1750 5343 sed
1781 5296 1895 5361 per
1920 5277 2234 5359 gratiam:

642 5405 650 5416 ·
689 5385 755 5446 et
774 5382 898 5445 hoc
921 5383 1180 5465 quidem
1205 5385 1288 5449 ab
1314 5388 1556 5450 aeterno
1582 5387 1705 5451 ruit
1728 5385 2106 5468 praevisum.
2137 5383 2242 5450 Se-

728 5589 731 5592 *
753 5508 772 5544 ¹
801 5507 971 5572 Lavit„
1000 5518 1052 5573 v,
1082 5512 1160 5560 Η.
1182 5535 1242 5548 —·
1266 5511 1284 5542 ²
1308 5509 1531 5577 symbol.
1553 5511 1692 5576 quod
1721 5511 1897 5566 dicunt
1921 5510 2208 5565 Athanasii.

2332 750 2817 833 praedestinatus
2854 768 2990 814 esse
3024 749 3226 814 Filius
3256 750 3404 831 Dei,
3433 753 3587 836 quia
3614 772 3887 837 persona

2334 857 2477 934 illa,
2508 857 2574 921 in
2617 862 2931 940 quantum
2961 857 3190 939 homo,
3221 860 3284 923 id
3313 864 3438 939 est,
3466 861 3538 925 in
3562 864 3885 944 quantum

2334 964 2680 1028 subsistens
2707 964 2776 1027 in
2797 964 3048 1029 duabus
3074 966 3353 1043 natur-ia,
3396 966 3635 1032 scilicet
3667 969 3887 1037 anima

2336 1076 2401 1135 et
2444 1090 2663 1148 carne,
2706 1072 3192 1153 praedestinatus
3236 1079 3331 1137 est
3363 1097 3378 1138 :
3423 1078 3487 1137 et
3525 1074 3614 1138 ita
3638 1075 3887 1142 ratione

2337 1178 2755 1243 humanitatis
2772 1226 2793 1257 ,
2854 1197 2986 1242 non
3047 1179 3414 1244 divinitatis.
3461 1179 3673 1246 Tertia
3731 1201 3888 1247 vero

2339 1286 2555 1369 opinio
2582 1287 2733 1351 dicit
2766 1287 2942 1370 quod
2983 1286 3303 1366 Christus,
3333 1290 3688 1353 secundum
3714 1290 3891 1372 quod

2340 1395 2568 1474 hom0‚
2596 1396 2695 1458 est
2732 1394 3246 1478 praedestinatus,
3293 1408 3426 1459 non
3469 1395 3641 1479 quod
3674 1398 3780 1462 ille
3807 1399 3897 1461 sit

2343 1504 2856 1587 praedestinatus,
2886 1521 3006 1568 nec
3032 1503 3202 1585 quod
3231 1521 3502 1587 persona
3529 1505 3637 1570 illa
3661 1506 3898 1570 subsis-

2343 1614 2486 1674 tens
2511 1610 2582 1674 in
2611 1609 2861 1675 duabus
2891 1610 3139 1674 naturis
3165 1610 3247 1673 sit
3272 1610 3717 1692 praedestinata
3733 1662 3749 1690 ,
3781 1614 3899 1679 sed

2345 1713 2498 1795 quia
2522 1714 2692 1796 quod
2723 1714 3244 1797 praedestinatum
3275 1719 3370 1780 est
3397 1716 3456 1780 ei
3501 1717 3585 1780 ab
3615 1721 3896 1795 aeterne,

2346 1818 2646 1897 collatum
2673 1827 2770 1885 est
2790 1823 2847 1886 ei
2875 1822 2944 1885 in
2973 1826 3258 1905 tempore
3284 1839 3403 1906 per
3422 1824 3740 1905 gratiam:
3763 1844 3903 1890 non

2346 1926 2524 1990 enim
2560 1927 3026 1992 humanitatem
3053 1927 3336 1993 hominis
3363 1929 3445 1994 ab
3472 1933 3712 1996 aeterno
3729 1978 3748 2009 ,
3788 1930 3903 1996 sed

2348 2033 2626 2114 gratiam
2653 2034 2891 2118 accepit
2909 2052 2991 2098 ex
3009 2039 3319 2118 tempore,
3344 2037 3700 2102 secundum
3725 2039 3904 2121 quod

2348 2139 2516 2205 Deus
2543 2141 2925 2224 praeviderat
2951 2143 3362 2208 aeternaliter.

3003 2366 3141 2412 DUB.
3187 2366 3232 2411 1.

2352 2485 2714 2552 inexplicabile
2754 2486 2895 2537 enim
2935 2489 3014 2537 est
3038 2485 3342 2553 mysterium
3378 2485 3583 2538 unionis
3600 2522 3613 2548 ‚
3640 2501 3753 2552 quae
3791 2502 3903 2539 non

2879 2562 2957 2609 est
2981 2559 3204 2623 partium
3224 2558 3378 2609 ratio.

2435 2690 2667 2755 Contra
2697 2707 2714 2753 :
2745 2687 3008 2755 Videtur
3039 2689 3111 2753 in
3148 2689 3260 2753 illa
3298 2689 3539 2752 unione
3565 2706 3702 2753 esse
3742 2706 3898 2771 par-

2351 2801 2480 2861 tem
2522 2802 2584 2861 et
2611 2800 2876 2880 partem,
2907 2795 3059 2879 quia
3082 2814 3274 2878 super
3300 2795 3652 2864 Leviticum
3670 2795 3689 2831 ¹
3726 2817 3752 2860 .·
3788 2795 3900 2861 De-

2351 2899 2588 2965 cimam
2620 2905 2871 2982 partem
2886 2949 2906 2979 ,
2936 2903 3082 2977 etc.‚
3118 2899 3336 2964 Glossa
3373 2921 3388 2962 ε
3426 2921 3458 2960 a
3491 2898 3608 2963 Hic
3653 2897 3899 2963 decima

2352 3026 2499 3090 pars
2524 3009 2675 3090 ephi
2702 3012 2795 3073 est
2819 3007 3190 3072 humanitas
3214 3007 3461 3073 Christi.
3485 3006 3653 3090 Ephi
3677 3009 3897 3070 autem

2354 3131 2657 3181 mensura
2692 3115 2892 3181 trium
2934 3115 3298 3180 modiorum
3335 3114 3655 3197 significat
3695 3114 3896 3178 Trini-

2352 3228 2570 3289 tatem.
2605 3247 2636 3281 »
2669 3223 2750 3289 Et
2791 3225 2956 3288 sicut
2995 3241 3063 3289 se
3102 3223 3296 3288 habet
3338 3224 3603 3306 signum
3643 3223 3726 3287 ad
3759 3222 3898 3304 sig-

2353 3349 2537 3410 num,
2569 3332 2656 3395 ita
2688 3332 3017 3413 signatum
3061 3330 3143 3395 ad
3185 3331 3516 3413 signatum
3559 3351 3577 3393 ι
3611 3329 3723 3395 sed
3762 3329 3898 3413 sig-

2353 3456 2514 3502 num
2560 3444 2656 3503 est
2701 3458 2847 3521 pars
2888 3439 3058 3522 signi
3088 3458 3106 3502 ε
3135 3457 3296 3521 ergo
3338 3443 3402 3503 et
3438 3439 3766 3520 signatum
3804 3441 3900 3503 est

2352 3564 2499 3628 pars
2573 3546 2812 3628 signati
2881 3569 2896 3611 ε
2961 3563 3119 3628 ergo
3180 3546 3547 3610 humanitas
3594 3547 3691 3609 est
3751 3562 3899 3627 pars

2353 3653 2607 3720 Christi.
2643 3655 2802 3720 Item
2844 3655 2911 3718 in
2953 3654 3300 3738 Symbolo⁸
3341 3653 3574 3718 dicitur
3605 3674 3622 3718 z
3661 3676 3694 3714 a
3720 3652 3903 3718 Sicut

2354 3762 2570 3826 anima
2597 3762 2925 3826 rationalis
2949 3767 3015 3826 et
3040 3778 3188 3824 caro
3216 3779 3385 3824 unus
3427 3764 3522 3824 est
3554 3760 3781 3839 homo,
3810 3760 3903 3824 ita

2355 3868 2519 3935 Deus
2572 3873 2635 3935 et
2692 3869 2889 3933 homo
2950 3886 3124 3933 unus
3179 3872 3275 3932 est
3338 3867 3647 3933 Christus.
3690 3889 3721 3927 a
3776 3866 3903 3932 Sed

2354 3977 2570 4041 anima
2610 3982 2673 4041 et
2716 3994 2862 4041 caro
2907 3980 3059 4041 sunt
3104 3979 3316 4060 partes
3363 3975 3647 4039 hominis
3679 3997 3697 4040 ι
3740 3994 3903 4058 ergo

2354 4082 2722 4148 humanitas
2759 4091 2823 4150 et
2858 4085 3159 4151 divinitas
3186 4087 3338 4148 sunt
3370 4088 3582 4166 partes
3622 4080 3850 4146 Christi
3879 4104 3903 4143 .-

2354 4192 2542 4274 cujus
2568 4191 2961 4257 contrarium
2983 4192 3256 4258 traditur
3281 4190 3543 4254 ibidem.
3725 4215 3730 4220 ·

2434 4298 2619 4382 Resp.
2652 4298 3002 4365 Dicendum
3040 4299 3212 4384 quod
3250 4315 3406 4382 pars
3442 4296 3664 4361 multis
3697 4297 3907 4360 modis

2354 4408 2610 4473 dicitur.
2644 4409 2783 4474 Uno
2811 4410 3002 4475 modo
3024 4424 3185 4492 pars
3213 4408 3443 4473 dicitur
3475 4407 3906 4472 communiter

2356 4536 2546 4582 omne
2585 4518 2758 4601 quod
2799 4519 2976 4582 venit
3016 4518 3086 4582 in
3130 4515 3653 4600 compositionem
3696 4514 3909 4579 alicu·

2347 4628 2492 4709 juS,
2524 4626 2659 4690 sive
2686 4626 3042 4691 secundum
3069 4625 3308 4690 realem
3341 4622 3868 4705 compositionem
3882 4669 3903 4702 ‚

2355 4734 2494 4800 sive
2544 4734 2898 4799 secundum
2945 4734 3319 4799 relationem
3369 4752 3386 4796 :
3437 4735 3499 4795 et
3542 4730 3666 4795 hoc
3712 4729 3907 4795 modo

2355 4841 2461 4906 illa
2482 4891 2500 4922 ,
2554 4859 2702 4925 quae
2747 4840 2982 4908 cadunt
3028 4842 3096 4905 in
3140 4839 3516 4905 diffinitione
3534 4887 3551 4917 ,
3602 4837 3910 4902 dicuntur

2354 4967 2490 5014 esse
2521 4954 2732 5032 partes
2757 4949 2853 5014 rei
2880 4949 3242 5013 notificatae.
3287 4946 3427 5011 Alio
3456 4944 3646 5011 modo
3670 4944 3910 5009 dicitur

2349 5072 2508 5138 pars
2533 5055 2689 5120 illud
2717 5056 2892 5139 quod
2922 5055 3197 5120 venitin
3232 5051 3754 5118 constitutionem
3782 5051 3910 5115 ali-

2354 5167 2540 5247 cujus
2568 5165 2922 5229 secundum
2963 5181 3101 5228 rem
3148 5167 3209 5228 et
3245 5166 3577 5238 naturam,
3621 5161 3759 5225 sive
3784 5159 3911 5224 ha-

2353 5272 2501 5336 beat
2542 5272 2961 5355 quantitatem
2977 5321 2993 5350 ‚
3026 5270 3160 5336 sive
3205 5287 3339 5335 non
3370 5290 3387 5334 ε
3417 5271 3479 5333 et
3515 5269 3640 5333 hoc
3677 5266 3902 5346 modo,

2353 5381 2570 5445 anima
2611 5397 2759 5461 pars
2804 5384 2898 5444 est
2943 5378 3038 5443 rei
3085 5377 3408 5443 animatae.
3452 5374 3665 5440 Tertio
3711 5374 3907 5440 modo

2353 5488 2584 5553 dicitur
2606 5504 2764 5570 pars
2793 5486 3002 5569 magis
3030 5485 3287 5571 proprie
3311 5484 3491 5564 illud,
3523 5483 3695 5567 quod
3730 5484 3908 5550 venit
