<?xml version="1.0" encoding="UTF-8"?>
<!DOCTYPE html PUBLIC "-//W3C//DTD XHTML 1.0 Transitional//EN"
    "http://www.w3.org/TR/xhtml1/DTD/xhtml1-transitional.dtd">
<html xmlns="http://www.w3.org/1999/xhtml" xml:lang="en" lang="en">
 <head>
  <title>
</title>
<meta http-equiv="Content-Type" content="text/html;charset=utf-8" />
  <meta name='ocr-system' content='tesseract 3.04.00' />
  <meta name='ocr-capabilities' content='ocr_page ocr_carea ocr_par ocr_line ocrx_word'/>
</head>
<body>
  <div class='ocr_page' id='page_1' title='image "./srecardinalissb01cargoog_0336.png"; bbox 0 0 4185 6288; ppageno 0'>
   <div class='ocr_carea' id='block_1_1' title="bbox 727 485 846 548">
    <p class='ocr_par' dir='ltr' id='par_1_1' title="bbox 727 485 846 548">
     <span class='ocr_line' id='line_1_1' title="bbox 727 485 846 548; baseline 0 -1"><span class='ocrx_word' id='word_1_1' title='bbox 727 485 846 548; x_wconf 73' lang='lat'><strong>314</strong></span> 
     </span>
    </p>
   </div>
   <div class='ocr_carea' id='block_1_2' title="bbox 683 608 2270 5531">
    <p class='ocr_par' dir='ltr' id='par_1_2' title="bbox 726 608 2267 808">
     <span class='ocr_line' id='line_1_2' title="bbox 727 608 2267 701; baseline -0.006 -19"><span class='ocrx_word' id='word_1_2' title='bbox 727 618 942 683; x_wconf 86' lang='lat' dir='ltr'><strong>omnia</strong></span> <span class='ocrx_word' id='word_1_3' title='bbox 986 622 1325 701; x_wconf 85' lang='lat' dir='ltr'><strong>cognoscat</strong></span> <span class='ocrx_word' id='word_1_4' title='bbox 1362 619 1431 683; x_wconf 89' lang='lat' dir='ltr'><strong>in</strong></span> <span class='ocrx_word' id='word_1_5' title='bbox 1466 617 1704 698; x_wconf 89' lang='lat' dir='ltr'><strong>Verbo,</strong></span> <span class='ocrx_word' id='word_1_6' title='bbox 1744 634 1895 700; x_wconf 71' lang='lat' dir='ltr'><strong>quae</strong></span> <span class='ocrx_word' id='word_1_7' title='bbox 1937 608 2267 695; x_wconf 81' lang='lat' dir='ltr'><strong>cognoscit</strong></span> 
     </span>
     <span class='ocr_line' id='line_1_3' title="bbox 726 725 1262 808; baseline 0.007 -20"><span class='ocrx_word' id='word_1_8' title='bbox 726 727 939 808; x_wconf 90' lang='lat' dir='ltr'><strong>ipsum</strong></span> <span class='ocrx_word' id='word_1_9' title='bbox 960 725 1262 792; x_wconf 79' lang='lat' dir='ltr'><strong>Verbum.</strong></span> 
     </span>
    </p>

    <p class='ocr_par' dir='ltr' id='par_1_3' title="bbox 721 829 2264 2200">
     <span class='ocr_line' id='line_1_4' title="bbox 805 829 2264 916; baseline -0.005 -20"><span class='ocrx_word' id='word_1_10' title='bbox 805 835 866 897; x_wconf 76' lang='lat'><strong>2.</strong></span> <span class='ocrx_word' id='word_1_11' title='bbox 904 833 1092 914; x_wconf 82' lang='lat' dir='ltr'><strong>Item,</strong></span> <span class='ocrx_word' id='word_1_12' title='bbox 1124 834 1405 916; x_wconf 83' lang='lat' dir='ltr'>cognitio</span> <span class='ocrx_word' id='word_1_13' title='bbox 1450 834 1635 898; x_wconf 89' lang='lat' dir='ltr'><strong>debet</strong></span> <span class='ocrx_word' id='word_1_14' title='bbox 1677 832 2002 915; x_wconf 81' lang='lat' dir='ltr'><strong>adaequari</strong></span> <span class='ocrx_word' id='word_1_15' title='bbox 2032 829 2129 891; x_wconf 89' lang='lat' dir='ltr'><strong>rei</strong></span> <span class='ocrx_word' id='word_1_16' title='bbox 2155 841 2264 889; x_wconf 93' lang='lat' dir='ltr'><strong>co-</strong></span> 
     </span>
     <span class='ocr_line' id='line_1_5' title="bbox 725 934 2263 1023; baseline -0.006 -20"><span class='ocrx_word' id='word_1_17' title='bbox 725 940 926 1021; x_wconf 85' lang='lat' dir='ltr'><strong>gnitae</strong></span> <span class='ocrx_word' id='word_1_18' title='bbox 953 941 1260 1006; x_wconf 86' lang='lat' dir='ltr'><strong>secudum</strong></span> <span class='ocrx_word' id='word_1_19' title='bbox 1283 943 1453 1023; x_wconf 91' lang='lat' dir='ltr'><strong>quod</strong></span> <span class='ocrx_word' id='word_1_20' title='bbox 1482 941 1738 1023; x_wconf 88' lang='lat' dir='ltr'><strong>cognita</strong></span> <span class='ocrx_word' id='word_1_21' title='bbox 1761 943 1877 1017; x_wconf 91' lang='lat' dir='ltr'><strong>est,</strong></span> <span class='ocrx_word' id='word_1_22' title='bbox 1905 937 2041 1000; x_wconf 90' lang='lat' dir='ltr'><strong>sive</strong></span> <span class='ocrx_word' id='word_1_23' title='bbox 2054 934 2138 996; x_wconf 87' lang='lat' dir='ltr'><strong>sit</strong></span> <span class='ocrx_word' id='word_1_24' title='bbox 2163 948 2263 995; x_wconf 91' lang='lat' dir='ltr'><strong>co-</strong></span> 
     </span>
     <span class='ocr_line' id='line_1_6' title="bbox 724 1042 2254 1127; baseline -0.005 -19"><span class='ocrx_word' id='word_1_25' title='bbox 724 1046 931 1127; x_wconf 83' lang='lat' dir='ltr'><strong>gnItio</strong></span> <span class='ocrx_word' id='word_1_26' title='bbox 964 1048 1034 1110; x_wconf 91' lang='lat' dir='ltr'><strong>in</strong></span> <span class='ocrx_word' id='word_1_27' title='bbox 1069 1047 1295 1112; x_wconf 89' lang='lat' dir='ltr'><strong>habitu</strong></span> <span class='ocrx_word' id='word_1_28' title='bbox 1319 1096 1336 1127; x_wconf 93' lang='lat'><strong>,</strong></span> <span class='ocrx_word' id='word_1_29' title='bbox 1369 1048 1503 1113; x_wconf 86' lang='lat' dir='ltr'><strong>sive</strong></span> <span class='ocrx_word' id='word_1_30' title='bbox 1552 1049 1637 1110; x_wconf 88' lang='lat' dir='ltr'><strong>sit</strong></span> <span class='ocrx_word' id='word_1_31' title='bbox 1676 1045 1959 1127; x_wconf 82' lang='lat' dir='ltr'><strong>cognitio</strong></span> <span class='ocrx_word' id='word_1_32' title='bbox 1988 1043 2058 1105; x_wconf 90' lang='lat' dir='ltr'><strong>in</strong></span> <span class='ocrx_word' id='word_1_33' title='bbox 2087 1042 2254 1103; x_wconf 89' lang='lat' dir='ltr'><strong>actu.</strong></span> 
     </span>
     <span class='ocr_line' id='line_1_7' title="bbox 727 1153 2260 1240; baseline -0.003 -21"><span class='ocrx_word' id='word_1_34' title='bbox 727 1154 1030 1219; x_wconf 82' lang='lat' dir='ltr'><strong>Similiter</strong></span> <span class='ocrx_word' id='word_1_35' title='bbox 1047 1173 1302 1220; x_wconf 87' lang='lat' dir='ltr'><strong>necesse</strong></span> <span class='ocrx_word' id='word_1_36' title='bbox 1328 1160 1422 1221; x_wconf 89' lang='lat' dir='ltr'><strong>est</strong></span> <span class='ocrx_word' id='word_1_37' title='bbox 1447 1156 1618 1240; x_wconf 86' lang='lat' dir='ltr'><strong>quod</strong></span> <span class='ocrx_word' id='word_1_38' title='bbox 1644 1156 2016 1237; x_wconf 81' lang='lat' dir='ltr'><strong>adaequetur</strong></span> <span class='ocrx_word' id='word_1_39' title='bbox 2037 1153 2260 1234; x_wconf 89' lang='lat' dir='ltr'><strong>poten-</strong></span> 
     </span>
     <span class='ocr_line' id='line_1_8' title="bbox 725 1257 2263 1345; baseline -0.003 -20"><span class='ocrx_word' id='word_1_40' title='bbox 725 1262 867 1340; x_wconf 78' lang='lat' dir='ltr'><strong>tiae3</strong></span> <span class='ocrx_word' id='word_1_41' title='bbox 895 1266 958 1325; x_wconf 92' lang='lat' dir='ltr'><strong>et</strong></span> <span class='ocrx_word' id='word_1_42' title='bbox 981 1263 1330 1345; x_wconf 89' lang='lat' dir='ltr'><strong>potentiam</strong></span> <span class='ocrx_word' id='word_1_43' title='bbox 1357 1282 1608 1328; x_wconf 57' lang='lat' dir='ltr'><strong>necesse</strong></span> <span class='ocrx_word' id='word_1_44' title='bbox 1636 1267 1732 1328; x_wconf 89' lang='lat' dir='ltr'><strong>est</strong></span> <span class='ocrx_word' id='word_1_45' title='bbox 1755 1261 2078 1344; x_wconf 73' lang='lat' dir='ltr'><strong>adaequari</strong></span> <span class='ocrx_word' id='word_1_46' title='bbox 2113 1257 2263 1322; x_wconf 90' lang='lat' dir='ltr'><strong>snb·</strong></span> 
     </span>
     <span class='ocr_line' id='line_1_9' title="bbox 721 1368 2262 1453; baseline -0.003 -20"><span class='ocrx_word' id='word_1_47' title='bbox 721 1371 972 1434; x_wconf 78' lang='lat' dir='ltr'><strong>stantiae</strong></span> <span class='ocrx_word' id='word_1_48' title='bbox 991 1418 1010 1449; x_wconf 92' lang='lat'><strong>,</strong></span> <span class='ocrx_word' id='word_1_49' title='bbox 1040 1371 1128 1434; x_wconf 89' lang='lat' dir='ltr'><strong>ita</strong></span> <span class='ocrx_word' id='word_1_50' title='bbox 1171 1371 1341 1453; x_wconf 87' lang='lat' dir='ltr'><strong>quod</strong></span> <span class='ocrx_word' id='word_1_51' title='bbox 1376 1389 1519 1435; x_wconf 92' lang='lat' dir='ltr'><strong>eam</strong></span> <span class='ocrx_word' id='word_1_52' title='bbox 1558 1390 1687 1435; x_wconf 89' lang='lat' dir='ltr'><strong>non</strong></span> <span class='ocrx_word' id='word_1_53' title='bbox 1728 1370 1991 1434; x_wconf 81' lang='lat' dir='ltr'><strong>excedat</strong></span> <span class='ocrx_word' id='word_1_54' title='bbox 2024 1368 2262 1449; x_wconf 90' lang='lat' dir='ltr'><strong>impro-</strong></span> 
     </span>
     <span class='ocr_line' id='line_1_10' title="bbox 723 1478 2260 1561; baseline -0.003 -20"><span class='ocrx_word' id='word_1_55' title='bbox 723 1478 1221 1561; x_wconf 89' lang='lat' dir='ltr'><strong>portionabiliter</strong></span> <span class='ocrx_word' id='word_1_56' title='bbox 1256 1501 1271 1543; x_wconf 77' lang='lat' dir='ltr'><strong>t</strong></span> <span class='ocrx_word' id='word_1_57' title='bbox 1299 1479 1623 1543; x_wconf 83' lang='lat' dir='ltr'><strong>infinitum</strong></span> <span class='ocrx_word' id='word_1_58' title='bbox 1651 1483 1866 1543; x_wconf 90' lang='lat' dir='ltr'><strong>autem</strong></span> <span class='ocrx_word' id='word_1_59' title='bbox 1894 1478 2260 1559; x_wconf 90' lang='lat' dir='ltr'><strong>impropor-</strong></span> 
     </span>
     <span class='ocr_line' id='line_1_11' title="bbox 723 1585 2262 1667; baseline 0 -20"><span class='ocrx_word' id='word_1_60' title='bbox 723 1585 1103 1649; x_wconf 84' lang='lat' dir='ltr'><strong>tionabiliter</strong></span> <span class='ocrx_word' id='word_1_61' title='bbox 1121 1586 1366 1650; x_wconf 83' lang='lat' dir='ltr'><strong>excedit</strong></span> <span class='ocrx_word' id='word_1_62' title='bbox 1390 1586 1645 1650; x_wconf 89' lang='lat' dir='ltr'><strong>finitum</strong></span> <span class='ocrx_word' id='word_1_63' title='bbox 1671 1609 1685 1649; x_wconf 91' lang='lat'>:</span> <span class='ocrx_word' id='word_1_64' title='bbox 1714 1586 1767 1648; x_wconf 91' lang='lat' dir='ltr'><strong>si</strong></span> <span class='ocrx_word' id='word_1_65' title='bbox 1796 1603 1956 1667; x_wconf 89' lang='lat' dir='ltr'><strong>ergo</strong></span> <span class='ocrx_word' id='word_1_66' title='bbox 1977 1585 2262 1647; x_wconf 81' lang='lat' dir='ltr'><strong>substan-</strong></span> 
     </span>
     <span class='ocr_line' id='line_1_12' title="bbox 727 1692 2261 1768; baseline -0.001 -15"><span class='ocrx_word' id='word_1_67' title='bbox 727 1693 812 1756; x_wconf 79' lang='lat' dir='ltr'><strong>iia</strong></span> <span class='ocrx_word' id='word_1_68' title='bbox 847 1693 1080 1756; x_wconf 71' lang='lat' dir='ltr'><strong>animae</strong></span> <span class='ocrx_word' id='word_1_69' title='bbox 1123 1692 1347 1757; x_wconf 83' lang='lat' dir='ltr'><strong>Christi</strong></span> <span class='ocrx_word' id='word_1_70' title='bbox 1389 1694 1568 1757; x_wconf 84' lang='lat' dir='ltr'><strong>finita</strong></span> <span class='ocrx_word' id='word_1_71' title='bbox 1605 1695 1734 1768; x_wconf 88' lang='lat' dir='ltr'><strong>est,</strong></span> <span class='ocrx_word' id='word_1_72' title='bbox 1786 1709 2038 1755; x_wconf 85' lang='lat' dir='ltr'><strong>necesse</strong></span> <span class='ocrx_word' id='word_1_73' title='bbox 2077 1694 2173 1753; x_wconf 85' lang='lat' dir='ltr'><strong>est</strong></span> <span class='ocrx_word' id='word_1_74' title='bbox 2196 1692 2261 1752; x_wconf 89' lang='lat' dir='ltr'><strong>et</strong></span> 
     </span>
     <span class='ocr_line' id='line_1_13' title="bbox 727 1794 2257 1878; baseline -0.001 -21"><span class='ocrx_word' id='word_1_75' title='bbox 727 1795 1071 1876; x_wconf 82' lang='lat' dir='ltr'><strong>potentiam</strong></span> <span class='ocrx_word' id='word_1_76' title='bbox 1117 1796 1538 1877; x_wconf 82' lang='lat' dir='ltr'><strong>cognoscendi</strong></span> <span class='ocrx_word' id='word_1_77' title='bbox 1566 1796 1634 1858; x_wconf 90' lang='lat' dir='ltr'><strong>in</strong></span> <span class='ocrx_word' id='word_1_78' title='bbox 1661 1798 1798 1878; x_wconf 93' lang='lat' dir='ltr'><strong>ipsa</strong></span> <span class='ocrx_word' id='word_1_79' title='bbox 1823 1813 1958 1858; x_wconf 90' lang='lat' dir='ltr'><strong>esse</strong></span> <span class='ocrx_word' id='word_1_80' title='bbox 1986 1794 2257 1871; x_wconf 86' lang='lat' dir='ltr'><strong>finitam,</strong></span> 
     </span>
     <span class='ocr_line' id='line_1_14' title="bbox 726 1902 2264 1983; baseline 0 -20"><span class='ocrx_word' id='word_1_81' title='bbox 726 1909 786 1963; x_wconf 83' lang='lat' dir='ltr'><strong>et</strong></span> <span class='ocrx_word' id='word_1_82' title='bbox 832 1902 1263 1983; x_wconf 87' lang='lat' dir='ltr'><strong>cognitionem</strong></span> <span class='ocrx_word' id='word_1_83' title='bbox 1313 1904 1602 1967; x_wconf 88' lang='lat' dir='ltr'><strong>similiter</strong></span> <span class='ocrx_word' id='word_1_84' title='bbox 1636 1922 1653 1965; x_wconf 77' lang='lat' dir='ltr'><strong><em>z</em></strong></span> <span class='ocrx_word' id='word_1_85' title='bbox 1685 1920 1842 1982; x_wconf 89' lang='lat' dir='ltr'><strong>ergo</strong></span> <span class='ocrx_word' id='word_1_86' title='bbox 1879 1918 2133 1964; x_wconf 88' lang='lat' dir='ltr'><strong>necesse</strong></span> <span class='ocrx_word' id='word_1_87' title='bbox 2170 1903 2264 1964; x_wconf 91' lang='lat' dir='ltr'><strong>est</strong></span> 
     </span>
     <span class='ocr_line' id='line_1_15' title="bbox 726 2010 2263 2091; baseline 0.001 -21"><span class='ocrx_word' id='word_1_88' title='bbox 726 2010 1173 2091; x_wconf 80' lang='lat' dir='ltr'><strong>cognoscibilia</strong></span> <span class='ocrx_word' id='word_1_89' title='bbox 1208 2028 1346 2074; x_wconf 90' lang='lat' dir='ltr'><strong>esse</strong></span> <span class='ocrx_word' id='word_1_90' title='bbox 1388 2011 1568 2074; x_wconf 86' lang='lat' dir='ltr'><strong>finita</strong></span> <span class='ocrx_word' id='word_1_91' title='bbox 1622 2033 1639 2073; x_wconf 70' lang='grc' dir='ltr'>ι</span> <span class='ocrx_word' id='word_1_92' title='bbox 1698 2010 1751 2072; x_wconf 91' lang='lat' dir='ltr'><strong>si</strong></span> <span class='ocrx_word' id='word_1_93' title='bbox 1805 2027 1963 2090; x_wconf 90' lang='lat' dir='ltr'><strong>ergo</strong></span> <span class='ocrx_word' id='word_1_94' title='bbox 2022 2012 2263 2072; x_wconf 85' lang='lat' dir='ltr'><strong>aeterna</strong></span> 
     </span>
     <span class='ocr_line' id='line_1_16' title="bbox 728 2117 2257 2200; baseline -0.001 -20"><span class='ocrx_word' id='word_1_95' title='bbox 728 2118 831 2180; x_wconf 80' lang='lat' dir='ltr'><strong>Dei</strong></span> <span class='ocrx_word' id='word_1_96' title='bbox 860 2118 1166 2200; x_wconf 84' lang='lat' dir='ltr'><strong>sapientia</strong></span> <span class='ocrx_word' id='word_1_97' title='bbox 1196 2117 1522 2197; x_wconf 84' lang='lat' dir='ltr'><strong>cognoscit</strong></span> <span class='ocrx_word' id='word_1_98' title='bbox 1546 2118 1818 2193; x_wconf 81' lang='lat' dir='ltr'><strong>infinita,</strong></span> <span class='ocrx_word' id='word_1_99' title='bbox 1841 2117 2116 2194; x_wconf 82' lang='lat' dir='ltr'><strong>videtur,</strong></span> <span class='ocrx_word' id='word_1_100' title='bbox 2138 2120 2257 2179; x_wconf 87' lang='lat' dir='ltr'><strong>etc.</strong></span> 
     </span>
    </p>

    <p class='ocr_par' dir='ltr' id='par_1_4' title="bbox 683 2225 2266 3277">
     <span class='ocr_line' id='line_1_17' title="bbox 804 2225 2259 2307; baseline -0.003 -17"><span class='ocrx_word' id='word_1_101' title='bbox 804 2231 863 2290; x_wconf 91' lang='grc'><strong>3.</strong></span> <span class='ocrx_word' id='word_1_102' title='bbox 905 2225 1088 2302; x_wconf 83' lang='lat' dir='ltr'><strong>Item,</strong></span> <span class='ocrx_word' id='word_1_103' title='bbox 1132 2225 1413 2306; x_wconf 86' lang='lat' dir='ltr'><strong>cognitio</strong></span> <span class='ocrx_word' id='word_1_104' title='bbox 1467 2225 1702 2290; x_wconf 79' lang='lat' dir='ltr'><strong>animae</strong></span> <span class='ocrx_word' id='word_1_105' title='bbox 1751 2225 2003 2304; x_wconf 85' lang='lat' dir='ltr'><strong>Christi,</strong></span> <span class='ocrx_word' id='word_1_106' title='bbox 2061 2241 2259 2307; x_wconf 84' lang='lat' dir='ltr'><strong>quam</strong></span> 
     </span>
     <span class='ocr_line' id='line_1_18' title="bbox 723 2332 2259 2410; baseline -0.001 -13"><span class='ocrx_word' id='word_1_107' title='bbox 723 2334 912 2397; x_wconf 90' lang='lat' dir='ltr'><strong>habet</strong></span> <span class='ocrx_word' id='word_1_108' title='bbox 937 2334 1006 2396; x_wconf 93' lang='lat' dir='ltr'><strong>in</strong></span> <span class='ocrx_word' id='word_1_109' title='bbox 1033 2333 1263 2410; x_wconf 90' lang='lat' dir='ltr'><strong>Verbo,</strong></span> <span class='ocrx_word' id='word_1_110' title='bbox 1293 2338 1386 2397; x_wconf 86' lang='lat' dir='ltr'><strong>est</strong></span> <span class='ocrx_word' id='word_1_111' title='bbox 1412 2337 1622 2396; x_wconf 84' lang='lat' dir='ltr'><strong>creata</strong></span> <span class='ocrx_word' id='word_1_112' title='bbox 1649 2352 1662 2392; x_wconf 90' lang='lat'>:</span> <span class='ocrx_word' id='word_1_113' title='bbox 1696 2333 1750 2395; x_wconf 89' lang='lat' dir='ltr'><strong>si</strong></span> <span class='ocrx_word' id='word_1_114' title='bbox 1770 2334 1943 2395; x_wconf 91' lang='lat' dir='ltr'><strong>enim</strong></span> <span class='ocrx_word' id='word_1_115' title='bbox 1971 2332 2259 2396; x_wconf 87' lang='lat' dir='ltr'><strong>substan-</strong></span> 
     </span>
     <span class='ocr_line' id='line_1_19' title="bbox 723 2440 2263 2522; baseline -0.001 -18"><span class='ocrx_word' id='word_1_116' title='bbox 723 2443 811 2505; x_wconf 89' lang='lat' dir='ltr'><strong>tia</strong></span> <span class='ocrx_word' id='word_1_117' title='bbox 845 2442 1076 2505; x_wconf 85' lang='lat' dir='ltr'><strong>animae</strong></span> <span class='ocrx_word' id='word_1_118' title='bbox 1120 2441 1349 2506; x_wconf 86' lang='lat' dir='ltr'><strong>Christi</strong></span> <span class='ocrx_word' id='word_1_119' title='bbox 1375 2445 1469 2503; x_wconf 87' lang='lat' dir='ltr'><strong>est</strong></span> <span class='ocrx_word' id='word_1_120' title='bbox 1494 2443 1732 2516; x_wconf 89' lang='lat' dir='ltr'><strong>creata,</strong></span> <span class='ocrx_word' id='word_1_121' title='bbox 1763 2440 1903 2522; x_wconf 90' lang='lat' dir='ltr'><strong>pari</strong></span> <span class='ocrx_word' id='word_1_122' title='bbox 1930 2440 2174 2503; x_wconf 89' lang='lat' dir='ltr'><strong>ratione</strong></span> <span class='ocrx_word' id='word_1_123' title='bbox 2199 2444 2263 2503; x_wconf 91' lang='lat' dir='ltr'><strong>et</strong></span> 
     </span>
     <span class='ocr_line' id='line_1_20' title="bbox 724 2546 2263 2630; baseline -0.001 -19"><span class='ocrx_word' id='word_1_124' title='bbox 724 2549 1003 2630; x_wconf 92' lang='lat' dir='ltr'><strong>cognitio</strong></span> <span class='ocrx_word' id='word_1_125' title='bbox 1038 2568 1055 2612; x_wconf 76' lang='grc' dir='ltr'><strong><em>ε</em></strong></span> <span class='ocrx_word' id='word_1_126' title='bbox 1089 2548 1198 2611; x_wconf 94' lang='lat' dir='ltr'><strong>sed</strong></span> <span class='ocrx_word' id='word_1_127' title='bbox 1235 2547 1454 2611; x_wconf 89' lang='lat' dir='ltr'><strong>omnia</strong></span> <span class='ocrx_word' id='word_1_128' title='bbox 1505 2552 1715 2611; x_wconf 84' lang='lat' dir='ltr'><strong>creata</strong></span> <span class='ocrx_word' id='word_1_129' title='bbox 1768 2550 1923 2610; x_wconf 89' lang='lat' dir='ltr'><strong>sunt</strong></span> <span class='ocrx_word' id='word_1_130' title='bbox 1979 2546 2045 2610; x_wconf 92' lang='lat' dir='ltr'><strong>in</strong></span> <span class='ocrx_word' id='word_1_131' title='bbox 2092 2548 2263 2609; x_wconf 89' lang='lat' dir='ltr'><strong>certo</strong></span> 
     </span>
     <span class='ocr_line' id='line_1_21' title="bbox 724 2653 2265 2738; baseline -0.003 -18"><span class='ocrx_word' id='word_1_132' title='bbox 724 2657 1020 2738; x_wconf 90' lang='lat' dir='ltr'><strong>pondere,</strong></span> <span class='ocrx_word' id='word_1_133' title='bbox 1052 2674 1347 2735; x_wconf 89' lang='lat' dir='ltr'><strong>numero,</strong></span> <span class='ocrx_word' id='word_1_134' title='bbox 1379 2662 1445 2720; x_wconf 87' lang='lat' dir='ltr'><strong>et</strong></span> <span class='ocrx_word' id='word_1_135' title='bbox 1470 2673 1771 2720; x_wconf 91' lang='lat' dir='ltr'><strong>mensura</strong></span> <span class='ocrx_word' id='word_1_136' title='bbox 1792 2676 1809 2733; x_wconf 91' lang='lat'>;</span> <span class='ocrx_word' id='word_1_137' title='bbox 1841 2659 1905 2718; x_wconf 88' lang='lat' dir='ltr'><strong>et</strong></span> <span class='ocrx_word' id='word_1_138' title='bbox 1930 2653 2151 2718; x_wconf 89' lang='lat' dir='ltr'><strong>omnia</strong></span> <span class='ocrx_word' id='word_1_139' title='bbox 2176 2657 2265 2716; x_wconf 90' lang='lat' dir='ltr'><strong>ta·</strong></span> 
     </span>
     <span class='ocr_line' id='line_1_22' title="bbox 725 2761 2260 2846; baseline -0.002 -19"><span class='ocrx_word' id='word_1_140' title='bbox 725 2765 809 2827; x_wconf 91' lang='lat' dir='ltr'><strong>lia</strong></span> <span class='ocrx_word' id='word_1_141' title='bbox 852 2767 1003 2827; x_wconf 89' lang='lat' dir='ltr'><strong>sunt</strong></span> <span class='ocrx_word' id='word_1_142' title='bbox 1014 2764 1194 2827; x_wconf 84' lang='lat' dir='ltr'><strong>finita</strong></span> <span class='ocrx_word' id='word_1_143' title='bbox 1218 2786 1232 2827; x_wconf 78' lang='lat' dir='ltr'><strong><em>z</em></strong></span> <span class='ocrx_word' id='word_1_144' title='bbox 1254 2782 1410 2846; x_wconf 90' lang='lat' dir='ltr'><strong>ergo</strong></span> <span class='ocrx_word' id='word_1_145' title='bbox 1423 2781 1677 2827; x_wconf 90' lang='lat' dir='ltr'><strong>necesse</strong></span> <span class='ocrx_word' id='word_1_146' title='bbox 1690 2767 1785 2826; x_wconf 89' lang='lat' dir='ltr'><strong>est</strong></span> <span class='ocrx_word' id='word_1_147' title='bbox 1802 2761 2260 2842; x_wconf 82' lang='lat' dir='ltr'><strong>cognitionem,</strong></span> 
     </span>
     <span class='ocr_line' id='line_1_23' title="bbox 724 2869 2263 2954; baseline 0 -19"><span class='ocrx_word' id='word_1_148' title='bbox 724 2890 919 2954; x_wconf 87' lang='lat' dir='ltr'><strong>quam</strong></span> <span class='ocrx_word' id='word_1_149' title='bbox 944 2872 1136 2935; x_wconf 86' lang='lat' dir='ltr'><strong>habet</strong></span> <span class='ocrx_word' id='word_1_150' title='bbox 1164 2873 1380 2938; x_wconf 87' lang='lat' dir='ltr'><strong>anima</strong></span> <span class='ocrx_word' id='word_1_151' title='bbox 1405 2872 1655 2951; x_wconf 85' lang='lat' dir='ltr'><strong>Christi,</strong></span> <span class='ocrx_word' id='word_1_152' title='bbox 1680 2889 1819 2936; x_wconf 90' lang='lat' dir='ltr'><strong>esse</strong></span> <span class='ocrx_word' id='word_1_153' title='bbox 1843 2872 2112 2934; x_wconf 84' lang='lat' dir='ltr'><strong>finitam.</strong></span> <span class='ocrx_word' id='word_1_154' title='bbox 2140 2869 2263 2935; x_wconf 88' lang='lat' dir='ltr'><strong>Sed</strong></span> 
     </span>
     <span class='ocr_line' id='line_1_24' title="bbox 727 2979 2261 3059; baseline -0.001 -17"><span class='ocrx_word' id='word_1_155' title='bbox 727 2979 1009 3059; x_wconf 88' lang='lat' dir='ltr'><strong>cognitio</strong></span> <span class='ocrx_word' id='word_1_156' title='bbox 1037 2979 1215 3042; x_wconf 84' lang='lat' dir='ltr'><strong>finita</strong></span> <span class='ocrx_word' id='word_1_157' title='bbox 1242 2997 1374 3043; x_wconf 90' lang='lat' dir='ltr'><strong>non</strong></span> <span class='ocrx_word' id='word_1_158' title='bbox 1408 2984 1500 3043; x_wconf 88' lang='lat' dir='ltr'><strong>est</strong></span> <span class='ocrx_word' id='word_1_159' title='bbox 1533 2980 1657 3043; x_wconf 87' lang='lat' dir='ltr'><strong>nisi</strong></span> <span class='ocrx_word' id='word_1_160' title='bbox 1705 2979 2075 3043; x_wconf 84' lang='lat' dir='ltr'><strong>finitorum:</strong></span> <span class='ocrx_word' id='word_1_161' title='bbox 2102 2994 2261 3059; x_wconf 88' lang='lat' dir='ltr'><strong>ergo</strong></span> 
     </span>
     <span class='ocr_line' id='line_1_25' title="bbox 726 3085 2266 3170; baseline -0.001 -19"><span class='ocrx_word' id='word_1_162' title='bbox 726 3086 943 3151; x_wconf 87' lang='lat' dir='ltr'><strong>anima</strong></span> <span class='ocrx_word' id='word_1_163' title='bbox 986 3085 1213 3151; x_wconf 89' lang='lat' dir='ltr'><strong>Christi</strong></span> <span class='ocrx_word' id='word_1_164' title='bbox 1255 3105 1387 3151; x_wconf 89' lang='lat' dir='ltr'><strong>non</strong></span> <span class='ocrx_word' id='word_1_165' title='bbox 1428 3088 1754 3170; x_wconf 85' lang='lat' dir='ltr'><strong>cognoscit</strong></span> <span class='ocrx_word' id='word_1_166' title='bbox 1792 3086 1917 3151; x_wconf 89' lang='lat' dir='ltr'><strong>nisi</strong></span> <span class='ocrx_word' id='word_1_167' title='bbox 1942 3086 2123 3151; x_wconf 86' lang='lat' dir='ltr'><strong>finita</strong></span> <span class='ocrx_word' id='word_1_168' title='bbox 2156 3109 2169 3151; x_wconf 89' lang='lat'>:</span> <span class='ocrx_word' id='word_1_169' title='bbox 2201 3088 2266 3151; x_wconf 89' lang='lat' dir='ltr'><strong>et</strong></span> 
     </span>
     <span class='ocr_line' id='line_1_26' title="bbox 683 3194 2060 3277; baseline 0.001 -21"><span class='ocrx_word' id='word_1_170' title='bbox 683 3266 688 3273; x_wconf 44' lang='grc'><strong><em>,</em></strong></span> <span class='ocrx_word' id='word_1_171' title='bbox 726 3194 1010 3258; x_wconf 81' lang='lat' dir='ltr'><strong>Verbum</strong></span> <span class='ocrx_word' id='word_1_172' title='bbox 1038 3195 1361 3276; x_wconf 86' lang='lat' dir='ltr'><strong>cognoscit</strong></span> <span class='ocrx_word' id='word_1_173' title='bbox 1389 3196 1640 3259; x_wconf 85' lang='lat' dir='ltr'><strong>infinita</strong></span> <span class='ocrx_word' id='word_1_174' title='bbox 1669 3214 1686 3259; x_wconf 71' lang='grc' dir='ltr'><strong>ε</strong></span> <span class='ocrx_word' id='word_1_175' title='bbox 1719 3213 1910 3277; x_wconf 91' lang='lat' dir='ltr'><strong>ergo,</strong></span> <span class='ocrx_word' id='word_1_176' title='bbox 1942 3199 2060 3259; x_wconf 89' lang='lat' dir='ltr'><strong>etc.</strong></span> 
     </span>
    </p>

    <p class='ocr_par' dir='ltr' id='par_1_5' title="bbox 723 3302 2267 4460">
     <span class='ocr_line' id='line_1_27' title="bbox 806 3302 2261 3379; baseline -0.001 -14"><span class='ocrx_word' id='word_1_177' title='bbox 806 3307 866 3365; x_wconf 74' lang='grc'><strong>4.</strong></span> <span class='ocrx_word' id='word_1_178' title='bbox 918 3303 1074 3366; x_wconf 91' lang='lat' dir='ltr'><strong>Item</strong></span> <span class='ocrx_word' id='word_1_179' title='bbox 1097 3332 1118 3379; x_wconf 53' lang='lat'><strong>,⁴</strong></span> <span class='ocrx_word' id='word_1_180' title='bbox 1157 3303 1323 3365; x_wconf 87' lang='lat' dir='ltr'><strong>nihil</strong></span> <span class='ocrx_word' id='word_1_181' title='bbox 1350 3307 1634 3367; x_wconf 90' lang='lat' dir='ltr'><strong>creatum</strong></span> <span class='ocrx_word' id='word_1_182' title='bbox 1674 3303 1921 3367; x_wconf 79' lang='lat' dir='ltr'><strong>excedit</strong></span> <span class='ocrx_word' id='word_1_183' title='bbox 1945 3303 2014 3366; x_wconf 91' lang='lat' dir='ltr'><strong>in</strong></span> <span class='ocrx_word' id='word_1_184' title='bbox 2037 3302 2261 3366; x_wconf 86' lang='lat' dir='ltr'><strong>infini-</strong></span> 
     </span>
     <span class='ocr_line' id='line_1_28' title="bbox 726 3409 2263 3492; baseline 0 -19"><span class='ocrx_word' id='word_1_185' title='bbox 726 3415 865 3473; x_wconf 90' lang='lat' dir='ltr'><strong>tum</strong></span> <span class='ocrx_word' id='word_1_186' title='bbox 913 3410 1085 3474; x_wconf 88' lang='lat' dir='ltr'><strong>aliud</strong></span> <span class='ocrx_word' id='word_1_187' title='bbox 1129 3416 1413 3475; x_wconf 87' lang='lat' dir='ltr'><strong>creatum</strong></span> <span class='ocrx_word' id='word_1_188' title='bbox 1449 3410 1736 3492; x_wconf 88' lang='lat' dir='ltr'><strong>ejusdem</strong></span> <span class='ocrx_word' id='word_1_189' title='bbox 1784 3410 2044 3491; x_wconf 88' lang='lat' dir='ltr'><strong>generis</strong></span> <span class='ocrx_word' id='word_1_190' title='bbox 2081 3428 2100 3471; x_wconf 73' lang='grc' dir='ltr'><strong><em>ε</em></strong></span> <span class='ocrx_word' id='word_1_191' title='bbox 2153 3409 2263 3473; x_wconf 89' lang='lat' dir='ltr'><strong>sed</strong></span> 
     </span>
     <span class='ocr_line' id='line_1_29' title="bbox 725 3517 2264 3599; baseline -0.002 -16"><span class='ocrx_word' id='word_1_192' title='bbox 725 3518 942 3583; x_wconf 87' lang='lat' dir='ltr'><strong>anima</strong></span> <span class='ocrx_word' id='word_1_193' title='bbox 969 3517 1218 3596; x_wconf 88' lang='lat' dir='ltr'><strong>Christi,</strong></span> <span class='ocrx_word' id='word_1_194' title='bbox 1251 3520 1314 3582; x_wconf 89' lang='lat' dir='ltr'><strong>et</strong></span> <span class='ocrx_word' id='word_1_195' title='bbox 1339 3520 1481 3599; x_wconf 86' lang='lat' dir='ltr'><strong>ejus</strong></span> <span class='ocrx_word' id='word_1_196' title='bbox 1504 3517 1786 3595; x_wconf 89' lang='lat' dir='ltr'><strong>scientia,</strong></span> <span class='ocrx_word' id='word_1_197' title='bbox 1817 3521 1912 3581; x_wconf 89' lang='lat' dir='ltr'><strong>est</strong></span> <span class='ocrx_word' id='word_1_198' title='bbox 1940 3521 2172 3595; x_wconf 90' lang='lat' dir='ltr'><strong>creata,</strong></span> <span class='ocrx_word' id='word_1_199' title='bbox 2202 3520 2264 3581; x_wconf 87' lang='lat' dir='ltr'><strong>et</strong></span> 
     </span>
     <span class='ocr_line' id='line_1_30' title="bbox 724 3625 2264 3709; baseline -0.001 -19"><span class='ocrx_word' id='word_1_200' title='bbox 724 3627 1014 3709; x_wconf 88' lang='lat' dir='ltr'><strong>ejusdem</strong></span> <span class='ocrx_word' id='word_1_201' title='bbox 1067 3626 1324 3707; x_wconf 83' lang='lat' dir='ltr'><strong>generis</strong></span> <span class='ocrx_word' id='word_1_202' title='bbox 1371 3643 1521 3689; x_wconf 89' lang='lat' dir='ltr'><strong>cum</strong></span> <span class='ocrx_word' id='word_1_203' title='bbox 1565 3626 1846 3707; x_wconf 86' lang='lat' dir='ltr'><strong>qualibet</strong></span> <span class='ocrx_word' id='word_1_204' title='bbox 1891 3625 2018 3688; x_wconf 88' lang='lat' dir='ltr'><strong>alia</strong></span> <span class='ocrx_word' id='word_1_205' title='bbox 2044 3626 2264 3689; x_wconf 89' lang='lat' dir='ltr'><strong>anima</strong></span> 
     </span>
     <span class='ocr_line' id='line_1_31' title="bbox 724 3732 2262 3816; baseline -0.001 -18"><span class='ocrx_word' id='word_1_206' title='bbox 724 3736 929 3813; x_wconf 85' lang='lat' dir='ltr'><strong>beata,</strong></span> <span class='ocrx_word' id='word_1_207' title='bbox 975 3737 1040 3798; x_wconf 90' lang='lat' dir='ltr'><strong>et</strong></span> <span class='ocrx_word' id='word_1_208' title='bbox 1076 3737 1217 3816; x_wconf 89' lang='lat' dir='ltr'><strong>ejus</strong></span> <span class='ocrx_word' id='word_1_209' title='bbox 1252 3733 1558 3797; x_wconf 87' lang='lat' dir='ltr'><strong>scientia:</strong></span> <span class='ocrx_word' id='word_1_210' title='bbox 1594 3750 1752 3813; x_wconf 87' lang='lat' dir='ltr'><strong>ergo</strong></span> <span class='ocrx_word' id='word_1_211' title='bbox 1789 3733 2006 3797; x_wconf 90' lang='lat' dir='ltr'><strong>anima</strong></span> <span class='ocrx_word' id='word_1_212' title='bbox 2034 3732 2262 3797; x_wconf 87' lang='lat' dir='ltr'><strong>Christi</strong></span> 
     </span>
     <span class='ocr_line' id='line_1_32' title="bbox 726 3840 2261 3922; baseline -0.001 -17"><span class='ocrx_word' id='word_1_213' title='bbox 726 3860 856 3906; x_wconf 92' lang='lat' dir='ltr'><strong>non</strong></span> <span class='ocrx_word' id='word_1_214' title='bbox 905 3841 1149 3904; x_wconf 88' lang='lat' dir='ltr'><strong>excedit</strong></span> <span class='ocrx_word' id='word_1_215' title='bbox 1177 3840 1245 3903; x_wconf 93' lang='lat' dir='ltr'><strong>in</strong></span> <span class='ocrx_word' id='word_1_216' title='bbox 1281 3840 1605 3903; x_wconf 83' lang='lat' dir='ltr'><strong>infinitum</strong></span> <span class='ocrx_word' id='word_1_217' title='bbox 1634 3840 1964 3905; x_wconf 88' lang='lat' dir='ltr'><strong>scientiam</strong></span> <span class='ocrx_word' id='word_1_218' title='bbox 1993 3844 2097 3922; x_wconf 90' lang='lat' dir='ltr'><strong>cuj</strong></span> <span class='ocrx_word' id='word_1_219' title='bbox 2108 3840 2261 3904; x_wconf 92' lang='lat' dir='ltr'><strong>usli-</strong></span> 
     </span>
     <span class='ocr_line' id='line_1_33' title="bbox 724 3933 2267 4009; baseline 0 -1"><span class='ocrx_word' id='word_1_220' title='bbox 724 3946 831 4008; x_wconf 89' lang='lat' dir='ltr'><strong>bet</strong></span> <span class='ocrx_word' id='word_1_221' title='bbox 877 3945 1134 4009; x_wconf 90' lang='lat' dir='ltr'><strong>alterius</strong></span> <span class='ocrx_word' id='word_1_222' title='bbox 1190 3944 1425 4007; x_wconf 80' lang='lat' dir='ltr'><strong>animae</strong></span> <span class='ocrx_word' id='word_1_223' title='bbox 1493 3948 1720 4008; x_wconf 85' lang='lat' dir='ltr'><strong>creatae</strong></span> <span class='ocrx_word' id='word_1_224' title='bbox 1769 3966 1785 4008; x_wconf 69' lang='grc' dir='ltr'>ι</span> <span class='ocrx_word' id='word_1_225' title='bbox 1841 3944 1950 4008; x_wconf 92' lang='lat' dir='ltr'><strong>sed</strong></span> <span class='ocrx_word' id='word_1_226' title='bbox 2003 3933 2267 4008; x_wconf 79' lang='lat' dir='ltr'><strong>scientia</strong></span> 
     </span>
     <span class='ocr_line' id='line_1_34' title="bbox 725 4050 2264 4133; baseline 0 -17"><span class='ocrx_word' id='word_1_227' title='bbox 725 4052 912 4116; x_wconf 84' lang='lat' dir='ltr'><strong>Verbi</strong></span> <span class='ocrx_word' id='word_1_228' title='bbox 950 4052 1021 4115; x_wconf 90' lang='lat' dir='ltr'><strong>in</strong></span> <span class='ocrx_word' id='word_1_229' title='bbox 1058 4052 1383 4115; x_wconf 86' lang='lat' dir='ltr'><strong>infinitum</strong></span> <span class='ocrx_word' id='word_1_230' title='bbox 1411 4050 1657 4115; x_wconf 85' lang='lat' dir='ltr'><strong>excedit</strong></span> <span class='ocrx_word' id='word_1_231' title='bbox 1682 4051 2012 4115; x_wconf 87' lang='lat' dir='ltr'><strong>scientiam</strong></span> <span class='ocrx_word' id='word_1_232' title='bbox 2042 4055 2264 4133; x_wconf 86' lang='lat' dir='ltr'><strong>cujus-</strong></span> 
     </span>
     <span class='ocr_line' id='line_1_35' title="bbox 723 4159 2266 4241; baseline -0.002 -17"><span class='ocrx_word' id='word_1_233' title='bbox 723 4162 875 4224; x_wconf 90' lang='lat' dir='ltr'><strong>libet</strong></span> <span class='ocrx_word' id='word_1_234' title='bbox 901 4161 1135 4225; x_wconf 84' lang='lat' dir='ltr'><strong>animae</strong></span> <span class='ocrx_word' id='word_1_235' title='bbox 1162 4160 1364 4224; x_wconf 85' lang='lat' dir='ltr'><strong>beatae</strong></span> <span class='ocrx_word' id='word_1_236' title='bbox 1395 4181 1411 4222; x_wconf 75' lang='grc' dir='ltr'>ε</span> <span class='ocrx_word' id='word_1_237' title='bbox 1442 4177 1599 4240; x_wconf 88' lang='lat' dir='ltr'><strong>ergo</strong></span> <span class='ocrx_word' id='word_1_238' title='bbox 1623 4159 1878 4222; x_wconf 91' lang='lat' dir='ltr'><strong>videtur</strong></span> <span class='ocrx_word' id='word_1_239' title='bbox 1909 4159 2080 4241; x_wconf 84' lang='lat' dir='ltr'><strong>quod</strong></span> <span class='ocrx_word' id='word_1_240' title='bbox 2122 4159 2266 4223; x_wconf 90' lang='lat' dir='ltr'><strong>ani-</strong></span> 
     </span>
     <span class='ocr_line' id='line_1_36' title="bbox 725 4268 2265 4349; baseline -0.001 -16"><span class='ocrx_word' id='word_1_241' title='bbox 725 4288 834 4333; x_wconf 92' lang='lat' dir='ltr'><strong>ma</strong></span> <span class='ocrx_word' id='word_1_242' title='bbox 860 4268 1089 4332; x_wconf 90' lang='lat' dir='ltr'><strong>Christi</strong></span> <span class='ocrx_word' id='word_1_243' title='bbox 1113 4286 1448 4349; x_wconf 86' lang='lat' dir='ltr'><strong>nunquam</strong></span> <span class='ocrx_word' id='word_1_244' title='bbox 1472 4271 1565 4332; x_wconf 88' lang='lat' dir='ltr'><strong>tot</strong></span> <span class='ocrx_word' id='word_1_245' title='bbox 1592 4271 1955 4348; x_wconf 89' lang='lat' dir='ltr'><strong>cognoscat,</strong></span> <span class='ocrx_word' id='word_1_246' title='bbox 1976 4272 2136 4348; x_wconf 89' lang='lat' dir='ltr'><strong>quot</strong></span> <span class='ocrx_word' id='word_1_247' title='bbox 2157 4284 2265 4333; x_wconf 88' lang='lat' dir='ltr'><strong>co-</strong></span> 
     </span>
     <span class='ocr_line' id='line_1_37' title="bbox 728 4374 1542 4460; baseline 0.002 -21"><span class='ocrx_word' id='word_1_248' title='bbox 728 4378 979 4460; x_wconf 89' lang='lat' dir='ltr'><strong>gnoscit</strong></span> <span class='ocrx_word' id='word_1_249' title='bbox 1001 4376 1214 4458; x_wconf 91' lang='lat' dir='ltr'><strong>ipsum</strong></span> <span class='ocrx_word' id='word_1_250' title='bbox 1236 4374 1542 4441; x_wconf 79' lang='lat' dir='ltr'><strong>Verbum.</strong></span> 
     </span>
    </p>

    <p class='ocr_par' dir='ltr' id='par_1_6' title="bbox 729 4481 2270 5531">
     <span class='ocr_line' id='line_1_38' title="bbox 811 4481 2267 4564; baseline 0.001 -18"><span class='ocrx_word' id='word_1_251' title='bbox 811 4489 870 4547; x_wconf 84' lang='lat'><strong>5.</strong></span> <span class='ocrx_word' id='word_1_252' title='bbox 902 4483 1082 4563; x_wconf 87' lang='lat' dir='ltr'><strong>Item,</strong></span> <span class='ocrx_word' id='word_1_253' title='bbox 1112 4483 1275 4547; x_wconf 89' lang='lat' dir='ltr'><strong>sicut</strong></span> <span class='ocrx_word' id='word_1_254' title='bbox 1295 4483 1577 4564; x_wconf 90' lang='lat' dir='ltr'><strong>cognitio</strong></span> <span class='ocrx_word' id='word_1_255' title='bbox 1599 4481 1788 4545; x_wconf 93' lang='lat' dir='ltr'><strong>Verbi</strong></span> <span class='ocrx_word' id='word_1_256' title='bbox 1822 4486 1918 4547; x_wconf 90' lang='lat' dir='ltr'><strong>est</strong></span> <span class='ocrx_word' id='word_1_257' title='bbox 1948 4483 2267 4547; x_wconf 91' lang='lat' dir='ltr'><strong>immensa</strong></span> 
     </span>
     <span class='ocr_line' id='line_1_39' title="bbox 731 4590 2270 4672; baseline -0.001 -15"><span class='ocrx_word' id='word_1_258' title='bbox 731 4593 1067 4670; x_wconf 86' lang='lat' dir='ltr'><strong>intensive,</strong></span> <span class='ocrx_word' id='word_1_259' title='bbox 1091 4592 1180 4654; x_wconf 89' lang='lat' dir='ltr'><strong>ita</strong></span> <span class='ocrx_word' id='word_1_260' title='bbox 1193 4595 1289 4655; x_wconf 89' lang='lat' dir='ltr'><strong>est</strong></span> <span class='ocrx_word' id='word_1_261' title='bbox 1318 4590 1512 4653; x_wconf 89' lang='lat' dir='ltr'><strong>etiam</strong></span> <span class='ocrx_word' id='word_1_262' title='bbox 1537 4590 1884 4669; x_wconf 84' lang='lat' dir='ltr'><strong>extensive,</strong></span> <span class='ocrx_word' id='word_1_263' title='bbox 1917 4592 2072 4672; x_wconf 86' lang='lat' dir='ltr'><strong>quia</strong></span> <span class='ocrx_word' id='word_1_264' title='bbox 2101 4591 2270 4656; x_wconf 90' lang='lat' dir='ltr'><strong>sicut</strong></span> 
     </span>
     <span class='ocr_line' id='line_1_40' title="bbox 729 4697 2267 4782; baseline -0.001 -17"><span class='ocrx_word' id='word_1_265' title='bbox 729 4702 919 4765; x_wconf 83' lang='lat' dir='ltr'><strong>habet</strong></span> <span class='ocrx_word' id='word_1_266' title='bbox 948 4698 1391 4782; x_wconf 85' lang='lat' dir='ltr'><strong>limpiditatem</strong></span> <span class='ocrx_word' id='word_1_267' title='bbox 1433 4697 1751 4761; x_wconf 81' lang='lat' dir='ltr'><strong>infinitam</strong></span> <span class='ocrx_word' id='word_1_268' title='bbox 1773 4746 1790 4776; x_wconf 91' lang='lat'><strong>,</strong></span> <span class='ocrx_word' id='word_1_269' title='bbox 1821 4699 1909 4761; x_wconf 84' lang='lat' dir='ltr'><strong>ita</strong></span> <span class='ocrx_word' id='word_1_270' title='bbox 1939 4697 2132 4762; x_wconf 84' lang='lat' dir='ltr'><strong>etiam</strong></span> <span class='ocrx_word' id='word_1_271' title='bbox 2155 4716 2267 4763; x_wconf 92' lang='lat' dir='ltr'><strong>co-</strong></span> 
     </span>
     <span class='ocr_line' id='line_1_41' title="bbox 733 4804 2267 4890; baseline 0 -19"><span class='ocrx_word' id='word_1_272' title='bbox 733 4808 986 4890; x_wconf 90' lang='lat' dir='ltr'><strong>gnoscit</strong></span> <span class='ocrx_word' id='word_1_273' title='bbox 1037 4806 1331 4869; x_wconf 84' lang='lat' dir='ltr'><strong>infinita:</strong></span> <span class='ocrx_word' id='word_1_274' title='bbox 1366 4804 1477 4869; x_wconf 87' lang='lat' dir='ltr'><strong>sed</strong></span> <span class='ocrx_word' id='word_1_275' title='bbox 1512 4805 1898 4887; x_wconf 89' lang='lat' dir='ltr'><strong>impossibile</strong></span> <span class='ocrx_word' id='word_1_276' title='bbox 1950 4810 2048 4869; x_wconf 87' lang='lat' dir='ltr'><strong>est</strong></span> <span class='ocrx_word' id='word_1_277' title='bbox 2095 4806 2267 4887; x_wconf 79' lang='lat' dir='ltr'><strong>quod</strong></span> 
     </span>
     <span class='ocr_line' id='line_1_42' title="bbox 731 4912 2267 4995; baseline -0.001 -15"><span class='ocrx_word' id='word_1_278' title='bbox 731 4916 946 4980; x_wconf 90' lang='lat' dir='ltr'><strong>anima</strong></span> <span class='ocrx_word' id='word_1_279' title='bbox 1019 4913 1246 4978; x_wconf 88' lang='lat' dir='ltr'><strong>Christi</strong></span> <span class='ocrx_word' id='word_1_280' title='bbox 1315 4912 1811 4995; x_wconf 88' lang='lat' dir='ltr'><strong>comprehendat</strong></span> <span class='ocrx_word' id='word_1_281' title='bbox 1877 4913 2063 4977; x_wconf 85' lang='lat' dir='ltr'><strong>inflni</strong></span> <span class='ocrx_word' id='word_1_282' title='bbox 2073 4918 2267 4978; x_wconf 89' lang='lat' dir='ltr'><strong>tatem</strong></span> 
     </span>
     <span class='ocr_line' id='line_1_43' title="bbox 732 5019 2269 5104; baseline 0.001 -20"><span class='ocrx_word' id='word_1_283' title='bbox 732 5022 931 5104; x_wconf 87' lang='lat' dir='ltr'><strong>ipsius</strong></span> <span class='ocrx_word' id='word_1_284' title='bbox 956 5019 1144 5085; x_wconf 91' lang='lat' dir='ltr'><strong>Verbi</strong></span> <span class='ocrx_word' id='word_1_285' title='bbox 1182 5020 1515 5098; x_wconf 88' lang='lat' dir='ltr'><strong>intensive,</strong></span> <span class='ocrx_word' id='word_1_286' title='bbox 1557 5024 1621 5083; x_wconf 88' lang='lat' dir='ltr'><strong>et</strong></span> <span class='ocrx_word' id='word_1_287' title='bbox 1659 5020 1834 5102; x_wconf 87' lang='lat' dir='ltr'><strong>quod</strong></span> <span class='ocrx_word' id='word_1_288' title='bbox 1871 5020 1961 5084; x_wconf 89' lang='lat' dir='ltr'><strong>ita</strong></span> <span class='ocrx_word' id='word_1_289' title='bbox 2006 5021 2269 5104; x_wconf 90' lang='lat' dir='ltr'><strong>limpide</strong></span> 
     </span>
     <span class='ocr_line' id='line_1_44' title="bbox 733 5125 2269 5211; baseline 0.001 -19"><span class='ocrx_word' id='word_1_290' title='bbox 733 5132 1111 5209; x_wconf 87' lang='lat' dir='ltr'><strong>cognoscat,</strong></span> <span class='ocrx_word' id='word_1_291' title='bbox 1148 5126 1313 5191; x_wconf 92' lang='lat' dir='ltr'><strong>sicut</strong></span> <span class='ocrx_word' id='word_1_292' title='bbox 1348 5129 1563 5210; x_wconf 89' lang='lat' dir='ltr'><strong>ipsum</strong></span> <span class='ocrx_word' id='word_1_293' title='bbox 1590 5125 1910 5193; x_wconf 85' lang='lat' dir='ltr'><strong>Verbum:</strong></span> <span class='ocrx_word' id='word_1_294' title='bbox 1937 5147 2096 5211; x_wconf 88' lang='lat' dir='ltr'><strong>ergo</strong></span> <span class='ocrx_word' id='word_1_295' title='bbox 2138 5131 2269 5193; x_wconf 90' lang='lat' dir='ltr'><strong>im-</strong></span> 
     </span>
     <span class='ocr_line' id='line_1_45' title="bbox 733 5233 2269 5321; baseline 0.001 -23"><span class='ocrx_word' id='word_1_296' title='bbox 733 5233 1027 5319; x_wconf 87' lang='lat' dir='ltr'><strong>possibile</strong></span> <span class='ocrx_word' id='word_1_297' title='bbox 1071 5238 1165 5298; x_wconf 91' lang='lat' dir='ltr'><strong>est</strong></span> <span class='ocrx_word' id='word_1_298' title='bbox 1203 5234 1341 5315; x_wconf 88' lang='lat' dir='ltr'><strong>pari</strong></span> <span class='ocrx_word' id='word_1_299' title='bbox 1385 5235 1628 5298; x_wconf 90' lang='lat' dir='ltr'><strong>ratione</strong></span> <span class='ocrx_word' id='word_1_300' title='bbox 1644 5282 1660 5309; x_wconf 84' lang='lat'><strong>,</strong></span> <span class='ocrx_word' id='word_1_301' title='bbox 1717 5235 1888 5318; x_wconf 90' lang='lat' dir='ltr'><strong>quod</strong></span> <span class='ocrx_word' id='word_1_302' title='bbox 1924 5243 2269 5321; x_wconf 84' lang='lat' dir='ltr'><strong>cognoscat</strong></span> 
     </span>
     <span class='ocr_line' id='line_1_46' title="bbox 733 5341 2267 5424; baseline 0 -17"><span class='ocrx_word' id='word_1_303' title='bbox 733 5343 949 5407; x_wconf 87' lang='lat' dir='ltr'><strong>omnia</strong></span> <span class='ocrx_word' id='word_1_304' title='bbox 983 5359 1130 5424; x_wconf 81' lang='lat' dir='ltr'><strong>quae</strong></span> <span class='ocrx_word' id='word_1_305' title='bbox 1175 5341 1497 5421; x_wconf 88' lang='lat' dir='ltr'><strong>cognoscit</strong></span> <span class='ocrx_word' id='word_1_306' title='bbox 1538 5342 1752 5423; x_wconf 90' lang='lat' dir='ltr'><strong>ipsum</strong></span> <span class='ocrx_word' id='word_1_307' title='bbox 1777 5341 2085 5417; x_wconf 89' lang='lat' dir='ltr'><strong>Verbum,</strong></span> <span class='ocrx_word' id='word_1_308' title='bbox 2118 5361 2267 5407; x_wconf 89' lang='lat' dir='ltr'><strong>cum</strong></span> 
     </span>
     <span class='ocr_line' id='line_1_47' title="bbox 734 5450 1679 5531; baseline -0.005 -15"><span class='ocrx_word' id='word_1_309' title='bbox 734 5451 1014 5516; x_wconf 90' lang='lat' dir='ltr'><strong>Verbum</strong></span> <span class='ocrx_word' id='word_1_310' title='bbox 1044 5452 1385 5531; x_wconf 87' lang='lat' dir='ltr'><strong>cognoscat</strong></span> <span class='ocrx_word' id='word_1_311' title='bbox 1411 5450 1679 5513; x_wconf 83' lang='lat' dir='ltr'><strong>infinita.</strong></span> 
     </span>
    </p>
   </div>
   <div class='ocr_carea' id='block_1_3' title="bbox 1839 470 2806 546">
    <p class='ocr_par' dir='ltr' id='par_1_7' title="bbox 1839 470 2806 546">
     <span class='ocr_line' id='line_1_48' title="bbox 1839 470 2806 546; baseline -0.012 0"><span class='ocrx_word' id='word_1_312' title='bbox 1839 471 2464 546; x_wconf 82' lang='lat' dir='ltr'><strong>SENTENTIARUM</strong></span> <span class='ocrx_word' id='word_1_313' title='bbox 2502 471 2650 537; x_wconf 89' lang='lat' dir='ltr'><strong>LIB.</strong></span> <span class='ocrx_word' id='word_1_314' title='bbox 2698 470 2806 535; x_wconf 89' lang='lat'><strong>111.</strong></span> 
     </span>
    </p>
   </div>
   <div class='ocr_carea' id='block_1_4' title="bbox 2369 604 3911 5532">
    <p class='ocr_par' dir='ltr' id='par_1_8' title="bbox 2369 604 3910 1548">
     <span class='ocr_line' id='line_1_49' title="bbox 2453 604 3906 685; baseline 0.005 -15"><span class='ocrx_word' id='word_1_315' title='bbox 2453 612 2513 670; x_wconf 89' lang='grc'><strong>6.</strong></span> <span class='ocrx_word' id='word_1_316' title='bbox 2556 606 2753 685; x_wconf 91' lang='lat' dir='ltr'><strong>Item,</strong></span> <span class='ocrx_word' id='word_1_317' title='bbox 2792 605 2959 670; x_wconf 91' lang='lat' dir='ltr'><strong>sicut</strong></span> <span class='ocrx_word' id='word_1_318' title='bbox 2991 604 3348 670; x_wconf 87' lang='lat' dir='ltr'><strong>intellectus</strong></span> <span class='ocrx_word' id='word_1_319' title='bbox 3389 607 3622 673; x_wconf 81' lang='lat' dir='ltr'><strong>animae</strong></span> <span class='ocrx_word' id='word_1_320' title='bbox 3681 609 3906 677; x_wconf 80' lang='lat' dir='ltr'><strong>Christi</strong></span> 
     </span>
     <span class='ocr_line' id='line_1_50' title="bbox 2373 713 3903 783; baseline 0.003 -4"><span class='ocrx_word' id='word_1_321' title='bbox 2373 733 2459 779; x_wconf 85' lang='lat' dir='ltr'><strong>ex</strong></span> <span class='ocrx_word' id='word_1_322' title='bbox 2483 715 2726 779; x_wconf 91' lang='lat' dir='ltr'><strong>unione</strong></span> <span class='ocrx_word' id='word_1_323' title='bbox 2756 714 2859 778; x_wconf 88' lang='lat' dir='ltr'><strong>sui</strong></span> <span class='ocrx_word' id='word_1_324' title='bbox 2884 713 2965 778; x_wconf 87' lang='lat' dir='ltr'><strong>ad</strong></span> <span class='ocrx_word' id='word_1_325' title='bbox 2994 713 3205 777; x_wconf 87' lang='lat' dir='ltr'><strong>lucem</strong></span> <span class='ocrx_word' id='word_1_326' title='bbox 3232 714 3543 778; x_wconf 80' lang='lat' dir='ltr'><strong>aetern&#39;am</strong></span> <span class='ocrx_word' id='word_1_327' title='bbox 3571 716 3765 781; x_wconf 88' lang='lat' dir='ltr'><strong>habet</strong></span> <span class='ocrx_word' id='word_1_328' title='bbox 3798 738 3903 783; x_wconf 92' lang='lat' dir='ltr'><strong>co-</strong></span> 
     </span>
     <span class='ocr_line' id='line_1_51' title="bbox 2372 821 3906 904; baseline 0.003 -18"><span class='ocrx_word' id='word_1_329' title='bbox 2372 840 2679 904; x_wconf 88' lang='lat' dir='ltr'><strong>gnoscere</strong></span> <span class='ocrx_word' id='word_1_330' title='bbox 2696 821 2922 896; x_wconf 88' lang='lat' dir='ltr'><strong>multa,</strong></span> <span class='ocrx_word' id='word_1_331' title='bbox 2953 821 3043 883; x_wconf 88' lang='lat' dir='ltr'><strong>sic</strong></span> <span class='ocrx_word' id='word_1_332' title='bbox 3069 824 3132 884; x_wconf 88' lang='lat' dir='ltr'><strong>et</strong></span> <span class='ocrx_word' id='word_1_333' title='bbox 3159 821 3297 902; x_wconf 88' lang='lat' dir='ltr'><strong>ipsa</strong></span> <span class='ocrx_word' id='word_1_334' title='bbox 3313 821 3664 887; x_wconf 88' lang='lat' dir='ltr'><strong>substantia</strong></span> <span class='ocrx_word' id='word_1_335' title='bbox 3675 826 3906 890; x_wconf 81' lang='lat' dir='ltr'><strong>animae</strong></span> 
     </span>
     <span class='ocr_line' id='line_1_52' title="bbox 2371 925 3907 1012; baseline 0.002 -18"><span class='ocrx_word' id='word_1_336' title='bbox 2371 947 2455 994; x_wconf 89' lang='lat' dir='ltr'><strong>ex</strong></span> <span class='ocrx_word' id='word_1_337' title='bbox 2475 930 2715 994; x_wconf 91' lang='lat' dir='ltr'><strong>unione</strong></span> <span class='ocrx_word' id='word_1_338' title='bbox 2742 929 2941 1012; x_wconf 90' lang='lat' dir='ltr'><strong>ipsius</strong></span> <span class='ocrx_word' id='word_1_339' title='bbox 2967 926 3046 993; x_wconf 88' lang='lat' dir='ltr'><strong>ad</strong></span> <span class='ocrx_word' id='word_1_340' title='bbox 3075 925 3358 993; x_wconf 88' lang='lat' dir='ltr'><strong>Verbum</strong></span> <span class='ocrx_word' id='word_1_341' title='bbox 3389 933 3486 993; x_wconf 87' lang='lat' dir='ltr'><strong>est</strong></span> <span class='ocrx_word' id='word_1_342' title='bbox 3508 935 3659 995; x_wconf 89' lang='lat' dir='ltr'><strong>nata</strong></span> <span class='ocrx_word' id='word_1_343' title='bbox 3680 950 3814 996; x_wconf 90' lang='lat' dir='ltr'><strong>esse</strong></span> <span class='ocrx_word' id='word_1_344' title='bbox 3840 934 3907 997; x_wconf 91' lang='lat' dir='ltr'><strong>in</strong></span> 
     </span>
     <span class='ocr_line' id='line_1_53' title="bbox 2374 1035 3909 1119; baseline 0.003 -19"><span class='ocrx_word' id='word_1_345' title='bbox 2374 1037 2595 1101; x_wconf 86' lang='lat' dir='ltr'><strong>multis</strong></span> <span class='ocrx_word' id='word_1_346' title='bbox 2617 1037 2791 1102; x_wconf 77' lang='lat' dir='ltr'><strong>lociS.</strong></span> <span class='ocrx_word' id='word_1_347' title='bbox 2824 1035 2947 1102; x_wconf 89' lang='lat' dir='ltr'><strong>Sed</strong></span> <span class='ocrx_word' id='word_1_348' title='bbox 2973 1035 3362 1119; x_wconf 90' lang='lat' dir='ltr'><strong>impossibile</strong></span> <span class='ocrx_word' id='word_1_349' title='bbox 3390 1040 3484 1100; x_wconf 90' lang='lat' dir='ltr'><strong>est</strong></span> <span class='ocrx_word' id='word_1_350' title='bbox 3500 1039 3672 1119; x_wconf 84' lang='lat' dir='ltr'><strong>quod</strong></span> <span class='ocrx_word' id='word_1_351' title='bbox 3691 1040 3909 1105; x_wconf 89' lang='lat' dir='ltr'><strong>anima</strong></span> 
     </span>
     <span class='ocr_line' id='line_1_54' title="bbox 2372 1141 3905 1228; baseline 0.004 -22"><span class='ocrx_word' id='word_1_352' title='bbox 2372 1141 2598 1207; x_wconf 90' lang='lat' dir='ltr'><strong>Christi</strong></span> <span class='ocrx_word' id='word_1_353' title='bbox 2631 1162 2922 1226; x_wconf 86' lang='lat' dir='ltr'><strong>unquam</strong></span> <span class='ocrx_word' id='word_1_354' title='bbox 2947 1143 3031 1206; x_wconf 89' lang='lat' dir='ltr'><strong>sit</strong></span> <span class='ocrx_word' id='word_1_355' title='bbox 3056 1143 3449 1226; x_wconf 84' lang='lat' dir='ltr'><strong>ubicumque</strong></span> <span class='ocrx_word' id='word_1_356' title='bbox 3478 1149 3575 1208; x_wconf 90' lang='lat' dir='ltr'><strong>est</strong></span> <span class='ocrx_word' id='word_1_357' title='bbox 3601 1145 3905 1228; x_wconf 89' lang='lat' dir='ltr'><strong>Verbum,</strong></span> 
     </span>
     <span class='ocr_line' id='line_1_55' title="bbox 2369 1252 3910 1336; baseline 0.005 -22"><span class='ocrx_word' id='word_1_358' title='bbox 2369 1252 2665 1333; x_wconf 86' lang='lat' dir='ltr'><strong>quamvis</strong></span> <span class='ocrx_word' id='word_1_359' title='bbox 2703 1252 2764 1316; x_wconf 91' lang='lat' dir='ltr'><strong>ei</strong></span> <span class='ocrx_word' id='word_1_360' title='bbox 2804 1253 3067 1317; x_wconf 90' lang='lat' dir='ltr'><strong>uniatur</strong></span> <span class='ocrx_word' id='word_1_361' title='bbox 3113 1274 3127 1315; x_wconf 76' lang='grc' dir='ltr'>ε</span> <span class='ocrx_word' id='word_1_362' title='bbox 3172 1270 3331 1334; x_wconf 90' lang='lat' dir='ltr'><strong>ergo</strong></span> <span class='ocrx_word' id='word_1_363' title='bbox 3374 1253 3767 1336; x_wconf 82' lang='lat' dir='ltr'><strong>impossibile</strong></span> <span class='ocrx_word' id='word_1_364' title='bbox 3820 1263 3910 1321; x_wconf 89' lang='lat' dir='ltr'><strong>est</strong></span> 
     </span>
     <span class='ocr_line' id='line_1_56' title="bbox 2370 1359 3908 1446; baseline 0.004 -24"><span class='ocrx_word' id='word_1_365' title='bbox 2370 1359 2539 1441; x_wconf 92' lang='lat' dir='ltr'><strong>quod</strong></span> <span class='ocrx_word' id='word_1_366' title='bbox 2583 1359 2944 1423; x_wconf 89' lang='lat' dir='ltr'><strong>intellectus</strong></span> <span class='ocrx_word' id='word_1_367' title='bbox 2984 1361 3123 1440; x_wconf 90' lang='lat' dir='ltr'><strong>ejus</strong></span> <span class='ocrx_word' id='word_1_368' title='bbox 3150 1364 3491 1441; x_wconf 86' lang='lat' dir='ltr'><strong>cognoscat</strong></span> <span class='ocrx_word' id='word_1_369' title='bbox 3517 1363 3735 1427; x_wconf 88' lang='lat' dir='ltr'><strong>omnia</strong></span> <span class='ocrx_word' id='word_1_370' title='bbox 3762 1381 3908 1446; x_wconf 81' lang='lat' dir='ltr'><strong>quae</strong></span> 
     </span>
     <span class='ocr_line' id='line_1_57' title="bbox 2370 1464 3747 1548; baseline 0.004 -19"><span class='ocrx_word' id='word_1_371' title='bbox 2370 1465 2692 1545; x_wconf 82' lang='lat' dir='ltr'><strong>cognoscit</strong></span> <span class='ocrx_word' id='word_1_372' title='bbox 2718 1464 3027 1542; x_wconf 88' lang='lat' dir='ltr'><strong>Verbum,</strong></span> <span class='ocrx_word' id='word_1_373' title='bbox 3063 1468 3359 1548; x_wconf 87' lang='lat' dir='ltr'><strong>quamvis</strong></span> <span class='ocrx_word' id='word_1_374' title='bbox 3375 1469 3435 1531; x_wconf 91' lang='lat' dir='ltr'><strong>ei</strong></span> <span class='ocrx_word' id='word_1_375' title='bbox 3457 1469 3747 1534; x_wconf 89' lang='lat' dir='ltr'><strong>uniatur.</strong></span> 
     </span>
    </p>

    <p class='ocr_par' dir='ltr' id='par_1_9' title="bbox 2369 1573 3911 2302">
     <span class='ocr_line' id='line_1_58' title="bbox 2451 1573 3907 1658; baseline 0.004 -23"><span class='ocrx_word' id='word_1_376' title='bbox 2451 1578 2511 1636; x_wconf 90' lang='lat'><strong>7.</strong></span> <span class='ocrx_word' id='word_1_377' title='bbox 2546 1573 2725 1652; x_wconf 88' lang='lat' dir='ltr'><strong>Item,</strong></span> <span class='ocrx_word' id='word_1_378' title='bbox 2766 1576 3006 1656; x_wconf 86' lang='lat' dir='ltr'><strong>quanto</strong></span> <span class='ocrx_word' id='word_1_379' title='bbox 3033 1573 3386 1638; x_wconf 86' lang='lat' dir='ltr'><strong>substantia</strong></span> <span class='ocrx_word' id='word_1_380' title='bbox 3423 1579 3516 1639; x_wconf 89' lang='lat' dir='ltr'><strong>est</strong></span> <span class='ocrx_word' id='word_1_381' title='bbox 3541 1576 3907 1658; x_wconf 90' lang='lat' dir='ltr'><strong>simplicior,</strong></span> 
     </span>
     <span class='ocr_line' id='line_1_59' title="bbox 2370 1681 3909 1763; baseline 0.003 -18"><span class='ocrx_word' id='word_1_382' title='bbox 2370 1684 2544 1745; x_wconf 89' lang='lat' dir='ltr'><strong>tanto</strong></span> <span class='ocrx_word' id='word_1_383' title='bbox 2582 1686 2677 1745; x_wconf 89' lang='lat' dir='ltr'><strong>est</strong></span> <span class='ocrx_word' id='word_1_384' title='bbox 2711 1681 3066 1763; x_wconf 89' lang='lat' dir='ltr'><strong>plurimum</strong></span> <span class='ocrx_word' id='word_1_385' title='bbox 3095 1682 3532 1761; x_wconf 88' lang='lat' dir='ltr'><strong>cognoscitiva</strong></span> <span class='ocrx_word' id='word_1_386' title='bbox 3563 1705 3579 1747; x_wconf 72' lang='grc' dir='ltr'>ι</span> <span class='ocrx_word' id='word_1_387' title='bbox 3613 1683 3725 1747; x_wconf 90' lang='lat' dir='ltr'><strong>sed</strong></span> <span class='ocrx_word' id='word_1_388' title='bbox 3759 1685 3909 1749; x_wconf 89' lang='lat' dir='ltr'><strong>sub-</strong></span> 
     </span>
     <span class='ocr_line' id='line_1_60' title="bbox 2369 1787 3911 1858; baseline 0.005 -7"><span class='ocrx_word' id='word_1_389' title='bbox 2369 1789 2599 1852; x_wconf 90' lang='lat' dir='ltr'><strong>stantia</strong></span> <span class='ocrx_word' id='word_1_390' title='bbox 2636 1787 2825 1852; x_wconf 92' lang='lat' dir='ltr'><strong>Verbi</strong></span> <span class='ocrx_word' id='word_1_391' title='bbox 2865 1789 3144 1852; x_wconf 89' lang='lat' dir='ltr'><strong>increata</strong></span> <span class='ocrx_word' id='word_1_392' title='bbox 3191 1788 3259 1850; x_wconf 92' lang='lat' dir='ltr'><strong>in</strong></span> <span class='ocrx_word' id='word_1_393' title='bbox 3297 1788 3627 1854; x_wconf 86' lang='lat' dir='ltr'><strong>infinitum</strong></span> <span class='ocrx_word' id='word_1_394' title='bbox 3666 1794 3911 1858; x_wconf 86' lang='lat' dir='ltr'><strong>excedit</strong></span> 
     </span>
     <span class='ocr_line' id='line_1_61' title="bbox 2369 1895 3904 1979; baseline 0.003 -20"><span class='ocrx_word' id='word_1_395' title='bbox 2369 1900 2685 1979; x_wconf 89' lang='lat' dir='ltr'><strong>quantum</strong></span> <span class='ocrx_word' id='word_1_396' title='bbox 2714 1895 2794 1958; x_wconf 90' lang='lat' dir='ltr'><strong>ad</strong></span> <span class='ocrx_word' id='word_1_397' title='bbox 2829 1895 3299 1977; x_wconf 87' lang='lat' dir='ltr'><strong>simplicitatem</strong></span> <span class='ocrx_word' id='word_1_398' title='bbox 3323 1897 3605 1960; x_wconf 87' lang='lat' dir='ltr'><strong>animam</strong></span> <span class='ocrx_word' id='word_1_399' title='bbox 3640 1895 3904 1964; x_wconf 88' lang='lat' dir='ltr'><strong>Christi:</strong></span> 
     </span>
     <span class='ocr_line' id='line_1_62' title="bbox 2369 2002 3904 2086; baseline 0.003 -18"><span class='ocrx_word' id='word_1_400' title='bbox 2369 2021 2527 2084; x_wconf 89' lang='lat' dir='ltr'><strong>ergo</strong></span> <span class='ocrx_word' id='word_1_401' title='bbox 2546 2002 2936 2085; x_wconf 90' lang='lat' dir='ltr'><strong>impossibile</strong></span> <span class='ocrx_word' id='word_1_402' title='bbox 2962 2008 3057 2067; x_wconf 89' lang='lat' dir='ltr'><strong>est</strong></span> <span class='ocrx_word' id='word_1_403' title='bbox 3083 2004 3256 2086; x_wconf 89' lang='lat' dir='ltr'><strong>quod</strong></span> <span class='ocrx_word' id='word_1_404' title='bbox 3282 2005 3503 2069; x_wconf 87' lang='lat' dir='ltr'><strong>anima</strong></span> <span class='ocrx_word' id='word_1_405' title='bbox 3532 2005 3762 2071; x_wconf 90' lang='lat' dir='ltr'><strong>Christi</strong></span> <span class='ocrx_word' id='word_1_406' title='bbox 3785 2028 3904 2072; x_wconf 90' lang='lat' dir='ltr'><strong>un·</strong></span> 
     </span>
     <span class='ocr_line' id='line_1_63' title="bbox 2371 2110 3906 2195; baseline 0.004 -22"><span class='ocrx_word' id='word_1_407' title='bbox 2371 2129 2567 2193; x_wconf 87' lang='lat' dir='ltr'><strong>quam</strong></span> <span class='ocrx_word' id='word_1_408' title='bbox 2581 2115 2833 2174; x_wconf 82' lang='lat' dir='ltr'><strong>tantum</strong></span> <span class='ocrx_word' id='word_1_409' title='bbox 2844 2110 3246 2190; x_wconf 90' lang='lat' dir='ltr'><strong>sublimetur,</strong></span> <span class='ocrx_word' id='word_1_410' title='bbox 3260 2112 3432 2193; x_wconf 86' lang='lat' dir='ltr'><strong>quod</strong></span> <span class='ocrx_word' id='word_1_411' title='bbox 3442 2118 3783 2194; x_wconf 89' lang='lat' dir='ltr'><strong>cognoscat</strong></span> <span class='ocrx_word' id='word_1_412' title='bbox 3796 2119 3906 2195; x_wconf 86' lang='lat' dir='ltr'><strong>tot,</strong></span> 
     </span>
     <span class='ocr_line' id='line_1_64' title="bbox 2369 2218 3449 2302; baseline 0.001 -20"><span class='ocrx_word' id='word_1_413' title='bbox 2369 2223 2529 2301; x_wconf 85' lang='lat' dir='ltr'><strong>quot</strong></span> <span class='ocrx_word' id='word_1_414' title='bbox 2555 2219 2880 2299; x_wconf 83' lang='lat' dir='ltr'><strong>cognoscit</strong></span> <span class='ocrx_word' id='word_1_415' title='bbox 2903 2219 3117 2302; x_wconf 89' lang='lat' dir='ltr'><strong>ipsum</strong></span> <span class='ocrx_word' id='word_1_416' title='bbox 3146 2218 3449 2285; x_wconf 89' lang='lat' dir='ltr'><strong>Verbum.</strong></span> 
     </span>
    </p>

    <p class='ocr_par' dir='ltr' id='par_1_10' title="bbox 2369 2327 3911 4884">
     <span class='ocr_line' id='line_1_65' title="bbox 2450 2327 3910 2411; baseline 0.005 -20"><span class='ocrx_word' id='word_1_417' title='bbox 2450 2334 2510 2392; x_wconf 89' lang='lat'><strong>8.</strong></span> <span class='ocrx_word' id='word_1_418' title='bbox 2546 2327 2725 2403; x_wconf 88' lang='lat' dir='ltr'><strong>Item,</strong></span> <span class='ocrx_word' id='word_1_419' title='bbox 2757 2328 2812 2390; x_wconf 86' lang='lat' dir='ltr'><strong>si</strong></span> <span class='ocrx_word' id='word_1_420' title='bbox 2841 2327 3057 2391; x_wconf 90' lang='lat' dir='ltr'><strong>anima</strong></span> <span class='ocrx_word' id='word_1_421' title='bbox 3086 2327 3314 2393; x_wconf 86' lang='lat' dir='ltr'><strong>Christi</strong></span> <span class='ocrx_word' id='word_1_422' title='bbox 3341 2330 3670 2411; x_wconf 89' lang='lat' dir='ltr'><strong>cognoscit</strong></span> <span class='ocrx_word' id='word_1_423' title='bbox 3693 2333 3910 2397; x_wconf 89' lang='lat' dir='ltr'><strong>omnia</strong></span> 
     </span>
     <span class='ocr_line' id='line_1_66' title="bbox 2369 2434 3909 2522; baseline 0.002 -22"><span class='ocrx_word' id='word_1_424' title='bbox 2369 2453 2518 2518; x_wconf 79' lang='lat' dir='ltr'><strong>quae</strong></span> <span class='ocrx_word' id='word_1_425' title='bbox 2560 2434 2842 2499; x_wconf 90' lang='lat' dir='ltr'><strong>Verbum</strong></span> <span class='ocrx_word' id='word_1_426' title='bbox 2885 2436 3255 2518; x_wconf 88' lang='lat' dir='ltr'><strong>cognoscit,</strong></span> <span class='ocrx_word' id='word_1_427' title='bbox 3311 2441 3427 2500; x_wconf 89' lang='lat' dir='ltr'><strong>aut</strong></span> <span class='ocrx_word' id='word_1_428' title='bbox 3479 2437 3601 2501; x_wconf 91' lang='lat' dir='ltr'><strong>hoc</strong></span> <span class='ocrx_word' id='word_1_429' title='bbox 3654 2445 3756 2503; x_wconf 89' lang='lat' dir='ltr'><strong>est</strong></span> <span class='ocrx_word' id='word_1_430' title='bbox 3799 2458 3909 2522; x_wconf 89' lang='lat' dir='ltr'><strong>per</strong></span> 
     </span>
     <span class='ocr_line' id='line_1_67' title="bbox 2371 2540 3908 2631; baseline 0.005 -26"><span class='ocrx_word' id='word_1_431' title='bbox 2371 2543 2583 2625; x_wconf 91' lang='lat' dir='ltr'><strong>ipsum</strong></span> <span class='ocrx_word' id='word_1_432' title='bbox 2623 2540 2906 2607; x_wconf 90' lang='lat' dir='ltr'><strong>Verbum</strong></span> <span class='ocrx_word' id='word_1_433' title='bbox 2933 2543 3335 2623; x_wconf 81' lang='lat' dir='ltr'><strong>immediate,</strong></span> <span class='ocrx_word' id='word_1_434' title='bbox 3363 2548 3476 2609; x_wconf 90' lang='lat' dir='ltr'><strong>aut</strong></span> <span class='ocrx_word' id='word_1_435' title='bbox 3514 2564 3628 2628; x_wconf 87' lang='lat' dir='ltr'><strong>per</strong></span> <span class='ocrx_word' id='word_1_436' title='bbox 3669 2547 3908 2631; x_wconf 89' lang='lat' dir='ltr'><strong>aliquid</strong></span> 
     </span>
     <span class='ocr_line' id='line_1_68' title="bbox 2371 2654 3907 2744; baseline 0.003 -25"><span class='ocrx_word' id='word_1_437' title='bbox 2371 2654 2544 2719; x_wconf 89' lang='lat' dir='ltr'><strong>aliud</strong></span> <span class='ocrx_word' id='word_1_438' title='bbox 2563 2661 2850 2719; x_wconf 90' lang='lat' dir='ltr'><strong>creatum</strong></span> <span class='ocrx_word' id='word_1_439' title='bbox 2862 2656 2983 2719; x_wconf 89' lang='lat' dir='ltr'><strong>sibi</strong></span> <span class='ocrx_word' id='word_1_440' title='bbox 2997 2656 3675 2738; x_wconf 88' lang='lat' dir='ltr'><strong>supperadditum.Per</strong></span> <span class='ocrx_word' id='word_1_441' title='bbox 3696 2661 3907 2744; x_wconf 89' lang='lat' dir='ltr'><strong>ipsum</strong></span> 
     </span>
     <span class='ocr_line' id='line_1_69' title="bbox 2372 2761 3905 2851; baseline 0.004 -26"><span class='ocrx_word' id='word_1_442' title='bbox 2372 2761 2653 2826; x_wconf 89' lang='lat' dir='ltr'><strong>Verbum</strong></span> <span class='ocrx_word' id='word_1_443' title='bbox 2680 2763 3045 2827; x_wconf 79' lang='lat' dir='ltr'><strong>immediate</strong></span> <span class='ocrx_word' id='word_1_444' title='bbox 3071 2780 3203 2827; x_wconf 91' lang='lat' dir='ltr'><strong>non</strong></span> <span class='ocrx_word' id='word_1_445' title='bbox 3221 2769 3450 2846; x_wconf 85' lang='lat' dir='ltr'><strong>potest,</strong></span> <span class='ocrx_word' id='word_1_446' title='bbox 3474 2767 3639 2830; x_wconf 89' lang='lat' dir='ltr'><strong>sicut</strong></span> <span class='ocrx_word' id='word_1_447' title='bbox 3660 2766 3733 2831; x_wconf 91' lang='lat' dir='ltr'><strong>in</strong></span> <span class='ocrx_word' id='word_1_448' title='bbox 3750 2785 3905 2851; x_wconf 81' lang='lat' dir='ltr'><strong>prae·</strong></span> 
     </span>
     <span class='ocr_line' id='line_1_70' title="bbox 2372 2869 3911 2953; baseline 0.002 -19"><span class='ocrx_word' id='word_1_449' title='bbox 2372 2869 2738 2934; x_wconf 90' lang='lat' dir='ltr'><strong>cedentibus</strong></span> <span class='ocrx_word' id='word_1_450' title='bbox 2781 2871 2904 2934; x_wconf 85' lang='lat' dir='ltr'><strong>fuit</strong></span> <span class='ocrx_word' id='word_1_451' title='bbox 2946 2875 3276 2935; x_wconf 90' lang='lat' dir='ltr'><strong>ostensum</strong></span> <span class='ocrx_word' id='word_1_452' title='bbox 3293 2920 3312 2951; x_wconf 92' lang='lat'><strong>,</strong></span> <span class='ocrx_word' id='word_1_453' title='bbox 3343 2873 3495 2953; x_wconf 87' lang='lat' dir='ltr'><strong>quia</strong></span> <span class='ocrx_word' id='word_1_454' title='bbox 3528 2892 3785 2940; x_wconf 89' lang='lat' dir='ltr'><strong>necesse</strong></span> <span class='ocrx_word' id='word_1_455' title='bbox 3819 2880 3911 2938; x_wconf 84' lang='lat' dir='ltr'><strong>est</strong></span> 
     </span>
     <span class='ocr_line' id='line_1_71' title="bbox 2371 2977 3907 3060; baseline 0.006 -20"><span class='ocrx_word' id='word_1_456' title='bbox 2371 2977 2582 3060; x_wconf 91' lang='lat' dir='ltr'><strong>ipsum</strong></span> <span class='ocrx_word' id='word_1_457' title='bbox 2629 2978 3019 3042; x_wconf 90' lang='lat' dir='ltr'><strong>intellectum</strong></span> <span class='ocrx_word' id='word_1_458' title='bbox 3062 2979 3395 3044; x_wconf 81' lang='lat' dir='ltr'><strong>informari</strong></span> <span class='ocrx_word' id='word_1_459' title='bbox 3441 2998 3481 3044; x_wconf 90' lang='lat' dir='ltr'><strong>a</strong></span> <span class='ocrx_word' id='word_1_460' title='bbox 3521 2983 3769 3048; x_wconf 89' lang='lat' dir='ltr'><strong>ratione</strong></span> <span class='ocrx_word' id='word_1_461' title='bbox 3806 3000 3907 3047; x_wconf 88' lang='lat' dir='ltr'><strong>co-</strong></span> 
     </span>
     <span class='ocr_line' id='line_1_72' title="bbox 2371 3084 3902 3173; baseline 0.003 -23"><span class='ocrx_word' id='word_1_462' title='bbox 2371 3086 2737 3167; x_wconf 86' lang='lat' dir='ltr'><strong>gnoscendi.</strong></span> <span class='ocrx_word' id='word_1_463' title='bbox 2769 3084 2835 3152; x_wconf 94' lang='lat' dir='ltr'><strong>Si</strong></span> <span class='ocrx_word' id='word_1_464' title='bbox 2857 3103 2971 3169; x_wconf 90' lang='lat' dir='ltr'><strong>per</strong></span> <span class='ocrx_word' id='word_1_465' title='bbox 2987 3086 3228 3168; x_wconf 89' lang='lat' dir='ltr'><strong>aliquid</strong></span> <span class='ocrx_word' id='word_1_466' title='bbox 3245 3089 3531 3155; x_wconf 86' lang='lat' dir='ltr'><strong>creatum</strong></span> <span class='ocrx_word' id='word_1_467' title='bbox 3545 3090 3666 3154; x_wconf 89' lang='lat' dir='ltr'><strong>sibi</strong></span> <span class='ocrx_word' id='word_1_468' title='bbox 3689 3108 3902 3173; x_wconf 86' lang='lat' dir='ltr'><strong>super-</strong></span> 
     </span>
     <span class='ocr_line' id='line_1_73' title="bbox 2371 3194 3903 3279; baseline 0.003 -22"><span class='ocrx_word' id='word_1_469' title='bbox 2371 3194 2683 3271; x_wconf 88' lang='lat' dir='ltr'><strong>additum,</strong></span> <span class='ocrx_word' id='word_1_470' title='bbox 2733 3198 2847 3258; x_wconf 90' lang='lat' dir='ltr'><strong>aut</strong></span> <span class='ocrx_word' id='word_1_471' title='bbox 2890 3194 3013 3258; x_wconf 88' lang='lat' dir='ltr'><strong>hoc</strong></span> <span class='ocrx_word' id='word_1_472' title='bbox 3055 3200 3149 3258; x_wconf 84' lang='lat' dir='ltr'><strong>est</strong></span> <span class='ocrx_word' id='word_1_473' title='bbox 3199 3195 3421 3260; x_wconf 89' lang='lat' dir='ltr'><strong>lumen</strong></span> <span class='ocrx_word' id='word_1_474' title='bbox 3472 3200 3821 3279; x_wconf 89' lang='lat' dir='ltr'><strong>procedens</strong></span> <span class='ocrx_word' id='word_1_475' title='bbox 3864 3218 3903 3262; x_wconf 91' lang='lat' dir='ltr'><strong>a</strong></span> 
     </span>
     <span class='ocr_line' id='line_1_74' title="bbox 2370 3300 3910 3386; baseline 0.004 -22"><span class='ocrx_word' id='word_1_476' title='bbox 2370 3300 2599 3378; x_wconf 89' lang='lat' dir='ltr'><strong>Verbo,</strong></span> <span class='ocrx_word' id='word_1_477' title='bbox 2632 3305 2744 3366; x_wconf 84' lang='lat' dir='ltr'><strong>aut</strong></span> <span class='ocrx_word' id='word_1_478' title='bbox 2770 3302 3008 3384; x_wconf 85' lang='lat' dir='ltr'><strong>species</strong></span> <span class='ocrx_word' id='word_1_479' title='bbox 3033 3301 3249 3384; x_wconf 79' lang='lat' dir='ltr'><strong>aliqua</strong></span> <span class='ocrx_word' id='word_1_480' title='bbox 3269 3304 3365 3367; x_wconf 90' lang='lat' dir='ltr'><strong>rei</strong></span> <span class='ocrx_word' id='word_1_481' title='bbox 3394 3304 3694 3386; x_wconf 83' lang='lat' dir='ltr'><strong>cognitae.</strong></span> <span class='ocrx_word' id='word_1_482' title='bbox 3726 3307 3793 3372; x_wconf 82' lang='lat' dir='ltr'><strong>si</strong></span> <span class='ocrx_word' id='word_1_483' title='bbox 3820 3310 3910 3370; x_wconf 68' lang='lat' dir='ltr'><strong>est</strong></span> 
     </span>
     <span class='ocr_line' id='line_1_75' title="bbox 2370 3407 3907 3491; baseline 0.003 -19"><span class='ocrx_word' id='word_1_484' title='bbox 2370 3408 2593 3473; x_wconf 91' lang='lat' dir='ltr'><strong>lumen</strong></span> <span class='ocrx_word' id='word_1_485' title='bbox 2627 3409 2972 3491; x_wconf 88' lang='lat' dir='ltr'><strong>procedens</strong></span> <span class='ocrx_word' id='word_1_486' title='bbox 3010 3428 3050 3473; x_wconf 90' lang='lat' dir='ltr'><strong>a</strong></span> <span class='ocrx_word' id='word_1_487' title='bbox 3086 3407 3295 3475; x_wconf 89' lang='lat' dir='ltr'><strong>Verbo</strong></span> <span class='ocrx_word' id='word_1_488' title='bbox 3318 3460 3335 3491; x_wconf 93' lang='lat'><strong>,</strong></span> <span class='ocrx_word' id='word_1_489' title='bbox 3377 3431 3531 3475; x_wconf 81' lang='lat' dir='ltr'><strong>cum</strong></span> <span class='ocrx_word' id='word_1_490' title='bbox 3575 3414 3735 3479; x_wconf 89' lang='lat' dir='ltr'><strong>illud</strong></span> <span class='ocrx_word' id='word_1_491' title='bbox 3783 3431 3907 3479; x_wconf 91' lang='lat' dir='ltr'><strong>non</strong></span> 
     </span>
     <span class='ocr_line' id='line_1_76' title="bbox 2370 3515 3905 3600; baseline 0.005 -21"><span class='ocrx_word' id='word_1_492' title='bbox 2370 3516 2631 3580; x_wconf 85' lang='lat' dir='ltr'><strong>excedat</strong></span> <span class='ocrx_word' id='word_1_493' title='bbox 2657 3517 2727 3579; x_wconf 89' lang='lat' dir='ltr'><strong>in</strong></span> <span class='ocrx_word' id='word_1_494' title='bbox 2753 3516 3078 3581; x_wconf 83' lang='lat' dir='ltr'><strong>infinitum</strong></span> <span class='ocrx_word' id='word_1_495' title='bbox 3114 3515 3334 3581; x_wconf 93' lang='lat' dir='ltr'><strong>lumen</strong></span> <span class='ocrx_word' id='word_1_496' title='bbox 3377 3519 3549 3600; x_wconf 83' lang='lat' dir='ltr'><strong>quod</strong></span> <span class='ocrx_word' id='word_1_497' title='bbox 3587 3523 3905 3586; x_wconf 79' lang='lat' dir='ltr'><strong>confertur</strong></span> 
     </span>
     <span class='ocr_line' id='line_1_77' title="bbox 2371 3624 3905 3713; baseline 0.006 -26"><span class='ocrx_word' id='word_1_498' title='bbox 2371 3624 2510 3687; x_wconf 90' lang='lat' dir='ltr'><strong>aliis</strong></span> <span class='ocrx_word' id='word_1_499' title='bbox 2552 3625 2890 3689; x_wconf 89' lang='lat' dir='ltr'><strong>animabus</strong></span> <span class='ocrx_word' id='word_1_500' title='bbox 2911 3673 2928 3701; x_wconf 88' lang='lat'><strong>,</strong></span> <span class='ocrx_word' id='word_1_501' title='bbox 2958 3625 3012 3688; x_wconf 90' lang='lat' dir='ltr'><strong>si</strong></span> <span class='ocrx_word' id='word_1_502' title='bbox 3052 3624 3192 3689; x_wconf 86' lang='lat' dir='ltr'><strong>aliae</strong></span> <span class='ocrx_word' id='word_1_503' title='bbox 3228 3626 3465 3691; x_wconf 81' lang='lat' dir='ltr'><strong>animae</strong></span> <span class='ocrx_word' id='word_1_504' title='bbox 3501 3646 3634 3693; x_wconf 92' lang='lat' dir='ltr'><strong>non</strong></span> <span class='ocrx_word' id='word_1_505' title='bbox 3661 3649 3905 3713; x_wconf 89' lang='lat' dir='ltr'><strong>cogno-</strong></span> 
     </span>
     <span class='ocr_line' id='line_1_78' title="bbox 2372 3732 3907 3819; baseline 0.007 -26"><span class='ocrx_word' id='word_1_506' title='bbox 2372 3736 2556 3795; x_wconf 85' lang='lat' dir='ltr'><strong>scunt</strong></span> <span class='ocrx_word' id='word_1_507' title='bbox 2599 3733 2726 3794; x_wconf 89' lang='lat' dir='ltr'><strong>nisi</strong></span> <span class='ocrx_word' id='word_1_508' title='bbox 2770 3732 2949 3796; x_wconf 82' lang='lat' dir='ltr'><strong>finita</strong></span> <span class='ocrx_word' id='word_1_509' title='bbox 2969 3780 2985 3812; x_wconf 89' lang='lat'><strong>,</strong></span> <span class='ocrx_word' id='word_1_510' title='bbox 3032 3752 3287 3799; x_wconf 90' lang='lat' dir='ltr'><strong>necesse</strong></span> <span class='ocrx_word' id='word_1_511' title='bbox 3334 3741 3427 3801; x_wconf 88' lang='lat' dir='ltr'><strong>est</strong></span> <span class='ocrx_word' id='word_1_512' title='bbox 3470 3738 3646 3819; x_wconf 86' lang='lat' dir='ltr'><strong>quod</strong></span> <span class='ocrx_word' id='word_1_513' title='bbox 3692 3739 3907 3803; x_wconf 89' lang='lat' dir='ltr'><strong>anima</strong></span> 
     </span>
     <span class='ocr_line' id='line_1_79' title="bbox 2372 3837 3908 3928; baseline 0.007 -27"><span class='ocrx_word' id='word_1_514' title='bbox 2372 3837 2597 3902; x_wconf 88' lang='lat' dir='ltr'><strong>Christi</strong></span> <span class='ocrx_word' id='word_1_515' title='bbox 2625 3857 2761 3903; x_wconf 90' lang='lat' dir='ltr'><strong>non</strong></span> <span class='ocrx_word' id='word_1_516' title='bbox 2793 3845 3135 3920; x_wconf 88' lang='lat' dir='ltr'><strong>cognoscat</strong></span> <span class='ocrx_word' id='word_1_517' title='bbox 3166 3842 3289 3905; x_wconf 88' lang='lat' dir='ltr'><strong>nisi</strong></span> <span class='ocrx_word' id='word_1_518' title='bbox 3334 3843 3516 3907; x_wconf 85' lang='lat' dir='ltr'><strong>finita</strong></span> <span class='ocrx_word' id='word_1_519' title='bbox 3545 3866 3561 3908; x_wconf 89' lang='lat'>:</span> <span class='ocrx_word' id='word_1_520' title='bbox 3591 3862 3751 3928; x_wconf 90' lang='lat' dir='ltr'><strong>ergo</strong></span> <span class='ocrx_word' id='word_1_521' title='bbox 3780 3865 3908 3912; x_wconf 91' lang='lat' dir='ltr'><strong>non</strong></span> 
     </span>
     <span class='ocr_line' id='line_1_80' title="bbox 2372 3947 3911 4034; baseline 0.004 -23"><span class='ocrx_word' id='word_1_522' title='bbox 2372 3948 2695 4028; x_wconf 88' lang='lat' dir='ltr'><strong>cognoscit</strong></span> <span class='ocrx_word' id='word_1_523' title='bbox 2718 3948 2936 4012; x_wconf 89' lang='lat' dir='ltr'><strong>omnia</strong></span> <span class='ocrx_word' id='word_1_524' title='bbox 2966 3965 3112 4031; x_wconf 90' lang='lat' dir='ltr'><strong>quae</strong></span> <span class='ocrx_word' id='word_1_525' title='bbox 3139 3947 3422 4014; x_wconf 87' lang='lat' dir='ltr'><strong>Verbum</strong></span> <span class='ocrx_word' id='word_1_526' title='bbox 3453 3957 3803 4034; x_wconf 89' lang='lat' dir='ltr'><strong>cognoscit.</strong></span> <span class='ocrx_word' id='word_1_527' title='bbox 3845 3955 3911 4018; x_wconf 93' lang='lat' dir='ltr'><strong>Si</strong></span> 
     </span>
     <span class='ocr_line' id='line_1_81' title="bbox 2371 4055 3907 4141; baseline 0.007 -25"><span class='ocrx_word' id='word_1_528' title='bbox 2371 4071 2483 4135; x_wconf 88' lang='lat' dir='ltr'><strong>per</strong></span> <span class='ocrx_word' id='word_1_529' title='bbox 2523 4055 2763 4136; x_wconf 89' lang='lat' dir='ltr'><strong>species</strong></span> <span class='ocrx_word' id='word_1_530' title='bbox 2789 4055 2909 4118; x_wconf 89' lang='lat' dir='ltr'><strong>sibi</strong></span> <span class='ocrx_word' id='word_1_531' title='bbox 2938 4055 3150 4135; x_wconf 89' lang='lat' dir='ltr'><strong>datas,</strong></span> <span class='ocrx_word' id='word_1_532' title='bbox 3182 4073 3340 4138; x_wconf 90' lang='lat' dir='ltr'><strong>ergo</strong></span> <span class='ocrx_word' id='word_1_533' title='bbox 3374 4061 3469 4121; x_wconf 92' lang='lat' dir='ltr'><strong>tot</strong></span> <span class='ocrx_word' id='word_1_534' title='bbox 3497 4062 3759 4141; x_wconf 87' lang='lat' dir='ltr'><strong>species,</strong></span> <span class='ocrx_word' id='word_1_535' title='bbox 3794 4062 3907 4125; x_wconf 85' lang='lat' dir='ltr'><strong>ha-</strong></span> 
     </span>
     <span class='ocr_line' id='line_1_82' title="bbox 2373 4164 3901 4249; baseline 0.005 -23"><span class='ocrx_word' id='word_1_536' title='bbox 2373 4164 2565 4243; x_wconf 87' lang='lat' dir='ltr'><strong>bebit,</strong></span> <span class='ocrx_word' id='word_1_537' title='bbox 2618 4168 2776 4246; x_wconf 82' lang='lat' dir='ltr'><strong>quot</strong></span> <span class='ocrx_word' id='word_1_538' title='bbox 2818 4169 2969 4228; x_wconf 88' lang='lat' dir='ltr'><strong>sunt</strong></span> <span class='ocrx_word' id='word_1_539' title='bbox 3008 4164 3455 4245; x_wconf 87' lang='lat' dir='ltr'><strong>cognoscibilia</strong></span> <span class='ocrx_word' id='word_1_540' title='bbox 3497 4185 3516 4231; x_wconf 76' lang='lat' dir='ltr'><strong><em>z</em></strong></span> <span class='ocrx_word' id='word_1_541' title='bbox 3556 4173 3618 4232; x_wconf 91' lang='lat' dir='ltr'><strong>et</strong></span> <span class='ocrx_word' id='word_1_542' title='bbox 3663 4171 3716 4232; x_wconf 89' lang='lat' dir='ltr'><strong>si</strong></span> <span class='ocrx_word' id='word_1_543' title='bbox 3756 4170 3901 4249; x_wconf 89' lang='lat' dir='ltr'><strong>hoc,</strong></span> 
     </span>
     <span class='ocr_line' id='line_1_83' title="bbox 2373 4272 3908 4353; baseline 0.004 -19"><span class='ocrx_word' id='word_1_544' title='bbox 2373 4289 2522 4335; x_wconf 91' lang='lat' dir='ltr'><strong>cum</strong></span> <span class='ocrx_word' id='word_1_545' title='bbox 2571 4272 3026 4353; x_wconf 89' lang='lat' dir='ltr'><strong>cognoscibilia·</strong></span> <span class='ocrx_word' id='word_1_546' title='bbox 3072 4273 3198 4335; x_wconf 87' lang='lat' dir='ltr'><strong>sint</strong></span> <span class='ocrx_word' id='word_1_547' title='bbox 3251 4273 3504 4338; x_wconf 81' lang='lat' dir='ltr'><strong>infinita</strong></span> <span class='ocrx_word' id='word_1_548' title='bbox 3533 4322 3553 4353; x_wconf 91' lang='lat'><strong>,</strong></span> <span class='ocrx_word' id='word_1_549' title='bbox 3611 4281 3803 4340; x_wconf 90' lang='lat' dir='ltr'><strong>erunt</strong></span> <span class='ocrx_word' id='word_1_550' title='bbox 3844 4276 3908 4340; x_wconf 90' lang='lat' dir='ltr'><strong>in</strong></span> 
     </span>
     <span class='ocr_line' id='line_1_84' title="bbox 2373 4379 3907 4463; baseline 0.003 -20"><span class='ocrx_word' id='word_1_551' title='bbox 2373 4381 2591 4444; x_wconf 90' lang='lat' dir='ltr'><strong>anima</strong></span> <span class='ocrx_word' id='word_1_552' title='bbox 2631 4379 2857 4443; x_wconf 85' lang='lat' dir='ltr'><strong>Christi</strong></span> <span class='ocrx_word' id='word_1_553' title='bbox 2902 4379 3173 4463; x_wconf 64' lang='lat' dir='ltr'><strong>intinitae</strong></span> <span class='ocrx_word' id='word_1_554' title='bbox 3220 4380 3458 4461; x_wconf 87' lang='lat' dir='ltr'><strong>species</strong></span> <span class='ocrx_word' id='word_1_555' title='bbox 3495 4381 3565 4445; x_wconf 91' lang='lat' dir='ltr'><strong>in</strong></span> <span class='ocrx_word' id='word_1_556' title='bbox 3592 4387 3739 4448; x_wconf 89' lang='lat' dir='ltr'><strong>actu</strong></span> <span class='ocrx_word' id='word_1_557' title='bbox 3773 4405 3788 4447; x_wconf 71' lang='grc' dir='ltr'><strong>ε</strong></span> <span class='ocrx_word' id='word_1_558' title='bbox 3818 4402 3907 4447; x_wconf 84' lang='lat' dir='ltr'><strong>er-</strong></span> 
     </span>
     <span class='ocr_line' id='line_1_85' title="bbox 2373 4486 3902 4569; baseline 0.001 -19"><span class='ocrx_word' id='word_1_559' title='bbox 2373 4505 2461 4568; x_wconf 95' lang='lat' dir='ltr'><strong>go</strong></span> <span class='ocrx_word' id='word_1_560' title='bbox 2489 4488 2541 4550; x_wconf 92' lang='lat' dir='ltr'><strong>si</strong></span> <span class='ocrx_word' id='word_1_561' title='bbox 2569 4487 2957 4569; x_wconf 89' lang='lat' dir='ltr'><strong>impossibile</strong></span> <span class='ocrx_word' id='word_1_562' title='bbox 2997 4490 3093 4551; x_wconf 87' lang='lat' dir='ltr'><strong>est</strong></span> <span class='ocrx_word' id='word_1_563' title='bbox 3125 4486 3377 4550; x_wconf 86' lang='lat' dir='ltr'><strong>infinita</strong></span> <span class='ocrx_word' id='word_1_564' title='bbox 3408 4504 3543 4552; x_wconf 90' lang='lat' dir='ltr'><strong>esse</strong></span> <span class='ocrx_word' id='word_1_565' title='bbox 3568 4489 3639 4553; x_wconf 90' lang='lat' dir='ltr'><strong>in</strong></span> <span class='ocrx_word' id='word_1_566' title='bbox 3664 4495 3810 4555; x_wconf 89' lang='lat' dir='ltr'><strong>actu</strong></span> <span class='ocrx_word' id='word_1_567' title='bbox 3837 4491 3902 4553; x_wconf 94' lang='lat' dir='ltr'><strong>in</strong></span> 
     </span>
     <span class='ocr_line' id='line_1_86' title="bbox 2374 4591 3907 4674; baseline 0.001 -16"><span class='ocrx_word' id='word_1_568' title='bbox 2374 4600 2682 4671; x_wconf 88' lang='lat' dir='ltr'><strong>creatura,</strong></span> <span class='ocrx_word' id='word_1_569' title='bbox 2713 4591 3100 4674; x_wconf 89' lang='lat' dir='ltr'><strong>impossibile</strong></span> <span class='ocrx_word' id='word_1_570' title='bbox 3121 4596 3216 4655; x_wconf 87' lang='lat' dir='ltr'><strong>est</strong></span> <span class='ocrx_word' id='word_1_571' title='bbox 3242 4592 3413 4673; x_wconf 84' lang='lat' dir='ltr'><strong>quod</strong></span> <span class='ocrx_word' id='word_1_572' title='bbox 3439 4595 3656 4659; x_wconf 84' lang='lat' dir='ltr'><strong>anima</strong></span> <span class='ocrx_word' id='word_1_573' title='bbox 3683 4596 3907 4662; x_wconf 84' lang='lat' dir='ltr'><strong>Christi</strong></span> 
     </span>
     <span class='ocr_line' id='line_1_87' title="bbox 2375 4694 3902 4781; baseline -0.01 -18"><span class='ocrx_word' id='word_1_574' title='bbox 2375 4701 2715 4779; x_wconf 89' lang='lat' dir='ltr'><strong>cognoscat</strong></span> <span class='ocrx_word' id='word_1_575' title='bbox 2755 4695 3006 4759; x_wconf 82' lang='lat' dir='ltr'><strong>infinita</strong></span> <span class='ocrx_word' id='word_1_576' title='bbox 3026 4742 3043 4775; x_wconf 89' lang='lat'><strong>,</strong></span> <span class='ocrx_word' id='word_1_577' title='bbox 3089 4694 3226 4759; x_wconf 91' lang='lat' dir='ltr'><strong>sive</strong></span> <span class='ocrx_word' id='word_1_578' title='bbox 3280 4697 3497 4761; x_wconf 88' lang='lat' dir='ltr'><strong>omnia</strong></span> <span class='ocrx_word' id='word_1_579' title='bbox 3548 4717 3699 4781; x_wconf 82' lang='lat' dir='ltr'><strong>quae</strong></span> <span class='ocrx_word' id='word_1_580' title='bbox 3746 4698 3902 4766; x_wconf 63' lang='lat' dir='ltr'><strong>ver-</strong></span> 
     </span>
     <span class='ocr_line' id='line_1_88' title="bbox 2374 4804 2900 4884; baseline -0.006 -15"><span class='ocrx_word' id='word_1_581' title='bbox 2374 4805 2531 4869; x_wconf 90' lang='lat' dir='ltr'><strong>bum</strong></span> <span class='ocrx_word' id='word_1_582' title='bbox 2557 4804 2900 4884; x_wconf 87' lang='lat' dir='ltr'><strong>cognoscit.</strong></span> 
     </span>
    </p>

    <p class='ocr_par' dir='ltr' id='par_1_11' title="bbox 2374 4911 3910 5532">
     <span class='ocr_line' id='line_1_89' title="bbox 2452 4911 3910 4999; baseline 0.003 -21"><span class='ocrx_word' id='word_1_583' title='bbox 2452 4919 2516 4978; x_wconf 77' lang='lat'><strong>9.</strong></span> <span class='ocrx_word' id='word_1_584' title='bbox 2567 4914 2724 4977; x_wconf 85' lang='lat' dir='ltr'><strong>Item</strong></span> <span class='ocrx_word' id='word_1_585' title='bbox 2744 4960 2761 4988; x_wconf 89' lang='lat'>‚</span> <span class='ocrx_word' id='word_1_586' title='bbox 2802 4912 2884 4976; x_wconf 85' lang='lat' dir='ltr'><strong>ad</strong></span> <span class='ocrx_word' id='word_1_587' title='bbox 2927 4911 3359 4992; x_wconf 86' lang='lat' dir='ltr'><strong>cognItionem</strong></span> <span class='ocrx_word' id='word_1_588' title='bbox 3404 4914 3497 4978; x_wconf 89' lang='lat' dir='ltr'><strong>rei</strong></span> <span class='ocrx_word' id='word_1_589' title='bbox 3538 4915 3670 4980; x_wconf 92' lang='lat' dir='ltr'><strong>duo</strong></span> <span class='ocrx_word' id='word_1_590' title='bbox 3703 4916 3910 4999; x_wconf 87' lang='lat' dir='ltr'><strong>requi-</strong></span> 
     </span>
     <span class='ocr_line' id='line_1_90' title="bbox 2374 5018 3909 5105; baseline 0.001 -18"><span class='ocrx_word' id='word_1_591' title='bbox 2374 5026 2631 5098; x_wconf 82' lang='lat' dir='ltr'><strong>runtur,</strong></span> <span class='ocrx_word' id='word_1_592' title='bbox 2661 5019 2895 5084; x_wconf 88' lang='lat' dir='ltr'><strong>scilicet</strong></span> <span class='ocrx_word' id='word_1_593' title='bbox 2919 5018 3216 5101; x_wconf 88' lang='lat' dir='ltr'><strong>receptio,</strong></span> <span class='ocrx_word' id='word_1_594' title='bbox 3252 5022 3316 5084; x_wconf 88' lang='lat' dir='ltr'><strong>et</strong></span> <span class='ocrx_word' id='word_1_595' title='bbox 3350 5020 3674 5101; x_wconf 64' lang='lat' dir='ltr'><strong>,iudicium</strong></span> <span class='ocrx_word' id='word_1_596' title='bbox 3707 5046 3723 5089; x_wconf 71' lang='grc' dir='ltr'>ε</span> <span class='ocrx_word' id='word_1_597' title='bbox 3758 5042 3909 5105; x_wconf 88' lang='lat' dir='ltr'><strong>ergo</strong></span> 
     </span>
     <span class='ocr_line' id='line_1_91' title="bbox 2375 5111 3909 5213; baseline 0.001 -20"><span class='ocrx_word' id='word_1_598' title='bbox 2375 5129 2455 5193; x_wconf 92' lang='lat' dir='ltr'><strong>ad</strong></span> <span class='ocrx_word' id='word_1_599' title='bbox 2466 5128 2587 5193; x_wconf 92' lang='lat' dir='ltr'><strong>hoc</strong></span> <span class='ocrx_word' id='word_1_600' title='bbox 2605 5111 2777 5210; x_wconf 81' lang='lat' dir='ltr'><strong>quod</strong></span> <span class='ocrx_word' id='word_1_601' title='bbox 2794 5114 3024 5209; x_wconf 80' lang='lat' dir='ltr'><strong>aliquis</strong></span> <span class='ocrx_word' id='word_1_602' title='bbox 3041 5131 3382 5207; x_wconf 89' lang='lat' dir='ltr'><strong>cognoscat</strong></span> <span class='ocrx_word' id='word_1_603' title='bbox 3398 5129 3634 5213; x_wconf 85' lang='lat' dir='ltr'><strong>aliqua,</strong></span> <span class='ocrx_word' id='word_1_604' title='bbox 3657 5151 3909 5197; x_wconf 88' lang='lat' dir='ltr'><strong>necesse</strong></span> 
     </span>
     <span class='ocr_line' id='line_1_92' title="bbox 2376 5235 3904 5320; baseline 0.003 -21"><span class='ocrx_word' id='word_1_605' title='bbox 2376 5240 2471 5299; x_wconf 89' lang='lat' dir='ltr'><strong>est</strong></span> <span class='ocrx_word' id='word_1_606' title='bbox 2497 5236 2668 5317; x_wconf 90' lang='lat' dir='ltr'><strong>quod</strong></span> <span class='ocrx_word' id='word_1_607' title='bbox 2694 5235 2926 5299; x_wconf 88' lang='lat' dir='ltr'><strong>habeat</strong></span> <span class='ocrx_word' id='word_1_608' title='bbox 2948 5252 3130 5317; x_wconf 90' lang='lat' dir='ltr'><strong>posse</strong></span> <span class='ocrx_word' id='word_1_609' title='bbox 3162 5235 3493 5315; x_wconf 86' lang='lat' dir='ltr'><strong>judicandi</strong></span> <span class='ocrx_word' id='word_1_610' title='bbox 3530 5258 3726 5320; x_wconf 88' lang='lat' dir='ltr'><strong>super</strong></span> <span class='ocrx_word' id='word_1_611' title='bbox 3753 5242 3858 5305; x_wconf 88' lang='lat' dir='ltr'><strong>illa</strong></span> <span class='ocrx_word' id='word_1_612' title='bbox 3891 5264 3904 5304; x_wconf 76' lang='grc' dir='ltr'>ε</span> 
     </span>
     <span class='ocr_line' id='line_1_93' title="bbox 2375 5341 3910 5428; baseline 0.005 -23"><span class='ocrx_word' id='word_1_613' title='bbox 2375 5343 2484 5407; x_wconf 90' lang='lat' dir='ltr'><strong>sed</strong></span> <span class='ocrx_word' id='word_1_614' title='bbox 2495 5342 2813 5424; x_wconf 68' lang='lat' dir='ltr'><strong>,iudicium</strong></span> <span class='ocrx_word' id='word_1_615' title='bbox 2830 5341 3064 5405; x_wconf 80' lang='lat' dir='ltr'><strong>animae</strong></span> <span class='ocrx_word' id='word_1_616' title='bbox 3086 5341 3309 5405; x_wconf 89' lang='lat' dir='ltr'><strong>Christi</strong></span> <span class='ocrx_word' id='word_1_617' title='bbox 3329 5347 3424 5407; x_wconf 65' lang='lat' dir='ltr'><strong>est</strong></span> <span class='ocrx_word' id='word_1_618' title='bbox 3441 5345 3702 5410; x_wconf 84' lang='lat' dir='ltr'><strong>finitum</strong></span> <span class='ocrx_word' id='word_1_619' title='bbox 3725 5365 3910 5428; x_wconf 86' lang='lat' dir='ltr'><strong>:ergo</strong></span> 
     </span>
     <span class='ocr_line' id='line_1_94' title="bbox 2376 5449 3909 5532; baseline 0.004 -20"><span class='ocrx_word' id='word_1_620' title='bbox 2376 5468 2492 5512; x_wconf 87' lang='lat' dir='ltr'><strong>nec</strong></span> <span class='ocrx_word' id='word_1_621' title='bbox 2513 5467 2625 5532; x_wconf 89' lang='lat' dir='ltr'><strong>per</strong></span> <span class='ocrx_word' id='word_1_622' title='bbox 2642 5467 2731 5528; x_wconf 88' lang='lat' dir='ltr'><strong>se,</strong></span> <span class='ocrx_word' id='word_1_623' title='bbox 2754 5468 2870 5513; x_wconf 88' lang='lat' dir='ltr'><strong>nec</strong></span> <span class='ocrx_word' id='word_1_624' title='bbox 2898 5466 3010 5530; x_wconf 91' lang='lat' dir='ltr'><strong>per</strong></span> <span class='ocrx_word' id='word_1_625' title='bbox 3028 5449 3543 5530; x_wconf 87' lang='lat' dir='ltr'><strong>conjunctionem</strong></span> <span class='ocrx_word' id='word_1_626' title='bbox 3560 5471 3749 5518; x_wconf 89' lang='lat' dir='ltr'><strong>suam</strong></span> <span class='ocrx_word' id='word_1_627' title='bbox 3766 5471 3909 5518; x_wconf 92' lang='lat' dir='ltr'><strong>cum</strong></span> 
     </span>
    </p>
   </div>
  </div>
 </body>
</html>
