4185 6288
681 462 688 469 ·
753 442 876 510 560
1859 442 2485 513 SENTENTIARUM
2522 442 2673 510 Lm.
2717 442 2827 509 111.

501 3045 708 3093 Fundam.

830 582 894 644 5.
919 579 1079 645 Item
1095 579 1238 645 haec
1261 585 1358 646 est
1381 598 1539 647 vera
1564 599 1583 645 z
1617 603 1650 642 ι
1679 579 1967 646 Christus
1990 581 2058 643 in
2080 577 2293 644 triduo

740 686 997 771 jacebat
1022 687 1091 751 in
1118 688 1494 772 sepulchro:
1526 711 1559 751 n
1593 693 1706 755 aut
1740 708 1902 772 ergo
1939 689 2293 755 secundum

746 794 921 877 quod
949 794 1133 874 Deus,
1163 800 1279 860 aut
1315 797 1668 862 secundum
1691 796 1864 881 quod
1907 796 2105 861 homo
2135 815 2154 862 ε
2185 794 2295 860 sed

746 917 882 966 non
913 902 1266 968 secundum
1294 904 1464 987 quod
1493 904 1659 970 Deus
1687 927 1703 968 ε
1748 922 1906 986 ergo
1936 903 2295 968 secundum

747 1008 920 1091 quod
965 1011 1162 1075 homo
1195 1027 1214 1073 ε
1251 1029 1412 1095 ergo
1459 1010 1746 1077 Christus
1800 1012 1870 1075 in
1909 1011 2124 1077 triduo
2159 1015 2298 1075 erat

747 1112 965 1181 homo.

826 1226 889 1287 6.
920 1222 1078 1288 Item
1115 1221 1400 1289 Christus
1423 1225 1488 1288 in
1533 1226 1748 1290 triduo
1789 1243 1924 1290 non
1953 1226 2296 1291 desiitesse

745 1325 1036 1390 sacerdos
1065 1347 1082 1389 z
1114 1345 1274 1408 ergo
1295 1326 1578 1391 Christus
1606 1328 1672 1392 in
1701 1329 1913 1393 triduo
1953 1347 2087 1393 non
2111 1329 2298 1394 desiit

745 1450 882 1497 esse
910 1434 1128 1499 homo.
1159 1434 1376 1500 Prima
1401 1441 1570 1519 patet
1592 1456 1707 1520 per
1741 1438 1889 1516 hoc,
1931 1436 2106 1521 quod
2132 1436 2297 1501 dici-

743 1544 855 1605 tur
899 1541 964 1604 in
1021 1540 1273 1606 Psalmo
1300 1544 1370 1606 ¹:
1412 1544 1504 1609 Tu
1559 1559 1626 1610 es
1656 1544 1950 1611 sacerdos
1987 1546 2064 1610 in
2114 1551 2297 1612 oeter·

741 1664 920 1713 num.
952 1646 1030 1711 Et
1080 1648 1172 1714 ad
1216 1649 1513 1717 Hebroeos
1536 1651 1560 1686 ³
1587 1671 1611 1716 .·
1649 1651 1944 1717 Christus
1996 1669 2066 1719 eo
2121 1652 2296 1735 qnod

742 1758 1099 1823 manentia
1126 1762 1458 1837 (eternum,
1498 1757 1678 1825 habet
1707 1761 2166 1841 sempiternum
2192 1777 2295 1827 sa·

742 1862 1115 1930 cea-dotium.
1149 1862 1397 1929 Veritas
1434 1864 1733 1929 illationis
1783 1866 1852 1929 in
1898 1866 2024 1931 hoc
2077 1871 2295 1931 osten-

745 1969 941 2049 ditur,
982 1970 1158 2053 quod
1201 1972 1494 2036 sacerdos
1537 1975 1675 2037 erat
1721 1974 2082 2040 secundum
2120 1975 2291 2058 quod

745 2074 965 2142 homo.

827 2189 886 2249 7.
920 2184 1079 2251 Item
1126 2186 1435 2269 Christus,
1482 2190 1742 2272 propter
1784 2189 2292 2273 assumptionem

742 2290 981 2358 animae
1005 2294 1350 2373 rationalis,
1370 2295 1695 2359 rationalis
1721 2300 1855 2361 erat
1868 2296 2293 2361 rationalitate

742 2402 954 2463 creata
996 2422 1013 2465 ε
1042 2401 1153 2465 sed
1193 2401 1479 2467 Christus
1506 2404 1575 2467 in
1612 2403 1828 2469 triduo
1877 2404 2108 2469 habuit
2148 2404 2295 2469 ani-

742 2522 918 2570 mam
945 2508 1324 2574 rationalem
1351 2511 1472 2575 sibi
1498 2512 1750 2577 unitam
1780 2530 1978 2594 :ergo
2004 2511 2291 2577 Christus

742 2618 879 2677 erat
917 2613 987 2677 in
1037 2615 1253 2682 triduo
1291 2618 1615 2682 rationalis
1643 2619 2064 2684 rationalitate
2105 2639 2289 2684 crea-

742 2723 809 2784 ta
840 2741 857 2784 :
888 2739 1048 2803 ergo
1091 2727 1229 2787 erat
1265 2724 1561 2806 angelus,
1593 2726 1699 2792 vel
1750 2726 1990 2804 anima,
2029 2725 2136 2791 vel
2179 2726 2291 2791 ho-

743 2830 902 2895 mo':
932 2831 1042 2896 sed
1068 2850 1200 2899 non
1232 2839 1370 2899 erat
1390 2836 1686 2918 angelus,
1706 2835 1811 2903 vel
1838 2836 2054 2902 anima
2083 2858 2101 2901 ε
2134 2854 2291 2920 ergo

743 2940 881 3003 erat
903 2938 1123 3006 homo·

820 3045 944 3111 Sed
970 3051 1191 3111 contra
1220 3067 1239 3112 t
1265 3045 1591 3114 Mortuum
1614 3047 1918 3115 diminuit
1933 3048 2012 3115 de
2039 3049 2289 3116 ratione

736 3154 1019 3221 hominis
1049 3175 1067 3219 ε
1102 3172 1262 3238 ergo
1301 3156 1695 3241 quicumque
1743 3163 1839 3222 est
1881 3158 2079 3223 homo
2109 3177 2283 3223 mor·

736 3267 909 3343 tuus,
934 3265 1029 3328 oet
1054 3263 1414 3330 diminutus
1439 3283 1478 3328 a
1530 3265 1846 3347 completa
1891 3266 2138 3331 ratione
2164 3268 2287 3331 ho-

734 3369 971 3435 minis:
1001 3370 1114 3436 sed
1159 3373 1551 3457 completum
1601 3390 1736 3436 non
1780 3374 2167 3456 praedicatur
2206 3376 2287 3440 de

734 3478 1051 3545 diminuto
1088 3496 1297 3562 :ergo
1337 3479 1393 3543 si
1440 3476 1724 3543 Christus
1773 3480 1846 3544 in
1910 3479 2126 3546 triduo
2150 3486 2288 3546 erat

734 3584 931 3652 homo
959 3588 1275 3666 mortuus,
1314 3585 1454 3650 haec
1481 3589 1575 3651 est
1601 3585 1758 3649 salsa
1788 3603 1807 3650 ε
1842 3608 1877 3648 α
1900 3586 2188 3653 Christus
2215 3590 2285 3655 in

734 3691 948 3758 triduo
975 3695 1112 3758 erat
1128 3692 1345 3756 homo.
1366 3713 1399 3752 n

816 3797 998 3879 Item,
1026 3799 1382 3864 secundum
1412 3798 1772 3864 naturalem
1799 3801 2281 3886 philosophum,

734 3908 930 3974 homo
956 3911 1054 3972 est
1077 3908 1234 3990 quid
1273 3909 1702 3993 compositum
1728 3927 1812 3974 ex
1843 3911 2059 3975 anima
2083 3914 2283 3978 ratio·

734 4020 868 4085 nali
911 4025 977 4085 et
1027 4037 1259 4085 carne:
1314 4022 1425 4087 sed
1473 4020 1763 4086 Christus
1787 4023 1857 4087 in
1888 4024 2100 4088 triduo
2148 4044 2284 4092 non

733 4130 872 4193 erat
898 4128 1272 4211 hujusmodi
1304 4147 1502 4213 :ergo
1531 4129 1902 4197 Christusin
1924 4133 2135 4198 triduo
2149 4152 2283 4200 non

735 4239 874 4303 erat
900 4237 1097 4302 homo
1119 4254 1294 4303 vere.

816 4344 976 4408 Item
1020 4343 1201 4407 nulla
1241 4344 1449 4408 forma
1501 4343 1885 4428 praedicatur
1927 4346 2008 4412 de
2046 4349 2180 4413 toto
2209 4353 2284 4415 ut

731 4450 942 4515 forma
961 4452 1080 4529 est,
1109 4449 1217 4513 sed
1246 4450 1401 4533 quia
1424 4454 1520 4514 est
1548 4451 1755 4516 forma
1782 4469 2176 4536 consequens
2192 4458 2284 4521 to-

733 4560 876 4622 tum
913 4557 1360 4640 compositum.
1393 4556 1464 4622 Si
1488 4576 1648 4640 ergo
1675 4559 1872 4624 homo
1899 4562 2283 4643 praedicatur

733 4662 813 4730 de
833 4664 1102 4743 Christo,
1125 4681 1381 4730 necesse
1395 4670 1487 4730 est
1499 4667 1670 4749 quod
1690 4669 1978 4733 nominet
2003 4671 2281 4738 formam

734 4776 1229 4854 consequentem
1289 4777 1500 4837 totum
1552 4776 2025 4858 compositum:
2057 4779 2169 4845 sed
2210 4780 2282 4846 in

734 4878 982 4943 Christo
1007 4878 1215 4944 soluta
1240 4882 1378 4943 erat
1402 4882 1775 4964 compositio
1801 4884 1872 4947 in
1895 4885 2109 4951 triduo
2134 4905 2152 4951 t
2183 4906 2282 4953 er·

736 5005 828 5072 go
852 4990 925 5053 in
949 4990 1162 5055 triduo
1212 5007 1346 5054 non
1370 4996 1616 5074 poterat
1640 4993 1765 5058 dici
1821 4994 2043 5061 homo.
2079 4997 2281 5080 Maj0r

734 5096 1086 5179 propositio
1112 5096 1445 5162 manifesta
1472 5103 1568 5163 est
1590 5118 1708 5182 per
1727 5101 2187 5182 inductionem,
2216 5110 2280 5172 et

735 5220 854 5287 per
876 5203 1318 5268 auctoritatem
1335 5202 1709 5286 Avicennae,
1732 5211 1848 5293 qui
1871 5229 2017 5275 eam
2044 5212 2225 5295 ponit
2253 5234 2274 5293 3

731 5311 798 5373 et
848 5325 963 5390 per
992 5309 1434 5376 auctoritatem
1479 5309 1705 5394 Boetii,
1754 5315 1871 5398 qui
1920 5317 2073 5384 dicit
2103 5320 2277 5402 quod

729 5414 969 5498 species
993 5420 1087 5480 est
1112 5418 1320 5482 totum
1349 5435 1483 5482 esse
1510 5418 1843 5486 individui.

2482 575 2664 658 Item,
2692 581 2992 661 corrupto
3017 577 3331 661 superiori
3358 575 3704 657 essentiali,
3732 594 3945 642 netes·

2398 701 2470 750 se
2511 687 2610 749 est
2648 685 2975 768 corrumpi
3014 684 3285 749 inferius
3338 705 3356 747 :
3392 684 3504 748 sed
3549 701 3690 748 esse
3723 682 3949 748 vivum

2399 791 2694 876 superius
2720 795 2817 856 aet
2854 792 2937 857 ad
2963 810 3100 857 osse
3150 791 3503 870 hominem,
3550 793 3617 854 et
3642 793 3741 855 est
3760 790 3822 854 ei
3848 809 3951 855 es·-

2397 899 2684 979 sentiale,
2714 900 2870 982 quia
2908 899 3130 964 vivere
3157 903 3256 963 est
3277 916 3411 963 esse
3439 897 3717 963 viventis
3745 921 3762 962 :
3794 916 3950 980 ergo

2398 1006 2455 1069 si
2491 1006 2784 1070 Christus
2811 1007 2884 1070 in
2918 1007 3132 1071 triduo
3158 1006 3344 1071 desiit
3368 1005 3774 1083 ossevivens,
3794 1022 3950 1087 ergo

2400 1113 2468 1177 in
2494 1113 2710 1178 triduo
2727 1113 2912 1177 desiit
2938 1131 3079 1178 esse
3102 1113 3298 1177 homo
3327 1134 3344 1178 ε
3394 1131 3526 1177 non
3567 1130 3728 1194 ergo
3752 1111 3953 1176 Chris-

2398 1223 2506 1286 tus
2524 1222 2596 1284 in
2621 1220 2835 1284 triduo
2860 1225 2999 1284 erat
3026 1220 3250 1284 homo.

2483 1328 2641 1392 Item
2666 1326 2956 1392 Christus
2977 1327 3046 1389 in
3072 1325 3288 1390 triduo
3302 1343 3422 1390 nec
3440 1324 3659 1392 videre
3678 1328 3944 1409 poterat,

2398 1451 2518 1498 nec
2569 1434 2813 1514 audire,
2843 1450 2962 1497 nec
3011 1433 3190 1516 loqui
3217 1456 3234 1500 ε
3265 1451 3424 1516 ergo
3450 1434 3507 1497 si
3562 1438 3700 1498 erat
3727 1433 3943 1514 homo,

2398 1545 2536 1606 erat
2555 1541 2751 1606 homo
2775 1559 3005 1622 caecus,
3025 1542 3284 1617 surdus»,
3308 1547 3371 1606 et
3396 1544 3620 1606 mutus
3648 1564 3663 1607 :
3694 1545 3808 1609 sed
3830 1545 3946 1609 hoc

2397 1650 2495 1712 est
2519 1646 2875 1713 absurdum
2925 1648 3135 1713 dicere
3182 1649 3261 1713 de
3297 1648 3543 1716 Christo
3577 1671 3596 1714 t
3643 1669 3806 1732 ergo
3835 1651 3943 1716 sal-

2397 1773 2547 1819 sum
2573 1758 2672 1820 est
2696 1755 2927 1832 dicere,
2957 1754 3132 1838 quod
3156 1754 3441 1820 Christus
3470 1756 3542 1821 in
3566 1755 3786 1822 triduo
3810 1758 3943 1823 fue-

2398 1862 2483 1926 rit
2508 1862 2725 1928 homo.

2482 1969 2662 2048 Item,
2687 1968 2852 2034 sicut
2890 1969 3046 2035 unio
3073 1970 3315 2035 divinae
3342 1973 3597 2035 naturae
3624 1975 3691 2037 et
3714 1971 3941 2038 huma·

2398 2095 2503 2142 nae
2528 2078 2675 2143 facit
2714 2077 2917 2143 Deum
2943 2096 3082 2143 esse
3111 2078 3466 2157 hominem,
3497 2080 3587 2143 ita
3612 2079 3776 2144 unio
3802 2081 3940 2145 ani-

2399 2204 2525 2250 mae
2554 2186 2632 2251 ad
2675 2203 2935 2250 carnem
2964 2186 3114 2251 facit
3152 2204 3289 2251 esse
3319 2186 3684 2252 animatum
3713 2209 3732 2251 z
3763 2206 3939 2270 ergo,

2396 2297 2677 2358 cessante
2694 2292 2939 2358 unione
2962 2294 3199 2358 animae
3225 2293 3307 2357 ad
3333 2312 3620 2373 carnem,
3638 2300 3944 2360 censatos·

2396 2420 2465 2465 se
2490 2402 2850 2465 animatum
2895 2424 2914 2465 ε
2959 2407 3025 2468 et
3069 2402 3125 2466 si
3149 2405 3352 2466 cessat
3393 2419 3531 2466 esse
3557 2402 3940 2485 animatum,

2395 2512 2597 2573 cessat
2620 2526 2758 2573 esse
2778 2509 3021 2573 animal
3050 2529 3068 2573 ε
3110 2513 3175 2573 et
3198 2509 3252 2572 si
3279 2514 3481 2573 cessat
3506 2527 3646 2574 esse
3678 2512 3937 2592 animal,

2396 2615 2749 2679 necessario
2774 2619 2976 2679 cos-at
3000 2633 3139 2680 esse
3167 2614 3367 2681 homo
3393 2636 3410 2680 :
3441 2633 3606 2699 ergo
3640 2635 3683 2680 a
3709 2619 3935 2700 primo,

2396 2740 2548 2787 cum
2594 2723 2665 2786 in
2710 2722 2960 2788 Christo
3001 2723 3196 2787 fuerit
3238 2725 3555 2806 separatio
3617 2726 3856 2790 animae
3901 2745 3941 2791 a

2394 2848 2586 2895 carne
2628 2831 2701 2895 in
2743 2831 2982 2912 triduo,
3020 2830 3303 2896 Christus
3329 2831 3516 2896 desiit
3557 2852 3700 2899 esse
3750 2834 3938 2900 homo

2394 2939 2464 3002 in
2488 2938 2701 3003 triduo
2731 2958 2749 3003 ε
2784 2955 2944 3020 ergo
2975 2956 3107 3002 non
3130 2937 3254 3002 fuit
3277 2938 3477 3004 homo
3496 2939 3572 3003 in
3598 2940 3834 3006 triduo.

2476 3044 2634 3109 It'em
2657 3045 2740 3109 ad
2767 3045 2893 3110 hoc
2913 3045 3129 3129 ipsum
3157 3050 3307 3109 sunt
3337 3046 3621 3111 rationes
3656 3047 3935 3131 Magistri

2393 3153 2462 3216 in
2505 3152 2736 3232 littera,
2766 3169 2915 3236 quae
2941 3169 3134 3234 super
3163 3151 3287 3218 hoc
3309 3153 3692 3220 fundantur.
3723 3155 3936 3223 Omnis

2393 3259 2589 3326 homo
2614 3266 2729 3326 aut
2762 3264 2857 3326 est
2882 3260 3191 3340 mortalis,
3212 3265 3330 3324 aut
3348 3261 3733 3328 immortalis
3760 3282 3932 3330 :om-

2392 3369 2498 3432 nis
2524 3369 2718 3435 etiam
2743 3370 2939 3434 homo
2964 3373 3061 3433 est
3087 3368 3320 3433 alicubi
3347 3368 3548 3434 homo
3579 3391 3597 3434 ε
3628 3372 3740 3436 sed
3761 3371 3938 3437 Ghri-

2392 3479 2533 3540 stus
2585 3479 2653 3541 in
2697 3478 2907 3541 triduo
2954 3494 3074 3541 nec
3120 3479 3260 3541 erat
3285 3476 3611 3557 mortalis,
3646 3497 3765 3543 nec
3808 3483 3936 3544 erat

2391 3583 2793 3666 immortalis,
2824 3602 2943 3649 nec
2968 3589 3107 3649 erat
3130 3584 3363 3647 alicubi
3384 3585 3619 3651 homo:
3638 3588 3792 3670 quia
3811 3606 3936 3654 non

2392 3692 2462 3756 in
2514 3692 2874 3776 sepulchro,
2928 3709 3081 3755 cum
3123 3709 3259 3756 non
3300 3695 3465 3756 esset
3505 3693 3596 3757 ibi
3633 3695 3757 3759 nisi
3797 3714 3934 3762 cor-

2391 3815 2546 3881 pus3
2602 3815 2737 3862 non
2789 3799 2861 3862 in
2914 3798 3190 3878 inferno,
3246 3816 3400 3862 cum
3452 3817 3586 3864 non
3642 3805 3803 3866 esset
3849 3802 3934 3867 ibi

2392 3906 2518 3970 nisi
2543 3906 2762 3971 anima
2792 3928 2809 3971 ε
2837 3924 2998 3989 ergo
3025 3905 3320 3971 Christus
3344 3925 3478 3972 non
3499 3908 3625 3974 fuit
3653 3909 3846 3977 homo
3867 3910 3936 3975 in

2391 4017 2629 4082 triduo.

2953 4157 3386 4222 CONCLUSIO.

2394 4287 3245 4366 Christmintridawsecundum
3289 4323 3394 4366 esse
3431 4312 3651 4371 actuale
3683 4329 3789 4372 non
3821 4316 3933 4384 tuit

2543 4398 2727 4467 homo,
2758 4398 2885 4456 licet
2910 4414 3054 4456 secus
3081 4398 3227 4456 dicat
3253 4400 3515 4469 Maqister
3540 4405 3589 4457 et
3616 4404 3788 4475 Huqo.

2471 4556 2657 4639 Resp.
2696 4556 2775 4621 ad
2804 4575 2949 4640 arg.
2970 4557 3067 4622 Ad
3100 4558 3556 4647 praedictorum
3580 4561 3933 4647 intellig-m·

2389 4657 2545 4729 tiam
2564 4667 2662 4730 est
2686 4665 3068 4745 notandum,
3097 4666 3270 4748 quod
3297 4666 3465 4731 circa
3492 4667 3618 4733 hoc
3668 4670 3790 4735 fuit
3813 4671 3932 4736 tri-

2388 4774 2537 4859 plex
2566 4773 2797 4839 modus
2822 4773 3097 4840 dicendi.
3128 4773 3386 4840 Primus
3435 4782 3532 4841 est
3550 4825 3572 4857 ,
3605 4780 3775 4862 quod
3805 4798 3932 4847 non
3961 4833 4076 4889 effi
4110 4841 4119 4872 ·.

2386 4883 2600 4948 solum
2625 4901 2776 4949 vere
2795 4881 3083 4947 Christus
3115 4884 3182 4946 in
3210 4882 3425 4947 triduo
3454 4886 3652 4967 possit
3677 4887 3801 4951 dici
3820 4887 3932 4952 ho-

2389 5007 2521 5069 m0,
2546 4990 2654 5054 sed
2677 4989 2873 5054 etiam
2899 4989 3023 5054 hoc
3049 4991 3253 5073 potest
3279 4988 3405 5053 diei
3432 4991 3511 5056 de
3525 4993 3809 5075 quolibet
3825 4993 3932 5058 ho-

2387 5096 2564 5161 mine
2590 5101 2868 5162 mortuo.
2898 5095 3230 5160 Secundus
3259 5111 3412 5162 vcro
3441 5099 3674 5165 modus
3688 5100 3933 5167 dicendi
3959 5129 4113 5185 offla

2385 5206 2506 5283 est,
2535 5203 2708 5286 quod
2734 5203 3002 5286 hoanon
3026 5202 3210 5267 debet
3233 5203 3493 5269 concedi
3511 5203 3593 5271 de
3615 5208 3794 5288 aliis;
3817 5227 3934 5293 po·

2386 5317 2511 5382 test
2534 5319 2753 5382 tamen
2794 5314 3052 5382 concedi
3080 5313 3159 5379 de
3197 5312 3467 5380 Christo.
3502 5315 3758 5387 Tertius
3783 5339 3935 5387 vero
3963 5354 4073 5412 ops
4158 5327 4159 5332 ’

2458 5446 2471 5479 ¹
2499 5445 2582 5496 Ps.
2612 5457 2718 5508 ω,
2747 5449 2794 5498 t.
2824 5472 2886 5482 -
2912 5442 3085 5508 Helm,
3107 5454 3199 5507 vu,
3226 5444 3305 5492 24.
