4185 6288
744 471 865 534 m
1858 460 2489 532 SENTENTIARUM
2529 463 2680 530 ΗΒ.
2724 464 2835 530 111.
2891 507 2904 524 .

740 601 831 668 lio
868 624 885 668 z
941 599 1098 685 qnia
1148 598 1322 665 filius
1363 597 1617 663 artificis
1664 602 1871 682 potest
1921 598 2166 683 aequari
2208 598 2278 662 in
2396 599 2699 682 potentiae
2722 599 2950 666 activae
3001 601 3212 682 magis
3236 600 3519 665 consistit
3561 601 3631 664 in
3657 602 3943 682 agendo.

741 709 1007 776 scientia
1061 710 1125 773 et
1165 707 1448 785 virtute;
1486 723 1621 770 non
1671 706 1761 770 sic
1802 710 2021 771 autem
2068 706 2286 770 anima
2397 705 2475 771 Et
2500 708 2700 789 hujus
2720 707 2983 790 signum
3003 712 3121 786 est,
3141 708 3295 791 quia
3312 707 3516 772 multo
3536 707 3945 773 excellentio-

741 816 1225 895 christum-bo.
1244 814 1466 881 Simile
1478 818 1698 880 autem
1710 814 1852 893 erit,
1868 815 1925 879 si
1941 814 2285 897 loquamur
2395 816 2487 879 ris
2524 814 2780 880 virtutis
2834 819 2928 878 est
2975 814 3215 898 aliquid
3250 833 3434 898 posse
3478 816 3703 894 facere,
3742 834 3947 899 quam

740 924 821 990 de
849 923 1096 990 Christo
1120 922 1475 988 secundum
1495 922 1783 988 divinam
1809 925 2143 986 naturam:
2165 919 2287 986 Pa·
2396 941 2579 1005 posse
2599 940 2786 987 nosse
2818 944 2835 987 z
2868 922 3068 986 multo
3090 921 3267 987 enim
3291 922 3611 987 difficilius
3622 928 3716 987 est
3726 924 3941 991 facere

741 1035 842 1100 ter
864 1031 1043 1097 enim
1068 1033 1288 1099 onmia
1325 1030 1721 1098 demonstrat
1752 1029 1968 1111 Filio;
2009 1033 2073 1094 et
2111 1045 2285 1111 ‹121oe-
2395 1049 2597 1096 unam
2620 1030 2978 1110 formicam,
2997 1048 3195 1113 quam
3220 1048 3602 1111 cognoscere
3616 1031 3856 1095 coelum
3885 1037 3949 1096 et

739 1155 1008 1224 cumque
1034 1140 1229 1208 Pater
1243 1139 1429 1221 facit,
1461 1138 1594 1205 ltoec
1618 1139 1836 1202 omnia
1860 1144 1922 1206 et
1945 1138 2161 1206 Filius
2182 1138 2283 1217 fa·
2398 1143 2658 1205 terram.
2690 1137 3090 1219 Cognoscens
3132 1138 3329 1217 enim,
3361 1155 3439 1202 eo
3463 1138 3603 1221 ipso
3630 1138 3807 1221 quod
3835 1158 3947 1204 co-

740 1249 853 1329 cit,
881 1247 1049 1314 sicut
1072 1247 1305 1313 dicitur
1330 1246 1404 1311 in
1428 1246 1670 1313 Ioanne
1688 1246 1733 1310 ¹.
2399 1264 2734 1330 gnoscenS,
2773 1262 2905 1309 non
2947 1245 3158 1308 influit
3192 1245 3261 1308 in
3312 1244 3527 1328 ipsum
3561 1245 3942 1327 cognitnm3

819 1361 881 1423 6.
933 1356 1034 1422 Ad
1081 1354 1240 1422 illud
1283 1353 1454 1438 quod
1482 1354 1715 1419 ultimo
1755 1351 2073 1435 objicitur,
2104 1350 2285 1433 fquod
2401 1358 2620 1437 potens
2646 1370 2823 1432 vero,
2852 1352 2923 1416 in
2939 1370 3016 1418 eo
3041 1352 3178 1436 ipso
3203 1352 3376 1435 quod
3395 1356 3618 1435 potens
3640 1357 3763 1433 est,
3779 1371 3947 1418 com-

739 1465 830 1530 ita
852 1464 1072 1530 unitur
1098 1463 1307 1528 virtus
1328 1461 1576 1542 virtuti,
1604 1460 1769 1526 sicut
1790 1459 2147 1524 intellectus
2182 1477 2287 1523 sa·-
2400 1465 2664 1544 paratur
2691 1461 2773 1525 ad
2813 1460 3028 1544 ipsum
3060 1459 3355 1543 possibile
3372 1507 3390 1537 ‚
3421 1460 3586 1525 sicut
3629 1460 3712 1524 ad
3758 1460 3947 1524 effec-

739 1575 1023 1660 pientiae,
1074 1575 1417 1641 dicendum
1445 1574 1618 1657 quod
1647 1591 1783 1638 non
1808 1574 1905 1637 oet
1930 1571 2162 1650 simile,
2191 1571 2287 1634 si·
2402 1574 2565 1634 tum.
2598 1568 2675 1633 Et
2712 1569 2863 1632 hinc
2896 1570 2991 1632 est
3035 1567 3206 1651 quod
3255 1567 3464 1632 virtus
3501 1567 3831 1650 operativa
3878 1568 3945 1631 in

742 1686 848 1750 cut
869 1685 1009 1766 jam
1035 1682 1412 1767 praedictum
1437 1685 1558 1762 cst,
1575 1699 1653 1746 eo
1675 1679 1847 1763 quod
1873 1677 2157 1761 operatio
2183 1677 2287 1740 in-
2399 1677 2646 1743 Christo
2669 1694 2803 1741 non
2824 1680 2919 1741 est
2935 1678 3098 1739 facta
3120 1674 3543 1757 omnipotens,
3559 1675 3726 1738 sicut
3755 1674 3945 1739 intel-

741 1789 1028 1857 tellcctus
1081 1795 1177 1855 est
1221 1789 1295 1854 in
1337 1788 1760 1873 suscipiende,
1801 1785 2084 1870 operatio
2131 1802 2286 1850 vero
2396 1784 2595 1850 lectus
2615 1786 2756 1867 ejus
2779 1784 2984 1849 factus
3004 1787 3098 1850 aet
3122 1765 3523 1849 omnisciens,

1779 2109 2617 2206 DISTINCTIO
2703 2110 2890 2204 XV

747 2394 1042 2452 Quouono
1085 2394 1266 2442 vnum
1315 2395 1427 2441 ssu
1469 2393 1706 2441 cuman
1751 2393 2119 2440 mesanum
2160 2391 2504 2438 onnmsrun
2561 2393 2641 2438 An
2693 2389 2971 2438 uos‘rm
3007 2391 3475 2440 nsnssmvrtousu
3520 2381 3813 2446 Qumwu
3851 2391 3930 2437 An

973 2503 980 2510 “
1707 2511 2024 2557 nnmerum
2053 2509 2523 2557 Passmusrsns
2550 2512 2613 2557 m
2639 2510 2963 2557 GENERALI.

508 2725 726 2831 ἓξὲξ
838 2713 1014 2784 Illud
1071 2735 1339 2806 quoque
1373 2711 2002 2805 praetermittendum
2047 2734 2184 2781 non
2224 2720 2343 2799 est,
2385 2712 2562 2804 quod
2602 2712 2720 2780 Dei
2756 2710 2970 2781 Filius
3013 2723 3317 2781 naturam
3360 2712 3652 2782 hominis
3694 2712 3933 2804 accepit

556 2848 685 2904 tib-u,
755 2830 1153 2926 passibilem,
1179 2829 1467 2898 animam
1497 2820 1896 2922 passibilem',
1929 2837 1993 2898 et
2017 2851 2282 2897 carnem
2310 2829 2683 2921 passibilem
2727 2836 2793 2898 et
2826 2830 3194 2898 mortalem.
3233 2830 3317 2899 Ut
3342 2829 3518 2899 enim
3546 2830 3933 2921 probaretur

516 2923 725 3028 fflpffl'
754 2970 988 3020 verum
1014 2969 1253 3039 corpus
1294 2945 1558 3035 habere,
1610 2946 1892 3039 suscepit
1934 2946 2222 3015 defectus
2258 2946 2572 3037 corporiS,
2622 2947 2889 3033 famem,
2939 2946 3143 3033 sitim,
3196 2955 3261 3016 et
3301 2946 3708 3038 hujusmodi.
3755 2947 3836 3015 Et
3860 2955 3933 3014 ut

519 3036 712 3082 christus
1095 3063 1108 3076 .
2258 3062 2272 3074 .
2736 3062 2749 3075 .
3010 3063 3023 3077 .
3062 3063 3075 3075 .
3274 3062 3288 3075 .
3359 3063 3372 3076 .
3412 3065 3423 3077 .
3629 3063 3644 3077 .

550 3097 595 3140 sn
613 3097 686 3139 nm
753 3086 977 3133 veram
1003 3086 1292 3132 ammam
1319 3062 1706 3155 probaretur
1734 3061 1996 3149 habere,
2028 3070 2310 3156 suscepit
2333 3061 2621 3131 defectus
2645 3085 2907 3146 ammae,
2940 3063 3183 3131 scilicet
3210 3069 3568 3151 tristitiam,
3599 3070 3928 3150 timorem,

509 3170 727 3264 ¹⁰32*
753 3181 1070 3266 dolorem,
1094 3188 1159 3249 et
1183 3179 1587 3271 hujusmodi.
1618 3178 1849 3249 Omnis
1875 3188 2098 3248 autem
2125 3202 2353 3249 sensus
2375 3180 2610 3249 animae
2634 3186 2762 3248 est:
2797 3203 2933 3248 non
2958 3181 3137 3249 enim
3161 3203 3310 3251 caro
3330 3181 3550 3266 sentit,
3582 3181 3697 3249 sed
3715 3182 3933 3250 anima
3995 3188 4001 3193 '

752 3305 946 3368 utens
969 3317 1238 3389 corpore
1258 3295 1465 3365 veluti
1491 3296 1954 3364 instrumento.
1973 3295 2162 3364 Unde
2178 3296 2592 3386 Augustinus
2619 3320 2811 3389 super
2842 3297 3171 3384 Genesim,
3202 3298 3272 3366 in
3287 3298 3458 3367 libro
3477 3297 3926 3367 duodecimo²2

755 3413 949 3484 «Non
973 3436 1211 3506 corpus
1236 3413 1466 3499 sentit,
1490 3412 1601 3481 sed
1631 3412 1852 3481 anima
1880 3435 1996 3505 per
2020 3436 2279 3506 corpuS,
2312 3437 2445 3506 quo
2477 3415 2658 3483 velut
2685 3415 2930 3483 nuntio
2957 3414 3171 3483 utitur
3196 3414 3276 3482 ad
3309 3414 3839 3484 confirmandum
3865 3413 3931 3481 in

747 3532 984 3625 seipsa,
1027 3530 1204 3623 quod
1257 3530 1662 3598 extrinsecus
1716 3529 2088 3598 nuntiatur.
2150 3554 2188 3595 >>
2219 3528 2407 3599 Sicut
2456 3552 2611 3620 ergo
2664 3531 2887 3599 anima
2938 3530 3115 3623 quod
3172 3530 3332 3599 foris
3383 3541 3501 3617 est,
3559 3553 3673 3622 per
3700 3552 3931 3622 corpus

749 3657 1089 3741 tamquam
1126 3669 1244 3739 per
1298 3645 1844 3732 instrumentum,
1900 3645 2080 3715 videt
2124 3646 2230 3714 vel
2285 3646 2517 3732 audit5
2575 3647 2668 3714 ita
2707 3646 2903 3715 etiam
2955 3668 3071 3738 per
3126 3668 3363 3737 corpus
3406 3647 3713 3738 quaedam
3743 3647 3932 3716 sentit

750 3765 950 3852 mala,
1007 3785 1156 3856 quae
1208 3761 1348 3830 sine
1393 3783 1667 3854 corpore
1726 3784 1861 3829 non
1915 3763 2209 3848 sentiret,
2251 3770 2327 3832 ut
2365 3764 2634 3849 famem,
2675 3771 2738 3831 et
2771 3762 2975 3850 sitim,
3022 3770 3085 3830 et
3132 3762 3537 3854 hujusmodi,
3590 3763 3768 3832 unde
3801 3786 3929 3831 non

748 3880 1078 3950 immerito
1104 3879 1393 3949 defectus
1434 3878 1725 3970 corporis
1759 3878 2070 3948 dicuntur
2102 3906 2119 3967 ;
2165 3879 2466 3972 quaedam
2512 3888 2732 3949 autem
2778 3902 2911 3948 non
2958 3901 3074 3972 per
3114 3902 3376 3971 corpuS,
3417 3881 3551 3949 imo
3572 3880 3770 3949 etiam
3797 3880 3930 3948 sine

750 4019 1018 4091 corpore
1045 3996 1265 4083 sentit,
1294 4003 1370 4064 ut
1397 4003 1493 4064 est
1520 3995 1743 4082 timor,
1773 4003 1837 4064 et
1861 3996 2266 4088 hujusmodi.
2318 3996 2531 4066 Sentit
2569 4019 2724 4086 ergo
2762 3997 2983 4065 anima
3005 3996 3300 4082 dolores3
3338 3994 3449 4064 sed
3477 3996 3796 4089 quosdam
3824 4017 3933 4087 per

752 4115 1266 4183 instrumentum
1319 4112 1635 4205 corporis,
1685 4112 2004 4204 quosdam
2058 4134 2216 4181 vero
2269 4134 2426 4181 non.
2497 4112 2795 4204 Suscepit
2848 4120 3070 4181 autem
3124 4112 3447 4200 Christus,
3494 4113 3661 4181 sicut
3714 4134 3927 4181 veram

754 4237 1061 4299 naturam
1114 4226 1428 4314 hominis»,
1476 4228 1569 4296 ita
1636 4235 1701 4296 et
1756 4250 1945 4297 veros
1981 4229 2271 4298 defectus
2329 4230 2641 4320 hominiS,
2702 4229 2813 4298 sed
2863 4252 2998 4298 non
3056 4251 3305 4299 omnes.
3349 4230 3723 4323 Assumpsit
3758 4229 3927 4297 enim

756 4345 1045 4416 defectus
1072 4366 1309 4437 poenae,
1346 4343 1459 4413 sed
1485 4366 1621 4413 non
1648 4344 1895 4436 culpae;
1928 4367 2046 4414 nec
2084 4354 2303 4415 tamen
2331 4369 2557 4416 omnes
2601 4346 2888 4416 defectus
2921 4369 3156 4438 poenae,
3205 4346 3318 4415 sed
3352 4368 3463 4414 eos
3489 4368 3741 4432 omnes,
3772 4365 3929 4436 quos

758 4460 1012 4533 homini
1041 4484 1196 4530 eum
1223 4482 1553 4530 assumere
1572 4461 1980 4553 expediebat,
2025 4470 2089 4531 et
2133 4485 2267 4532 suae
2302 4462 2606 4554 dignitati
2649 4485 2784 4533 non
2819 4463 3194 4553 derogabat.
3242 4462 3429 4531 Sicut
3471 4463 3648 4531 enim
3674 4468 3928 4556 propter

759 4578 1098 4649 hominem
1125 4578 1322 4647 homo
1351 4576 1561 4646 factus
1603 4585 1724 4663 est,
1768 4576 1862 4646 ita
1907 4587 2172 4670 propter
2215 4602 2370 4649 eum
2408 4579 2697 4649 hominis
2733 4579 3022 4650 defectus
3071 4579 3375 4671 suscepit.
3425 4578 3724 4672 Suscepit
3755 4578 3923 4649 enim

759 4695 841 4766 de
884 4701 1133 4781 nostro,
1181 4700 1256 4763 ut
1307 4693 1390 4762 de
1436 4715 1558 4762 suo
1608 4693 1798 4763 nobis
1852 4695 2197 4783 tribueret,
2253 4704 2329 4764 ut
2368 4704 2668 4765 nostrum
2713 4695 2970 4765 tolleret
3015 4696 3363 4765 defectum.
3416 4696 3714 4788 Suscepit
3758 4695 3925 4764 enim

760 4818 1051 4882 nostram
1110 4817 1527 4898 vetustatem,
1593 4819 1670 4880 ut
1743 4835 1934 4881 suam
2005 4813 2197 4881 nobis
2261 4812 2639 4883 infunderet
2698 4814 3082 4882 novitatem.
3141 4812 3462 4904 Simplam
3530 4812 3645 4882 ille
3697 4809 3927 4902 accepit

763 4935 1180 5015 vetustatem,
1207 4926 1276 4996 id
1306 4933 1424 5016 est,
1460 4949 1696 5020 poenae,
1728 4935 1804 4997 ut
1827 4936 2119 4998 nostram
2155 4928 2427 5021 duplam
2468 4937 2902 5017 consumeret,
2946 4930 3016 4999 id
3052 4937 3171 5016 est,
3200 4951 3408 5021 poenae
3435 4940 3499 4998 et
3524 4930 3755 5022 culpae.

526 5056 744 5174 ’ἓξὲξ
853 5043 1081 5113 Tradit
1106 5044 1452 5113 auctoritas
1476 5062 1527 5131 ¹,
1573 5044 1751 5137 quod
1789 5044 2111 5115 Dominus
2157 5054 2374 5116 noster
2416 5047 2488 5115 in
2542 5069 2610 5115 se
2661 5046 2944 5138 suscepit
2982 5045 3204 5115 omnia
3249 5045 3653 5114 infirmitatis
3701 5050 3924 5112 nostrae

546 5180 724 5285 ‘ffugi'
769 5167 1003 5253 proeter
1055 5166 1414 5255 peccatum.
1467 5159 1658 5243 Quod
1713 5160 1841 5229 nisi
1876 5162 2234 5255 accipiatur
2273 5162 2354 5232 de
2405 5163 2539 5232 illis
2568 5170 2852 5249 tantum,
2905 5185 3056 5254 quae
3096 5185 3249 5231 eum
3288 5184 3548 5230 sumere
3587 5183 3704 5254 pro
3750 5156 3924 5228 nobis

833 5331 852 5367 ¹
872 5330 1039 5394 loon„
1059 5341 1110 5392 v,
1135 5331 1314 5382 19.—¹
1333 5330 1486 5394 Aug„
1506 5329 1566 5380 de
1593 5331 1767 5382 Genes.
1799 5332 1870 5383 ad
1895 5332 2022 5399 liet„
2049 5334 2139 5386 lib.
2172 5335 2283 5400 xil,
2312 5348 2361 5386 c.
2381 5346 2526 5399 xxiv,
2550 5348 2602 5386 n.
2623 5338 2770 5387 51.-
2792 5334 2815 5369 ⁸
2841 5332 3102 5394 Heln-„m
3130 5335 3187 5383 15
3200 5346 3218 5394 3
3248 5332 3302 5383 S.
3330 5332 3455 5395 Leo,
3473 5332 3638 5396 Epist.
3664 5346 3718 5395 x,
3744 5326 3925 5380 c.111ct

767 5413 830 5465 v;
846 5401 907 5452 de
928 5401 1100 5452 Notio.
1128 5401 1296 5463 Dom.,
1323 5414 1477 5450 serm.
1507 5413 1560 5451 1¹
1574 5416 1593 5465 3
1616 5403 1873 5468 Damaso„
1894 5403 1957 5454 de
1975 5404 2105 5456 Fide
2124 5404 2344 5471 orthod„
2366 5404 2454 5459 lib.
2484 5406 2525 5471 1,
2543 5419 2591 5456 c.
2619 5417 2711 5457 xlv
2728 5405 2811 5456 vel
2836 5415 2907 5456 xx
2921 5419 2941 5469 3
2970 5402 3133 5455 Gloss.
3161 5402 3383 5454 interlin.
3405 5403 3458 5454 in
3478 5403 3643 5457 lnam,
3663 5416 3708 5453 c.
3738 5411 3808 5464 Π,
3822 5396 3920 5448 ibi:

765 5475 907 5527 Jews
929 5474 1177 5539 ffitiqatus
1193 5486 1257 5523 ex
1283 5473 1479 5523 itinere.
