4185 6288
1557 504 1942 573 ms'rlnc'r.
1988 503 2115 571 XX.

255 661 448 707 mana
473 646 707 708 natura
746 643 815 707 in
856 641 1110 708 Christo
1152 659 1490 726 uunquam
1518 643 1802 725 indiguit

254 750 766 816 reconciliatione
802 749 1012 816 :unde
1039 767 1174 816 non
1194 753 1332 815 erat
1373 749 1796 827 reconciliata,

254 858 361 922 sed
384 857 818 937 reconcilians,
870 857 1228 923 secundum
1255 858 1428 940 quod
1454 856 1685 923 dicitur
1717 858 1736 892 ¹
1781 878 1797 922 ι

257 965 425 1031 Deus
462 966 694 1031 eratin
722 964 973 1031 Christo
996 963 1127 1030 sibi
1151 964 1575 1032 reconcilians
1608 980 1801 1030 mun-

255 1071 432 1138 dum.
459 1071 740 1137 Alterius
774 1071 948 1136 enim
991 1072 1369 1138 conditionis
1396 1076 1531 1137 erat
1571 1077 1806 1137 natura

255 1179 543 1244 humana
564 1179 637 1243 in
663 1178 802 1243 aliis
818 1179 1210 1260 hominibus,
1237 1180 1498 1245 alterius
1525 1181 1597 1244 in
1623 1180 1804 1245 Chri-

259 1290 355 1350 sto
386 1311 400 1350 ε
432 1286 502 1350 in
528 1286 669 1351 aliis
708 1286 886 1352 enim
912 1289 1049 1351 erat
1075 1285 1422 1370 peccatrix;
1450 1287 1519 1352 in
1551 1286 1805 1354 Christo

260 1398 397 1458 erat
425 1392 734 1458 immunis
760 1394 843 1458 ab
872 1395 1050 1460 omni
1076 1394 1284 1479 culpa.

340 1504 401 1565 δ.
434 1502 533 1566 Ad
555 1500 717 1566 illud
742 1501 914 1584 quod
941 1500 1262 1584 objicitur,
1287 1503 1459 1584 quod
1483 1501 1537 1567 si
1565 1502 1809 1568 media-

262 1611 363 1671 tor
405 1608 642 1672 dicitur
672 1612 932 1691 propter
978 1608 1491 1673 convenientiam
1544 1609 1615 1673 in
1655 1628 1808 1693 pro-

268 1715 662 1798 prietatibus,
695 1715 950 1780 daemon
1006 1715 1311 1780 debetdici
1349 1715 1681 1798 mediator,
1712 1716 1811 1781 di-

263 1822 534 1886 cendum
562 1823 736 1906 quod
757 1841 891 1888 uon
916 1827 1011 1887 est
1039 1823 1268 1904 simile,
1292 1824 1444 1906 quia
1461 1841 1594 1889 non
1623 1824 1815 1889 habet

261 1929 676 2012 proprietates
721 1931 892 1996 bono
943 1929 1274 1995 mediatori
1326 1930 1776 1996 convenientes
1791 1980 1810 2011 ,

265 2035 621 2100 secundum
649 2037 823 2120 quod
871 2036 1135 2119 exponit
1176 2037 1588 2118 Augustinus
1638 2037 1707 2102 in
1735 2039 1816 2101 li-

264 2140 381 2206 bro
425 2142 505 2209 de
541 2143 813 2210 civitate
866 2144 986 2209 Dei
1020 2143 1491 2227 aliquantulum
1543 2145 1812 2227 prolixe,

271 2250 380 2314 sed
409 2255 625 2315 tamen
662 2251 922 2316 utiliter.
953 2250 1060 2314 Ait
1087 2250 1259 2314 enim
1289 2251 1379 2314 sic
1406 2252 1429 2285 ¹
1461 2274 1477 2316 z
1516 2276 1546 2311 (ι
1575 2251 1816 2317 Media-

277 2361 481 2421 torem
500 2357 663 2422 inter
690 2357 889 2423 Deum
913 2361 977 2423 et
1011 2357 1343 2423 hominem
1367 2358 1817 2423 mortalitatem

270 2464 559 2546 oportuit
604 2464 841 2530 habere
890 2468 1351 2544 transeuntem,
1380 2469 1442 2528 et
1476 2464 1818 2530 beatitudi-

271 2588 422 2636 nem
451 2577 959 2653 permanentem,
991 2577 1064 2636 ιιι
1080 2590 1196 2656 per
1220 2571 1379 2636 illud
1397 2572 1568 2654 quod
1592 2574 1818 2637 transit

269 2684 655 2760 congrueret
680 2679 1028 2757 morituris,
1059 2684 1122 2744 et
1147 2680 1226 2744 ad
1273 2679 1431 2743 illud
1471 2679 1641 2762 quod
1673 2699 1819 2762 per-

272 2790 487 2851 manet
508 2787 878 2852 transferret
900 2805 984 2853 ex
1010 2787 1301 2852 mortuis.
1333 2786 1494 2851 Boni
1521 2805 1679 2865 ergo
1706 2807 1819 2852 an-

273 2892 406 2973 geli
434 2892 601 2959 inter
615 2895 879 2960 miseros
897 2893 1216 2974 mortales,
1236 2898 1301 2959 et
1315 2893 1532 2958 beatos
1549 2895 1819 2962 immor-

3328 503 3448 576 1019

1910 641 2068 706 tales
2095 639 2291 704 medii
2309 657 2445 704 esse
2466 657 2600 706 non
2625 647 2912 723 possunt,
2940 644 3096 725 quia
3116 645 3239 726 ipsi
3286 663 3449 728 quo·

1911 765 2039 832 que
2063 747 2232 812 beati
2275 751 2340 812 et
2377 747 2765 813 immortales
2807 756 2992 829 sunt3
3036 757 3302 834 possunt
3329 773 3455 819 au-

1911 859 2043 921 tem
2075 855 2270 919 medii
2291 874 2428 920 esse
2452 856 2664 938 angeli
2682 858 2857 935 mali,
2887 859 3042 941 quia
3067 860 3457 926 immortales

1913 966 2067 1027 sunt
2094 979 2245 1026 cum
2271 962 2417 1039 illis,
2446 962 2658 1027 miseri
2685 982 2833 1028 cum
2861 964 3017 1029 istis.
3051 965 3164 1029 His
3205 971 3454 1031 contra-

1916 1071 2052 1137 rius
2079 1072 2175 1133 est
2201 1067 2508 1133 Mediator
2554 1070 2762 1134 bonus
2793 1090 2811 1135 ε
2858 1071 2973 1154 qui
3020 1073 3323 1139 adversus
3347 1076 3460 1139 ho-

1915 1195 2064 1241 rum
2095 1175 2633 1240 immortalitatem
2655 1180 2719 1240 et
2745 1176 3093 1257 miseriam,
3123 1182 3188 1245 et
3213 1185 3459 1245 morta-

1916 1285 1995 1348 lis
2037 1284 2117 1349 ad
2162 1289 2417 1368 tempus
2460 1283 2733 1349 existere
2783 1284 3009 1366 voluit,
3040 1290 3103 1351 et
3145 1287 3370 1352 beatus
3393 1289 3460 1352 in

1919 1392 2276 1456 aeternitate
2317 1391 2650 1475 persistere
2700 1392 2928 1475 potuit.
2960 1415 2990 1451 n
3025 1391 3104 1457 Et
3138 1394 3312 1477 quod
3337 1394 3463 1458 sint

1919 1500 2246 1579 contrarii,
2298 1500 2419 1564 hoc
2474 1500 2610 1581 ipse
2662 1500 2941 1583 amplius
3004 1506 3466 1586 consequenter

1920 1607 2213 1685 ostendit,
2271 1606 2483 1671 dicens
2531 1607 2600 1671 ⁸:
2642 1607 2784 1671 «Ad
2830 1607 2955 1672 hoc
3007 1609 3355 1693 interponit
3399 1630 3466 1674 se

1921 1714 2173 1779 medius
2198 1713 2578 1778 immortalis
2601 1717 2664 1777 et
2689 1715 2904 1795 miser,
2934 1719 3007 1780 ut
3023 1716 3103 1780 ad
3133 1697 3466 1782 immorta-

1921 1822 2166 1885 litatem
2210 1821 2462 1886 beatam
2499 1821 2770 1887 transire
2817 1839 2950 1887 non
2995 1822 3183 1888 sinat.
3215 1825 3310 1889 Ad
3347 1825 3470 1890 hoc

1923 1932 2142 1993 autem
2168 1947 2238 1993 se
2276 1928 2627 2012 interponit
2670 1928 2748 2012 (a)
2802 1929 3087 1994 mortalis
3120 1935 3184 1995 et
3217 1931 3465 2012 beatus,

1925 2043 2000 2102 ut
2028 2041 2234 2101 morte
2263 2036 2340 2117 (b)
2367 2040 2680 2100 transacta
2706 2054 2786 2100 ex
2807 2037 3079 2102 mortuis
3101 2038 3332 2104 faceret
3355 2039 3472 2103 im-

1926 2144 2249 2221 mortales,
2280 2144 2453 2227 quod
2478 2143 2545 2207 in
2569 2161 2637 2208 se
2654 2145 3054 2225 resurgendo
3068 2146 3468 2225 monstravit,

1929 2259 1994 2320 et
2030 2273 2115 2319 ex
2166 2253 2414 2318 miseris
2450 2253 2686 2329 beatos,
2741 2252 2911 2318 unde
2961 2272 3297 2337 nunquam
3338 2255 3473 2338 ipse

1926 2361 2229 2427 discessit.
2263 2360 2446 2425 Alius
2474 2363 2567 2424 est
2613 2377 2772 2442 ergo
2822 2361 3072 2425 medius
3098 2362 3329 2442 maluS,
3362 2363 3474 2445 qui

1926 2473 2179 2553 separat
2196 2468 2435 2532 amicos
2449 2487 2466 2547 ;
2479 2466 2646 2532 alius
2656 2469 2885 2550 bonuS,
2914 2471 3030 2552 qui
3046 2472 3476 2537 reconciliavit

1926 2578 2239 2641 inimicos.
2257 2598 2287 2634 n
2316 2575 2393 2640 Et
2414 2576 2505 2640 sic
2529 2580 2721 2659 patet,
2757 2578 3076 2659 quomodo
3098 2580 3478 2644 convenien-

1928 2685 2020 2748 tia
2039 2684 2502 2768 proprietatum
2525 2684 2595 2747 in
2618 2683 2862 2749 Christo
2885 2685 3075 2749 faciat
3099 2686 3477 2751 adofflcium

1927 2792 2082 2858 boni
2096 2791 2481 2871 mediatoris,
2497 2790 2868 2857 indaemone
2878 2811 3034 2857 vero
3044 2793 3320 2859 faciatad
3334 2813 3478 2859 con-

1927 2897 2223 2962 trarium.
2254 2895 2333 2962 Et
2358 2895 2452 2960 sic
2482 2899 2654 2979 patet
2683 2897 3011 2979 responsio
3038 2898 3117 2963 ad
3145 2899 3435 2981 quaesita.

1366 3154 2096 3319 msTchm
2181 3223 2378 3317 xx

440 3504 515 3549 ns
561 3498 981 3549 asnmnmm:
1029 3500 1261 3550 uosrna
1309 3500 1504 3551 Facu
1550 3506 1662 3552 vsa
1709 3503 2040 3551 mssmmm
2086 3504 2324 3551 cmusn
2377 3503 2665 3559 nummu
2712 3505 2792 3550 AD
2838 3503 3306 3553 concussurum

1572 3622 1649 3667 m·
1694 3620 2165 3669 ntasssnarm.
2361 3608 2368 3615 '

368 3821 445 3890 Si
470 3841 631 3889 vero
664 3821 985 3913 quaeritur
1026 3828 1252 3891 utrum
1291 3821 1423 3892 alio
1465 3822 1662 3891 modo
1705 3828 1919 3915 posset
1961 3820 2139 3891 Deus
2181 3821 2519 3891 hominem
2563 3821 2876 3909 liberare,
2908 3845 3111 3915 quam
3141 3846 3257 3916 per
3290 3847 3467 3892 mor·
3557 3840 3619 3892 ou
3624 3844 3677 3886 κι

278 3946 413 4008 tem
441 3936 725 4024 Christi3
765 3936 1095 4007 dicimus
1130 3964 1166 4004 c
1192 3947 1256 4007 et
1282 3938 1491 4008 alium
1519 3939 1790 4008 modum
1820 3938 2020 4008 fuisse
2051 3938 2427 4030 possibilem
2455 3938 2625 4025 Dec,
2672 3939 2862 4030 cujus
2894 3939 3195 4030 potestati
3228 3946 3464 4008 cuncta
3509 3915 3564 4006 30
3539 3904 3730 4021 ιιι),>«»“’ἶ“ἰι

278 4053 644 4145 subjacent,
675 4053 786 4123 sed
812 4062 1049 4125 nostrae
1076 4055 1353 4126 miseriae
1381 4057 1692 4125 sanandae
1722 4055 2321 4125 convenientiorem
2350 4055 2624 4125 modum
2653 4055 2861 4123 alium
2906 4077 3041 4124 non
3082 4054 3307 4143 fuisse,
3346 4078 3466 4125 nec
3513 4024 3727 4135 ihi-520...
3640 4042 3713 4073 ’Ὃ

282 4193 419 4240 esse
462 4172 845 4263 oportuisse.
884 4172 1051 4255 Quid
1098 4171 1277 4241 enim
1319 4183 1569 4242 mentes
1609 4179 1863 4242 nostras
1897 4180 2158 4241 tantum
2195 4172 2390 4262 erigit
2433 4180 2497 4241 et
2541 4171 2625 4240 ab
2669 4170 3180 4241 immortalitatis
3227 4173 3466 4264 despe-
3513 4106 3728 4265 ᾟξζζζέ

281 4287 533 4357 ratione
558 4276 819 4375 liberat,
858 4310 1062 4380 quam
1088 4288 1268 4380 quod
1295 4289 1461 4358 tanti
1489 4311 1609 4358 nos
1635 4288 1788 4357 fecit
1812 4286 2020 4376 DeuS,
2051 4296 2130 4358 ut
2168 4287 2288 4357 Dei
2323 4288 2535 4358 Filius
2573 4287 3076 4356 immutabiliter
3112 4287 3351 4375 boum,
3395 4287 3467 4355 in
3541 4276 3713 4395 '2²:325‘

281 4426 352 4472 se
379 4422 652 4473 manens
675 4404 854 4497 quod
880 4413 1043 4494 erat,
1075 4413 1140 4475 et
1165 4429 1205 4475 a
1232 4406 1423 4476 nobis
1449 4406 1769 4500 accipiens
1808 4405 1987 4498 quod
2027 4428 2165 4474 non
2203 4412 2374 4493 erat,
2418 4404 2727 4494 dignatus
2766 4411 3066 4473 nostrum
3107 4403 3277 4473 inire
3316 4425 3472 4472 con-
3514 4411 3622 4535 Ἓξ
3640 4402 3734 4519 gn}

279 4519 588 4608 sortium,
617 4529 696 4589 ut
718 4522 895 4591 mala
920 4526 1143 4592 nostra
1169 4523 1510 4593 moriendo
1536 4523 1892 4616 perferret?
1928 4547 1964 4589 »
1998 4521 2113 4590 Est
2149 4529 2214 4590 et
2246 4521 2378 4590 alia
2413 4519 2579 4591 ratio
2615 4542 2820 4613 quare
2846 4519 2971 4589 isto
2998 4519 3217 4612 potius
3244 4518 3466 4607 mod0,
3515 4525 3593 4568 ⁸¹⁰·

278 4658 489 4729 quam
515 4637 646 4706 alio
672 4638 951 4709 liberare
976 4638 1239 4709 voluit:
1273 4640 1432 4732 quia
1457 4641 1548 4708 sic
1576 4647 1640 4708 et
1660 4638 1922 4732 justitia
1947 4647 2298 4731 superatur
2325 4637 2662 4724 diabolus,
2700 4658 2836 4707 non
2873 4635 3185 4726 potentia.
3229 4635 3313 4703 Et
3337 4657 3473 4727 quo

283 4752 484 4823 modo
510 4753 580 4822 id
605 4754 852 4824 factum
880 4755 996 4843 sit,
1037 4755 1368 4848 explicabo
1411 4764 1488 4825 ut
1521 4765 1769 4849 poter0.
1820 4780 1856 4822 «
1882 4760 1904 4795 ⁸
1943 4754 2241 4838 Quadam
2284 4754 2544 4846 justitia
2576 4753 2697 4821 Dei
2722 4753 2793 4820 in
2821 4758 3202 4844 potestatem
3229 4750 3478 4820 diaboli

283 4869 607 4940 traditum
633 4878 731 4940 est
754 4890 965 4961 genus
990 4870 1359 4941 humanum
1387 4880 1645 4965 peccato
1682 4872 1880 4965 primi
1919 4871 2208 4941 hominis
2247 4871 2320 4940 in
2358 4893 2587 4941 omnes
2620 4869 3032 4960 originaliter
3069 4876 3474 4955 transeunte,

287 4995 357 5056 et
398 4986 582 5057 illius
622 4987 844 5058 debito
884 5006 1113 5058 omnes
1157 4988 1519 5080 obligante,
1562 4989 1742 5059 unde
1784 5011 2011 5059 omnes
2050 4989 2350 5058 homines
2394 4988 2477 5057 ab
2526 4988 2781 5077 origine
2821 4993 2978 5055 sunt
3021 4986 3145 5055 sub
3186 4983 3479 5077 principe

291 5103 578 5174 diabolo.
611 5103 802 5174 Unde
827 5106 1179 5197 Apostolus
1206 5104 1228 5139 ⁸
1258 5130 1274 5173 t
1308 5108 1607 5175 Eramus
1630 5118 1881 5176 natura
1903 5105 2038 5199 filii
2064 5106 2186 5174 iroe
2226 5133 2242 5175 :
2274 5113 2546 5192 natura,
2582 5102 2848 5190 scilicet,
2891 5109 2967 5171 ut
3001 5110 3099 5170 est
3132 5100 3486 5193 depravata

290 5228 577 5313 peccate,
608 5242 742 5292 non
768 5229 847 5291 ut
870 5228 968 5291 est
991 5230 1166 5291 recta
1189 5230 1403 5291 creata
1436 5223 1519 5292 ab
1550 5223 1765 5294 initio.
1803 5220 2039 5294 Modus
2074 5230 2300 5292 autem
2349 5220 2466 5290 ille
2483 5273 2502 5308 ,
2542 5242 2678 5313 quo
2720 5217 3000 5288 traditus
3041 5225 3137 5288 est
3176 5218 3376 5288 homo
3424 5218 3497 5288 in

364 5362 379 5397 ¹
410 5362 452 5412 11
482 5362 619 5421 Cor„
652 5373 702 5422 V,
733 5361 1186 5425 19.-²August.,
1213 5361 1274 5411 de
1306 5362 1460 5413 civit.
1489 5364 1611 5427 Dei,
1635 5363 1723 5413 lib.
1756 5366 1898 5423 lxm.
1922 5373 2010 5424 κν,
2043 5377 2097 5411 n.
2128 5368 2174 5412 1.
2199 5387 2258 5398 -
2286 5361 2309 5396 ⁸
2340 5358 2490 5422 thid„
2519 5373 2573 5408 n.
2618 5365 2666 5409 2.
2688 5362 2787 5396 -δ
2823 5358 2896 5409 lta
2934 5360 3169 5422 August„
3204 5357 3265 5407 de
3297 5357 3497 5417 Trinit„

301 5433 397 5484 tib.
428 5433 562 5496 xlll,
594 5446 641 5483 c.
668 5445 724 5494 a,
752 5444 805 5483 m
838 5434 930 5495 ¹3,
956 5431 1137 5497 paucis
1158 5433 1463 5484 mutatis.—-
1481 5434 1504 5470 ⁸
1526 5432 1676 5495 leid„
1700 5448 1749 5483 c.
1773 5446 1883 5496 ιιι,
1902 5446 1956 5482 ιι.
1983 5435 2062 5484 ¹6.
2083 5458 2147 5470 -—
2175 5432 2196 5466 ⁸
2219 5431 2424 5496 Ephee„
2453 5441 2523 5494 11,
2552 5434 2602 5479 3.

360 5522 429 5588 (a)
452 5520 596 5571 Edit.
624 5520 954 5585 Benedictis„
981 5520 1308 5585 interposuit.
1330 5549 1395 5562 —
1420 5522 1490 5589 (b)
1519 5521 1846 5573 mortalitate.
