4185 6288
525 3637 736 3682 Fundam.

775 453 898 515 60⁴

764 588 858 649 est
885 583 962 648 de
989 581 1463 666 temporalibus.
1500 582 1579 648 Et
1604 582 1895 648 similiter
1919 583 2127 663 latria,
2164 600 2310 667 quae

765 696 861 756 est
900 692 1107 755 cultus
1145 690 1279 771 Dei,
1322 694 1418 755 est
1459 691 1583 779 alia
1624 692 1853 771 virtus,
1900 710 2095 775 quam
2137 692 2313 757 dulia

764 819 912 884 quae
958 805 1053 866 est
1094 800 1301 865 honor
1341 801 1618 883 proximi
1650 818 1667 862 ε
1696 820 1854 883 ergo
1883 800 2021 885 pari
2067 803 2312 867 ratione

765 908 918 988 alia,
950 912 1012 972 et
1039 907 1163 972 alia
1188 907 1394 973 virtus
1423 908 1580 987 erit,
1612 927 1742 991 qua
1772 908 2064 990 diligitur
2092 909 2310 992 proxi-

764 1035 933 1095 mus,
965 1018 1028 1080 et
1053 1035 1182 1098 qua
1209 1014 1503 1097 diligitur
1534 1015 1721 1080 Deua.

843 1129 903 1188 5.
938 1123 1092 1187 Item
1108 1123 1253 1207 plus
1266 1123 1475 1188 differt
1489 1124 1619 1188 vita
1635 1124 1843 1188 activa
1869 1143 1907 1189 a
1924 1124 2315 1207 contempla-

763 1231 931 1307 tiva,
977 1249 1174 1313 quam
1214 1231 1608 1314 operationes
1654 1232 1941 1311 eiusdem
1970 1232 2123 1296 vitae
2160 1251 2200 1295 a
2230 1232 2309 1314 (α)

763 1356 830 1402 se
858 1337 1135 1402 invicem
1168 1361 1183 1402 ε
1217 1356 1375 1420 ergo
1417 1338 1708 1403 similiter
1737 1339 1880 1422 plus
1924 1339 2136 1403 differt
2177 1339 2311 1403 vir·

764 1448 872 1508 tus
898 1461 1047 1527 quae
1076 1443 1296 1527 dirigit
1324 1444 1651 1509 hominem
1685 1444 1763 1508 ad
1792 1446 1994 1509 vitam
2024 1449 2315 1509 contem-

766 1551 1100 1634 plativam,
1147 1552 1229 1615 ab
1256 1569 1331 1616 ea
1359 1569 1506 1633 quae
1536 1552 1765 1633 dirigit
1807 1552 1887 1617 ad
1921 1553 2119 1616 vitam
2160 1552 2315 1616 acti-

764 1679 938 1740 vam,
970 1678 1166 1742 quam
1204 1659 1352 1724 duae
1393 1659 1663 1722 virtutes
1707 1677 1855 1742 quae
1897 1658 2193 1741 dirigunt
2237 1658 2319 1723 ad

762 1768 964 1832 vitam
991 1766 1551 1849 contemplativam
1583 1788 1598 1828 ε
1635 1766 1743 1830 sed
1770 1767 2067 1844 charitas,
2096 1784 2320 1830 secun-

763 1876 918 1940 dum
959 1875 1131 1956 quod
1172 1877 1268 1937 est
1311 1891 1494 1938 amor
1542 1872 1682 1952 Dei,
1729 1872 1949 1955 dirigit
1987 1874 2066 1938 ad
2118 1874 2318 1937 vitam

763 1981 1366 2064 contemplativam3
1406 1985 1600 2065 prout
1646 1985 1741 2044 est
1782 1999 1964 2044 amor
2013 1980 2314 2064 proximi,

764 2091 841 2154 ad
884 2091 1082 2154 vitam
1130 2090 1441 2154 activam:
1474 2107 1624 2152 cum
1670 2105 1828 2170 ergo
1872 2087 2168 2168 charitas,
2219 2106 2316 2152 se-

764 2198 1047 2263 cundum
1087 2197 1261 2281 quod
1301 2201 1396 2261 est
1422 2214 1606 2260 amor
1634 2195 1781 2275 Dei,
1812 2195 2061 2259 differat
2087 2214 2128 2259 a
2160 2195 2317 2269 fide,

764 2306 908 2370 licet
952 2310 1223 2387 utraque
1268 2322 1492 2368 earum
1538 2304 1620 2368 sit
1658 2304 1866 2368 virtus
1906 2304 2198 2385 dirigens
2239 2303 2319 2367 ad

763 2413 964 2478 vitam
1005 2412 1582 2495 contemplativam,
1630 2411 1887 2477 videtur
1935 2411 2138 2476 multo
2187 2410 2321 2475 for-

763 2522 891 2585 tius
936 2520 1103 2603 quod
1156 2538 1340 2607 amor
1365 2519 1498 2600 Dei,
1524 2523 1588 2583 et
1606 2520 1911 2604 proximi,
1936 2520 2017 2583 ab
2044 2519 2323 2583 invicem

762 2629 1265 2708 distinguantur.

845 2741 907 2799 6.
939 2735 1098 2800 Item
1126 2752 1308 2798 amor
1334 2735 1636 2800 amicitiae
1664 2738 1729 2799 et
1767 2751 1951 2799 amor
1985 2734 2320 2817 concupis-

763 2842 987 2906 centiae
1033 2846 1183 2906 sunt
1229 2841 1503 2906 diversae
1555 2841 1794 2925 species
1855 2842 2095 2905 amoriS
2145 2863 2159 2906 ε
2210 2841 2319 2905 sed

764 2952 1043 3015 charitas
1068 2953 1242 3013 amat
1268 2949 1471 3013 Deum
1502 2967 1720 3013 amore
1763 2949 2314 3031 concupiscentiae,

763 3057 917 3142 quia
969 3056 1117 3122 facit
1172 3056 1371 3121 Deum
1438 3055 1794 3121 desiderare
1863 3060 1927 3119 et
1977 3058 2315 3138 appetere;

761 3166 1131 3251 proximum
1189 3184 1366 3245 vere,
1394 3184 1612 3230 amore
1665 3164 1959 3229 amicitiae
1990 3187 2004 3229 ε
2054 3165 2109 3227 si
2161 3182 2320 3246 ergo

762 3275 887 3339 iuae
913 3278 1066 3338 sunt
1090 3275 1360 3339 diversae
1389 3272 1757 3338 affectiones
1795 3275 1859 3336 et
1903 3271 2175 3337 diversae
2221 3271 2315 3336 di-

763 3382 1082 3461 lectioneS,
1113 3381 1368 3446 videtur
1399 3380 1571 3463 quod
1593 3379 1813 3443 virtus
1842 3379 2168 3443 charitatis
2196 3378 2320 3444 ha-

764 3490 909 3554 beat
936 3488 1345 3572 multiplicari
1369 3506 1485 3570 per
1511 3487 1775 3569 species.

845 3596 970 3660 Sed
997 3600 1219 3660 contra
1251 3617 1266 3659 ε
1301 3595 1465 3660 sicut
1491 3612 1623 3658 una
1652 3597 1749 3658 est
1776 3612 2033 3659 summa
2056 3595 2317 3674 veritas,

763 3705 854 3767 sIc
882 3722 1014 3768 una
1039 3708 1135 3768 est
1158 3720 1415 3766 summa
1442 3702 1692 3767 bonitas
1719 3750 1736 3778 ‚
1783 3703 1938 3785 quia
1967 3702 2132 3766 sicut
2165 3702 2323 3766 fides

764 3811 1030 3876 omnino
1059 3811 1319 3874 assentit
1347 3826 1621 3873 summae
1651 3808 1943 3887 veritati,
1972 3813 2035 3872 et
2063 3794 2323 3892 propter

764 3920 942 3983 illam
993 3919 1192 3982 credit
1246 3916 1558 4001 quidquid
1615 3917 1812 3981 credit
1836 3964 1854 3992 ,
1902 3917 1990 3979 sic
2050 3917 2325 3981 charitas

763 4032 1025 4096 omnino
1052 4029 1333 4094 adhaeret
1353 4045 1628 4092 summae
1655 4025 1943 4104 bonitati,
1979 4033 2041 4089 et
2067 4027 2327 4108 propter

764 4139 935 4203 illam
952 4142 1125 4202 amat
1137 4135 1446 4220 quidquid
1462 4138 1665 4212 amat;
1688 4151 1849 4213 ergo
1874 4132 2040 4197 sicut
2055 4132 2213 4196 fides
2231 4137 2328 4197 est

763 4265 897 4310 una
924 4246 1129 4310 virtus
1165 4249 1227 4309 et
1252 4262 1422 4307 unus
1447 4243 1707 4307 habitus
1733 4243 2026 4321 respectu
2057 4234 2324 4303 creden-

763 4355 1021 4430 dorum,
1054 4353 1141 4416 ita
1168 4355 1232 4416 et
1257 4350 1533 4415 charitas
1559 4350 1848 4432 respectu
1876 4346 2322 4411 amandorum.

846 4462 1005 4527 Item
1035 4461 1199 4524 sicut
1236 4478 1303 4523 se
1346 4458 1540 4522 habet
1582 4455 1911 4520 rationalis
1941 4454 2019 4518 ad
2068 4472 2323 4533 verum,

769 4572 833 4635 et
860 4565 1193 4632 irascibilis
1216 4564 1292 4627 ad
1323 4565 1623 4642 arduum,
1654 4562 1743 4625 sic
1771 4579 1842 4625 se
1870 4561 2064 4624 habet
2091 4578 2330 4626 concu-

767 4676 1072 4763 piscibilis
1098 4674 1178 4739 ad
1202 4675 1446 4739 bonum
1474 4695 1490 4751 ;
1522 4677 1584 4737 et
1610 4673 1775 4736 sicut
1801 4670 1946 4735 eliae
1978 4670 2130 4735 duae
2159 4670 2330 4735 vires

766 4783 1006 4849 habent
1031 4782 1342 4845 unitatem
1370 4780 1440 4843 in
1478 4798 1576 4859 se,
1610 4779 1702 4842 sic
1728 4782 1793 4843 et
1819 4777 1957 4860 ipsa
1986 4777 2328 4859 concupis-

765 4890 969 4955 cibilis
1000 4910 1015 4953 z
1051 4888 1159 4953 sed
1201 4885 1531 4952 rationalis
1554 4934 1571 4963 ,
1606 4887 1675 4949 in
1711 4884 2028 4950 credendo
2060 4902 2325 4965 verum,

767 5017 898 5064 non
922 4997 1115 5061 habet
1152 4994 1369 5078 perfici
1400 4992 1521 5056 nisi
1560 5011 1688 5057 nna
1718 4992 1997 5070 virtute3
2035 4992 2332 5057 similiter

768 5109 831 5169 et
873 5102 1210 5167 irascibilis
1251 5102 1322 5165 in
1370 5100 1765 5183 expectando
1801 5100 2081 5164 arduum
2126 5120 2140 5164 z
2172 5118 2334 5184 ergo

770 5209 1069 5274 similiter
1126 5209 1383 5275 videtur
1446 5207 1618 5291 quod
1692 5206 2197 5290 concupiscibilis
2266 5208 2335 5272 in

838 5350 1083 5415 ¹Coloss„
1114 5363 1197 5417 111,
1230 5353 1420 5403 tim-¹
1447 5351 1619 5413 Arist„
1650 5350 1868 5416 Phyxia,
1900 5350 1988 5401 lib.
2017 5350 2077 5401 ll.

839 5438 909 5505 (a)
941 5437 1024 5490 Al.
1054 5440 1138 5492 ad.
1604 5450 1609 5459 ·

1925 444 2550 516 SENTENTIARUM
2585 445 2738 513 LIB.
2780 448 2889 514 111.

2421 584 2694 648 amando
2720 585 2966 650 bonum
3009 604 3139 652 non
3174 587 3408 653 habeat
3451 588 3576 653 nisi
3617 608 3814 654 unam
3854 610 3944 656 so-

2419 688 2551 754 lam
2611 691 2918 757 virtutem
2987 711 3004 758 ε
3063 695 3172 759 sed
3233 695 3373 760 haec
3437 700 3535 761 est
3599 697 3870 763 charitas
3934 723 3948 764 :

2421 815 2602 880 erge,
2637 802 2756 863 etc.

2502 905 2659 970 Item
2686 912 2930 989 quanto
2976 908 3215 992 aliquid
3242 913 3338 974 est
3366 912 3577 992 magis
3615 913 3954 996 unitivum,

2420 1014 2597 1078 tanto
2639 1014 2848 1095 magis
2874 1015 3069 1079 habet
3093 1017 3161 1079 in
3199 1034 3266 1080 se
3295 1017 3612 1082 unitatem
3643 1041 3659 1083 ε
3695 1020 3806 1085 sed
3833 1023 3958 1085 vir-

2421 1124 2527 1184 tus
2558 1120 2883 1186 charitatis
2907 1123 3074 1188 inter
3100 1127 3363 1189 caeteras
3391 1126 3662 1191 virtutes
3695 1133 3793 1192 est
3818 1148 3961 1212 prae-

2422 1227 2606 1309 cipue
2639 1229 2925 1309 unitiva,
2957 1248 3109 1294 cum
3151 1232 3292 1314 ipsa
3332 1233 3415 1297 sit
3455 1234 3794 1300 vinculum
3821 1256 3960 1320 per-

2424 1335 2730 1416 fectionis,
2760 1338 2924 1403 sicut
2947 1339 3180 1404 dicitur
3210 1340 3301 1407 ad
3328 1343 3759 1412 colossum&
3776 1366 3961 1430 :ergo

2424 1441 2698 1522 videtur,
2725 1445 2895 1527 quod
2921 1446 3195 1510 charitas
3219 1448 3388 1513 inter
3413 1456 3676 1516 caeteras
3705 1455 3961 1520 virtutes

2425 1553 2636 1613 teneat
2660 1551 2974 1616 unitatem
3006 1575 3020 1616 :
3054 1572 3212 1635 ergo
3249 1572 3384 1619 non
3422 1557 3615 1636 habet
3651 1560 3960 1625 subdividi

2425 1672 2540 1738 per
2564 1656 2721 1721 alias
2753 1660 3008 1741 species.

2506 1762 2664 1827 Item
2686 1765 2755 1828 in
2785 1767 2964 1830 omni
2992 1786 3251 1849 genere,
3281 1770 3352 1834 in
3372 1789 3502 1853 quo
3526 1771 3844 1854 contingit
3865 1793 3964 1839 re-

2426 1871 2636 1952 perire
2677 1872 2964 1938 ordinem
3011 1882 3356 1955 motorum,
3396 1896 3658 1943 necesse
3705 1885 3805 1946 oet
3840 1900 3964 1946 m

2426 1981 2662 2041 statum
2689 1979 2758 2043 in
2783 1999 2919 2046 uno
2949 2004 2965 2046 ε
3001 1983 3112 2048 sed
3140 1985 3415 2050 charltas
3440 1989 3752 2052 omnibns
3777 1989 3966 2053 virtu·

2426 2086 2596 2151 tibus
2622 2088 2857 2154 animae
2891 2090 3196 2175 imperat,
3225 2097 3290 2157 et
3314 2112 3542 2160 omnes
3584 2103 3807 2162 movet
3845 2098 3963 2160 tam

2425 2192 2816 2276 theologicas
2852 2215 3049 2280 quam
3083 2199 3434 2266 cardinales
3465 2224 3481 2267 t
3514 2222 3678 2285 ergo
3723 2222 3964 2268 neem

2427 2306 2521 2365 est
2545 2303 2749 2385 ipsam
2775 2303 3010 2371 habere
3037 2307 3349 2372 unitatem
3382 2328 3398 2373 z
3431 2329 3568 2375 non
3607 2329 3775 2393 erg-o
3802 2312 3962 2376 mul·

2427 2409 2746 2492 tiplicatur
2773 2429 2887 2494 per
2914 2413 3177 2495 specioe.

2962 2661 3415 2732 CONCLUSIO.

2430 2835 2731 2894 Chat-itatis
2764 2838 2984 2896 habitus
3012 2844 3091 2896 est
3117 2857 3254 2899 unus
3285 2846 3450 2914 atque
3485 2844 3760 2903 indiviam
3798 2863 3967 2904 mn-

2497 2925 2624 2982 dum
2649 2931 2903 3001 speciem,
2950 2932 3075 2987 licet
3101 2933 3386 2989 seeundum
3412 2934 3767 2993 individuam
3791 2939 3969 2994 mlti-

2491 3017 2768 3088 plicetur:
2808 3018 2969 3076 habet
3010 3023 3154 3077 enim
3186 3038 3355 3079 unum
3395 3023 3686 3095 objectum,
3729 3035 3780 3083 a
3820 3043 3971 3084 nnn

2499 3113 2678 3165 actum
2701 3111 3085 3184 principalem.

2509 3270 2692 3353 Resp.
2742 3271 2824 3336 ad
2870 3289 3012 3353 arg.
3068 3270 3450 3350 Dicendum,
3500 3276 3679 3358 quod
3726 3277 3970 3344 habitus

2429 3378 2750 3442 charitatis
2792 3383 2886 3443 est
2932 3397 3105 3443 unus
3155 3384 3219 3444 et
3265 3381 3579 3447 indiVIsus
3615 3388 3965 3452 secundum

2428 3487 2724 3568 speciem,
2754 3486 2898 3550 licet
2932 3487 3285 3552 secundum
3321 3507 3679 3556 numerum
3727 3493 3970 3576 plurifi-

2430 3598 2628 3658 cetur.
2692 3594 2765 3658 In
2819 3595 3084 3661 diversis
3136 3597 3312 3660 enim
3369 3600 3714 3665 animabus
3765 3602 3971 3685 pluras

2430 3704 2579 3765 sunt
2621 3701 2979 3782 charitates,
3034 3720 3184 3767 cum
3224 3705 3484 3770 habitus
3527 3712 3590 3771 et
3631 3709 3971 3773 accidentia

2432 3814 2855 3874 numerentur
2879 3827 3073 3893 penes
3095 3811 3399 3894 subjecta.
3430 3813 3504 3878 In
3534 3816 3841 3880 omnihus
3863 3836 3971 3881 au·

2432 3920 2563 3981 tem
2601 3917 2670 3980 in
2715 3916 2952 4000 quibus
2986 3923 3109 3997 est,
3141 3923 3234 3982 est
3272 3939 3407 3984 una
3436 3921 3712 3987 charitas
3747 3925 3968 4007 specie,

2432 4027 2690 4107 propter
2732 4023 2854 4087 hoc
2896 4024 3068 4106 quod
3114 4026 3326 4089 unitas
3371 4026 3630 4092 habitus
3670 4031 3852 4095 venit
3899 4031 3971 4094 ab

2435 4130 2679 4195 unitate
2704 4129 2972 4213 obiecti,
3001 4135 3066 4195 et.
3099 4136 3280 4196 actus
3314 4134 3678 4218 principalis
3709 4159 3724 4200 ε
3758 4141 3826 4201 et
3864 4137 3973 4201 hoc

2434 4235 2693 4320 quidem
2726 4239 2822 4301 est
2851 4237 3130 4320 reperire
3156 4239 3222 4302 in
3252 4239 3555 4305 charitate
3575 4290 3594 4319 ‚
3627 4243 3685 4306 si
3709 4244 3859 4327 quis
3884 4244 3975 4307 di·

2434 4344 2706 4426 ligenter
2733 4345 2887 4409 velit
2912 4347 3256 4412 attendere.
3289 4348 3484 4412 Actus
3509 4350 3686 4414 enim
3713 4351 3978 4415 charita-

2435 4452 2516 4517 tis
2563 4456 2659 4516 est
2704 4452 2970 4533 diligere
3009 4475 3024 4515 t
3070 4452 3334 4535 diligere
3382 4458 3599 4519 autem
3643 4457 3822 4522 idem
3866 4463 3976 4534 est,

2438 4559 2608 4642 quod
2640 4558 2796 4624 velle
2827 4559 3069 4626 bonum
3087 4560 3135 4622 ².
3166 4559 3325 4624 Cum
3352 4579 3511 4643 ergo
3536 4563 3820 4627 charitas
3843 4563 3978 4628 dili·

2438 4667 2536 4749 git
2563 4666 2875 4749 aliquem,
2906 4651 3149 4731 bonum
3176 4673 3352 4752 optat
3396 4670 3455 4733 ei
3494 4689 3689 4753 quem
3722 4671 3980 4754 diligit:

2436 4777 2609 4841 istud
2639 4780 2856 4841 autem
2902 4776 3149 4842 bonum
3166 4827 3183 4857 ,
3228 4779 3397 4860 qnod
3446 4778 3722 4843 charitas
3773 4783 3979 4862 optat,

2439 4903 2646 4949 unum
2675 4884 2886 4948 solum
2909 4888 3026 4964 est,
3055 4884 3349 4951 videlicet
3369 4887 3612 4952 bonum
3640 4892 3982 4964 aeternnm,

2441 4997 2504 5059 et
2541 4994 2785 5058 bonum
2808 5009 3159 5057 summum.
3191 4993 3364 5059 Istud
3392 4998 3610 5060 autem
3653 5013 3987 5061 summum

2443 5103 2686 5167 bonum
2714 5100 3054 5183 aliquando
3090 5101 3287 5167 homo
3326 5121 3443 5185 per
3467 5103 3848 5170 charitatem
3876 5123 3990 5187 op-

2443 5213 2536 5275 tat
2565 5209 2713 5290 Deo,
2743 5206 3086 5291 aliquando
3111 5208 3258 5289 sibi,
3291 5209 3638 5293 aliquando
3672 5213 3990 5297 proximo.

2447 5318 2813 5386 Secundum
2839 5315 3010 5399 quod
3034 5320 3212 5401 optat
3249 5317 3466 5402 ipsum
3494 5319 3618 5404 ipsi
3647 5319 3778 5387 Deo
3791 5371 3809 5398 ,
3845 5320 3993 5386 dici·

2448 5432 2557 5494 tur
2584 5424 2852 5508 diligere
2875 5421 3101 5503 Deum,
3123 5423 3280 5506 quia
3301 5424 3447 5491 vult
3469 5428 3649 5509 quod
3673 5428 3813 5511 ipse
3841 5426 3997 5493 Deus
