4185 6288
649 440 767 509 138

643 589 773 636 non
815 572 1191 636 concedatur
1225 572 1398 654 quod
1438 572 1851 653 assumpserit
1876 590 1944 635 se
1981 572 2182 653 passi-

643 679 872 759 bilem,
916 680 1024 745 sed
1064 681 1236 762 quod
1277 680 1661 744 assumendo
1708 680 2186 762 passibilitatem

642 787 858 851 fecerit
901 806 968 851 se
1015 787 1408 869 passibilem
1458 788 1548 851 sic
1597 787 1963 851 conceditur
2015 787 2184 869 quod

644 895 984 976 assumpsit
1037 894 1540 974 humanitatem,
1588 894 1733 959 licet
1784 914 1918 959 non
1962 913 2188 959 conce-

644 1001 830 1065 datur
859 1001 1030 1083 quod
1057 1002 1471 1083 assumpserit
1496 1021 1562 1065 se
1590 1002 1945 1066 bominem.

722 1113 784 1171 Ξ.
829 1108 926 1172 Ad
975 1108 1127 1170 illud
1174 1109 1348 1190 quod
1391 1110 1741 1191 opponitur
1785 1108 1861 1172 de
1908 1108 2190 1171 abstrac-

644 1216 836 1291 tione,
867 1215 1205 1278 dicendum
1245 1215 1414 1297 quod
1445 1215 1656 1298 potius
1694 1215 1843 1278 facit
1884 1214 1961 1276 ad
1991 1232 2190 1296 oppo-

644 1322 838 1385 situm
865 1370 881 1400 ,
940 1340 1139 1404 quam
1189 1323 1268 1385 ad
1322 1322 1741 1405 propositum.
1801 1319 1962 1397 Quia
2015 1320 2188 1383 enim

644 1429 858 1510 signat
902 1429 1279 1493 abstractive
1300 1478 1316 1508 ,
1363 1429 1501 1492 ideo
1547 1428 1763 1518 signat
1804 1428 1874 1491 in
1911 1427 2190 1511 quadam

646 1537 1012 1601 diversitate
1035 1556 1074 1600 a
1096 1537 1459 1620 supposito:
1491 1541 1553 1603 et
1578 1536 1718 1600 ideo
1735 1536 1968 1600 salvari
1989 1538 2194 1617 potest

647 1643 765 1706 ista
802 1644 1079 1707 conditio
1124 1644 1593 1726 assumptionis,
1624 1662 1772 1726 quae
1810 1644 2071 1726 quidem
2100 1648 2195 1708 est

647 1751 962 1815 distinctio
984 1752 1364 1816 assumentis
1387 1751 1467 1814 ad
1493 1756 1927 1834 assumptum:
1949 1768 2079 1816 non
2105 1751 2193 1814 sic

647 1863 864 1923 autem
892 1861 1083 1924 estin
1109 1861 1230 1924 boc
1257 1860 1428 1942 quod
1458 1860 1690 1924 dicitur
1718 1859 1937 1924 homo.

728 1970 789 2029 3.
812 1967 906 2031 Ad
927 1967 1085 2031 illud
1103 1969 1275 2051 quod
1303 1967 1623 2049 objicitur,
1650 1967 1823 2049 quod
1851 1985 2193 2049 nunquam

648 2074 935 2155 deposuit
978 2075 1149 2156 quod
1193 2075 1571 2156 assumpsit,
1631 2074 1970 2137 dicendum
2021 2075 2194 2158 quod

645 2181 769 2244 boc
810 2180 1188 2263 intelligitur
1229 2186 1550 2263 quantum
1593 2181 1673 2245 ad
1724 2180 2037 2263 principia
2078 2198 2196 2244 na-

647 2292 813 2351 turae
838 2336 854 2364 ,
884 2306 1032 2370 quae
1065 2288 1242 2370 prius
1277 2290 1541 2352 fuerunt
1573 2291 1928 2370 assumpta,
1960 2287 2197 2353 scilicet

649 2395 864 2459 anima
875 2402 938 2460 et
955 2414 1100 2461 caro
1124 2419 1138 2459 ε
1161 2399 1477 2478 quantum
1496 2413 1649 2460 vero
1667 2395 1746 2458 ad
1764 2400 2191 2478 coassumpta,

1741 434 2365 527 sementinam
2405 406 2713 504 121132111.

2295 573 2631 640 veritatem
2663 590 2793 638 non
2833 573 3068 652 habet3
3098 574 3395 658 deposuit
3422 575 3599 641 enim
3639 572 3843 657 passi·

2297 682 2626 745 bilitatem.
2658 679 2778 745 Sed
2816 682 2869 744 si
2897 681 3019 745 hoc
3043 683 3234 747 modo
3263 683 3572 765 accipitur
3600 682 3845 747 huma-

2298 790 2465 853 nitas
2509 789 2758 852 ratione
2801 789 3269 872 principiorum
3320 789 3844 854 constituentium

2297 895 2663 975 hominem,
2708 896 2801 959 sic
2839 914 3177 978 nunquam
3212 896 3502 978 deposuit
3539 894 3848 959 humani-

2297 1006 2534 1067 tatem:
2567 1003 2676 1066 sed
2704 1021 2787 1067 ex
2814 1003 2937 1066 boc
2962 1021 3094 1066 non
3123 1003 3444 1084 sequitur:
3478 1026 3510 1063 α
3528 1000 3603 1064 In
3632 1001 3845 1069 triduo

2299 1109 2526 1173 babuit
2544 1109 3007 1173 humanitatem
3032 1131 3046 1171 ε
3072 1127 3230 1189 ergo
3249 1109 3372 1172 suit
3388 1109 3615 1186 homo;
3638 1131 3668 1167 n
3698 1110 3849 1190 quia

2300 1215 2611 1299 principia
2662 1216 2940 1279 hominis
2993 1234 3123 1280 non
3169 1215 3410 1280 faciunt
3467 1216 3800 1280 hominem
3820 1265 3838 1295 ,

2301 1323 2421 1387 nisi
2451 1323 2520 1387 in
2546 1327 2862 1405 quantum
2893 1326 3387 1406 conjunguntur
3422 1323 3504 1387 ad
3545 1323 3846 1402 invicem,

2301 1436 2365 1495 et
2385 1430 2705 1495 uniuntur
2722 1430 2793 1494 in
2811 1431 3123 1494 unitatem
3143 1448 3434 1513 personae
3454 1452 3470 1494 2
3498 1434 3564 1494 et
3583 1430 3741 1497 alter
3764 1434 3845 1513 (α)

2303 1537 2569 1602 istorum
2597 1538 2937 1602 modorum
2965 1538 3293 1602 deficiebat
3316 1539 3382 1601 in
3405 1538 3642 1602 triduo.
3669 1537 3849 1615 Quod

2306 1645 2360 1707 si
2388 1645 2650 1709 nomine
2677 1646 3095 1711 humanitatis
3124 1645 3522 1727 intelligatur
3553 1645 3689 1728 ipsa
3714 1646 3853 1710 for·-

2307 1773 2416 1818 ma
2460 1772 2862 1839 consequens
2900 1756 3322 1838 compositum
3341 1802 3359 1831 ,
3391 1755 3495 1819 vel
3529 1753 3667 1835 ipsa
3702 1772 3853 1835 pro·-

2307 1864 2561 1945 prietas,
2597 1882 2730 1928 non
2757 1866 3006 1946 oportet
3031 1862 3203 1945 quod
3230 1862 3299 1926 in
3329 1862 3544 1926 triduo
3569 1860 3856 1925 Christus

2306 1970 2604 2035 babuerit
2647 1970 3146 2048 humanitatem;
3180 1970 3334 2052 quia
3355 2018 3373 2049 ,
3405 1969 3569 2033 sicut
3612 1969 3855 2033 dictum

2306 2082 2437 2157 est,
2482 2077 2630 2142 talia
2674 2097 2807 2143 non
2850 2080 3115 2143 fuerunt
3150 2077 3359 2160 primo
3404 2080 3693 2160 sumpta,
3742 2076 3855 2141 sed

2306 2186 2516 2267 magis
2540 2192 2963 2270 coassumpta.

2387 2297 2447 2355 4.
2502 2293 2601 2357 Ad
2663 2293 2824 2357 illud
2886 2292 3055 2376 quod
3121 2292 3349 2357 ultimo
3402 2293 3818 2374 quaerebatur
3834 2339 3853 2367 ‚

2307 2404 2479 2482 patet
2516 2401 2841 2483 responsio
2877 2419 2962 2464 ex
3000 2399 3102 2464 his
3141 2416 3293 2482 quae
3316 2400 3455 2480 jam
3490 2398 3654 2463 dicta
3678 2403 3854 2462 sunt.

1764 2711 2499 2807 DISTINCTIO
2602 2712 2746 2805 Vl

652 2969 731 3015 ΒΕ
776 2968 1238 3014 INTELLIGENTIA
1282 2968 1495 3013 flamm
1533 2966 1919 3014 Locmlouuu
1953 2970 1968 3012 ἕ
2010 2971 2045 3010 ί(
2091 2966 2244 3013 DEUS
2297 2967 2525 3014 FACTUS
2562 2968 2671 3014 EST
2710 2968 2911 3031 HOMO,
2956 2968 3113 3014 DBUS
3149 2968 3258 3014 EST
3311 2967 3506 3031 noum
3540 2969 3575 3007 D
3627 2966 3706 3012 An
3752 2967 3859 3012 ms

743 3084 1179 3131 Locn'rlomssus
1203 3084 1466 3129 nch'rUR
1494 3084 1647 3129 mms
1673 3084 1900 3130 FACTUS
1939 3083 2082 3129 ESSE
2122 3083 2396 3149 ALIQUID,
2426 3085 2547 3131 VEL
2574 3084 2717 3131 ESSE
2748 3084 3020 3149 amomo,
3053 3085 3178 3131 VEL
3221 3084 3342 3130 Non
3385 3084 3526 3130 Esse
3561 3082 3850 3137 motum

748 3201 824 3246 ΕΤ
851 3200 1232 3246 Rsscrrmmt
1255 3202 1334 3247 DE
1359 3200 1481 3246 HOC
1508 3201 1659 3246 TRES
1696 3199 2072 3247 Posrrmmts·

605 3477 631 3500 ὓ
747 3403 845 3469 Ex
897 3401 1247 3492 praemissis
1299 3410 1517 3470 autem
1565 3404 1840 3493 emergit
1895 3404 2167 3496 quaestio
2213 3404 2583 3495 plurimum
2623 3403 2967 3473 continens
3010 3404 3341 3490 utilitatis,
3401 3404 3514 3472 sed
3568 3404 3857 3472 nimium

540 3521 612 3563 ¹¹⁶¹
660 3518 1064 3587 difficultatis
1089 3526 1287 3609 atque
1314 3518 1783 3610 perplexitatis
1828 3520 1996 3589 Cum
2038 3520 2218 3589 enim
2264 3528 2513 3588 constet
2555 3543 2636 3588 ex
2680 3520 3006 3613 praedictis
3046 3528 3110 3588 et
3152 3520 3301 3589 aliis
3347 3520 3653 3612 pluribus
3679 3518 3861 3587 testi-

591 3660 634 3688 ε·
662 3635 900 3704 moniis
924 3687 942 3720 ,
997 3656 1355 3726 omnesque
1407 3635 1707 3705 catholici
1764 3636 2171 3705 unanimiter
2223 3636 2553 3704 fateantur
2597 3636 2811 3704 Deum
2866 3636 3110 3704 factum
3174 3658 3311 3704 esse
3358 3635 3716 3720 hominem,
3790 3643 3865 3703 et

420 3721 535 3810 mr’a
562 3722 633 3824 ΒΤ.
661 3750 994 3820 Christum
1023 3772 1253 3818 verum
1286 3751 1498 3819 Deum
1525 3775 1686 3837 esse,
1716 3761 1781 3819 et
1808 3775 2043 3821 verum
2072 3752 2437 3838 hominem,
2468 3753 2794 3845 quaeritur
2820 3776 2907 3821 an
2949 3752 3051 3820 his
3079 3751 3521 3821 locutionibus
3561 3778 3578 3818 :
3619 3779 3655 3817 ε(
3681 3751 3866 3819 Deus

434 3893 460 3936 d
494 3908 532 3935 m
554 3909 622 3936 n.
662 3868 869 3935 factus
894 3877 989 3935 est
1019 3867 1214 3934 homo
1249 3893 1263 3934 ε
1295 3867 1513 3935 Filius
1540 3868 1658 3935 Dei
1687 3869 1898 3937 factus
1917 3878 2014 3937 est
2033 3870 2215 3936 filius
2230 3869 2550 3937 hominis:
2588 3869 2763 3937 Deus
2789 3878 2883 3937 est
2911 3869 3134 3954 hom0,
3165 3878 3230 3936 et
3258 3869 3456 3937 homo
3479 3877 3576 3936 est
3598 3867 3855 3954 Deus,»

593 3971 636 3999 θ’
661 3984 915 4052 dicatur
943 3983 1118 4052 Deus
1144 3984 1352 4052 factus
1380 4007 1516 4052 esse
1559 3985 1842 4078 aliquid,
1889 3987 1996 4053 vel
2045 4008 2182 4054 esse
2228 3985 2507 4077 aliquid,
2552 3986 2660 4054 vel
2704 3986 2959 4078 aliquid
3000 3985 3260 4053 dicatur
3300 3981 3438 4053 esse
3463 3985 3659 4068 DeuS,
3682 3991 3865 4051 etan

447 4102 614 4187 monsss.
663 4101 754 4168 ita
779 4101 1126 4169 conveniat
1150 4100 1278 4168 dici
1314 4126 1329 4167 ε
1366 4128 1401 4167 «
1432 4102 1647 4170 Homo
1677 4102 1886 4169 factus
1927 4112 2022 4170 est
2067 4101 2269 4189 Deus,
2328 4109 2393 4169 et
2444 4102 2627 4169 filius
2682 4102 2971 4170 hominis
3026 4103 3235 4171 factus
3286 4110 3382 4169 est
3403 4102 3613 4170 Filius
3637 4100 3781 4185 Dei,
3815 4125 3862 4167 ι)

660 4217 830 4285 sicut
852 4241 888 4286 e
915 4239 1228 4285 converso
1256 4217 1500 4285 dicitur
1536 4245 1551 4285 ε
1584 4225 1649 4285 et
1676 4219 1731 4284 si
1760 4241 1840 4286 ex
1882 4217 1987 4285 his
2035 4217 2479 4286 locutionibus
2516 4240 2651 4287 non
2691 4218 2931 4287 dicitur
2972 4219 3149 4286 Deus
3174 4218 3386 4287 factus
3411 4238 3547 4286 esse
3574 4216 3864 4308 aliquid,

662 4335 768 4403 vel
795 4357 931 4402 esse
958 4333 1237 4425 aliquid,
1269 4356 1420 4424 quae
1448 4333 1530 4401 sit
1559 4333 2004 4422 intelligentia
2045 4335 2288 4403 harum
2327 4334 2739 4405 locutionum
2782 4343 2849 4402 et
2871 4335 3218 4402 similium.
3250 4335 3330 4401 In
3359 4334 3561 4424 hujus
3586 4332 3873 4426 profun-

660 4450 880 4520 ditatis
908 4449 1325 4536 reseratione,
1357 4456 1423 4517 et
1449 4450 1852 4540 scrupulosae
1890 4451 2275 4542 quaestionis
2300 4451 2706 4542 expositione
2734 4450 3102 4541 plurimum
3134 4450 3400 4518 differre
3427 4450 3876 4518 inveniuntur

662 4566 1007 4659 sapientes.
2258 4577 2261 4582 '

756 4682 891 4751 Alii
922 4681 1099 4751 enim
1127 4681 1403 4750 dicunt
1388 4706 1458 4750 m
1486 4684 1630 4773 ipsa
1672 4683 1878 4752 Verbi
1919 4682 2371 4752 incarnatione
2405 4683 2743 4751 homiuem
2782 4682 3137 4774 quemdam
3183 4704 3264 4750 ex
3307 4681 3529 4749 anima
3554 4680 3878 4751 rationali

581 4849 619 4876 ῃ,
594 4785 731 4868 net
767 4800 1062 4869 humana
1104 4822 1298 4869 carne
1341 4800 1802 4886 constitutum,
1849 4823 1930 4868 ex
1967 4799 2214 4892 quibus
2257 4799 2517 4868 duobus
2562 4799 2779 4867 omnis
2816 4822 3013 4867 verus
3052 4798 3251 4866 homo
3301 4796 3749 4881 constituitur,
3797 4808 3880 4868 et

425 4897 577 5001 155,ss
549 4902 642 5013 2³1„-
667 4917 781 4984 ille
807 4916 1005 4985 homo
1031 4917 1228 5008 coepit
1255 4939 1389 4984 esse
1416 4917 1616 5003 Densi,
1664 4939 1798 4985 non
1847 4917 2119 5008 quidem
2166 4923 2404 4984 natura
2443 4915 2585 4999 Dei,
2641 4916 2753 4984 sed
2799 4937 3076 5007 persona
3107 4913 3341 4999 Verbi,
3378 4921 3442 4981 et
3467 4913 3645 4981 Deus
3667 4913 3883 5004 coepit

425 5034 613 5125 ”¹⁰,¹¹¹'¹¹
537 5084 623 5125 Μ
616 5033 803 5099 ο5555
827 5031 1026 5101 homo
1053 5032 1192 5100 ille.
1229 5032 1615 5102 Concedunt
1641 5034 1839 5101 etiam
1869 5032 2206 5100 hominem
2245 5031 2441 5099 illum
2471 5039 2881 5122 assumptum
2908 5053 2948 5097 a
2972 5029 3195 5099 Verbo
3223 5037 3288 5096 et
3314 5028 3580 5096 unitum
3607 5027 3872 5117 Verbo,

423 4713 488 4764 Qu
489 4723 595 4753 σοι-ιι

425 4775 522 4815 dam

490 4785 589 4939 nti}

447 4841 487 4939 tre

453 5145 612 5250 3022
670 5154 734 5212 et
756 5153 974 5214 tamen
1002 5170 1139 5214 esse
1164 5148 1512 5218 Verbum·
1546 5159 1611 5218 et
1637 5173 1713 5218 ea
1755 5149 2005 5218 ratione
2053 5147 2323 5216 tradunt
2377 5147 2628 5215 dictum
2669 5169 2805 5215 esse
2845 5146 3057 5214 Deum
3085 5145 3333 5213 factum
3360 5144 3725 5231 hominem,
3758 5147 3885 5216 vel

428 5276 640 5380 ξφωξιῃίό
668 5285 752 5328 55.
739 5284 804 5327 5
830 5262 1194 5349 hominem,
1226 5265 1387 5355 quia
1412 5265 1588 5334 Deus
1634 5266 1845 5336 factus
1891 5273 2011 5353 est,
2068 5263 2137 5331 id
2195 5273 2312 5352 est,
2360 5262 2555 5358 coepit
2596 5286 2733 5331 esse
2780 5262 3081 5356 quaedam
3137 5261 3504 5330 substantia
3531 5283 3613 5330 ex
3645 5260 3887 5333 anima

608 5366 623 5392 9

734 5430 799 5492 (a)
829 5429 953 5485 Care.
980 5428 1105 5480 edit.
1124 5431 1290 5490 alteri.
