4185 6288
26 2926 86 2969 Ad
112 2937 228 2981 opp.

1190 493 1386 562 ms'r.
1430 492 1871 561 mnsam.
1914 495 2023 561 111.
2067 493 2367 574 QUAEST.
2410 495 2520 561 111.

267 631 561 698 habitum
639 629 788 696 fidei
860 634 1176 713 quantum
1252 629 1331 695 ad
1399 629 1556 694 illud
1630 630 1804 712 quod

262 743 356 805 est
396 740 465 803 in
501 757 576 803 ea
610 737 875 802 formale
909 755 926 801 ε
963 736 1154 801 habet
1191 738 1365 802 enim
1406 736 1644 820 aliquid
1672 755 1802 819 quo

263 849 597 929 promptus
622 844 740 908 erit
760 847 826 908 et
843 842 1045 909 facilis
1069 843 1152 908 ad
1179 843 1651 908 assentiendum
1672 861 1806 906 om-

262 951 453 1018 nibus
480 949 760 1015 articulis
780 950 954 1029 fldei,
985 949 1039 1013 si
1065 950 1126 1014 ei
1153 952 1619 1033 proponantur,
1654 968 1802 1013 cum

262 1058 344 1123 ad
368 1057 650 1122 adultam
675 1060 930 1123 aetatem
958 1057 1338 1140 pervenerit.
1369 1057 1551 1123 Caret
1592 1061 1806 1121 tamen

263 1183 340 1229 ea
377 1164 742 1245 cognitione
760 1212 781 1243 ,
812 1182 960 1248 quae
1012 1167 1108 1231 est
1140 1164 1483 1230 materialis
1513 1169 1805 1247 respectu

261 1271 450 1350 fidei,
486 1271 623 1335 sine
663 1289 793 1354 qua
818 1271 938 1336 etsi
983 1270 1165 1336 imud
1200 1270 1466 1336 formale
1493 1272 1692 1354 possit
1735 1271 1806 1336 in

260 1380 546 1454 animam
577 1379 831 1463 parvuli
870 1379 1124 1445 infundi
1143 1428 1162 1459 ,
1192 1397 1322 1444 non
1346 1385 1563 1445 tamen
1602 1382 1808 1462 potest

259 1486 533 1552 radicari
560 1490 625 1551 et
651 1486 959 1551 stabiliri:
986 1491 1049 1551 et
1075 1491 1409 1571 propterea
1439 1486 1515 1566 si,
1539 1504 1689 1550 cum
1725 1487 1804 1551 ad

258 1594 545 1660 adultam
589 1598 842 1659 aetatem
888 1595 1274 1678 pervenerit,
1315 1598 1710 1678 proponatur
1744 1597 1805 1662 ei

257 1718 437 1765 error
462 1701 586 1765 suh
612 1701 860 1766 ratione
908 1701 1231 1781 credibili,
1260 1701 1441 1767 facile
1468 1702 1806 1784 expellitur

256 1808 515 1873 habitus
540 1808 723 1887 fidei,
752 1810 816 1874 et
843 1808 933 1873 ita
961 1807 1040 1872 de
1082 1808 1251 1873 facili
1296 1811 1598 1888 assentit,
1637 1828 1713 1875 ac
1750 1812 1805 1875 si

254 1916 550 1982 habitum
587 1917 738 1982 fidei
776 1935 1115 2001 nunquam
1158 1919 1519 1997 habuisset,
1550 1924 1805 2003 propter

253 2025 378 2089 hoc
413 2024 588 2107 quod
628 2024 907 2090 liberum
952 2025 1290 2091 arbitrium
1329 2032 1586 2110 propter
1635 2026 1804 2092 inas-

255 2137 666 2202 suetudinem
705 2137 908 2203 nescit
952 2137 1061 2202 illo
1102 2139 1197 2203 uti
1229 2160 1245 2204 ε
1287 2143 1351 2203 et
1391 2139 1499 2204 ille
1547 2141 1805 2206 habitus

254 2265 390 2311 non
416 2247 541 2312 fuit
556 2249 626 2311 in
659 2248 942 2331 potentia
953 2247 1295 2329 radicatus,
1320 2250 1618 2332 quamvis
1643 2255 1807 2315 esset

253 2354 322 2419 in
349 2372 427 2420 ea
452 2354 723 2419 infusus.
766 2353 855 2419 De
888 2355 1009 2419 hoc
1039 2360 1257 2421 autem
1284 2355 1355 2420 in
1381 2357 1543 2422 libro
1577 2362 1805 2440 quarto

253 2460 529 2527 habetur
551 2460 869 2527 diffusius.
1431 2490 1434 2493 “

783 2615 1139 2696 QUAESTIO
1167 2618 1273 2686 111.

471 2752 566 2810 An
586 2753 715 2825 tides
740 2756 992 2824 informis
1016 2757 1091 2812 sit
1116 2758 1179 2815 in
1205 2756 1530 2815 doemonibus
1550 2765 1588 2815 ¹.

336 2889 425 2954 De
451 2890 737 2973 subjecto
763 2892 912 2957 fidei
944 2892 1232 2957 informis
1263 2914 1279 2957 t
1311 2898 1373 2957 et
1408 2898 1504 2959 est
1533 2897 1803 2977 quaestio

257 3000 478 3061 utrum
518 2999 676 3063 fides
713 2999 1002 3065 informis
1039 3001 1122 3064 sit
1162 3001 1232 3064 in
1276 3001 1711 3085 daemonibus3
1741 3009 1804 3070 et

254 3094 430 3190 ¹quod
475 3107 588 3190 sic,
633 3109 889 3175 videtur
914 3112 938 3148 ²
967 3129 982 3173 ε
1015 3112 1341 3183 Daemones
1387 3113 1685 3194 credunt,
1743 3121 1804 3184 et

255 3218 750 3284 contremiscunt
778 3238 801 3280 .·
827 3219 882 3283 si
907 3238 1065 3301 ergo
1097 3221 1283 3302 fides,
1320 3240 1467 3306 quae
1494 3228 1587 3288 est
1621 3225 1802 3306 prin-

254 3321 498 3406 cipium
537 3324 785 3390 timoris
805 3375 823 3406 ,
863 3325 1005 3393 haec
1029 3332 1125 3393 est
1152 3330 1330 3411 fides,
1361 3348 1512 3412 quae
1544 3334 1640 3396 est
1661 3331 1802 3396 vir-

259 3433 368 3495 tus
401 3430 715 3511 informis,
744 3434 1003 3501 videtur
1034 3438 1207 3521 quod
1234 3439 1419 3520 fides,
1451 3442 1803 3506 secundum

254 3538 430 3622 quod
460 3544 554 3604 est
580 3540 809 3621 virtus,
846 3543 1020 3607 sitin
1051 3545 1478 3612 daemonibus.

337 3650 397 3712 2.
432 3647 614 3729 Item,
654 3667 849 3733 super
876 3652 1033 3717 illud
1058 3652 1081 3689 ⁸
1107 3675 1125 3717 t
1154 3654 1430 3721 ,Iustitia
1472 3655 1590 3721 Dei
1632 3670 1805 3722 reve-

252 3756 433 3823 latur
459 3771 544 3823 ex
571 3757 703 3838 fide
729 3760 805 3825 in
833 3758 1061 3839 tidem,
1093 3759 1310 3827 Glossa
1347 3784 1364 3828 ε
1404 3786 1436 3825 α
1465 3761 1651 3828 Fides
1677 3763 1804 3828 dae-

251 3881 528 3929 monum
571 3868 666 3929 est
685 3914 706 3945 ,
748 3868 813 3930 et
860 3866 1122 3932 nomine
1174 3872 1361 3934 tenus
1415 3868 1804 3935 Christiano-

250 3988 426 4035 rum.
456 3994 487 4031 n
524 3969 651 4036 Sed
677 3971 746 4036 in
773 3971 1180 4054 Christianis,
1214 3976 1323 4058 qui
1355 3979 1509 4042 sunt
1539 3979 1801 4043 nomine

249 4083 445 4143 tenus
482 4078 841 4159 Christiani,
872 4086 967 4146 est
990 4082 1145 4147 fides
1173 4082 1463 4149 informis
1487 4089 1799 4169 tanquam

248 4186 324 4251 in
346 4186 630 4269 subjecto
656 4189 737 4271 (α)
766 4210 783 4253 t
816 4206 977 4271 ergo
997 4193 1063 4254 et
1088 4190 1156 4254 in
1185 4191 1608 4257 daemonibus.

336 4294 397 4354 3.
427 4289 587 4356 Item
611 4296 633 4330 ⁴
664 4314 680 4356 ε
719 4292 890 4367 Quid
905 4292 1114 4375 nobis,
1146 4301 1210 4362 ec
1234 4294 1378 4375 tibi,
1404 4296 1556 4362 Jesu
1585 4297 1800 4376 Naza-

245 4413 399 4464 rene
416 4398 453 4463 ἲ
493 4402 560 4463 et
597 4415 767 4483 saepe
805 4400 876 4464 in
921 4399 1273 4482 Evangelio
1313 4403 1638 4468 daemonoe
1664 4402 1799 4468 cla-

245 4503 519 4575 mabant
543 4505 866 4571 Christum
904 4525 1040 4572 esse
1066 4507 1295 4573 Filium
1322 4508 1433 4574 Dei
1461 4528 1479 4574 ε
1509 4510 1617 4574 sed
1645 4528 1796 4574 con-

244 4617 398 4692 stat,
429 4613 601 4695 quod
630 4615 773 4697 ejus
801 4613 1197 4680 divinitatem
1222 4634 1356 4681 non
1385 4620 1678 4700 poterant
1701 4617 1798 4683 in-

243 4719 457 4797 tueri;
488 4723 556 4784 et
576 4720 704 4785 hoc
725 4725 1036 4805 estsuper
1065 4723 1401 4802 rationem,
1432 4725 1603 4808 quod
1636 4725 1800 4790 Deus

243 4829 436 4892 fieret
483 4828 681 4894 homo
712 4851 729 4894 ε
779 4847 935 4911 ergo
979 4830 1234 4897 videtur
1284 4833 1458 4916 quod
1495 4834 1620 4898 hoc
1665 4850 1798 4897 non

245 4940 593 5016 noverant,
615 4936 739 5002 nisi
765 4937 1134 5020 cognitione
1155 4940 1339 5008 fidei:
1363 4957 1521 5023 ergo
1547 4942 1799 5008 videtur

246 5043 431 5127 quod
447 5044 815 5112 hahuerunt
835 5045 1051 5111 fidem.

320 5220 338 5253 ¹
362 5219 443 5283 Cf.
466 5219 609 5272 Alex.
633 5219 852 5284 Alcnsis,
871 5234 924 5285 p.
954 5221 1039 5285 ΙΙΙ,
1065 5234 1118 5285 q.
1139 5233 1263 5273 nx1v
1287 5259 1306 5288 ,
1324 5225 1515 5276 memb.
1537 5228 1665 5289 7;S.
1682 5226 1799 5287 Th„

253 5292 396 5355 11-11,
417 5302 518 5355 q‚v
539 5331 553 5354 ,
575 5295 669 5342 art.
690 5296 751 5353 23
786 5294 840 5341 et
859 5293 922 5342 m
944 5293 1103 5355 Seni„
1123 5292 1236 5346 dist,
1265 5306 1416 5360 xxm,
1441 5309 1492 5361 q.
1513 5307 1580 5360 iv,
1611 5302 1706 5350 art.
1736 5299 1796 5360 33

321 5396 390 5458 (ιι)
408 5392 547 5444 Edit.
571 5389 812 5442 Vemadd.
831 5395 901 5440 et.

3335 498 3453 560 503

2008 634 2073 695 4.
2126 629 2284 694 Item
2349 629 2635 711 cognitio
2692 628 3015 693 Trinitatis
3072 633 3137 693 et
3188 628 3454 694 Unitatis

1912 755 2107 819 supra
2133 737 2446 801 rationem
2473 740 2587 816 est,
2610 738 2774 801 sicut
2798 737 2865 799 in
2881 736 3092 819 primo
3118 736 3284 800 libro
3306 742 3328 776 ⁸
3355 754 3453 799 os-

1911 847 2167 909 tensum
2193 845 2315 909 fuit
2334 865 2357 906 .-
2374 845 2483 910 sed
2500 845 2822 909 daemones
2839 848 3234 926 cognoscunt
3249 842 3448 906 Deum

1913 968 2048 1014 esse
2078 953 2322 1016 trinum
2356 957 2420 1017 et
2463 971 2702 1032 unum,
2735 956 2798 1015 et
2822 951 2965 1015 talis
2992 950 3294 1033 cognitio,
3323 968 3453 1032 qua

1913 1059 2321 1139 cognoscitur
2366 1058 2532 1125 Deus
2576 1079 2714 1124 esse
2755 1060 2961 1123 trinus
3004 1062 3067 1122 et
3111 1076 3309 1138 unuS,
3348 1054 3453 1122 vel

1912 1168 2007 1229 est
2049 1166 2329 1247 cognitio
2364 1166 2537 1246 fidei,
2570 1168 2674 1231 vel
2711 1171 2806 1230 est
2836 1166 3118 1248 cognitio
3161 1183 3453 1247 compre-

1912 1273 2279 1338 hensionis:
2311 1291 2460 1338 cum
2484 1292 2644 1355 ergo
2673 1274 2996 1338 daemones
3021 1292 3153 1338 non
3179 1272 3453 1337 habeant

1913 1382 2346 1463 cognitionem
2371 1381 2954 1466 comprehensionis
2980 1381 3061 1446 de
3086 1381 3223 1464 ipsa
3245 1379 3454 1444 Trini-

1913 1493 2063 1565 tate,
2092 1488 2330 1553 habent
2353 1507 2514 1570 ergo
2540 1489 2977 1570 cognitionem
3013 1488 3184 1552 ssdei.

1992 1596 2120 1661 Sed
2164 1599 2380 1660 contra
2414 1619 2429 1659 :
2463 1600 2521 1661 1.
2572 1595 2778 1679 Super
2818 1596 2979 1660 illud
3005 1603 3064 1658 ⁸:
3104 1596 3253 1670 Quoe
3297 1610 3451 1661 con-
3482 1618 3693 1663 Fundam.

1910 1708 2127 1773 ventio
2160 1705 2407 1774 Christi
2435 1706 2524 1772 ad
2550 1705 2751 1771 Belial
2768 1707 2801 1770 P
2829 1705 2979 1769 dicit
3004 1704 3253 1770 Glossa:
3294 1728 3325 1765 α
3353 1703 3454 1769 Si-

1912 1819 2022 1879 cut
2059 1813 2344 1879 Christus
2384 1814 2602 1879 omnia
2644 1814 2808 1878 hene
2834 1813 3014 1892 facit,
3048 1813 3140 1877 sic
3168 1813 3454 1877 diabolus

1912 1921 2133 1985 omnia
2174 1922 2363 1986 male.
2407 1942 2438 1981 ι
2486 1922 2608 1987 Sed
2655 1922 2907 1986 credere
2959 1921 3110 1985 fidei
3166 1919 3456 1984 informis

1913 2031 2007 2092 est
2051 2031 2232 2093 actus
2272 2028 2528 2094 virtutis
2545 2077 2567 2109 ,
2598 2033 2661 2093 et
2691 2030 2872 2093 actus
2908 2030 3118 2093 bonus
3152 2050 3167 2093 :
3200 2046 3359 2109 ergo
3400 2028 3454 2090 si

1912 2134 2224 2199 daemonis
2269 2140 2365 2200 est
2407 2135 2627 2200 omnia
2678 2136 2844 2200 male
2895 2136 3101 2201 facere
3124 2184 3141 2213 ‚
3197 2136 3456 2201 videtur

1912 2243 2083 2326 quod
2122 2244 2203 2309 ad
2241 2244 2455 2327 ipsum
2482 2263 2616 2309 non
2644 2248 2882 2327 spectet
2906 2244 3117 2327 ipsum
3147 2243 3400 2309 credere
3432 2262 3450 2307 ε

1912 2368 2072 2433 ergo
2103 2369 2221 2415 uec
2246 2351 2482 2416 habere
2508 2353 2701 2418 fldem
2727 2353 3089 2419 intormem.

1993 2457 2154 2522 Item
2181 2457 2338 2522 fides
2366 2459 2655 2524 informis
2683 2464 2779 2524 est
2806 2460 3062 2525 habitus
3086 2461 3361 2539 infusus,
3392 2462 3455 2525 et

1912 2565 2158 2630 donum
2188 2565 2298 2630 Dei
2326 2588 2341 2630 ε
2374 2568 2429 2630 si
2455 2584 2613 2648 ergo
2639 2567 2961 2630 daemones
2976 2567 3214 2632 hahent
3235 2568 3449 2648 fldem,

1911 2676 2027 2737 aut
2065 2673 2277 2737 infusa
2318 2677 2411 2737 est
2453 2673 2543 2738 eis
2592 2679 2739 2738 ante
2782 2674 3035 2756 lapsum
3057 2719 3075 2755 ,
3108 2679 3223 2739 aut
3259 2679 3402 2757 post
3435 2699 3448 2740 :

1912 2783 2060 2844 ante
2102 2780 2354 2863 lapsum
2397 2799 2530 2846 non
2555 2828 2573 2859 ,
2604 2782 2754 2865 quia
2786 2786 2943 2846 tunc
2979 2800 3111 2846 non
3152 2786 3338 2847 crant
3383 2781 3452 2846 in

1912 2891 2105 2964 statu,
2135 2888 2204 2951 in
2234 2907 2364 2972 quo
2392 2893 2554 2953 asset
2582 2889 2673 2953 eis
2698 2890 2855 2954 fides
2883 2894 3278 2974 opportuna3
3311 2893 3453 2972 post

1911 2995 2162 3078 lapsum
2209 3014 2375 3077 non,
2412 2997 2570 3080 quia
2607 2997 2902 3062 obstinati
2942 3001 3094 3061 sunt
3110 3046 3129 3077 ,
3167 3001 3251 3084 ut,
3287 2998 3453 3063 dona

1912 3104 2023 3170 Dei
2053 3122 2186 3169 nou
2209 3106 2451 3188 possint
2472 3106 2788 3190 suscipere
2810 3127 2825 3171 :
2849 3123 3008 3189 ergo
3033 3106 3089 3170 si
3114 3123 3452 3190 nunquam

1910 3213 2277 3277 habuerunt
2311 3213 2601 3278 habitum
2643 3214 2792 3280 fidei
2829 3215 3113 3278 infusum
3132 3262 3150 3292 ,
3197 3217 3262 3278 et
3300 3213 3453 3277 fides

1911 3318 2205 3385 informis
2247 3325 2342 3384 est
2387 3339 2503 3404 per
2540 3321 2959 3399 infusionem,
2988 3340 3146 3404 ergo
3174 3340 3307 3386 non
3331 3321 3452 3386 ha-

1912 3427 2064 3491 bent
2090 3427 2283 3492 fidem
2312 3428 2673 3494 informem.

1993 3536 2150 3600 Item
2194 3537 2471 3614 credere,
2518 3537 2689 3618 quod
2723 3541 2817 3602 est
2856 3541 3034 3601 actus
3070 3537 3217 3602 fidei
3247 3536 3450 3602 infor-

1912 3645 2065 3724 mis,
2119 3648 2218 3709 est
2275 3646 2713 3709 voluntarium
2733 3693 2750 3721 ,
2810 3645 2963 3728 quia
3016 3664 3167 3708 cum
3224 3647 3453 3710 caetera

1910 3751 2107 3834 possit
2148 3751 2344 3816 homo
2376 3753 2619 3832 nolens,
2652 3752 2905 3816 credere
2937 3771 3068 3817 nou
3095 3755 3299 3836 potest
3324 3751 3451 3815 nisi

1911 3859 2134 3922 volens
2160 3881 2176 3923 z
2203 3860 2313 3926 sed
2340 3860 2685 3939 daemoneS,
2714 3863 3032 3942 quantum
3060 3865 3253 3924 estex
3273 3863 3448 3942 parte

1911 3966 2259 4030 voluntatis
2297 3985 2432 4059 suae
2454 4015 2472 4045 ,
2504 3969 2872 4051 repugnant
2904 3967 3083 4031 omni
3111 3968 3360 4031 veritati
3388 3971 3451 4031 et

1911 4074 2090 4138 omni
2114 4075 2285 4139 hono
2315 4095 2332 4140 ε
2367 4077 2421 4139 si
2459 4094 2617 4159 ergo
2645 4076 2783 4159 ipsa
2809 4077 2967 4142 fides
2993 4076 3279 4141 informis
3306 4075 3453 4140 facit

1910 4183 2165 4248 credere
2204 4184 2585 4265 voluntarie,
2632 4185 2885 4249 videtur
2925 4184 3097 4267 quod
3127 4183 3450 4248 daemones

1910 4308 2041 4355 non
2068 4290 2344 4355 habeant
2370 4291 2597 4373 ipsam.

1990 4398 2150 4463 Item
2182 4399 2341 4463 fides
2365 4399 2655 4463 informis
2682 4404 2776 4463 est
2793 4399 3182 4482 principium
3200 4399 3450 4464 timoris

1909 4506 2193 4572 servilis:
2224 4510 2288 4570 et
2313 4507 2506 4571 timor
2536 4506 2782 4571 servilis
2813 4506 2958 4570 facit
2983 4510 3315 4589 peccatum
3342 4508 3448 4572 fu-

1909 4631 2063 4695 gere
2096 4636 2111 4676 :
2143 4614 2198 4677 si
2234 4631 2396 4696 ergo
2422 4614 2579 4678 fides
2605 4614 2897 4678 informis
2923 4617 3084 4677 esset
3108 4613 3177 4677 in
3206 4614 3446 4679 daemo-

1908 4721 2135 4801 nibus,
2167 4725 2330 4787 aeset
2365 4722 2436 4785 in
2471 4722 2564 4787 eis
2594 4722 2749 4803 fuga
2775 4721 3044 4803 alicujus
3075 4720 3310 4803 peccati
3343 4742 3359 4785 z
3392 4720 3449 4785 si

1908 4847 2066 4911 ergo
2133 4830 2386 4895 nullum
2448 4833 2777 4912 peccatum
2834 4829 3095 4911 fugiunt
3124 4875 3142 4906 ,
3196 4828 3448 4893 videtur

1907 4939 2078 5022 quod
2112 4938 2367 5003 habitus
2408 4937 2696 5002 informis
2736 4937 2806 5001 in
2850 4937 2941 5001 eis
2986 4955 3114 5000 non
3166 4935 3448 5019 reperia-

1906 5058 2036 5119 tur.

1908 5185 1959 5231 et
1976 5179 2036 5230 de
2060 5178 2238 5238 Ver-it„
2259 5189 2311 5240 q.
2334 5186 2442 5235 xiv,
2466 5177 2559 5224 art.
2575 5171 3156 5237 25Richard.,1118ent.,
3173 5173 3445 5238 distxxm,

1908 5256 2002 5303 art.
2026 5255 2073 5310 6.
2104 5265 2153 5314 q.
2188 5260 2278 5311 1¹15
2309 5247 2596 5311 Stephanus
2619 5246 2825 5310 Bruler„
2855 5247 2919 5296 ΙΙΙ
2952 5245 3112 5307 Sene„
3139 5246 3255 5298 dist.
3280 5257 3446 5310 xxm,

1909 5340 1958 5389 q.
1989 5337 2138 5374 ιιῐ.-
2161 5323 2322 5379 ‘Jac.,
2346 5323 2493 5384 ιι,19.
2520 5320 2615 5356 ——⁸
2636 5320 2850 5383 Rom.,1,
2875 5320 2947 5369 17.
2971 5319 3071 5357 -δ
3094 5320 3269 5383 Mam,
3298 5331 3333 5388 ι,
3364 5323 3444 5373 24.

1911 5424 1963 5434 -
1987 5398 2010 5433 ⁸
2040 5397 2164 5447 nist.
2197 5407 2332 5445 m.-
2355 5394 2376 5427 θ
2398 5393 2437 5442 11
2463 5393 2596 5460 Corn,
2620 5403 2690 5455 vt,
2714 5394 2793 5446 15.
