4185 6288
1563 484 1938 552 msTINffr.
1983 483 2175 551 xvn.

3358 492 3474 553 ³⁶7

285 626 638 721 apostolice
661 623 1069 695 infirmitatis
1091 622 1476 700 scandalum
1505 620 1880 713 pelleretur.
1917 645 1953 684 n
1982 619 2282 708 Intende,
2313 620 2539 711 lector,
2567 621 2672 691 his
2695 619 2914 690 verbis
2940 621 3049 713 pia
3075 620 3422 712 diligentia
3452 683 3472 716 ,

284 766 362 812 ne
384 743 516 812 sint
545 741 663 811 tibi
689 763 844 810 vasa
870 738 1123 809 mortis.

656 889 1066 1012 mosam
1104 942 1436 1009 TEXTUS.

494 1110 617 1161 Post
640 1107 888 1174 predicta
908 1106 1221 1159 considerari
1241 1108 1479 1171 oportet,
1505 1108 1603 1156 etc.

359 1267 565 1353 Supra
600 1268 737 1351 egit
774 1266 1082 1350 Magister
1119 1265 1198 1332 de
1226 1267 1456 1330 natura
1499 1266 1823 1344 assumpta

287 1380 594 1459 quantum
638 1376 719 1441 ad
750 1374 1141 1441 conditiones
1179 1376 1460 1450 naturae,
1507 1375 1570 1435 et
1608 1388 1822 1453 quan-

287 1489 418 1548 tum
463 1481 548 1548 ad
588 1482 1048 1566 plenitudinem
1089 1480 1317 1562 gratiae
1336 1528 1355 1557 ,
1401 1485 1464 1544 et
1508 1480 1821 1561 quantum

287 1590 360 1654 ad
386 1590 705 1655 defectum
730 1587 1175 1672 passibilitatis.
1200 1586 1318 1651 Hic
1346 1585 1568 1668 incipit
1601 1589 1828 1667 quartu

287 1715 448 1780 pars,
490 1698 563 1761 in
603 1715 733 1780 qua
756 1695 893 1777 agit
917 1697 1235 1778 quantum
1274 1692 1353 1757 ad
1399 1711 1590 1757 usum
1622 1692 1828 1757 virtu-

285 1804 382 1868 tis.
419 1804 499 1869 Et
543 1804 850 1887 quoniam
899 1821 1057 1868 usus
1101 1798 1359 1865 virtutis
1406 1799 1795 1882 comparatio

286 1933 426 1981 nem
472 1915 665 1980 habet
691 1915 771 1979 ad
811 1913 1211 1980 voluntatem
1240 1929 1281 1975 a
1322 1928 1452 1992 qua
1479 1910 1826 1991 egreditur,

286 2027 345 2088 et
385 2024 467 2088 ad
514 2022 859 2106 praemium
910 2021 1084 2103 quod
1128 2023 1451 2096 meretur-3
1498 2018 1639 2082 ideo
1685 2035 1831 2101 pars

286 2131 399 2195 ista
423 2131 621 2195 habet
646 2128 805 2193 duas
831 2133 1042 2210 partes
1078 2147 1097 2190 z
1128 2126 1195 2190 in
1226 2125 1433 2209 prima
1456 2124 1833 2188 determinat

286 2238 359 2302 de
382 2236 714 2302 voluntate
740 2234 967 2299 Christi
993 2252 1010 2312 ;
1046 2233 1115 2296 in
1151 2230 1431 2297 secunda
1456 2229 1835 2296 determinat

287 2342 360 2406 de
385 2344 640 2422 merito,
673 2342 869 2406 intra¹
904 2363 920 2405 z
959 2343 1053 2407 De
1082 2341 1305 2406 merito
1336 2340 1533 2405 etiam
1565 2336 1829 2415 Christi,

288 2454 402 2515 etc.
442 2450 525 2515 Et
551 2449 857 2533 quoniam
901 2449 1167 2514 affectus
1193 2445 1542 2511 voluntatis
1567 2444 1832 2525 dignos-

290 2558 448 2623 citur
490 2576 608 2640 per
634 2557 1004 2640 petitionem
1031 2554 1377 2631 orationis;
1409 2552 1549 2618 ideo
1591 2550 1834 2632 Magis-

291 2669 381 2729 ter
425 2663 808 2729 determinat
853 2664 931 2729 de
975 2664 1298 2728 voluntate
1346 2659 1613 2734 Christi,
1653 2659 1717 2721 et
1755 2655 1835 2720 de

112 2776 241 2824 mas..
292 2771 575 2835 oratione
614 2767 863 2833 Christi.
909 2769 1223 2834 Dividitur
1268 2770 1485 2832 autem
1528 2783 1674 2848 pars
1716 2764 1837 2828 ists

294 2876 358 2940 in
380 2880 597 2961 partes
621 2879 772 2953 tres,
813 2875 883 2940 in
912 2892 1192 2958 quarum
1217 2873 1424 2956 prima
1455 2876 1668 2936 movet
1710 2870 1838 2936 du-

293 2984 665 3050 bitationem
694 3006 711 3063 ;
777 2985 845 3049 in
920 2983 1196 3049 secunda
1254 2999 1401 3047 eam
1462 2977 1840 3045 determinat

286 3094 477 3174 juxta
534 3091 705 3157 viam
759 3089 1140 3158 Sanctorum
1189 3105 1631 3162 communem,
1680 3086 1769 3150 ibi
1818 3116 1834 3161 ς

301 3201 605 3274 Quocirca
639 3198 1116 3281 ambiqmdum,
1146 3200 1308 3274 etc.;
1353 3196 1425 3260 in
1463 3195 1647 3260 tertia
1687 3211 1844 3259 vero

298 3308 508 3372 adhuc
533 3304 904 3388 diligentius
932 3303 1393 3369 dubitationem
1437 3304 1675 3366 motam
1720 3317 1842 3364 ex-

301 3414 515 3498 planat
530 3415 722 3496 juxta
739 3411 1198 3496 expositionem
1226 3408 1449 3474 Hilarii
1475 3407 1834 3492 specialem,

302 3523 389 3587 ihi
421 3545 439 3588 z
469 3521 647 3589 lund
672 3522 870 3588 etiam
892 3517 1329 3603 funerandum
1357 3531 1487 3582 non
1514 3520 1640 3593 est,
1672 3512 1843 3597 quod

303 3631 575 3709 Hilarii,
617 3634 734 3694 etc.
778 3626 994 3693 Prima
1031 3631 1097 3691 et
1135 3625 1363 3690 ultima
1407 3622 1697 3707 partibus
1737 3641 1844 3687 re-

304 3737 708 3803 manentibus
770 3734 1060 3799 indivisis
1083 3781 1102 3814 ,
1153 3732 1362 3797 media
1417 3731 1723 3796 dividitur
1774 3728 1844 3794 in

304 3849 513 3928 partes
539 3847 698 3921 tres,
730 3844 795 3906 in
836 3859 1114 3925 quarum
1145 3841 1354 3924 prima
1386 3838 1844 3904 dubitationem

306 3955 692 4040 propositam
720 3956 797 4035 (α)
830 3952 1247 4031 determinat;
1281 3951 1350 4015 in
1382 3949 1659 4015 secunda
1687 3966 1845 4014 vero

307 4063 894 4130 determinationem
919 4079 1105 4125 suam
1141 4058 1618 4124 auctoritatibus
1646 4057 1847 4123 Sanc-

309 4176 524 4238 torum
567 4172 937 4249 confirmat,
966 4168 1054 4233 ibi
1085 4187 1102 4232 :
1132 4170 1248 4234 Ex
1275 4166 1508 4251 affeetu
1548 4181 1694 4248 erqo
1720 4165 1845 4230 ltu-

310 4295 524 4358 mano,
541 4294 726 4361 quem
745 4277 822 4344 de
846 4276 1111 4359 Vimine
1136 4277 1367 4356 traxit,
1392 4277 1537 4351 etc.;
1561 4273 1629 4336 in
1664 4273 1849 4338 tertia

224 4462 227 4469 ‚
311 4404 467 4450 vero
509 4384 851 4469 quamdam
896 4383 1337 4448 auctoritatem
1380 4381 1642 4447 dubiam
1685 4379 1844 4444 Am-

313 4493 508 4557 brosii
532 4490 889 4557 manitestat
906 4538 927 4569 ,
958 4491 1045 4556 ibi
1081 4512 1100 4554 :
1135 4491 1439 4556 coeterum
1462 4504 1594 4555 non
1614 4502 1851 4569 parum

316 4614 431 4665 nos
466 4606 713 4666 movent
758 4598 946 4666 verba
989 4598 1335 4676 Ambrosii,
1380 4602 1500 4662 etc.
1550 4593 1847 4660 Subdivi-

316 4708 524 4772 siones
547 4711 766 4773 autem
789 4707 1066 4790 partium
1094 4706 1446 4773 manifesta)
1472 4706 1625 4769 sunt
1649 4703 1718 4767 in
1744 4700 1853 4765 lit·

321 4819 474 4879 tera.

961 4961 1101 5009 DUB.
1143 4960 1188 5007 1.

322 5093 537 5159 Reliquit
559 5091 799 5145 affectum
815 5089 1138 5154 infirmitatis,
1154 5102 1259 5156 quo
1272 5101 1431 5141 nemo
1450 5087 1559 5140 vult
1578 5089 1729 5152 mort,
1752 5088 1851 5137 etc.

399 5236 674 5313 Contra:
703 5240 840 5308 Hoc
873 5242 1127 5307 videtur
1162 5241 1395 5306 falsum
1418 5288 1436 5318 ,
1479 5239 1633 5324 quia
1669 5238 1857 5305 multi

322 5354 614 5447 occidunt
636 5349 1008 5432 semetipsos
1023 5396 1042 5426 ‚
1069 5348 1234 5414 sicut
1262 5351 1434 5431 patet
1455 5347 1528 5413 in
1558 5346 1874 5443 despera-⁴

384 5486 450 5550 (α)
477 5485 556 5536 ΔΙ.
585 5478 934 5548 propositam.
965 5503 1011 5513 -
1037 5473 1103 5539 (ὁ)
1133 5475 1253 5526 Cat.
1281 5474 1423 5537 edit„
1449 5476 1498 5524 3.

1927 943 2028 1021 tis,
2077 945 2144 1007 et
2178 944 2450 1028 cupiunt
2490 945 2655 1010 mori
2687 963 2704 1009 :
2737 964 2869 1010 non
2910 963 3069 1027 ergo
3110 962 3339 1009 verum
3388 949 3483 1009 est

1930 1049 2101 1132 quod
2128 1049 2300 1114 dicit.
2333 1050 2488 1115 Item
2518 1052 2927 1133 Augustinus
2954 1056 3132 1117 notat
3148 1052 3171 1086 ¹
3197 1052 3275 1117 de
3315 1071 3480 1134 quo-

1931 1158 2112 1236 dam,
2142 1157 2305 1222 libro
2349 1160 2556 1242 primo
2587 1159 2661 1241 (b)
2694 1160 2773 1227 de
2820 1160 3093 1228 civitate
3129 1161 3248 1226 Dei
3263 1210 3281 1241 ,
3312 1162 3482 1242 quod

1931 1264 2092 1330 lecto
2146 1263 2423 1330 Platonis
2467 1266 2629 1331 libro
2650 1315 2670 1345 ,
2710 1267 2826 1334 ubi
2881 1269 2960 1334 de
3002 1268 3482 1333 immortalitate

1933 1373 2166 1437 animae
2209 1371 2585 1455 disputavit,
2632 1392 2699 1437 se
2757 1374 3144 1458 praecipitem
3189 1373 3359 1439 dedit
3404 1372 3484 1438 de

1937 1496 2151 1558 muro,
2201 1483 2278 1543 ut
2329 1478 2406 1543 de
2459 1479 2580 1543 hac
2633 1479 2767 1543 vita
2822 1480 3130 1563 migraret
3173 1481 3252 1544 ad
3294 1497 3480 1559 eam,

1941 1605 2138 1668 quam
2168 1587 2428 1652 credidit
2455 1588 2781 1653 meliorem
2813 1611 2828 1652 t
2861 1608 2943 1654 ex
2982 1590 3103 1654 hoc
3140 1589 3276 1672 ipso
3302 1589 3479 1654 vide-

1942 1699 2046 1757 tur
2074 1694 2242 1777 quod
2268 1694 2468 1777 aliqui
2495 1699 2646 1760 sunt
2675 1696 2788 1778 qui
2816 1696 2980 1760 mori
3003 1696 3383 1761 desiderant.

2022 1801 2204 1886 Resp.
2238 1802 2582 1868 Dicendum
2608 1804 2782 1886 quod
2809 1808 2904 1868 est
2929 1804 3190 1869 affectus
3216 1807 3484 1868 natura-

1940 1910 2039 1990 lis,
2084 1915 2148 1974 et
2181 1911 2444 1975 affectus
2483 1910 2936 1976 deliberativus
2966 1929 2983 1975 t
3014 1910 3247 1975 affectu
3291 1913 3484 1975 natu-

1941 2017 2055 2081 rali
2084 2035 2277 2082 nemo
2302 2017 2445 2081 vult
2467 2016 2664 2096 mori,
2691 2017 2825 2082 imo
2853 2017 3063 2082 omnis
3088 2018 3282 2082 homo
3312 2017 3488 2080 refu-

1941 2123 2039 2204 git
2064 2128 2337 2188 mortem
2364 2145 2382 2201 ;
2411 2124 2645 2188 affectu
2674 2123 3085 2188 deliberativo
3114 2126 3318 2205 potest
3344 2123 3487 2206 quis

1941 2235 2236 2314 appetere
2277 2234 2573 2310 mortem,
2623 2235 2687 2294 et
2724 2231 3012 2312 effugere
3057 2229 3259 2293 vitam
3295 2250 3310 2293 ε
3354 2248 3487 2295 non

1941 2339 2098 2420 quia
2126 2338 2234 2401 illa
2260 2339 2342 2401 sit
2369 2355 2564 2416 mors,
2585 2340 2650 2401 et
2674 2335 2781 2400 illa
2805 2338 2886 2401 sit
2914 2336 3082 2415 vita;
3104 2336 3212 2399 sed
3242 2337 3486 2402 ratione

1942 2445 2215 2527 alicujus
2241 2445 2409 2527 quod
2444 2449 2538 2507 est
2565 2462 2889 2508 annexum
2908 2492 2927 2523 ,
2959 2444 3061 2508 vel
3086 2444 3488 2510 existimetur

1942 2570 2076 2615 esse
2105 2568 2431 2615 annexum
2454 2599 2472 2629 ,
2503 2550 2666 2614 sicut
2690 2549 2998 2633 desperati
3034 2555 3097 2615 et
3135 2551 3490 2616 vehemen-

1943 2663 2040 2723 ter
2065 2658 2310 2722 confusi
2338 2658 2409 2721 in
2435 2658 2567 2724 vita
2593 2664 2851 2741 propter
2887 2658 3325 2723 confusionem
3365 2677 3489 2722 an-

1943 2784 2177 2829 nexam
2222 2765 2557 2846 refugiunt
2602 2764 2804 2828 vitam
2851 2786 2867 2829 :
2914 2765 3002 2829 sic
3045 2766 3239 2830 etiam
3285 2769 3380 2830 est
3409 2767 3488 2832 de

1945 2871 2086 2938 aliis
2128 2873 2569 2939 incommodis,
2609 2870 2732 2937 Per
2771 2872 2948 2938 hunc
2992 2873 3259 2937 modum
3297 2873 3490 2939 etiam

1945 2981 2053 3046 alii
2080 2984 2386 3065 appetunt
2414 2983 2717 3060 mom,
2744 2980 2858 3064 qui
2886 2985 3028 3063 post
3052 2984 3323 3046 mortem
3352 2998 3488 3045 cre-

1945 3088 2107 3154 dunt
2132 3089 2457 3173 quiescere
2484 3091 2548 3154 et
2573 3085 2855 3171 gaudere
2878 3135 2896 3165 ‚
2931 3088 3095 3155 sicut
3125 3091 3219 3153 est
3256 3085 3325 3153 in‘
3367 3086 3493 3152 illis

1946 3196 2023 3261 de
2047 3197 2286 3279 quibus
2311 3197 2677 3281 oppositum
2703 3201 2818 3276 est,
2850 3194 2928 3260 de
2955 3195 3189 3278 quibus
3216 3214 3346 3261 non
3371 3195 3493 3260 ser-

1946 3307 2055 3367 tur
2082 3304 2380 3369 instantis.
2404 3307 2626 3369 contra
2657 3303 2926 3388 verbum
2952 3303 3325 3384 Augustini.
3354 3302 3491 3367 Au-

1946 3412 2248 3492 gustinus
2313 3411 2486 3476 enim
2535 3410 2819 3494 loquitur
2872 3428 2986 3492 per
3039 3428 3149 3488 se;
3204 3409 3488 3492 loquitur

1947 3517 2143 3580 etiam
2169 3515 2245 3580 de
2271 3516 2555 3600 appetitu
2578 3514 2885 3594 naturali,
2916 3533 3048 3579 non
3078 3515 3155 3579 de
3183 3513 3491 3579 delibera-

1950 3624 2104 3688 tiv0.

2601 3741 2740 3788 nun.
2786 3741 2853 3787 11.

1984 3850 2169 3903 Penius
2193 3850 2378 3903 mentis
2406 3848 2815 3975 monecffltto
2829 3848 3041 3901 dissolvi
3060 3886 3077 3913 ,
3107 3855 3159 3901 et
3196 3863 3310 3901 esse
3347 3863 3465 3901 cum

2033 4052 2436 4120 Contrarium
2458 4051 2714 4117 videtur
2729 4050 2787 4115 ⁸:
2814 4049 3121 4117 Nolumus
3144 4050 3492 4133 expoliari,

1954 4161 2069 4229 sed
2109 4161 2549 4245 supervestiri.
2582 4159 2650 4225 Si
2691 4161 2767 4224 tu
2797 4158 2966 4223 dicas
2985 4208 3004 4239 ,
3049 4159 3223 4241 quod
3262 4176 3345 4224 ex
3380 4176 3499 4224 vo-

1955 4271 2199 4335 luntate
2236 4268 2535 4349 naturali,
2582 4286 2695 4334 seu
2746 4267 3197 4346 sensualitatis»,
3247 4266 3503 4331 nolebat

1956 4378 2285 4463 expoliari,
2314 4377 2422 4442 sed
2450 4377 2774 4441 voluntate
2803 4374 3086 4455 rationis,
3115 4375 3252 4438 sive
3274 4373 3503 4439 delibe—

1958 4487 2166 4550 rativa
2186 4534 2204 4563 ‚
2257 4483 2553 4569 cupiebat
2594 4482 2888 4562 dissolvi;
2940 4482 3239 4565 oincitur
3283 4487 3502 4548 contra

1960 4592 2104 4673 hoc,
2148 4592 2321 4675 quod
2362 4592 2596 4656 dicitur
2631 4590 2655 4626 ¹*
2702 4611 2720 4654 t
2766 4589 3135 4656 Permanere
3174 4596 3386 4657 autem
3426 4591 3501 4657 in

1959 4716 2149 4767 carne
2202 4699 2632 4765 necessarium
2695 4701 2788 4763 est
2847 4702 3105 4780 propter
3155 4712 3266 4764 vos
3326 4718 3344 4761 z
3393 4696 3504 4761 sed

1962 4806 2299 4891 Apostolus
2352 4804 2681 4870 voluntate
2729 4802 3136 4868 deliberativa
3180 4803 3244 4868 id
3291 4802 3504 4886 magis

1964 4914 2294 4998 appetebat
2343 4914 2406 4976 et
2461 4909 2716 4976 volebat
2735 4957 2754 4988 ,
2801 4908 2972 4992 quod
3024 4914 3159 4974 erat
3203 4908 3506 4994 tratribus

1964 5021 2174 5103 magis
2197 5019 2623 5084 necessarium
2652 5038 2670 5083 ε
2702 5034 2862 5099 ergo
2895 5015 3006 5080 illa
3041 5017 3372 5082 voluntate
3401 5017 3501 5082 vi-

1964 5130 2151 5194 detur
2175 5126 2346 5211 quod
2366 5142 2500 5191 non
2525 5127 2848 5207 appeteret
2873 5122 3153 5205 dissolvi,
3175 5103 3504 5189 autsimul

1966 5234 2299 5319 appetebat
2323 5233 2453 5299 duo
2479 5231 2817 5296 contraria.

2030 5400 2048 5435 ¹
2067 5396 2195 5449 Dist.
2222 5407 2375 5447 xvm.
2402 5421 2456 5433 --
2480 5392 2741 5459 ’Δημὼ
2766 5392 2924 5446 civit.
2955 5393 3065 5455 Dei,
3099 5393 3189 5443 lib.
3225 5395 3263 5457 t,
3293 5407 3339 5443 c.
3367 5402 3502 5457 xm,

1969 5484 2021 5522 n.
2050 5475 2170 5521 1.-
2191 5468 2212 5502 ⁸
2240 5469 2277 5518 11
2307 5466 2443 5530 Con,
2473 5477 2526 5530 v,
2545 5468 2593 5516 t.
2621 5490 2685 5503 —
2708 5464 2732 5500 ⁸
2751 5464 2961 5528 Philip„
2998 5475 3033 5528 t,
3060 5466 3142 5516 2⁴.
