4185 6288
791 438 913 499 610

790 588 908 634 nec
951 569 1296 633 formatum
1334 564 1598 649 reperiri
1646 564 1714 627 in
1759 568 2122 646 peccatore3
2166 578 2326 641 ergo

1926 422 2556 492 SENTENTIARUM
2590 422 2740 489 ΠΒ.
2782 421 2891 488 111.

2438 560 2576 642 ipsa
2618 559 2847 623 habent
2894 555 3189 621 nobiliori
3229 555 3469 619 virtute
3508 555 3894 619 informari:
3924 557 3977 618 si

791 662 2179 750 nonreperiturnisiinvirojustotsedin
2222 660 2330 722 illo
2439 685 2596 746 ergo
2634 665 2778 729 aliae
2818 668 2959 747 post
3003 664 3256 745 lapsum
3296 662 3744 744 inpacatum
3784 663 3978 745 μσς-

793 796 924 842 non
953 775 1143 838 babet
1164 791 1302 837 esse
1325 772 1652 850 informis,
1679 771 1786 835 sed
1812 789 2063 854 semper
2087 770 2326 834 torma-

795 887 934 947 tus:
965 898 1158 962 ergo,
1188 884 1308 943 etc.

799 1094 995 1160 Deum
1025 1094 1286 1158 credidit
1311 1100 1374 1159 et
1400 1095 1683 1171 amavit,
1721 1094 1884 1157 sicut
1917 1093 1986 1156 in
2012 1110 2088 1156 eo
2122 1109 2331 1154 rema·

795 1207 904 1266 net
945 1203 1321 1281 credulitas,
1352 1203 1441 1266 sic
1477 1205 1764 1266 remanet
1805 1201 1870 1264 in
1913 1218 1992 1264 eo
2031 1198 2331 1281 quaedam

793 1311 1042 1375 dilectio
1073 1311 1232 1374 :sed
1257 1328 1388 1375 non
1430 1314 1524 1373 est
1576 1310 1793 1373 minus
1832 1306 2062 1371 nobilis
2100 1305 2208 1368 illa
2232 1304 2330 1367 di·

791 1418 1010 1497 lecti0,
1049 1418 1150 1482 vel
1199 1436 1421 1492 amor,
1454 1435 1645 1501 quam
1689 1418 1772 1479 sit
1799 1415 1908 1478 illa
1945 1412 2283 1477 credulitas
2314 1433 2329 1475 z

793 1545 952 1607 ergo
969 1528 1023 1590 si
1041 1527 1375 1592 credulitas
1392 1526 1501 1590 illa
1518 1526 1779 1589 sortitur
1796 1540 2034 1588 nomen
2051 1520 2332 1597 virtutis,

795 1633 932 1715 pari
976 1633 1222 1710 ratione
1265 1631 1519 1696 videtur
1562 1631 1732 1713 quod
1779 1635 1842 1693 et
1887 1629 1996 1692 illa
2040 1627 2330 1690 dilectio:

795 1740 903 1804 sed
933 1758 1064 1803 non
1089 1741 1353 1804 sortitur
1379 1740 1694 1804 rationem
1722 1743 1784 1802 et
1812 1754 2048 1805 nomen
2071 1734 2337 1798 alterius

795 1848 1083 1926 virtutis,
1117 1865 1313 1929 quam
1341 1846 1670 1911 charitatis
1693 1870 1707 1909 ;
1733 1863 1893 1927 ergo
1920 1842 2195 1907 charitas
2219 1859 2334 1924 po-

795 1959 915 2018 taet
940 1973 1078 2018 esse
1105 1954 1418 2017 informis.

876 2069 939 2127 2.
971 2063 1126 2126 Item
1157 2066 1269 2126 aut
1303 2066 1507 2142 potest
1550 2061 1784 2143 aliquis
1828 2060 2100 2141 diligere
2138 2058 2338 2121 Deum

798 2170 1174 2243 informiter,
1201 2175 1312 2232 aut
1337 2188 1468 2232 non
1492 2190 1507 2232 :
1530 2171 1766 2247 sinon,
1795 2188 1954 2250 ergo
1971 2168 2166 2232 homo
2188 2184 2337 2230 cum

798 2277 955 2338 sciat
981 2294 1048 2339 se
1079 2275 1279 2339 Deum
1309 2276 1601 2355 diligere,
1623 2275 1818 2339 bomo
1839 2275 1992 2338 sciet
2013 2293 2080 2337 se
2106 2273 2340 2337 habere

799 2383 1175 2447 charitatem
1238 2387 1301 2447 et
1347 2401 1484 2446 esse
1542 2383 1612 2445 in
1665 2384 1908 2462 gratia,
1949 2381 2122 2463 quod
2170 2379 2340 2463 apud

799 2490 1035 2555 multos
1061 2496 1153 2555 est
1183 2491 1642 2554 inconveniens
1668 2512 1684 2567 ;
1710 2490 1761 2551 si
1795 2493 2018 2572 potoet,
2049 2487 2159 2551 sed
2189 2505 2342 2568 qua-

800 2597 892 2662 les
935 2603 1086 2661 sunt
1117 2603 1296 2662 actus
1315 2647 1335 2676 ,
1364 2598 1521 2661 tales
1567 2600 1721 2660 sunt
1762 2595 2020 2659 habitus
2051 2616 2067 2656 t
2102 2612 2260 2674 ergo
2287 2595 2339 2656 si

801 2711 980 2769 actus
1010 2704 1314 2785 diligendi
1345 2707 1549 2786 potest
1581 2721 1716 2767 esse
1743 2702 2060 2780 informis,
2089 2701 2346 2765 videtur

801 2813 972 2896 quod
1007 2817 1070 2876 et
1095 2812 1373 2876 habitus.

882 2922 944 2984 3.
977 2921 1133 2985 Item
1162 2939 1242 2984 ex
1267 2919 1390 2982 fide
1419 2918 1688 2981 formata
1716 2917 1926 2980 oritur
1950 2934 2135 2979 amor
2169 2921 2232 2980 et
2268 2916 2345 2979 ti·

806 3049 968 3106 mor,
999 3034 1270 3111 uterque
1307 3029 1619 3091 formatus
1657 3047 1671 3086 :
1711 3042 1872 3105 ergo
1912 3042 2058 3087 cum
2101 3042 2185 3088 ex
2220 3023 2344 3086 fide

805 3136 1059 3201 informi
1087 3135 1284 3219 possit
1331 3134 1523 3197 timor
1562 3130 1713 3195 oriri
1757 3130 2040 3209 servilis,
2088 3130 2201 3212 qui
2249 3133 2345 3195 est

803 3247 996 3309 timor
1038 3243 1358 3318 informis,
1402 3240 1514 3321 qui
1557 3238 1749 3302 etiam
1801 3237 1990 3301 habet
2035 3241 2342 3303 rationem

807 3353 979 3427 doni,
1004 3351 1256 3414 videtur
1283 3347 1456 3429 quod
1481 3365 1563 3409 ex
1587 3346 1726 3427 ipsa
1746 3345 1942 3426 possit
1964 3345 2119 3409 oriri
2139 3363 2340 3426 amor,

805 3462 916 3546 qui
963 3460 1157 3525 etiam
1207 3458 1398 3521 habet
1451 3455 1767 3517 rationem
1819 3454 2073 3516 virtutis
2119 3472 2135 3515 t
2185 3454 2348 3517 redit

806 3585 965 3648 ergo
984 3567 1183 3641 idem,
1215 3563 1386 3646 quod
1415 3564 1623 3644 prius,
1652 3560 1942 3623 videlicet
1968 3560 2143 3642 quod
2163 3579 2346 3624 amor

805 3673 1130 3738 charitatis
1160 3670 1445 3735 informis
1480 3668 1678 3751 possit
1703 3686 1861 3731 esse.

884 3787 947 3845 4.
980 3780 1137 3845 Item
1165 3779 1439 3843 charitas
1465 3783 1561 3841 est
1592 3777 1796 3839 virtus
1836 3775 2158 3855 gratuita:
2190 3793 2345 3838 con-

805 3895 980 3953 stans
1023 3899 1117 3953 est
1164 3888 1337 3971 quod
1385 3887 1527 3952 haec
1566 3882 1960 3962 differentia,
2007 3885 2339 3965 ommim,

807 3998 978 4063 addit
1004 4016 1199 4080 supra
1222 3993 1576 4060 virtutem‘:
1607 3993 1659 4056 si
1687 4011 1845 4073 ergo
1875 4010 2204 4057 remanere
2235 4011 2346 4075 po-

807 4109 928 4170 test
955 4107 1134 4188 prius
1155 4105 1290 4168 sine
1317 4103 1680 4186 posteriori,
1714 4101 1975 4165 videtur
1999 4100 2172 4182 quod
2201 4101 2348 4165 cha·

805 4214 992 4278 ritate
1017 4212 1339 4276 desinente
1383 4229 1518 4274 esse
1543 4208 1857 4289 gratuita,
1897 4208 2109 4271 adhuc
2151 4208 2347 4289 possit

805 4337 1137 4385 remanere
1166 4319 1413 4381 virtus:
1439 4334 1601 4398 ergo
1627 4319 1835 4398 potest
1861 4334 1998 4379 esse
2027 4315 2339 4379 informis.

888 4432 947 4492 5.
977 4427 1132 4491 ltem
1175 4426 1424 4491 homini
1460 4425 1706 4488 cadenti
1751 4423 1821 4486 in
1861 4425 2191 4504 peccatum
2226 4422 2342 4486 ali-

806 4535 963 4618 quid
1013 4533 1395 4617 relinquitur
1444 4533 1510 4595 in
1560 4530 1842 4613 potentia
1891 4529 2186 4594 rationali
2207 4577 2225 4606 ,
2282 4535 2347 4594 et

808 4645 1136 4721 irascibili,
1167 4663 1296 4728 quo
1336 4643 1420 4706 sit
1460 4642 1689 4706 babilis
1715 4641 1794 4705 ad
1833 4639 2296 4720 resurgendum
2320 4688 2341 4718 ‚

805 4758 881 4817 ut
908 4753 1066 4817 fides
1093 4756 1157 4815 et
1185 4768 1328 4834 spes
1361 4771 1376 4812 ε
1403 4765 1559 4829 ergo
1586 4747 1722 4829 pari
1751 4746 1993 4810 ratione
2033 4746 2347 4828 relinqui-

808 4867 913 4925 tur
956 4859 1194 4941 aliquid
1242 4859 1310 4922 in
1353 4856 1633 4940 potentia
1665 4853 2178 4936 concupiscibili,
2213 4854 2345 4919 imo

805 4969 1011 5030 multo
1054 4965 1280 5030 fortius
1313 5013 1332 5042 ,
1380 4982 1528 5028 cum
1577 4963 1713 5045 ipsa
1759 4962 1968 5041 magis
2006 4960 2337 5041 indigeat:

805 5073 916 5138 sed
941 5076 1186 5137 constat
1207 5071 1379 5155 quod
1401 5070 1560 5135 illud
1588 5087 1715 5133 non
1744 5072 1836 5133 est
1866 5069 2079 5131 minus
2105 5067 2341 5146 nobile,

806 5197 1001 5261 quam
1030 5178 1187 5243 illud
1217 5178 1389 5261 quod
1433 5181 1527 5242 est
1553 5177 1625 5240 in
1651 5177 1792 5241 aliis
1829 5176 2162 5262 potentiis,
2194 5195 2346 5240 cum
2374 5232 2379 5235 ,

806 5417 848 5480 fl
874 5344 1044 5464 tibist.
1067 5355 1197 5407 xvxi,
1220 5348 1315 5394 art.
1344 5348 1395 5407 2,
1421 5359 1472 5410 q.
1505 5357 1521 5395 1
1544 5349 1742 5396 et11.—
1764 5344 1830 5408 (a)
1855 5345 1996 5397 Edit.
2033 5346 2149 5395 Ven.
2170 5358 2347 5408 sulm·-

849 5430 898 5464 ιιι
944 5429 1017 5466 m.

2438 774 2593 837 dent
2618 773 2807 836 fldem
2831 775 2895 834 et
2922 789 3098 854 spem
3129 770 3504 846 informem,
3528 769 3794 832 videtur
3818 770 3983 852 quod

2442 886 2506 943 et
2538 883 2616 958 (a)
2646 881 2783 962 ipsa
2807 883 2946 962 post
2970 883 3303 961 peccatum
3342 877 3575 941 habeat
3608 875 3985 940 charitatem

753 1025 765 1036 ·
876 987 998 1053 Sed
1027 992 1290 1051 contra:
1321 992 1380 1050 ¹.
1412 987 1571 1052 Cum
1591 987 1823 1069 aliquis
1849 989 2096 1069 peccat,
2122 984 2233 1066 qui
2263 983 2329 1046 in
2438 987 2801 1051 informem.

2945 1135 3469 1203 CONCLUSIO.

2441 1293 2788 1348 contentam
2811 1305 2998 1350 omnes,
3037 1288 3265 1359 ειιωιορι·
3292 1288 3581 1342 cheriem
3605 1285 3863 1340 ιιαῡεειω
3885 1302 3987 1340 mn

2506 1380 3400 1453 posseunquamerseintormem,
3449 1377 3577 1431 licet
3612 1374 3758 1429 hanc
3792 1377 3989 1430 caita-

2515 1467 3449 1538 temnoneademratioeoeprobent.

2526 1636 2709 1719 Roep.
2741 1635 2821 1698 ad
2848 1651 2994 1714 arg.
3033 1632 3383 1696 Dicendum
3422 1631 3597 1714 quod
3636 1631 3989 1694 secundum

2444 1758 2857 1807 communem
2916 1740 3283 1823 opinionem
3343 1737 3604 1801 habitus
3670 1736 3992 1802 charitatis

2444 1867 2696 1931 semper
2713 1853 2808 1912 est
2827 1849 3162 1924 formatus,
3188 1850 3253 1909 et
3275 1862 3617 1926 nunquam
3642 1844 3843 1908 habet
3858 1862 3992 1908 cese

2446 1957 2775 2035 informis;
2806 1961 2869 2020 et
2904 1955 3029 2019 hoc
3070 1953 3309 2017 indicat
3350 1954 3565 2034 ipsum
3608 1969 3852 2015 nomen
3894 1953 3988 2034 ip-

2445 2064 2579 2127 sius
2601 2111 2619 2140 ,
2668 2063 3041 2127 nominatur
3083 2062 3258 2123 enim
3304 2059 3571 2122 nomine
3613 2059 3871 2137 gratiae.
3922 2055 3990 2122 Si

2451 2189 2613 2251 ergo
2639 2170 2844 2234 virtus
2869 2168 3159 2231 informis
3182 2166 3415 2230 dicitur
3441 2183 3581 2229 esse
3605 2165 3719 2228 illa
3744 2167 3951 2228 virtus
3967 2212 3985 2238 ,

2451 2294 2599 2359 quae
2642 2280 2738 2340 est
2780 2276 3031 2358 privata
3076 2274 3315 2355 gratia,
3363 2273 3574 2336 dicere
3620 2270 3987 2334 charitatem

2448 2385 2788 2448 informem
2816 2382 2978 2446 nihil
3008 2381 3179 2445 aliud
3216 2385 3310 2443 est
3332 2381 3541 2444 dicere
3559 2428 3581 2458 ,
3609 2397 3815 2462 qnam
3845 2397 3988 2460 gra·

2448 2492 2686 2556 tultum
2726 2508 2863 2554 esse
2901 2489 3114 2570 gratia
3155 2489 3477 2570 privatum
3502 2536 3522 2566 ,
3549 2487 3725 2569 quod
3762 2493 3858 2550 est
3883 2487 3988 2549 fal-

2450 2618 2598 2663 sum
2626 2601 2690 2665 et
2729 2615 2861 2662 non
2891 2595 3291 2677 intelligibile
3316 2644 3333 2674 ,
3363 2596 3519 2678 quia
3544 2600 3643 2659 est
3675 2595 3763 2658 ibi
3792 2595 3988 2677 impli-

2452 2707 2614 2772 catio
2639 2706 3101 2789 oppositorum.
3148 2703 3225 2767 Et
3250 2703 3394 2767 ideo
3437 2703 3876 2766 communiter
3900 2703 3988 2767 di·

2451 2817 2637 2892 citur,
2656 2815 2829 2897 quod
2849 2814 3123 2878 charitas
3144 2831 3276 2875 non
3296 2815 3500 2895 potest
3515 2830 3654 2874 esse
3672 2812 3979 2875 informis

2452 2924 2622 2987 Licet
2670 2927 2886 2987 autem
2936 2922 3224 2987 doctores
3270 2918 3705 2983 communiter
3750 2919 3825 2981 in
3876 2917 3985 2981 boc

2453 3029 2848 3095 consentiant
2869 3047 2887 3106 ;
2915 3029 2984 3091 in
3006 3028 3249 3091 ratione
3275 3031 3486 3090 tamen
3510 3043 3717 3106 quare
3742 3025 3873 3089 hoc
3896 3025 3986 3088 di-

2453 3143 2648 3216 cunt,
2676 3135 3031 3202 differentia
3053 3138 3150 3199 aet
3175 3136 3342 3198 inter
3366 3153 3493 3197 eos.
3538 3131 3705 3197 Nam
3730 3133 3983 3217 quidam
4054 3123 4146 3174 μ’·

2453 3246 2798 3311 voluerunt
2842 3244 3051 3307 dicere
3080 3291 3100 3322 ,
3147 3242 3323 3324 quod
3361 3242 3504 3305 ideo
3544 3240 3827 3305 charitas
3870 3260 3984 3304 non

2453 3359 2819 3435 potestesse
2849 3351 3140 3414 informis
3158 3396 3175 3424 ,
3205 3349 3361 3431 quia
3384 3356 3479 3412 est
3508 3350 3721 3431 ipsum
3750 3350 3985 3413 donum

2453 3462 2831 3535 increatum,
2862 3458 3101 3522 scilicet
3138 3459 3271 3540 ipse
3298 3457 3573 3539 Spiritus
3597 3462 3900 3533 sanctns3
3934 3462 3987 3518 et

2453 3569 2651 3651 hujus
2679 3566 2995 3649 opinionis
3022 3565 3142 3629 ruit
3169 3564 3469 3645 Magister
3490 3563 3982 3627 Sententiarum.

2452 3677 2605 3741 Haec
2625 3681 2842 3740 autem
2859 3673 3077 3757 opinio
3100 3670 3528 3736 communiter
3553 3688 3686 3734 non
3716 3674 3985 3748 tenetur,
4024 3681 4151 3738 1¹5¹*

2452 3803 2570 3848 nec
2597 3787 2693 3848 est
2732 3781 3039 3856 tenenda,
3077 3779 3240 3842 sicut
3285 3778 3357 3841 in
3391 3778 3601 3860 primo
3634 3778 3805 3841 libro
3826 3785 3846 3821 ¹
3875 3779 3989 3842 fuit

2454 3896 2798 3957 ostensum.
2828 3888 2955 3953 Alii
2979 3904 3136 3952 vero
3161 3885 3366 3949 dicere
3402 3885 3749 3949 voluerunt
3766 3933 3790 3963 ‚
3821 3886 3983 3967 quod
4028 3926 4115 3977 ομ
4129 3926 4149 3961 2

2452 3999 2728 4064 charitas
2753 4015 2888 4061 non
2925 3999 3128 4078 potest
3164 4012 3301 4058 esse
3344 3992 3636 4056 informis
3661 4038 3680 4068 ,
3705 3992 3862 4073 quia
3898 3996 3985 4056 est

2453 4104 2710 4169 habitus
2741 4119 2917 4166 mere
2953 4100 3304 4181 gratuitus,
3335 4098 3498 4161 nihil
3541 4097 3790 4161 habens
3826 4097 3986 4161 ultra

2453 4213 2732 4293 gratiam
2758 4215 3023 4292 gratum
3048 4208 3413 4285 facientem,
3446 4207 3571 4270 nisi
3596 4206 3801 4269 solam
3827 4205 3987 4270 rela-

2452 4321 2694 4384 tionem
2723 4323 2786 4383 et
2812 4318 3103 4381 ordinem
3139 4314 3218 4379 ad
3249 4318 3463 4379 actum
3491 4317 3556 4378 et
3576 4315 3801 4378 finem.
3833 4313 3987 4377 Aliae

2406 4410 2411 4413 ⁸
2453 4446 2608 4493 vero
2636 4427 2940 4500 virtutes,
2986 4441 3138 4506 quae
3180 4422 3441 4486 habitus
3478 4422 3834 4486 substratos
3872 4421 3987 4484 ha-

2452 4536 2605 4601 bent
2620 4585 2640 4616 ,
2671 4535 2976 4598 informes
3005 4548 3142 4598 esse
3167 4532 3434 4612 possunt
3463 4548 3481 4592 ε
3513 4528 3649 4593 sola
3670 4547 3832 4593 vero
3853 4529 3989 4592 cha-

2453 4646 2605 4709 ritas
2630 4645 2752 4721 est,
2780 4657 2927 4723 quae
2954 4637 3118 4703 nihil
3143 4637 3509 4700 absolutum
3532 4634 3736 4713 addin
3766 4641 3835 4699 et
3854 4635 3989 4699 ideo

2453 4753 2589 4835 ipsa
2619 4749 2750 4813 sola
2781 4751 2913 4826 est,
2945 4763 3091 4829 quae
3123 4763 3256 4808 non
3283 4747 3488 4827 potest
3514 4762 3650 4806 esse
3678 4743 3985 4807 informis.

2454 4859 2576 4924 Sed
2619 4858 2766 4921 licet
2810 4854 2979 4919 istud
3006 4853 3295 4917 videatur
3321 4852 3473 4915 satis
3506 4850 3865 4933 probabile,
3898 4856 3987 4915 ost
4009 4872 4119 4925 mv·

2453 4972 2669 5030 tamen
2698 4982 2827 5027 non
2865 4961 3186 5025 modicum
3222 4958 3693 5022 calumniabile.
3730 4958 3985 5022 Difficile

2455 5074 2629 5137 enim
2674 5077 2769 5134 est
2807 5070 3145 5147 sustinere,
3190 5066 3467 5150 pensatis
3511 5066 3987 5131 auctoritatibus

2456 5187 2518 5246 et
2543 5178 2926 5255 rationibus,
2957 5175 3128 5259 quod
3156 5175 3430 5238 charitas
3455 5192 3586 5237 non
3610 5173 3805 5238 addat
3830 5174 3987 5238 ultra

2456 5288 2732 5370 gratiam
2759 5285 3037 5367 aliquem
3079 5282 3373 5347 habitum
3394 5330 3415 5360 ‚
3448 5282 3565 5363 qui
3602 5279 3984 5364 concupisci·

2456 5395 2645 5459 bilem
2670 5391 3013 5476 potentiam
3027 5387 3318 5454 habilitet
3333 5387 3416 5453 ad
3435 5388 3822 5467 amandum,
3842 5387 3988 5452 sient
