4185 6288
1200 424 1397 491 Dls'r.
1441 426 1711 491 xxvln.
1757 424 1939 491 ΛΒΤ.
1984 425 2033 491 1.
2079 424 2378 502 QUAEST.
2424 424 2525 489 lv.

300 554 471 619 enim
497 560 589 619 est
615 557 889 639 perfecto
913 558 1062 624 odio
1088 559 1292 625 odisse
1309 609 1329 641 ,
1360 567 1434 625 ut
1473 580 1589 626 nec
1634 581 1829 645 prop-

299 664 393 725 ter
420 663 575 726 vitia
604 663 896 731 homines
921 666 1131 733 oderis
1149 716 1167 749 ‚
1197 687 1316 734 nec
1345 674 1604 753 propter
1631 669 1833 735 homi-

297 785 409 832 nes
432 771 589 835 vitia
614 771 867 854 diligas,
889 796 919 833 »

372 880 435 940 2.
464 876 559 940 Ad
586 878 748 944 illud
773 879 944 963 quod
968 881 1288 964 objicitur,
1312 883 1482 964 quod
1508 883 1673 948 Deus
1696 884 1834 948 odit

294 988 678 1064 peccatores»,
703 988 838 1069 ‚iam
875 992 1047 1070 patet
1076 990 1401 1071 responsio
1436 1013 1448 1053 ε
1482 991 1637 1073 quia
1663 990 1828 1054 Deus

294 1103 423 1150 non
470 1089 602 1155 odit
642 1109 752 1155 eos
800 1095 1045 1159 ratione
1088 1101 1337 1159 naturae
1363 1142 1380 1171 ‚
1424 1096 1533 1160 sed
1588 1096 1828 1161 ratione

292 1193 493 1277 culpae
523 1244 541 1270 ‚
591 1198 694 1262 vel
741 1200 900 1264 vitii.
957 1201 1132 1266 Licet
1175 1203 1347 1266 enim
1398 1203 1641 1267 ratione
1689 1203 1826 1267 vitii

290 1305 638 1383 puniantur
665 1326 704 1370 a
733 1308 952 1373 divina
986 1311 1235 1392 Justitia
1260 1358 1277 1385 ,
1325 1311 1570 1375 ratione
1612 1315 1826 1377 tamen

285 1413 535 1475 naturae
560 1411 642 1476 ad
679 1413 925 1479 bonum
965 1417 1272 1480 ordinatae
1300 1417 1598 1481 foventur
1638 1422 1701 1481 et
1726 1423 1821 1483 at-

282 1517 632 1583 trahuntur
658 1539 696 1583 a
722 1521 939 1585 divina
974 1523 1406 1588 misericordia
1424 1571 1441 1598 ‚
1472 1524 1824 1589 secundum

282 1621 441 1689 illud
457 1627 628 1708 quod
647 1628 880 1692 dicitur
901 1636 920 1671 ¹
947 1648 963 1692 τ
985 1629 1136 1694 Com
1144 1631 1399 1695 mendat
1417 1636 1630 1696 autem
1657 1632 1823 1697 Deus

279 1729 652 1799 charitatem
676 1755 861 1801 suam
888 1738 958 1801 in
993 1739 1178 1803 nobis
1198 1787 1216 1818 ,
1248 1740 1401 1820 quia
1434 1759 1583 1804 cum
1609 1741 1822 1806 adhuc

275 1844 633 1918 peccatores
654 1861 960 1924 essemm,
985 1844 1270 1911 Christus
1298 1865 1416 1929 pro
1445 1848 1626 1911 nobis
1654 1868 1821 1913 mor-

271 1945 426 2008 tuus
455 1951 567 2011 est.
616 1948 721 2015 Sic
761 1953 933 2018 enim
979 1953 1147 2018 Deus
1185 1952 1499 2019 mundum
1542 1953 1777 2022 dilexit
1798 2005 1815 2033 ‚

269 2054 345 2114 ut
417 2052 653 2120 dicitur
698 2057 721 2091 ⁸
745 2105 765 2135 ,
816 2064 892 2125 ut
946 2060 1194 2126 Filium
1258 2076 1450 2126 suum
1516 2063 1813 2145 tentami-

270 2164 410 2225 tum
440 2209 459 2237 ,
487 2165 606 2226 etc.

344 2273 404 2332 3.
442 2268 540 2333 Ad
570 2269 729 2334 illud
756 2271 930 2353 quod
957 2273 1277 2355 objicitur,
1314 2276 1485 2357 quod
1527 2277 1577 2339 si
1614 2296 1811 2360 oppo-

261 2376 465 2440 situm
489 2377 558 2440 in
584 2378 872 2461 opposito
892 2427 909 2455 ‚
939 2384 1003 2443 et
1030 2382 1432 2463 propositum
1471 2382 1537 2445 in
1582 2401 1816 2467 propo-

261 2484 416 2562 sito,
453 2484 791 2549 dicendum
832 2487 1001 2569 quod
1036 2487 1195 2553 illud
1244 2489 1437 2554 habet
1479 2492 1814 2558 veritatem

259 2590 683 2672 intelligendo
723 2611 836 2675 per
877 2613 944 2658 se
976 2617 990 2658 ε
1025 2601 1087 2659 et
1126 2595 1269 2659 ideo
1305 2597 1378 2659 in
1427 2598 1669 2663 ratione
1697 2579 1816 2665 ‘illa

257 2703 352 2761 est
367 2699 618 2780 duplex
640 2701 939 2766 defectus.
973 2700 1293 2783 Primum,
1322 2706 1472 2786 quia
1504 2705 1653 2770 boni
1687 2708 1812 2772 ho-

258 2806 479 2870 mines
506 2811 656 2871 sunt
681 2808 1021 2890 diligendi,
1054 2829 1187 2875 non
1216 2812 1427 2876 solum
1455 2814 1606 2894 quia
1634 2815 1808 2895 boni,

259 2914 368 2976 sed
393 2914 595 2977 etiam
621 2915 775 2997 quia
800 2916 879 2980 ad
906 2917 1151 2981 bonum
1178 2919 1451 2982 ordinati
1476 2921 1649 2983 :sive
1680 2940 1811 2987 non

257 3020 471 3085 solum
494 3022 647 3101 quia
669 3022 817 3085 boni
841 3022 908 3085 in
931 3028 1101 3101 actu,
1127 3025 1239 3090 sed
1264 3025 1457 3088 etiam
1482 3026 1634 3107 quia
1659 3026 1809 3091 boni

255 3129 326 3194 in
349 3133 709 3215 aptitudine
731 3137 795 3197 et
818 3134 1144 3200 habilitate
1174 3159 1188 3199 ε
1220 3141 1283 3201 et
1301 3137 1440 3202 ideo
1456 3156 1588 3203 non
1604 3141 1810 3222 sequi·

255 3240 397 3319 tur,
428 3240 610 3323 quod
654 3241 804 3304 mali
847 3243 974 3305 sint
1006 3244 1298 3323 odiendi3
1331 3246 1483 3326 quia
1521 3246 1636 3309 etsi
1677 3265 1807 3310 non

253 3352 407 3410 sunt
428 3349 593 3423 honi
622 3349 691 3412 in
717 3353 897 3426 actu,
926 3356 1077 3415 sunt
1104 3358 1323 3417 tamen
1358 3354 1506 3416 boni
1545 3353 1612 3415 in
1643 3355 1808 3437 apti-

250 3452 480 3518 tudine
513 3459 577 3518 et
602 3455 949 3522 habilitate.
973 3457 1317 3540 Praeterea,
1338 3466 1472 3525 esto
1496 3460 1667 3543 quod
1687 3462 1806 3525 hoc

247 3558 331 3623 sit
359 3578 634 3643 verum,
667 3565 838 3646 quod
868 3566 1018 3630 boni
1048 3568 1116 3631 in
1151 3569 1470 3651 quantum
1491 3567 1643 3631 boni
1679 3568 1810 3631 sint

245 3666 603 3750 diligendi,
633 3689 717 3736 ex
743 3673 866 3737 hoc
890 3679 1102 3738 tamen
1146 3694 1280 3739 non
1323 3676 1613 3759 sequitur
1637 3725 1654 3754 ‚
1684 3675 1805 3739 nisi

242 3778 418 3857 quod
450 3777 642 3859 mali,
676 3781 743 3844 in
771 3787 1086 3863 quantum
1133 3785 1283 3849 mali
1306 3831 1326 3864 ‚
1353 3785 1478 3847 sint
1515 3785 1798 3850 odiendi.
1844 3865 1848 3870 ὓ

243 3880 322 3945 Et
351 3883 479 3948 hoc
514 3886 774 3967 quidem
802 3908 1033 3954 verum
1061 3896 1154 3954 est
1181 3910 1197 3954 ε
1230 3893 1338 3956 sed
1366 3911 1449 3956 ex
1479 3892 1602 3957 hoc
1638 3894 1806 3958 ulte-

241 3990 383 4055 rius
406 4011 556 4057 non
572 3999 668 4057 est
687 3995 1110 4077 inserendum,
1135 3998 1307 4081 quod
1337 3999 1489 4063 mali
1512 4000 1804 4064 homines

239 4114 376 4162 non
404 4100 547 4163 sint
571 4099 918 4183 diligendi,
947 4105 1105 4187 quia
1149 4106 1445 4188 quamvis
1482 4106 1548 4169 in
1595 4105 1689 4169 eis
1723 4106 1804 4171 sit

243 4206 498 4272 malitia
546 4208 787 4291 culpae,
834 4228 983 4293 quae
1034 4217 1129 4276 est
1171 4213 1334 4277 ratio
1381 4212 1670 4293 odiendi,
1709 4218 1805 4279 est

243 4316 470 4379 tamen
499 4316 574 4378 in
603 4316 695 4380 eis
720 4317 967 4382 bonitas
995 4325 1277 4399 naturae,
1308 4337 1456 4403 quae
1505 4324 1599 4384 est
1641 4321 1803 4386 ratio

240 4420 595 4504 diligendi.

321 4532 388 4592 4.
419 4529 527 4595 Ad
557 4530 716 4596 illud
744 4534 918 4615 quod
945 4535 1241 4617 objicitur
1259 4583 1278 4614 ,
1309 4534 1485 4617 quod
1528 4534 1801 4600 charitas

236 4642 338 4699 est
380 4637 727 4703 vinculum
772 4642 1061 4722 unitatiS,
1101 4641 1444 4707 dicendum
1491 4646 1587 4706 est
1628 4642 1802 4725 quod

233 4746 591 4811 vinculum
614 4746 1000 4831 dilectionis»,
1028 4752 1171 4816 licet
1196 4750 1493 4835 respiciat
1525 4750 1656 4815 duo
1682 4754 1795 4813 ex-

234 4856 492 4937 trema,
541 4874 750 4920 unum
791 4861 1007 4923 tamen
1051 4857 1308 4923 illorum
1346 4856 1599 4939 respicit
1637 4856 1802 4921 sicut

234 4961 642 5046 subjectum,
666 4964 939 5029 alterum
965 4970 1183 5032 autem
1213 4964 1379 5049 sicut
1398 4964 1751 5029 terminum
1777 4984 1793 5027 ε

304 5100 323 5135 ¹
350 5101 519 5162 Rom„
553 5112 604 5164 v,
632 5105 731 5155 8·9.
753 5130 817 5142 —
836 5106 858 5139 ¹
882 5106 1046 5169 Joan„
1077 5117 1158 5168 111,
1184 5108 1259 5156 16.
1286 5129 1349 5140 —
1375 5104 1396 5138 ⁸
1426 5104 1508 5166 Cf.
1546 5101 1796 5153 Alexand.

231 5172 464 5234 Alensis,
492 5173 661 5234 Com..
680 5188 732 5238 p.
757 5176 843 5235 ΙΙΙ,
872 5176 991 5227 coli.
1015 5187 1169 5239 um,
1187 5179 1281 5226 art.
1304 5178 1359 5239 ³3
1382 5177 1435 5226 S.
1455 5174 1641 5224 Thom.
1662 5174 1798 5235 ΙΙ-ΙΙ,

231 5254 286 5307 q.
307 5254 439 5308 xxv,
459 5248 565 5295 art.
585 5246 640 5306 5;
667 5251 718 5295 et
733 5246 797 5295 111
819 5247 977 5308 Sena,
997 5247 1113 5298 dist.
1129 5257 1320 5309 xxvm,
1344 5260 1394 5310 q.
1414 5258 1455 5308 1,
1476 5249 1572 5294 art.
1591 5246 1621 5294 '1
1632 5259 1650 5307 ;
1669 5247 1722 5293 et
1737 5242 1798 5292 de

234 5315 423 5380 Ver-it„
452 5331 508 5381 q.
537 5327 601 5379 11,
628 5320 724 5368 art.
746 5320 805 5381 '13
831 5318 1147 5377 nichel-dus,
1178 5318 1243 5368 nt
1267 5318 1423 5375 Seni..
1453 5315 1568 5366 dist.
1597 5326 1763 5367 xxvm
1777 5352 1797 5378 ,

299 5411 376 5478 (a)
403 5410 559 5463 Edit.
596 5412 754 5462 Venet.
789 5416 936 5479 1753,
958 5428 1090 5466 ease.

3361 425 3479 486 637

1941 580 2057 625 nec
2098 563 2345 641 oportet
2386 559 2556 642 quod
2586 562 2938 641 utrumque
2987 557 3279 639 respiciat
3319 555 3481 620 sicut

1937 667 2330 749 subjectum,
2360 666 2486 730 nisi
2515 665 2625 730 ubi
2657 666 2975 748 reperitur
3004 664 3277 747 perlecta
3313 663 3475 728 ratio

1938 774 2214 838 unioniS.
2265 773 2580 851 Quoniam
2629 790 2790 854 ergo
2830 772 3070 837 habens
3105 772 3474 835 charitatem
3564 791 3572 796 ·

1936 882 2031 944 est
2056 880 2138 963 (a)
2166 879 2242 944 de
2291 879 2530 943 unitate
2569 879 2852 961 corporis
2870 926 2891 957 ‚
2931 878 3095 942 alius
3140 895 3294 942 vero
3331 881 3475 941 actu

1935 1004 2066 1068 non
2100 985 2341 1050 habens
2367 985 2776 1063 charitatem,
2808 988 3013 1067 potest
3051 1003 3185 1049 esse
3214 985 3291 1048 de
3324 984 3475 1048 uni—

1935 1096 2062 1156 tate
2092 1093 2374 1175 corporis
2398 1092 2593 1170 illius,
2615 1091 2912 1174 quamvis
2933 1110 3064 1156 non
3083 1092 3166 1155 sit
3191 1093 3259 1154 in
3285 1093 3433 1155 actu
3457 1108 3474 1153 ε

1936 1199 2091 1263 hinc
2119 1198 2406 1282 estquod
2435 1199 2709 1262 charitas
2735 1202 3090 1281 potestesse
3124 1199 3190 1261 in
3221 1216 3352 1263 uno
3375 1216 3479 1262 re-

1933 1311 2155 1388 spectu
2180 1306 2464 1382 alterius,
2497 1323 2614 1388 pro
2638 1299 2713 1370 eo
2749 1307 2918 1388 quod
2948 1306 3285 1371 vinculum
3310 1307 3472 1369 ami-

1932 1412 2100 1476 citiae
2129 1414 2209 1477 ad
2240 1413 2342 1477 sui
2373 1431 2508 1477 esse
2547 1431 2677 1476 non
2713 1414 3072 1478 necessario
3111 1414 3318 1495 exigit
3360 1431 3476 1478 ex-

1929 1521 2285 1586 tremorum
2328 1525 2622 1599 mutuam
2671 1520 3178 1602 conjonctionem
3224 1542 3239 1584 :
3290 1522 3476 1585 multi

1931 1627 2106 1691 enim
2134 1627 2449 1709 diligunt,
2478 1627 2744 1710 quinon
2772 1627 3155 1709 diliguntur.
3190 1627 3368 1693 Unde
3394 1629 3473 1693 ad

1928 1732 2050 1798 hoc
2076 1735 2247 1818 quod
2265 1734 2538 1798 charitas
2565 1735 2648 1797 sit
2683 1734 3013 1799 vinculum
3034 1735 3313 1811 unioniS‚
3343 1752 3472 1798 non

1927 1847 2175 1924 oportet
2189 1842 2361 1925 quod
2378 1846 2568 1925 ponat
2582 1844 2933 1924 utrumque
2949 1847 3384 1907 extremorum
3405 1842 3473 1906 in

1924 1952 2074 2012 actu
2102 1949 2364 2014 uniendi
2388 1972 2404 2028 ;
2438 1949 2548 2013 sed
2576 1948 2813 2012 sufficit
2839 1950 3009 2031 quod
3039 1952 3233 2031 ponat
3262 1967 3468 2013 unum

1924 2054 1994 2119 in
2021 2061 2200 2135 actu,
2238 2057 2473 2121 scilicet
2513 2057 2909 2138 subjectum,
2940 2057 3011 2122 in
3044 2075 3173 2140 quo
3200 2060 3331 2134 est;
3362 2075 3467 2121 re-

1923 2163 2176 2247 liquum
2214 2183 2369 2229 vero
2411 2165 2479 2228 in
2514 2164 2765 2243 habitu,
2808 2165 3042 2229 scilicet
3084 2165 3406 2247 objectum
3447 2189 3462 2230 z

1923 2272 2091 2336 sicut
2117 2272 2387 2336 scientia⁴
2405 2273 2583 2354 ponit
2609 2272 2938 2337 scientiam
2968 2271 3034 2336 in
3057 2279 3225 2354 actu,
3247 2274 3468 2340 scibile

1923 2397 2079 2444 vero
2111 2379 2288 2461 ponit
2319 2379 2390 2442 in
2415 2380 2664 2445 habitu.

2440 2592 2797 2670 QUAESTIO
2842 2592 2944 2660 lv.

1967 2754 2056 2810 An
2083 2769 2307 2827 corpora
2332 2758 2517 2811 nostra
2544 2772 2611 2813 ecc
2636 2757 2902 2813 charitate
2922 2758 3035 2814 sint
3063 2757 3339 2827 diliqenda
3365 2757 3408 2815 ⁸.

2000 2913 2227 2979 Utrum
2258 2936 2341 2981 ex
2361 2918 2666 2983 charitate
2692 2918 3015 3000 diligenda
3044 2920 3171 2983 sint
3192 2937 3458 3001 corpora
3491 2949 3560 2994 Ad
3579 2961 3684 3007 οη,

1918 3024 2173 3100 nostra3
2205 3026 2269 3087 et
2311 3024 2482 3108 quod
2526 3044 2690 3105 non,
2736 3025 2991 3090 videtur
3010 3033 3035 3067 ⁸
3066 3048 3080 3090 ε
3125 3027 3249 3100 Oui
3286 3034 3461 3095 amat

1919 3131 2206 3197 animam
2225 3149 2409 3199 suam
2421 3181 2441 3214 ,
2458 3132 2679 3216 perdet
2697 3151 2835 3201 cam
2856 3157 2881 3199 .·
2897 3135 3007 3200 sed
3027 3140 3275 3201 constat
3291 3136 3462 3219 quod

1918 3238 2144 3304 anima
2161 3257 2293 3302 non
2312 3244 2431 3303 stat
2453 3241 2539 3304 ibi
2556 3241 2679 3305 nisi
2700 3260 2816 3323 pro
2842 3243 2974 3306 vita
2997 3243 3239 3307 carnali
3264 3266 3279 3307 :
3304 3262 3461 3325 ergo

1916 3342 1967 3405 si
1997 3343 2129 3408 vita
2175 3345 2450 3410 carnalis
2495 3348 2565 3411 in
2591 3347 2713 3412 hoc
2743 3349 2984 3412 mundo
3014 3355 3110 3413 est
3149 3350 3416 3415 odienda
3440 3399 3459 3428 ,

1918 3450 2173 3515 videtur
2198 3454 2369 3535 quod
2397 3453 2665 3518 odienda
2708 3453 2837 3518 sint
2882 3472 3148 3538 corpora
3191 3461 3407 3521 nostra
3434 3476 3451 3520 t

1916 3577 2047 3622 non
2074 3577 2232 3640 ergo
2263 3579 2345 3625 ex
2371 3561 2677 3627 charitate
2701 3562 3046 3645 diligenda.

1964 3670 2060 3731 .2.
2092 3666 2249 3732 Item
2278 3668 2444 3733 nihil
2469 3673 2566 3734 est
2592 3688 2674 3734 ex
2697 3670 3003 3735 charitate
3030 3671 3455 3755 diligendum,

1913 3778 2085 3862 quod
2111 3779 2377 3863 impedit
2420 3781 2746 3847 hominem
2776 3783 2859 3847 ab
2882 3785 3273 3850 assecutione
3305 3786 3458 3851 bea-

1913 3884 2205 3950 titudinis
2243 3909 2259 3952 :
2296 3888 2406 3953 sed
2450 3907 2599 3955 caro
2640 3895 2857 3956 nostra
2900 3895 2998 3956 est
3042 3891 3153 3973 huj
3165 3894 3414 3960 usmodi
3433 3943 3455 3973 ,

1913 3993 2066 4075 quia
2085 3994 2108 4030 ⁸
2132 4011 2281 4063 caro
2320 3999 2713 4080 concupiscit
2748 3998 3057 4067 adversm
3103 4001 3411 4083 spiritum
3430 4050 3456 4081 ,

1913 4102 2265 4166 secundum
2294 4105 2466 4186 quod
2495 4105 2727 4171 dicitur
2749 4113 2773 4148 ⁶
2807 4129 2823 4171 ε
2855 4106 3121 4174 Invenio
3150 4108 3225 4173 in
3262 4124 3458 4173 mem-

1915 4206 2046 4273 bris
2089 4212 2245 4275 meis
2290 4211 2486 4294 thcm
2531 4219 2986 4295 repuqnantem
3032 4214 3192 4298 leqi,
3224 4217 3342 4279 etc.
3390 4214 3458 4280 Si

1911 4332 2069 4396 ergo
2099 4334 2366 4400 corpora
2406 4322 2624 4384 nostra
2651 4318 3008 4403 impediunt
3048 4339 3165 4386 nos
3190 4341 3229 4385 a
3255 4322 3459 4386 beati-

1912 4422 2133 4487 tudine
2174 4427 2567 4507 assequenda
2584 4474 2601 4503 ‚
2648 4425 2901 4492 videtur
2941 4428 3114 4510 quod
3157 4444 3290 4492 non
3332 4428 3459 4492 sint

1909 4545 1994 4594 ex
2018 4529 2325 4596 charitate
2351 4532 2697 4614 diligenda.

1992 4642 2052 4701 3.
2101 4635 2258 4701 Item
2281 4638 2304 4674 ‘¹
2352 4661 2367 4704 z
2419 4639 2719 4707 charitas
2768 4657 3100 4724 nunquam
3151 4642 3455 4709 excidit:

1911 4761 2069 4825 ergo
2098 4744 2352 4810 videtur
2377 4747 2550 4830 quod
2578 4748 2685 4811 illa
2711 4767 2794 4813 ex
2824 4749 3128 4814 charitate
3154 4751 3283 4814 sint
3308 4749 3451 4814 dili-

1909 4849 2161 4932 genda,
2188 4871 2343 4941 ‚quae
2389 4872 2726 4936 nunquam
2775 4853 3079 4921 excidunt
3113 4877 3129 4921 :
3160 4857 3268 4922 sed
3312 4875 3452 4921 cor·

1909 4975 2065 5041 pora
2094 4964 2310 5024 nostra
2345 4966 2840 5044 corrumpentur
2869 4985 2888 5028 ι
2917 4981 3075 5045 ergo
3096 4983 3197 5049 ,ex
3239 4964 3451 5031 chari-

1908 5068 2037 5130 tate
2062 5085 2197 5131 non
2223 5071 2377 5133 sunt
2402 5068 2749 5150 diligenda.

1910 5203 1960 5254 q.
1984 5203 2055 5254 115
2086 5192 2374 5255 Stephanus
2403 5193 2611 5259 Bruler„
2639 5195 2704 5245 m
2736 5196 2895 5260 sent„
2931 5197 3048 5249 dist.
3070 5211 3258 5263 xxvm,
3284 5214 3338 5265 q.
3368 5213 3453 5265 ιη

1910 5260 2063 5311 Gahr.
2094 5262 2239 5324 Biel„
2281 5265 2343 5316 ΙΙΙ
2380 5265 2538 5331 Sem„
2583 5264 2929 5332 dist.xxv111‚
2963 5283 3016 5334 q.
3044 5282 3099 5332 1,
3129 5270 3252 5322 dub.
3287 5283 3457 5323 111.—

1908 5333 1930 5366 ⁵
1965 5334 2129 5399 Joan„
2172 5346 2286 5400 111,
2315 5339 2394 5388 25.
2422 5362 2485 5375 --
2509 5338 2532 5373 ⁸
2569 5337 2707 5401 Gal..
2753 5350 2804 5402 v,
2832 5340 2911 5390 ¹7.
2936 5342 3213 5406 —⁸Rom.,
3246 5354 3338 5407 vn,
3374 5346 3453 5394 23.

1912 5433 1966 5443 ““
1991 5408 2013 5444 τ
2039 5411 2058 5462 ι
2081 5409 2221 5475 coro,
2253 5422 2374 5477 ¹111,
2407 5414 2455 5464 Β.
