4185 6288
387 2232 479 2277 „Ad
499 2247 601 2290 opp.

624 485 747 548 268

615 622 745 684 test
787 616 1053 701 reperiri
1087 614 1210 680 nisi
1244 615 1315 678 in
1360 617 1651 679 creatura
1690 613 1874 679 valde
1919 613 2120 677 nobili
2151 636 2165 676 ε

625 743 783 808 ergo
808 725 1065 791 videtur
1091 723 1262 806 quod
1289 721 1573 787 Christus
1599 739 1744 785 eam
1770 721 2087 784 habuerit.

707 831 864 895 Item
893 829 1176 914 potentia
1209 828 1506 911 peccandi
1534 832 1629 892 est
1654 828 1937 912 potentia
1976 828 2178 891 ratio—

626 939 820 1017 nalis,
866 946 930 1001 et
971 937 1080 1001 illa
1118 939 1213 1000 est
1256 935 1337 1000 ad
1384 936 1673 1019 opposita
1706 958 1721 999 ε
1750 953 1907 1017 ergo
1953 935 2176 999 eadem

626 1049 721 1110 est
756 1045 1037 1127 potentia
1077 1042 1530 1107 benefaciendi.
1579 1041 1647 1106 Si
1695 1060 1854 1123 ergo
1901 1061 2035 1106 non
2082 1046 2179 1106 est

625 1154 800 1220 aliud
826 1171 1024 1236 quam
1063 1153 1341 1216 liberum
1369 1151 1710 1216 arbitrium
1733 1198 1750 1227 ‚
1788 1154 1852 1215 et
1890 1149 2178 1215 Christus

623 1261 899 1325 liberum
923 1259 1260 1324 arbitrium
1288 1259 1652 1340 assumpsit,
1682 1275 1844 1340 ergo
1871 1262 1934 1322 et
1963 1261 2180 1341 poten-

625 1353 781 1433 tiam
811 1369 1131 1451 peccandi.

706 1475 868 1540 Item
910 1477 1118 1540 solum
1167 1475 1323 1540 illud
1369 1479 1666 1540 curatum
1711 1478 1806 1538 est
1853 1474 1927 1537 in
1967 1473 2175 1554 nobis,

625 1584 800 1667 quod
833 1584 1135 1666 punitum
1175 1587 1238 1647 et
1278 1583 1584 1646 afflictum
1618 1582 1742 1646 fuit
1783 1581 1853 1645 in
1879 1580 2125 1644 Christo
2159 1607 2176 1651 ς

626 1692 738 1755 sed
778 1691 846 1753 in
885 1691 1070 1753 nobis
1114 1690 1328 1754 curari
1372 1689 1654 1753 maxime
1689 1688 2017 1768 indigebat
2061 1705 2182 1769 po-

626 1796 825 1862 tentia
850 1797 1172 1879 peccandi,
1191 1796 1498 1878 quoniam
1523 1795 1630 1857 illa
1659 1797 1775 1870 est,
1806 1811 1956 1875 quae
1972 1810 2182 1873 aegro-

627 1907 719 1968 tat
752 1921 866 1986 per
895 1903 1151 1985 culpam
1180 1925 1194 1966 :
1227 1920 1385 1981 ergo
1414 1900 1666 1964 videtur
1696 1900 1868 1983 quod
1900 1900 1970 1962 in
1997 1898 2179 1962 Chri-

630 2017 726 2076 sto
752 2029 935 2095 passa
961 2011 1152 2075 fuerit
1178 2014 1242 2074 et
1267 2010 1533 2087 afflicta3
1576 2013 1640 2071 et
1667 2008 1721 2070 si
1758 2007 1913 2086 hoc,
1945 2024 2106 2088 ergo
2142 2026 2181 2070 a

632 2119 876 2184 Christo
901 2118 1023 2183 fuit
1048 2118 1266 2181 habita
1293 2120 1356 2180 et
1387 2119 1736 2197 assumpta.
1791 2165 1797 2174 .

709 2224 832 2290 Sed
861 2229 1083 2289 contra
1113 2246 1128 2286 ε
1158 2228 1186 2285 1
1203 2272 1218 2287 .
1250 2222 1536 2287 Christus
1563 2220 1916 2284 secundum
1944 2219 2181 2284 huma-

629 2351 783 2396 nam
840 2335 1142 2397 naturam
1184 2331 1414 2395 habuit
1470 2330 1726 2412 plenam
1782 2328 2142 2392 libertatem
2156 2373 2177 2404 ‚

628 2439 793 2503 sicut
817 2443 881 2502 ct
904 2440 1159 2520 plenam
1200 2437 1477 2519 gratiam
1516 2459 1530 2500 ε
1563 2436 1674 2500 sed
1714 2436 1996 2519 potentia
2027 2455 2174 2519 pec—

626 2527 811 2609 candi
855 2543 1066 2609 addita
1111 2543 1386 2607 libertati
1433 2561 1577 2607 eam
1622 2542 1960 2621 diminuit,
2016 2543 2181 2607 sicut

627 2652 780 2716 dicit
795 2651 1140 2716 Anselmus
1157 2653 1176 2686 ¹
1200 2651 1269 2714 in
1290 2651 1454 2715 libro
1486 2650 1564 2716 de
1591 2651 1814 2717 Libero
1843 2650 2174 2717 Arbitrio:

626 2777 783 2843 ergo
811 2760 1094 2843 potentia
1122 2757 1419 2841 peccandi
1447 2775 1578 2821 non
1605 2757 1725 2821 suit
1753 2758 1820 2820 in
1847 2757 2116 2822 Christo.

705 2874 766 2932 2.
798 2866 981 2946 Item,
1007 2867 1059 2929 si
1087 2865 1266 2930 omni
1289 2865 1571 2947 potentia
1587 2865 1666 2946 (a)
1699 2864 1928 2946 aliquis
1949 2869 2043 2928 est
2072 2883 2181 2946 po-

624 2979 789 3054 tens,
817 2992 976 3054 ergo
1004 2974 1056 3035 si
1087 2973 1156 3035 in
1182 2972 1399 3053 aliquo
1427 2976 1520 3034 est
1541 2972 1822 3053 potentia
1851 2972 2174 3053 peccandi,

622 3082 729 3147 ille
756 3084 961 3165 potest
988 3097 1249 3164 peccare
1281 3100 1296 3142 z
1335 3078 1444 3141 sed
1484 3076 1769 3142 Christus
1797 3097 1929 3141 non
1973 3080 2181 3163 potuit

622 3207 915 3272 peccare,
946 3188 1109 3251 sicut
1135 3187 1314 3270 prius
1340 3189 1667 3249 ostensum
1693 3188 1791 3250 est
1819 3206 1835 3249 :
1868 3204 2025 3268 ergo
2063 3205 2181 3251 nec

622 3296 925 3381 peccandi
956 3295 1301 3379 potentiam
1329 3295 1565 3358 habere
1581 3342 1600 3372 ,
1630 3297 1749 3358 etc.

707 3410 766 3469 3.
809 3404 967 3468 Item
1008 3403 1289 3486 potentia
1316 3402 1618 3485 peccandi
1661 3405 1757 3466 est
1785 3402 2178 3485 principium

594 3511 827 3594 ficulpae
851 3530 868 3574 :
895 3511 1005 3575 sed
1033 3511 1101 3573 in
1127 3527 1540 3592 quocumque
1568 3510 1885 3591 contingit
1911 3510 2178 3593 reperiri

609 3611 1029 3707 principium,
1060 3616 1352 3701 possibile
1391 3620 1485 3679 est
1510 3615 1791 3680 inveniri
1817 3616 1976 3681 illud
2004 3617 2179 3699 quod

620 3744 704 3791 ex
728 3726 838 3790 illo
877 3725 1196 3810 principio
1226 3729 1524 3788 causatur
1552 3747 1568 3787 ε
1602 3742 1760 3805 ergo
1798 3724 1851 3787 si
1894 3724 2179 3789 Christus

619 3834 845 3898 habuit
895 3833 1241 3915 potentiam
1289 3831 1633 3914 peccandi,
1690 3831 1926 3895 hahere
1969 3832 2180 3914 potuit

618 3944 950 4025 peccatum
1003 3962 1018 4002 ε
1068 3957 1226 4020 ergo
1275 3939 1483 4021 potuit
1521 3957 1658 4002 esse
1704 3938 2065 4018 damnatus,
2114 3943 2178 4003 et

620 4049 731 4113 Dei
758 4047 1055 4111 inimicus
1082 4069 1098 4109 ε
1130 4049 1194 4109 et
1234 4047 1290 4108 si
1320 4047 1442 4110 hoc
1466 4050 1560 4110 est
1587 4045 1974 4127 impossibile
1993 4092 2010 4121 ,
2042 4064 2176 4110 res-

619 4165 710 4225 tat
733 4160 907 4243 quod
934 4163 997 4224 et
1022 4159 1332 4241 primum.
1721 4226 1726 4233 ,

699 4271 764 4331 4.
803 4265 961 4330 ltem
1008 4265 1293 4331 Christus
1337 4265 1693 4330 secundum
1734 4265 2020 4329 animam
2055 4265 2178 4329 fuit

619 4375 747 4439 Deo
771 4373 1142 4437 simillimus
1169 4374 1335 4437 inter
1353 4377 1678 4437 creaturas
1707 4379 1992 4452 caeteraS‚
2016 4390 2177 4455 quo-

617 4482 797 4546 niam
834 4480 1115 4544 maxime
1161 4480 1286 4544 fuit
1331 4482 1475 4563 ejus
1517 4480 1735 4544 anima
1779 4478 2108 4544 deiformis
2152 4500 2169 4545 ε

618 4588 728 4652 sed
774 4587 939 4652 Deus
975 4604 1110 4651 non
1157 4586 1382 4651 habuit
1424 4587 1775 4670 potentiam
1821 4588 2122 4670 peccandi
2152 4611 2168 4653 :

606 4680 776 4776 'ergo
819 4694 1072 4760 videtur
1112 4693 1285 4775 quod
1324 4711 1469 4758 eam
1517 4712 1647 4759 non
1692 4693 2011 4775 habuerit,
2056 4714 2200 4764 nec.

618 4800 1032 4884 assumpserit
1059 4799 1362 4866 Christus.

1139 4984 1595 5052 CONCLUSIO.

622 5124 863 5183 Christus
888 5128 1179 5199 assumpsit
1185 5126 1779 5198 potentiampeccandi,
1801 5128 1864 5183 id
1888 5132 1965 5185 est
1977 5133 2171 5201 poten·

691 5213 829 5266 tiam
848 5226 955 5281 qua
973 5216 1250 5283 peccatur,
1281 5214 1594 5267 nontamen
1615 5216 1923 5283 potentiam
1945 5230 2173 5287 peccan-

686 5300 747 5356 di
774 5300 1083 5358 ordinatam
1110 5302 1185 5358 ad
1209 5306 1391 5359 actitm
1412 5303 1697 5375 peccandi.

698 5437 883 5523 Resp.
952 5439 1029 5505 ad
1086 5458 1226 5522 arg.
1280 5439 1621 5504 Dicendum
1673 5442 1845 5522 quod
1891 5445 2174 5523 potentia

1731 474 2361 567 SENTEN'manM
2401 476 2551 542 Lm.
2595 478 2703 543 111.

2288 615 2584 696 peccandi
2617 614 2850 679 dicitur
2889 615 3247 699 dupliciter.
3292 614 3431 679 Uno
3459 615 3648 681 modo
3676 615 3840 681 dici-

2287 724 2393 785 tur
2436 721 2715 803 potentia
2756 723 3085 805 peccandi,
3135 722 3199 786 id
3246 727 3340 786 est
3384 723 3664 806 potentia
3705 744 3841 807 qua

2287 831 2623 911 peccatum
2660 833 2724 892 et
2766 830 2859 893 sic
2893 829 3175 912 potentia
3216 829 3514 912 peccandi
3549 830 3842 895 nominat

2288 935 2503 1018 ipsum
2556 935 2835 1000 liberum
2897 936 3235 1000 arbitrium
3289 939 3577 1000 creatum
3597 985 3615 1013 ,
3663 938 3841 1019 quod

2288 1043 2547 1127 quidem
2588 1048 2792 1126 potest
2828 1045 2894 1107 in
2940 1045 3186 1108 bonum
3234 1044 3530 1128 adjutum
3568 1043 3779 1124 gratia
3818 1062 3837 1107 z

2289 1154 2352 1214 et
2378 1151 2535 1232 quia
2558 1170 2673 1233 per
2698 1151 2798 1215 sui
2826 1155 3124 1216 naturam
3154 1156 3248 1215 est
3275 1150 3651 1215 defectivum
3677 1151 3842 1216 bene

2289 1257 2596 1338 faciendi,
2637 1258 2789 1322 hinc
2833 1262 2929 1322 est
2973 1259 3146 1340 quod
3190 1258 3298 1322 illa
3344 1258 3653 1341 potentia,
3705 1258 3843 1323 sive

2289 1364 2553 1429 facultas
2590 1366 2709 1431 dici
2750 1370 2955 1450 potest
2996 1366 3278 1450 potentia
3322 1367 3485 1430 bene
3533 1366 3839 1441 faciendi,

2290 1477 2354 1536 et
2397 1475 2681 1555 potentia
2724 1475 3023 1557 peccandi
3075 1497 3090 1537 :
3145 1474 3362 1538 nullus
3405 1474 3580 1538 enim
3624 1477 3847 1556 peccat

2290 1579 2413 1641 nisi
2457 1598 2572 1662 per
2613 1579 2811 1644 illam.
2861 1580 3005 1645 Alio
3053 1582 3243 1646 modo
3286 1581 3517 1645 dicitur
3561 1581 3847 1663 potentia

2291 1687 2626 1766 peccandi,
2657 1688 2940 1770 potentia
2979 1687 3269 1751 ordinata
3295 1687 3372 1750 ad
3405 1686 3802 1768 peccandum
3819 1735 3838 1766 ‚

2289 1797 2363 1857 ut
2410 1795 2691 1877 potentia
2733 1796 3019 1861 nominet
3063 1794 3305 1878 aliquid
3350 1794 3631 1858 medium
3672 1793 3845 1857 inter

2290 1902 2711 1967 substantiam
2734 1952 2751 1979 ,
2800 1907 2864 1968 et
2912 1903 3148 1985 peccati
3205 1907 3420 1967 actum
3442 1951 3459 1978 ,
3504 1920 3619 1984 per
3667 1901 3844 1984 quod

2291 2009 2643 2074 substantia
2684 2010 2791 2074 illa
2833 2010 3138 2094 potuisset
3166 2010 3240 2092 (b)
3281 2009 3458 2073 exire
3488 2009 3559 2071 in
3600 2009 3844 2091 peccati

2290 2117 2847 2199 perpetrationem.
2879 2116 2948 2182 Si
2983 2136 3140 2199 ergo
3183 2117 3391 2201 primo
3434 2115 3626 2180 modo
3676 2116 3845 2181 dica-

2290 2227 2398 2288 tur
2425 2226 2708 2306 potentia
2734 2225 3060 2308 peccandi,
3102 2226 3192 2288 sic
3220 2224 3459 2306 absque
3490 2224 3689 2289 dubio
3720 2224 3845 2287 fuit

2290 2331 2358 2394 in
2386 2332 2677 2410 Chi-istc,
2710 2337 2774 2397 et
2804 2333 2893 2396 sic
2921 2331 3272 2415 procedunt
3297 2332 3573 2395 rationes
3599 2331 3682 2395 ad
3718 2330 3846 2413 pri-

2290 2456 2465 2501 mam
2494 2444 2769 2522 partem,
2814 2459 2960 2523 quae
2990 2439 3336 2504 ostendunt
3374 2437 3693 2503 Christum
3723 2438 3846 2502 ha-

2288 2545 2499 2609 buisse
2539 2548 2885 2629 potentiam
2923 2546 3259 2630 peccandi3
3303 2545 3457 2627 quia
3498 2545 3844 2627 assumpsit

2287 2650 2539 2730 integre
2560 2655 2857 2717 naturam
2884 2658 3200 2733 nostram,
3232 2658 3294 2717 et
3319 2654 3459 2734 eJ‘us
3485 2652 3841 2734 quamlibet

2290 2759 2656 2840 potentiam.
2729 2760 2806 2824 Et
2873 2760 3013 2825 ideo
3084 2761 3361 2824 rationes
3409 2759 3536 2823 illae
3580 2758 3840 2823 concedi

2291 2870 2574 2946 possunt,
2605 2867 2757 2950 quia
2789 2872 2958 2932 recta
2985 2869 3092 2932 via
3121 2857 3494 2951 procedunt,
3518 2870 3583 2931 et
3607 2885 3840 2932 verum

2288 2972 2695 3037 concludunt.
2728 2974 2796 3039 Si
2824 2993 2980 3040 vero
3009 2975 3291 3058 potentia
3320 2973 3619 3056 peccandi
3664 2974 3836 3037 dica-

2287 3082 2395 3142 tur
2422 3081 2700 3164 potentia
2720 3087 2795 3146 ut
2819 3082 3109 3147 ordinata
3136 3082 3219 3147 ad
3246 3084 3579 3164 peccatum
3606 3097 3841 3162 perpe-

2287 3190 2588 3254 trandum
2605 3239 2624 3270 ,
2656 3191 2744 3255 sic
2793 3210 2923 3255 non
2988 3194 3084 3254 est
3128 3189 3602 3254 concedendum
3666 3186 3839 3270 quod

2289 3295 2575 3363 Christus
2602 3299 2827 3363 habuit
2869 3300 3218 3383 potentiam
3244 3294 3583 3382 peccandi,
3614 3314 3734 3379 pro
3761 3314 3836 3361 eo

2286 3407 2460 3487 quod
2485 3424 2744 3489 peccare
2771 3426 2905 3471 non
2942 3408 3144 3491 potuit
3172 3425 3185 3464 z
3229 3410 3294 3470 et
3316 3405 3459 3469 talis
3486 3404 3830 3482 ordinatim

2285 3511 2417 3578 imo
2462 3515 2865 3579 ‚deordinatio
2879 3563 2900 3594 ,
2954 3514 3255 3579 diminuit
3302 3513 3381 3577 de
3440 3512 3835 3595 plenitudine

2285 3619 2592 3684 libertatis
2625 3644 2640 3684 t
2675 3624 2739 3685 et
2758 3639 2874 3704 per
2899 3622 3022 3685 hoc
3048 3625 3218 3705 patet
3245 3620 3568 3704 responsio
3603 3619 3687 3683 ad
3717 3619 3836 3701 pri-

2289 3748 2470 3793 mum
2497 3730 2824 3812 objectum
2852 3731 2921 3794 in
2948 3731 3362 3822 contrarium.

2367 3843 2395 3900 1
2424 3842 2487 3901 et
2507 3845 2568 3903 2.
2588 3839 2687 3904 Ad
2708 3840 2867 3904 illud
2888 3840 3061 3921 quod
3075 3839 3394 3921 objicitur,
3424 3837 3597 3921 quod
3623 3837 3830 3903 somni

2285 3942 2567 4023 potentia
2601 3946 2696 4005 est
2735 3942 2969 4024 aliquis
3007 3945 3229 4024 potens
3252 3990 3269 4019 ,
3309 3946 3453 4020 etc.;
3487 3941 3820 4005 dicendum

2284 4050 2456 4133 quod
2488 4067 2716 4114 verum
2742 4053 2869 4127 est,
2900 4049 2953 4113 si
2981 4049 3264 4132 potentia
3288 4049 3452 4113 dicat
3482 4048 3824 4113 ordinatio-

2285 4176 2433 4222 nem
2460 4160 2540 4222 ad
2562 4161 2799 4222 actum.
2822 4155 2946 4222 Sed
2969 4157 3022 4220 si
3040 4157 3206 4221 dicat
3233 4156 3443 4221 solum
3471 4157 3827 4221 naturalem

2284 4266 2730 4349 aptitudinem,
2762 4282 2896 4330 non
2924 4266 3117 4330 habet
3143 4264 3500 4342 veritatem,
3528 4263 3687 4346 quia
3716 4280 3827 4345 po-

2283 4378 2405 4438 test
2420 4374 2716 4457 impediri
2747 4392 2861 4456 per
2885 4374 3248 4456 oppositum
3270 4375 3433 4453 eJ‘uS,
3456 4372 3619 4435 sicut
3645 4389 3827 4451 gres-

2282 4480 2490 4544 sibilis
2517 4481 2707 4545 habet
2732 4480 3090 4544 naturalem
3117 4478 3538 4561 aptitudinem
3561 4478 3640 4542 ad
3669 4496 3825 4559 gra-

2282 4586 2609 4666 diendum,
2639 4592 2702 4651 et
2728 4605 2935 4651 caecus
2953 4587 3036 4651 ad
3065 4586 3444 4663 videndum3
3468 4602 3586 4649 nec
3611 4588 3824 4647 tamen

2283 4694 2633 4775 gressibilis
2690 4697 3022 4759 truncatus
3078 4697 3283 4776 potest
3341 4691 3547 4772 gradi.
3599 4690 3677 4754 Et
3736 4690 3825 4752 sic

2282 4800 2564 4865 damnati
2592 4801 2832 4866 hahent
2853 4802 3201 4885 potentiam
3231 4798 3516 4863 merendi
3539 4819 3555 4875 ;
3587 4796 3696 4861 sed
3722 4799 3823 4859 ta-

2281 4925 2432 4971 men
2459 4908 2693 4971 mereri
2719 4926 2850 4972 non
2873 4911 3170 4991 possunt,
3198 4907 3356 4988 quia
3383 4902 3730 4986 impeditur
3755 4902 3823 4965 in

2280 5014 2371 5079 eis
2396 5015 2711 5079 ordinatio
2754 5015 2928 5080 illius
2974 5016 3301 5098 potentiae,
3351 5013 3488 5077 sive
3522 5013 3729 5077 exitus
3755 5013 3820 5075 in
3920 5064 3925 5068 .

2279 5121 2471 5184 talem
2497 5124 2732 5185 actum.
2764 5120 2867 5187 Sic
2893 5126 2955 5185 et
2985 5122 3055 5185 in
3089 5120 3409 5204 proposito
3455 5114 3817 5200 intelligen-

2278 5229 2437 5294 dum
2499 5233 2594 5293 est
2613 5276 2631 5306 ,
2683 5230 2838 5313 quia
2896 5230 3180 5294 animam
3248 5228 3477 5294 Christi
3525 5228 3703 5292 exire
3749 5226 3815 5290 in

2345 5368 2363 5403 ¹
2385 5366 2629 5427 Ansam,
2656 5367 2718 5418 de
2741 5367 2850 5420 Lib.
2882 5366 3098 5431 Arbita,
3129 5365 3217 5417 lib.
3249 5368 3287 5428 1,
3318 5381 3363 5417 c.
3390 5379 3429 5418 1.

2328 5461 2409 5555 ,(α)
2441 5462 2564 5515 coet.
2588 5460 2708 5512 edit.
2740 5459 3129 5526 omnipotentia.
3160 5488 3223 5500 -
3239 5459 3307 5527 (ὁ)
3329 5460 3510 5527 potuit.
