4185 6288
75 3201 227 3244 tundn-

57 3263 266 3307 mentales

1213 501 1590 574 ms‘rmcr.
1632 501 1814 572 xxx,
1857 472 2040 568 Aur.
2084 504 2134 569 1.
2180 504 2486 583 QuAEsr.
2527 502 2630 575 vl.
3390 495 3502 582 (381

316 631 489 700 tione
511 637 1021 723 propinquorum
1043 689 1061 720 ‚
1102 645 1165 707 et
1197 633 1446 706 ratione
1467 640 1855 707 extensionis

316 739 461 822 plus
484 742 555 806 in
583 745 984 812 calefactione
1010 748 1538 831 longinquorum.
1572 745 1674 812 Sic
1698 746 1852 811 etin

316 849 634 930 proposito
681 852 1172 936 intelligendum
1215 859 1308 919 est
1329 848 1362 932 ,⁸
1396 855 1568 938 quod
1606 854 1854 918 dilectio

314 954 693 1036 amicornm,
724 962 786 1024 et
811 960 1061 1025 dilectio
1090 962 1524 1038 inimicorum,
1552 963 1748 1043 prout
1773 961 1854 1024 ab

313 1066 533 1132 eadem
572 1070 781 1135 radice
819 1073 1202 1155 procedunt,
1250 1072 1601 1137 secundum
1642 1070 1854 1135 diver·

310 1192 412 1237 sas
436 1177 823 1243 conditiones
866 1184 930 1244 et
961 1183 1284 1262 respectus
1312 1182 1538 1243 mutuo
1570 1197 1638 1242 se
1673 1196 1854 1242 exce-

310 1276 515 1344 dunt:
547 1285 609 1344 et
635 1283 991 1348 secundum
1018 1285 1142 1348 hoc
1170 1282 1429 1350 dissolvi
1455 1288 1720 1366 possunt
1740 1301 1852 1347 ra-

310 1384 548 1468 tiones,
577 1407 728 1473 quae
767 1392 847 1457 ad
877 1392 1158 1458 diversas
1179 1395 1390 1476 partes
1416 1392 1844 1458 adducuntur.

309 1491 588 1560 Diversis
644 1497 821 1562 enim
871 1498 995 1564 viis
1022 1485 1438 1582 procedunt,
1498 1500 1852 1564 secundnm

246 1592 257 1605 ’
307 1617 468 1683 quas
493 1605 786 1687 utraeque
816 1623 1046 1671 verum
1071 1607 1211 1670 sine
1243 1608 1674 1689 repugnantia
1695 1626 1850 1672 con-

307 1707 561 1774 cludere
600 1719 886 1794 possunt.
925 1713 1048 1779 Sed
1085 1714 1140 1778 si
1173 1715 1441 1779 ulterius
1497 1720 1846 1798 quaeratur,

307 1818 457 1900 quis
508 1819 776 1884 istorum
820 1821 1098 1886 duorum
1150 1827 1446 1887 motuum
1471 1871 1493 1903 ,
1551 1819 1881 1888 omnihus*

306 1925 605 2006 pensatis,
630 1926 893 1993 excedat
910 1928 1254 2012 reliquum,
1275 1927 1380 1994 hic
1407 1931 1559 1992 sunt
1578 1929 1849 1994 diversae

304 2031 659 2113 opiniones.
688 2032 851 2099 Nam
886 2035 1149 2116 quidam
1171 2035 1400 2100 volunt
1419 2035 1645 2116 dicere,
1676 2037 1848 2120 quod

304 2144 521 2204 motus
561 2141 666 2206 ille
685 2189 704 2220 ,
735 2142 849 2225 qui
891 2147 985 2207 est
1025 2142 1094 2207 in
1122 2143 1404 2208 amicum
1425 2192 1446 2222 ,
1473 2144 1703 2208 melior
1728 2150 1844 2226 est,

302 2246 459 2329 qnia
489 2247 796 2312 intensior
821 2253 956 2330 est,
988 2253 1052 2313 et
1089 2250 1233 2333 plus
1261 2249 1455 2316 habet
1485 2251 1564 2317 de
1604 2253 1849 2318 ratione

296 2352 478 2417 boni.
503 2353 584 2419 Et
609 2355 807 2419 istum
837 2357 1105 2422 modum
1130 2357 1375 2422 dicendi
1413 2357 1668 2423 videtur
1710 2358 1844 2424 Ma·

295 2461 503 2542 gister
546 2464 897 2546 approbare
941 2466 1009 2530 in
1056 2466 1281 2532 littera.
1332 2466 1411 2531 Et
1435 2466 1490 2531 si
1512 2467 1688 2533 hunc
1719 2487 1849 2533 mo-

293 2568 484 2646 dum.
513 2571 628 2652 qui
654 2572 804 2636 satis
832 2572 1087 2638 videtur
1110 2574 1454 2656 probabilis
1471 2623 1490 2655 ,
1532 2576 1848 2643 sustinere

292 2675 597 2756 velimus,
621 2680 990 2761 responderi
1016 2685 1221 2763 potest
1254 2680 1334 2746 ad
1370 2682 1668 2762 rationes,
1697 2701 1846 2766 quae

292 2782 507 2864 primo
532 2783 946 2864 inducuntur,
977 2787 1149 2869 quod
1173 2788 1255 2852 ab
1280 2787 1687 2854 insufficienti
1707 2808 1848 2873 pro·

294 2895 557 2959 cedunt.

93 3011 162 3084 Δρ
173 3017 264 3057 tres
378 3002 543 3068 Cum
569 3004 743 3069 enim
772 3005 1004 3071 dicitur
1028 3007 1199 3091 quod
1229 3011 1441 3072 motus
1464 3013 1708 3092 quanto
1734 3010 1848 3076 dif-

64 3075 254 3182 ἷιηῗὲἷῖ.
294 3109 528 3176 flcilior
555 3115 618 3176 et
641 3114 865 3194 purior
891 3117 954 3179 et
980 3115 1191 3197 magis
1220 3133 1416 3199 supra
1451 3116 1624 3183 vires
1653 3121 1844 3184 natu-

294 3237 390 3284 rae
407 3267 427 3296 ‚
479 3221 655 3285 tanto
686 3225 782 3286 est
814 3223 1145 3306 perfectior
1185 3226 1248 3288 et
1274 3224 1714 3307 excellentior,
1746 3228 1845 3293 di-

294 3327 576 3391 cendum
595 3329 767 3411 quod
791 3329 913 3394 hoc
927 3349 1157 3395 verum
1175 3336 1270 3395 est
1287 3332 1529 3396 caeteris
1558 3334 1840 3416 paribus,

293 3433 422 3499 Sed
454 3451 605 3500 cum
631 3437 899 3501 assumit
939 3437 1018 3502 de
1045 3442 1226 3503 motu
1249 3439 1601 3505 dilectionis
1628 3442 1844 3506 inimi-

288 3570 550 3632 corum,
582 3552 694 3635 qui
720 3557 815 3618 est
836 3553 952 3636 huj
962 3555 1233 3636 asmodi,
1254 3558 1621 3640 responderi
1643 3564 1846 3642 potest

281 3661 462 3743 quod
490 3679 619 3724 non
642 3663 793 3725 sunt
817 3667 1024 3727 cetera
1046 3665 1246 3746 paria,
1286 3665 1442 3748 quia
1474 3666 1680 3732 multo
1710 3686 1844 3733 ma-

269 3768 384 3848 jor
425 3769 495 3831 'et
534 3768 886 3833 ferventior
924 3773 1021 3835 est
1062 3776 1273 3836 motus
1299 3761 1650 3839 dilectionis
1683 3794 1844 3859 erga

273 3875 551 3951 amicos,
584 3893 779 3957 quam
804 3876 886 3940 sit
908 3877 1034 3945 ille.
1070 3878 1252 3943 Alius
1275 3899 1431 3946 vero
1452 3885 1548 3946 est
1573 3883 1681 3947 hic
1707 3902 1842 3949 mo-

271 3980 410 4046 dus*
442 3981 697 4048 dicendi
723 4031 741 4062 ,
773 3984 945 4066 quod
985 3986 1235 4051 dilectio
1283 3987 1691 4055 inimicorum
1745 3999 1841 4057 est

268 4088 716 4169 excellentior,
759 4091 1128 4170 simpliciter
1166 4094 1506 4178 loquendo,
1537 4101 1601 4162 et
1628 4102 1839 4183 magis

265 4194 340 4261 in
392 4213 472 4260 ea
524 4196 911 4261 exercitatur
952 4200 1252 4281 perfectio
1295 4202 1640 4269 charitatis.
1673 4204 1753 4270 Et
1777 4206 1835 4270 si

274 4304 463 4370 hunc
520 4303 786 4369 modum
842 4305 1091 4372 dicendi
1153 4310 1469 4376 sustinere
1531 4312 1829 4394 velimuS,

264 4411 588 4495 quoniam
613 4409 866 4475 videtur
890 4415 1231 4480 auctoritas
1253 4417 1602 4500 Augustini
1620 4420 1833 4502 ipsum

261 4520 421 4585 satis
448 4517 846 4603 probabilem
869 4520 1098 4603 facere,
1128 4528 1334 4607 potest
1352 4527 1721 4609 responderi
1747 4528 1831 4594 ad

257 4646 360 4706 ea,
396 4644 554 4712 quae
574 4624 642 4689 in
670 4628 1060 4693 contrarium
1090 4631 1519 4697 adducuntur.

341 4740 406 4800 ¹.
469 4733 576 4799 Ad
620 4735 905 4817 primum
939 4738 1114 4820 quod
1159 4741 1460 4823 objicitur
1501 4742 1580 4807 de
1607 4743 1830 4810 ordine

255 4841 751 4926 diligendorum
770 4890 789 4921 ,
823 4840 946 4907 dici
972 4848 1215 4926 potest,
1248 4849 1420 4931 quod
1446 4848 1828 4917 Ambrosius

255 4962 326 5026 in
359 4952 685 5038 gradibus
705 4951 829 5014 illis
855 4968 986 5016 non
1012 4953 1280 5021 intendit
1303 4976 1562 5041 ponere,
1601 4960 1704 5026 vel
1728 4979 1828 5026 as·

251 5071 528 5153 signare
587 5062 828 5145 gradus
883 5064 1283 5150 perfectionis
1332 5066 1407 5132 in
1463 5067 1822 5150 dilectione,

247 5183 361 5249 sed
384 5177 642 5264 gradus
656 5178 1068 5243 exhibitionis
1092 5178 1450 5244 secundum
1482 5182 1821 5263 majorem,

245 5296 312 5360 et
334 5289 670 5356 minorem
696 5285 1181 5369 obligationem.

327 5404 394 5465 Ξ.
442 5394 548 5463 Ad
577 5393 735 5458 illud
774 5393 948 5477 quod
976 5395 1312 5477 objicitur,
1355 5396 1528 5559 quod
1570 5397 1823 5472 dilectio

311 5524 528 5589 ²Rom„
549 5530 600 5584 V,
629 5520 678 5576 8
701 5518 1030 5586 -23phee.,
1060 5532 1123 5586 11,
1147 5523 1194 5573 4.

1962 639 2318 706 amicorum
2384 645 2482 708 est
2523 643 2838 709 dilectioni
2896 643 3005 709 Dei
3056 645 3357 729 similior,
3414 668 3511 716 re-

1961 749 2258 830 sponderi
2307 755 2512 834 potest
2558 771 2674 835 per
2724 753 3300 836 interemptionem,
3358 759 3510 841 quia

1962 857 2256 937 perfectio
2279 857 2626 924 dilectionis
2654 860 2891 926 divinae
2934 862 3144 943 magis
3180 865 3510 932 manifesta

1960 971 2058 1030 est
2096 968 2165 1031 in
2205 969 2364 1049 hoc,
2409 971 2581 1054 quod
2630 972 2848 1036 dilexit
2892 992 3008 1037 nos
3051 994 3199 1039 cum
3227 995 3509 1043 essemus

1960 1074 2222 1156 inimici,
2252 1097 2448 1161 quam
2476 1081 2530 1143 si
2566 1099 2848 1145 essemus
2892 1080 3101 1156 amici,
3127 1084 3317 1164 juxta
3351 1085 3509 1151 illud

1960 1185 2243 1265 Apostoli
2273 1193 2290 1229 ¹
2326 1209 2341 1251 ε
2377 1187 2783 1255 commendat
2814 1195 3027 1255 autem
3070 1193 3244 1257 Deus
3287 1193 3505 1261 chari-

1960 1302 2155 1366 tatem
2185 1314 2373 1364 suam
2414 1299 2491 1363 in
2525 1297 2733 1378 nobis,
2777 1299 2936 1381 quia
2959 1314 3105 1364 cum
3128 1299 3341 1366 adhuc
3367 1319 3510 1384 pec-

1957 1411 2200 1473 catores
2235 1421 2534 1486 essemus,
2570 1404 2915 1472 secundum
2943 1411 3187 1489 tempus
3218 1407 3511 1478 Christus

1953 1530 2073 1598 pro
2108 1515 2292 1580 nobis
2331 1519 2615 1594 mortuus
2658 1519 2771 1580 est.
2818 1513 2998 1578 Unde
3038 1515 3156 1578 etsi
3213 1515 3281 1579 in
3325 1518 3510 1583 dilec-

1956 1624 2129 1689 tione
2156 1624 2509 1688 amicorum
2536 1622 2813 1687 charitas
2843 1622 2952 1687 Dei
2983 1624 3350 1689 ostendatur
3373 1645 3510 1691 esse

1959 1749 2218 1812 magna,
2260 1731 2328 1794 in
2354 1730 2688 1796 dilectione
2716 1728 3125 1794 inimicorum
3151 1731 3511 1797 ostenditur

1956 1858 2092 1905 esse
2133 1839 2354 1919 nimia,
2389 1841 2578 1921 juxta
2623 1837 2781 1901 illud
2821 1843 2845 1879 ¹
2872 1859 2887 1901 :
2917 1838 3191 1920 Propter
3232 1841 3509 1906 nimiam

1955 1947 2336 2014 charitatem
2363 1963 2570 2026 suam,
2603 1963 2735 2030 qua
2758 1944 3001 2012 dile-‘cic
3024 1961 3164 2023 nos,
3185 1952 3304 2011 etc.

2037 2058 2098 2119 3.
2148 2053 2247 2117 Ad
2284 2054 2444 2119 illud
2497 2055 2672 2137 quod
2727 2054 3049 2137 objicitur,
3108 2054 3279 2136 quod
3332 2057 3504 2119 tanto

1956 2165 2169 2226 motus
2193 2161 2541 2226 dilectionis
2571 2168 2666 2226 est
2698 2161 2945 2237 melior,
2975 2165 3217 2245 quanto
3245 2161 3507 2226 serven-

1954 2270 2102 2349 tior,
2159 2270 2499 2334 dicendum
2544 2270 2715 2353 quod
2752 2269 2913 2334 illud
2950 2288 3179 2334 verum
3222 2274 3341 2349 est,
3392 2271 3507 2336 ubi

1955 2384 2050 2443 est
2084 2397 2200 2462 par
2224 2378 2560 2443 difficultas
2593 2382 2657 2443 et
2692 2377 3081 2456 resistentia;
3125 2377 3236 2442 ubi
3285 2382 3504 2442 autem

1955 2504 2088 2550 non
2118 2489 2212 2551 est
2238 2504 2354 2569 par
2378 2485 2718 2551 difficultas
2746 2484 2906 2548 sicut
2928 2484 2997 2550 in
3025 2485 3346 2567 proposito
3373 2503 3504 2549 non

1956 2593 2150 2658 habet
2185 2593 2521 2659 veritatem
2552 2613 2569 2656 ε
2600 2591 2772 2674 quod
2808 2594 3007 2673 patet,
3036 2591 3190 2673 quia
3219 2592 3505 2656 modicus

1955 2700 2129 2782 ignis
2179 2700 2369 2764 citius
2418 2699 2629 2764 adurit
2670 2699 2948 2779 foenum,
2981 2716 3176 2782 quam
3225 2716 3507 2781 magnus

1953 2808 2128 2890 ignis
2154 2809 2382 2873 adurat
2401 2809 2562 2872 forte
2585 2807 2863 2889 lignum.

2033 2920 2097 2980 4.
2134 2915 2231 2980 Ad
2269 2915 2428 2980 illud
2471 2915 2642 2998 quod
2690 2914 3023 2997 ohJicitur,
3052 2911 3222 2995 quod
3257 2916 3504 2996 quanto

1957 3026 2172 3088 motus
2188 3023 2542 3088 dilectionis
2566 3026 2661 3087 est
2675 3022 2925 3100 rectior,
2947 3023 3124 3085 tanto
3145 3020 3500 3102 perfectior,

1953 3130 2296 3198 dicendum
2340 3129 2512 3216 quod
2556 3132 2653 3196 est
2684 3148 2939 3196 verum.
2983 3126 3108 3194 Sed
3142 3144 3290 3192 cum
3320 3146 3504 3192 assu-

1954 3239 2095 3318 mit,
2133 3240 2307 3322 quod
2358 3242 2571 3303 motus
2625 3236 2972 3301 dilectionis
3014 3253 3172 3317 erga
3220 3236 3503 3331 amicum

1953 3347 2164 3430 magis
2203 3351 2298 3412 est
2334 3364 2562 3429 aequus
2605 3348 2669 3409 et
2708 3348 2943 3423 rectuS,
2990 3320 3500 3425 respondendum

1952 3462 2047 3521 est
2074 3474 2185 3539 per
2210 3455 2718 3533 distinctionem,
2756 3453 2930 3537 quod
2975 3453 3179 3534 major
3229 3451 3499 3533 aequitas

1951 3567 2157 3649 potest
2197 3581 2334 3628 esse
2376 3561 2754 3645 dupliciter:
2784 3563 2896 3624 aut
2946 3563 3203 3643 propter
3242 3558 3501 3641 exigen-

1949 3670 2107 3734 tiam
2150 3669 2526 3734 meritorum
2553 3671 2616 3730 et
2641 3664 2971 3747 dignitatis
2996 3683 3036 3727 a
3060 3668 3239 3748 parte
3265 3663 3495 3744 dilecti,

1950 3783 2013 3843 et
2049 3778 2140 3843 sic
2187 3776 2401 3858 magis
2437 3780 2534 3840 est
2575 3791 2843 3856 aequum
2883 3772 3154 3854 diligere
3191 3772 3495 3850 amicum,

1950 3906 2148 3971 quam
2162 3887 2494 3951 inimicum
2510 3907 2528 3964 3
2555 3889 2669 3947 aut
2686 3886 2943 3967 propter
2965 3880 3498 3945 abundantiorem

1947 3996 2391 4061 rectitudinem
2421 4012 2461 4058 a
2482 3994 2661 4076 parte
2682 3988 3026 4071 diligentis,
3053 3991 3119 4052 et
3143 3988 3233 4050 sic
3251 4005 3381 4051 non
3401 3991 3498 4051 est

1947 4103 2158 4185 magis
2197 4120 2459 4185 aequum
2505 4099 2771 4181 diligere
2812 4097 3125 4173 amicum,
3155 4113 3351 4177 quam
3378 4095 3497 4159 ini-

1945 4212 2214 4291 micum,
2247 4211 2378 4274 imo
2412 4206 2622 4288 magis
2647 4223 2683 4270 e
2709 4220 3039 4281 converso,
3065 4202 3218 4284 quia
3245 4202 3370 4267 hoc
3400 4207 3496 4266 est

1946 4318 2208 4402 majoris
2269 4322 2334 4382 et
2399 4311 2880 4381 abundantioris
2940 4310 3241 4392 justitiae,
3290 4296 3490 4394 quam

1941 4426 2124 4493 illud.

2022 4540 2082 4600 5.
2114 4534 2213 4600 Ad
2236 4533 2394 4598 illud
2421 4530 2593 4615 quod
2607 4529 2927 4612 objicitur,
2951 4528 3124 4610 quod
3152 4527 3364 4609 magis
3385 4526 3494 4592 de-

1940 4644 2049 4708 bet
2071 4644 2270 4708 homo
2311 4658 2379 4705 se
2430 4655 2726 4703 exercere
2773 4635 2845 4699 in
2875 4653 2952 4699 eo
2973 4683 2991 4714 ‚
3022 4635 3193 4717 quod
3232 4639 3327 4699 est
3361 4652 3490 4698 ma-

1933 4750 2096 4833 joris
2113 4745 2512 4832 perfectionis
2531 4793 2551 4823 ,
2583 4742 2954 4825 responderi
2981 4746 3183 4824 potest
3209 4740 3382 4825 quod
3417 4742 3487 4806 in

1939 4857 2331 4925 exhibitione
2367 4853 2643 4935 alicujus
2679 4849 2992 4929 beneficii,
3023 4853 3088 4914 et
3114 4848 3488 4914 executione

1937 4966 2209 5047 alicujus
2219 4967 2419 5039 actuS,
2435 4960 2674 5042 duplici
2693 4957 3046 5023 intentione
3066 4959 3269 5039 potest
3289 4956 3487 5022 homo

1936 5094 2003 5140 se
2031 5089 2327 5139 exercere
2357 5091 2373 5133 :
2406 5071 2520 5134 aut
2544 5071 2801 5151 propter
2843 5067 3159 5132 detectum
3199 5065 3484 5145 alteriuS,

1936 5184 2052 5246 aut
2124 5180 2385 5262 propter
2440 5175 2745 5240 meritum
2803 5192 2998 5238 suum
3054 5191 3072 5237 ε
3129 5190 3250 5237 nec
3305 5172 3490 5237 debet

1933 5289 2130 5353 homo
2197 5286 2266 5350 in
2329 5284 2627 5368 operibus
2696 5281 2832 5346 suis
2878 5284 3132 5347 tantum
3186 5279 3488 5345 meritum

1935 5416 2133 5465 suum
2164 5395 2436 5475 intueri,
2467 5393 2578 5459 sed
2613 5394 2810 5458 etiam
2850 5394 3205 5477 profectum
3260 5390 3488 5473 proxi-

1935 5505 2049 5582 mi·
2087 5503 2260 5581 Licet
2295 5521 2455 5589 ergo
2481 5503 2551 5570 in
2586 5502 3041 5572 exercitatione
3078 5500 3244 5572 circa
3295 5496 3488 5567 dilec-
