4185 6288
622 550 627 553 .
759 508 871 554 vm

757 660 944 726 papa,
960 643 1322 726 Anselmus,
1337 645 1700 731 Apparatus
1719 654 1764 727 ¹,
1786 647 2118 732 Apuleius,
2145 647 2530 728 Aristoteles,
2548 647 2957 730 Athanasius,
2972 650 3310 732 Averroes,
3327 651 3757 735 Augustinus,
3772 652 3921 719 Avi-

755 785 981 850 cenna,
995 768 1286 853 Basilius,
1298 770 1370 838 B.
1392 771 1766 841 Benedictus
1780 773 1996 854 abbas,
2017 773 2209 855 Beda,
2230 773 2609 856 Bernardus,
2623 773 2902 857 Boetius,
2920 775 3213 842 Callistus
3228 794 3416 863 papa,
3432 776 3718 846 Canones
3730 779 3914 861 sacri,

753 892 1105 978 Cassianus,
1140 895 1560 981 Cassiodorus,
1589 898 1959 980 Caelestinus
1985 918 2172 985 papa,
2205 900 2712 985 chrysostomus,
2747 900 2986 982 Cicero,
3022 901 3308 968 Clemens
3341 920 3530 987 papa,
3563 902 3918 971 Concilium

752 1019 1153 1101 Caesariense,
1182 1021 1534 1091 Concilium
1551 1024 2069 1108 Carthaginense,
2087 1024 2441 1092 Concilium
2468 1024 2996 1109 Chalcedonense,
3023 1025 3375 1093 Concilium
3396 1027 3914 1112 compendiense,

750 1144 1100 1211 Concilium
1110 1146 1589 1231 Eliberitanum,
1603 1148 1955 1216 Concilium
1968 1150 2368 1233 Laodicense,
2384 1150 2733 1217 Concilium
2742 1150 3187 1235 Lateranense,
3199 1151 3547 1220 Concilium
3557 1152 3614 1220 N
3615 1153 3914 1236 icaenum,

750 1278 1099 1347 Concilium
1130 1282 1487 1350 Rhemense
1503 1332 1525 1366 ,
1554 1284 1906 1350 Concilium
1930 1284 2327 1367 Toletanum,
2359 1284 2739 1369 Cyprianus,
2763 1283 3211 1368 Damascenus,
3256 1284 3538 1368 Decreta,
3587 1287 3913 1373 Didymus,

747 1402 1109 1495 Dionysius,
1151 1406 1425 1474 Ecclesia
1450 1408 1894 1489 Ambrosiana,
1929 1409 2206 1476 Ecclesia
2229 1409 2640 1493 Gregoriana,
2669 1408 2999 1477 Evaristus
3022 1428 3209 1495 papa,
3234 1410 3547 1493 Euclides,
3575 1411 3914 1494 Eusebius,

745 1528 1064 1598 Fabianus
1083 1530 1276 1616 Papa,
1302 1532 1701 1616 Fulgentius,
1734 1534 2017 1600 Gelasius
2045 1534 2239 1618 Papa,
2271 1532 2588 1600 Gilbertus
2612 1531 2996 1600 Porretanus
3021 1542 3069 1615 ¹,
3096 1534 3314 1601 Glossa
3335 1535 3676 1617 ordinaria,
3701 1536 3918 1605 Glossa

741 1654 1179 1737 interlinearis,
1197 1656 1555 1736 Gratianus,
1577 1657 1918 1741 Gregorius
1930 1677 2116 1743 papa,
2130 1658 2477 1742 Gregorius
2490 1658 2942 1739 Nazianzenus,
2962 1658 3338 1725 Guillelmus
3351 1660 3914 1746 Antisiodorensis,

744 1776 1115 1847 Guillelmus
1140 1781 1509 1848 parisiensis
1528 1784 1551 1822 ⁸
1570 1832 1592 1864 ,
1623 1783 1892 1867 Haymo,
1934 1783 2311 1867 Hesychius,
2346 1784 2798 1868 Hieronymus,
2829 1782 3131 1865 Hilarius,
3155 1756 3460 1851 ’Horatius
3485 1788 3694 1868 poeta,
3722 1784 3915 1870 Hugo

740 1904 821 1970 de
867 1903 933 1971 S.
981 1905 1250 1989 Victore,
1298 1908 1611 1992 Hugutio,
1658 1910 2060 1975 Innocentius
2110 1907 2301 1994 Papa,
2350 1908 2639 1975 Joachim
2681 1907 2895 1972 Abbas
2914 1912 2977 1989 ‘3
3012 1906 3351 1992 Iosephus,
3398 1907 3571 1974 Isaac
3612 1906 3911 1990 Medicus,

741 2031 1038 2114 Isidorus,
1087 2036 1292 2103 Julius
1327 2037 1520 2123 Papa,
1567 2038 1868 2121 Legenda
1912 2039 2220 2123 passionis
2270 2037 2340 2103 B.
2398 2037 2718 2103 Laurentii
2734 2085 2753 2116 ,
2801 2036 3100 2119 Legenda
3147 2036 3217 2101 B.
3278 2036 3565 2119 Martini,
3618 2036 3917 2121 Legenda

739 2153 804 2220 S.
833 2155 1186 2242 Genovefae,
1218 2161 1514 2244 Legenda
1556 2162 1621 2228 S.
1669 2161 1723 2228 N
1728 2164 1933 2241 icolai,
1966 2162 2091 2228 Leo
2135 2162 2324 2246 Papa,
2369 2134 2527 2226 liber
2553 2160 2629 2227 de
2664 2161 2915 2242 causi-3,
2964 2160 3124 2225 liber
3164 2159 3243 2227 de
3279 2160 3535 2244 Spiritu
3561 2166 3622 2229 et
3650 2165 3911 2243 Anima,

736 2279 898 2347 liber
915 2282 993 2349 de
1009 2283 1268 2369 Repulis
1286 2285 1503 2367 Fidei,
1532 2286 1691 2352 liber
1706 2287 1784 2355 de
1802 2287 2274 2355 Ecclesiasticis
2289 2285 2700 2369 Doqmatibus
2725 2286 2769 2364 ⁸,
2798 2285 2959 2351 liber
2981 2278 3494 2366 Institutionum,
3525 2288 3907 2368 Macrobius,

736 2398 1039 2484 Magister
1083 2404 1152 2469 in
1198 2403 1508 2484 Historiis,
1555 2406 1858 2489 Magister
1884 2407 2360 2491 Praepositivus,
2403 2405 2708 2489 Magister
2748 2405 3242 2484 Sententiarum,
3293 2405 3669 2475 Melchiades
3716 2408 3908 2492 Papa,

735 2526 1090 2594 Mercurius
1113 2528 1586 2612 Trismegistus,
1604 2530 1915 2597 Nicolaus
1945 2531 2138 2617 Papa,
2172 2532 2301 2598 Odo
2329 2530 2749 2597 Cancellarius
2774 2530 2820 2611 ⁶,
2850 2530 3176 2613 Origenes,
3199 2531 3459 2597 Ovidius
3488 2531 3702 2613 Poeta,
3730 2532 3914 2599 Pela-

734 2652 885 2734 gius
909 2652 1102 2737 Papa,
1132 2651 1357 2719 Petrus
1380 2655 1812 2739 Chrysologus
1832 2657 2446 2745 archiep.Ravenn.,
2472 2655 2801 2738 Philippus
2820 2654 3241 2721 cancellarius
3256 2655 3303 2734 ¹¹,
3323 2655 3472 2721 Pius
3494 2656 3687 2741 Papa,
3708 2655 3906 2739 Plato,

735 2775 1150 2861 Porphyrius,
1180 2778 1564 2859 Priscianus,
1594 2777 1993 2862 Ptolemaeus,
2026 2781 2347 2860 RabanuS,
2378 2780 2734 2862 RemigiuS,
2763 2778 3116 2844 Richardus
3137 2778 3216 2844 de
3243 2777 3311 2845 S.
3340 2778 3611 2861 Victore,
3643 2779 3905 2862 Seneca,

733 2901 953 2967 Simon
976 2901 1412 2986 Tornacensis,
1445 2906 1705 2971 Soterus
1730 2905 1926 2990 Papa,
1957 2906 2208 2987 Strabo,
2241 2905 2618 2990 Symbolum
2647 2904 3119 2989 Apostolorum,
3149 2903 3527 2988 Symbolum
3551 2905 3903 2989 Athanasii,

734 3024 1113 3110 Symbolum
1141 3025 1500 3109 Nicaenum,
1528 3028 1896 3097 Theodorus
1921 3029 2114 3113 Papa,
2144 3029 2525 3110 Victorinus,
2549 3029 2841 3094 Urbanus
2868 3027 2948 3107 11,
2978 3029 3307 3094 Zacharias
3330 3028 3522 3113 Papa.

809 3175 841 3212 ι)
869 3152 1087 3235 Porro,
1108 3171 1314 3237 quum
1329 3172 1412 3219 ex
1428 3155 1551 3220 hoc
1566 3156 1854 3238 catalogo
1876 3162 2118 3222 constet
2130 3174 2261 3222 non
2279 3158 2472 3222 fuisse
2490 3155 2750 3239 quidem
2762 3172 2802 3221 a
2817 3152 3265 3219 Bonaventura
3282 3154 3567 3221 laudatos
3575 3155 3907 3241 Raymun-

730 3277 888 3343 dum
909 3278 988 3344 de
1016 3276 1385 3360 Pennafort,
1414 3279 1748 3345 Albertum
1761 3280 2096 3363 Magnum,
2124 3280 2436 3346 Thomam
2451 3281 2530 3346 de
2552 3281 2830 3364 Aquino,
2863 3284 2926 3344 et
2946 3278 3350 3344 Vincentium
3372 3279 3902 3366 Bellovacensem,

729 3400 892 3468 bene
914 3420 1069 3469 vero
1093 3403 1527 3470 Alexandrum
1553 3404 1872 3487 Alensem,
1903 3405 2311 3470 Guillelmum
2339 3404 2784 3484 Parisiensem,
2816 3374 3096 3470 Odonem
3125 3402 3615 3486 cancellarium,
3649 3424 3723 3472 ac
3750 3404 3900 3472 Phi-

728 3527 976 3612 lippum
1000 3529 1221 3594 itidem
1248 3528 1727 3609 cancellarium,
1755 3532 1868 3614 qui
1913 3532 2082 3596 intra
2127 3529 2592 3596 Bonaventurae
2634 3534 2921 3612 tempora
2965 3530 3036 3592 in
3076 3529 3246 3594 vivis
3284 3531 3484 3608 fuere,
3503 3548 3905 3615 consequens

728 3657 844 3732 est,
874 3670 1007 3718 non
1030 3671 1210 3737 posse
1239 3655 1595 3736 generatim
1622 3656 1891 3732 admitti,
1923 3655 2095 3738 quod
2122 3655 2455 3719 novissimi
2485 3653 2747 3734 (Veneti)
2774 3654 3043 3719 editores
3068 3655 3569 3736 pronuntiarunt
3595 3655 3619 3690 ⁸
3649 3676 3669 3721 t
3708 3680 3739 3719 e
3767 3655 3903 3722 Mos

728 3794 1063 3860 nunquam
1089 3777 1484 3863 Scriptorum
1509 3781 1631 3845 fuit
1656 3780 1852 3844 seculi
1878 3798 2028 3860 xm,
2069 3785 2144 3845 ut
2169 3777 2271 3844 vel
2314 3778 2385 3845 iu
2433 3779 2568 3843 suis
2610 3777 2963 3858 firmandiS,
2995 3783 3109 3843 aut
3156 3779 3223 3843 in
3249 3778 3471 3844 alienis
3495 3780 3905 3862 dogmatibus

728 3902 1104 3982 evertendis,
1134 3902 1214 3968 ad
1260 3903 1400 3968 illos
1441 3904 1879 3986 confugerent,
1911 3902 2298 3986 quibuscum
2325 3920 2457 3967 una
2486 3902 2824 3967 vixissent.
2849 3923 2880 3961 ι)
2917 3900 3093 3967 Certe
3117 3906 3181 3966 et
3206 3901 3549 3969 Cardinalis
3576 3902 3897 3986 Ostiensis,

728 4024 842 4109 qui
872 4026 1033 4091 obiit
1055 4043 1226 4091 anno
1263 4031 1442 4109 1271,
1482 4029 1551 4093 in
1592 4045 1710 4094 sua
1749 4028 2011 4094 Summa
2037 4033 2059 4068 ⁹
2097 4027 2245 4093 citat
2271 4025 2378 4092 Fr.
2422 4024 2898 4110 Raymundum,
2943 4043 3136 4109 quem
3171 4026 3386 4092 ferunt
3409 4045 3447 4092 e
3469 4026 3638 4095 vivis
3672 4027 3902 4094 abiisse

729 4167 900 4215 anno
927 4153 1107 4217 1275.
1392 4203 1399 4212 .

808 4295 839 4333 ι)
867 4272 1081 4353 Quum
1108 4274 1328 4341 itidem
1353 4280 1596 4341 constet
1628 4279 1695 4341 in
1720 4275 1998 4359 praetatis
2030 4273 2348 4359 seraphici
2381 4272 2662 4341 Doctoris
2691 4274 3175 4343 Commentariis
3202 4276 3513 4359 majorem
3545 4275 3899 4342 doctrinam

729 4398 1004 4479 elucere,
1027 4397 1232 4464 nolim
1258 4400 1404 4483 quis
1428 4399 1640 4466 credat
1679 4401 1894 4484 ipsum
1933 4400 2205 4465 minime
2242 4397 2611 4464 habendum
2658 4399 3032 4465 eorumdem
3071 4405 3461 4467 auctorem...
3471 4420 3502 4482 ,·
3524 4399 3606 4466 ad
3634 4399 3704 4467 id
3723 4400 3898 4467 enim

728 4524 995 4607 ipsemet
1012 4521 1462 4591 Bonaveutura
1475 4526 1568 4590 sic
1584 4524 1920 4610 respondet
1941 4527 1986 4567 ¹⁰
2011 4548 2026 4591 ε
2051 4549 2083 4586 e
2097 4522 2508 4607 Quadruplex
2519 4528 2615 4588 est
2627 4525 2855 4590 modus
2876 4523 3143 4589 radendi
3157 4524 3417 4591 librum.
3447 4524 3696 4609 Aliquis
3718 4525 3895 4592 enim

730 4649 945 4715 scribit
993 4649 1268 4717 alienam
1321 4650 1653 4716 materiam
1704 4650 1866 4716 nihil
1916 4650 2225 4732 addendo,
2283 4649 2388 4717 vel
2428 4650 2737 4717 mutando
2760 4671 2779 4729 ;
2811 4653 2874 4716 et
2912 4650 3032 4715 iste
3089 4666 3266 4716 mere
3320 4650 3551 4717 dicitur
3589 4649 3895 4735 Scriptor.

796 4831 816 4865 ¹
843 4844 872 4877 e
896 4829 1152 4896 Numquid
1174 4831 1258 4883 ille
1275 4868 1293 4897 ,
1322 4831 1409 4896 qui
1433 4833 1512 4881 est
1539 4830 1825 4881 innocentii
1851 4831 1940 4895 IV,
1968 4834 2058 4881 aut
2099 4828 2344 4882 Bernardi
2370 4828 2774 4894 compostellani
2811 4828 2865 4879 S.
2914 4828 3290 4880 Bonaventuroe
3330 4830 3490 4881 coaevi
3508 4831 3535 4880 ‘t
3561 4830 3738 4882 Tacuit
3756 4832 3896 4882 enim

728 4922 920 4964 nomen
943 4911 1183 4962 auctoris.
1206 4929 1235 4961 ι)
1253 4938 1319 4950 -
1337 4911 1361 4947 ⁸
1388 4927 1416 4958 ιι
1443 4912 1589 4962 Hunc
1616 4911 1847 4963 nominat
1868 4910 2162 4961 confutandi
2187 4910 2365 4976 gratia.
2386 4936 2450 4949 —
2469 4911 2493 4946 ⁸
2518 4927 2546 4959 α
2574 4912 2721 4961 Hune
2747 4923 2802 4960 se
2826 4909 3034 4960 novisse
3051 4912 3267 4960 testatur
3284 4911 3643 4963 Beneventum
3666 4912 3723 4962 in
3747 4912 3896 4964 tertio

728 4989 894 5054 libro,
922 4990 1039 5054 dist,
1068 5003 1176 5056 xvx,
1203 4997 1301 5044 art.
1332 4996 1375 5056 1,
1406 5005 1455 5056 q.
1486 5003 1525 5055 1,
1553 4990 1618 5041 ad
1639 5003 1689 5052 1,
1717 4991 1799 5041 his
1820 4991 2023 5041 verbis:
2057 5008 2085 5039 α
2113 4990 2296 5042 Audivi
2321 4990 2656 5042 Parisiensem
2684 4990 2979 5055 episcopum
3005 4989 3332 5041 Guillelmum
3357 4989 3570 5052 referre,
3588 5008 3618 5040 ι)
3650 4996 3747 5045 etc.
3777 5016 3840 5033 —
3863 5008 3893 5043 ι)

728 5070 750 5106 ⁸
773 5087 804 5119 e
823 5072 973 5123 Hunc
991 5084 1194 5137 quoque
1212 5076 1465 5124 memorat
1484 5070 1842 5123 confutationis
1858 5085 2029 5125 causa.
2048 5089 2076 5121 n
2102 5098 2165 5110 —
2180 5073 2201 5108 ⁸
2219 5089 2248 5120 α
2267 5074 2322 5124 ln
2341 5071 2587 5136 Apoloqia
2597 5082 2871 5136 pauperum
2889 5069 3120 5121 attribuit
3131 5070 3239 5136 ipse
3256 5070 3519 5122 Gennadio
3529 5070 3850 5125 Massiliensi.
3863 5090 3892 5121 ιι

727 5150 882 5201 -θα
906 5155 961 5206 8.
992 5155 1367 5206 Beneventum
1390 5166 1629 5216 coaevus,
1656 5165 1812 5216 quem
1844 5151 2017 5204 laudat
2060 5153 2201 5204 idem
2240 5154 2416 5204 Bonav
2418 5156 2630 5216 entura,
2661 5150 2784 5201 dum
2822 5150 2952 5202 libro
2979 5153 3042 5216 ll,
3070 5153 3166 5202 art.
3195 5157 3245 5215 2,
3273 5165 3322 5217 q
3356 5153 3387 5203 3
3425 5151 3550 5215 (ubi
3532 5154 3786 5219 isupra),
3809 5164 3894 5203 re·

728 5236 982 5284 censet«
1005 5233 1187 5285 decem
1220 5234 1460 5286 articulos
1484 5248 1605 5299 repr
1579 5233 1787 5284 robatos
1811 5233 1877 5283 ab
1916 5247 1988 5284 un
1994 5247 2146 5286 wiers
2129 5234 2250 5285 itate
2273 5233 2630 5297 magistrorum
2656 5230 3017 5283 parisiensium
3041 5235 3272 5297 tempore
3291 5232 3529 5298 Episcopi
3550 5231 3822 5298 Guillelmi‚
3842 5238 3893 5285 et

729 5309 923 5364 Odonis
944 5313 1315 5379 cancellarii,»
1346 5318 1488 5366 etc.»
1521 5340 1577 5354 «-
1603 5315 1627 5352 '¹
1650 5313 1760 5365 Lib.
1782 5325 1863 5376 111,
1872 5313 1998 5366 dist.
2019 5326 2128 5379 xvi,
2143 5318 2240 5366 art.
2268 5317 2317 5379 2,
2336 5327 2387 5379 q.
2410 5322 2495 5375 ιιι,
2521 5311 2605 5362 hic
2631 5324 2684 5376 p.
2709 5312 2820 5375 863,
2842 5311 2938 5363 col.
2962 5315 3012 5363 2.
3034 5312 3380 5365 —⁸Diatn‘b.
3408 5313 3773 5380 descriptis&
3800 5313 3895 5365 Bo·

728 5393 1030 5457 noeentum,
1056 5399 1184 5445 sect.
1205 5405 1285 5456 111,
1304 5407 1359 5445 ιι.
1390 5406 1507 5459 vm,
1533 5409 1715 5461 supra,
1745 5398 1873 5446 tom.
1908 5396 1951 5459 1,
1978 5409 2030 5460 p.
2058 5395 2244 5446 nx-⁹
2271 5393 2715 5459 Lib.1‚deservie
2742 5391 2889 5443 ordin
2895 5397 2979 5442 ‚et
3004 5406 3175 5444 eorum
3197 5408 3479 5450 mmm-
3503 5397 3624 5448 ¹⁰ln
3647 5393 3894 5445 Pmmio

726 5428 1654 5539 libwlqrvmupratomlpm
