<?xml version="1.0" encoding="UTF-8"?>
<!DOCTYPE html PUBLIC "-//W3C//DTD XHTML 1.0 Transitional//EN"
    "http://www.w3.org/TR/xhtml1/DTD/xhtml1-transitional.dtd">
<html xmlns="http://www.w3.org/1999/xhtml" xml:lang="en" lang="en">
 <head>
  <title>
</title>
<meta http-equiv="Content-Type" content="text/html;charset=utf-8" />
  <meta name='ocr-system' content='tesseract 3.04.00' />
  <meta name='ocr-capabilities' content='ocr_page ocr_carea ocr_par ocr_line ocrx_word'/>
</head>
<body>
  <div class='ocr_page' id='page_1' title='image "./srecardinalissb01cargoog_0277.png"; bbox 0 0 4185 6288; ppageno 0'>
   <div class='ocr_carea' id='block_1_1' title="bbox 1225 450 2598 531">
    <p class='ocr_par' dir='ltr' id='par_1_1' title="bbox 1225 450 2598 531">
     <span class='ocr_line' id='line_1_1' title="bbox 1225 450 2598 531; baseline 0.002 -13"><span class='ocrx_word' id='word_1_1' title='bbox 1225 451 1616 520; x_wconf 82' lang='lat' dir='ltr'><strong>DISTINC&#39;I&#39;.</strong></span> <span class='ocrx_word' id='word_1_2' title='bbox 1665 453 1769 518; x_wconf 74' lang='lat' dir='ltr'><strong>xl.</strong></span> <span class='ocrx_word' id='word_1_3' title='bbox 1814 451 1998 518; x_wconf 71' lang='lat' dir='ltr'><strong>m.</strong></span> <span class='ocrx_word' id='word_1_4' title='bbox 2042 450 2123 516; x_wconf 84' lang='lat'><strong>11.</strong></span> <span class='ocrx_word' id='word_1_5' title='bbox 2167 451 2468 531; x_wconf 75' lang='lat' dir='ltr'><strong>QUAEST.</strong></span> <span class='ocrx_word' id='word_1_6' title='bbox 2518 456 2598 522; x_wconf 94' lang='lat' dir='ltr'><strong>ll.</strong></span> 
     </span>
    </p>
   </div>
   <div class='ocr_carea' id='block_1_2' title="bbox 333 586 1895 5524">
    <p class='ocr_par' dir='ltr' id='par_1_2' title="bbox 333 586 1893 4453">
     <span class='ocr_line' id='line_1_2' title="bbox 344 586 1886 673; baseline 0.001 -23"><span class='ocrx_word' id='word_1_7' title='bbox 344 586 597 654; x_wconf 81' lang='lat' dir='ltr'><strong>locutio.</strong></span> <span class='ocrx_word' id='word_1_8' title='bbox 649 588 717 654; x_wconf 89' lang='lat' dir='ltr'><strong>Si</strong></span> <span class='ocrx_word' id='word_1_9' title='bbox 775 592 993 653; x_wconf 89' lang='lat' dir='ltr'><strong>autem</strong></span> <span class='ocrx_word' id='word_1_10' title='bbox 1043 587 1505 654; x_wconf 76' lang='lat' dir='ltr'>demonstraret</span> <span class='ocrx_word' id='word_1_11' title='bbox 1550 606 1886 673; x_wconf 85' lang='lat' dir='ltr'><strong>personam</strong></span> 
     </span>
     <span class='ocr_line' id='line_1_3' title="bbox 341 695 1886 780; baseline 0.002 -20"><span class='ocrx_word' id='word_1_12' title='bbox 341 695 546 778; x_wconf 85' lang='lat' dir='ltr'><strong>Verbi,</strong></span> <span class='ocrx_word' id='word_1_13' title='bbox 579 697 740 761; x_wconf 80' lang='lat' dir='ltr'><strong>falsa</strong></span> <span class='ocrx_word' id='word_1_14' title='bbox 764 700 898 775; x_wconf 67' lang='lat' dir='ltr'><strong>aet3</strong></span> <span class='ocrx_word' id='word_1_15' title='bbox 931 696 1110 772; x_wconf 78' lang='lat' dir='ltr'><strong>falsa,</strong></span> <span class='ocrx_word' id='word_1_16' title='bbox 1137 697 1428 779; x_wconf 87' lang='lat' dir='ltr'><strong>inquam,</strong></span> <span class='ocrx_word' id='word_1_17' title='bbox 1462 703 1780 780; x_wconf 86' lang='lat' dir='ltr'><strong>quantum</strong></span> <span class='ocrx_word' id='word_1_18' title='bbox 1806 699 1886 762; x_wconf 81' lang='lat' dir='ltr'><strong>ad</strong></span> 
     </span>
     <span class='ocr_line' id='line_1_4' title="bbox 341 805 1888 888; baseline 0.001 -20"><span class='ocrx_word' id='word_1_19' title='bbox 341 806 789 888; x_wconf 72' lang='lat' dir='ltr'><strong>proprietatem</strong></span> <span class='ocrx_word' id='word_1_20' title='bbox 817 809 1091 882; x_wconf 72' lang='lat' dir='ltr'><strong>natum,</strong></span> <span class='ocrx_word' id='word_1_21' title='bbox 1123 805 1278 887; x_wconf 86' lang='lat' dir='ltr'><strong>quia</strong></span> <span class='ocrx_word' id='word_1_22' title='bbox 1307 824 1577 888; x_wconf 88' lang='lat' dir='ltr'><strong>persona</strong></span> <span class='ocrx_word' id='word_1_23' title='bbox 1599 805 1788 870; x_wconf 77' lang='lat' dir='ltr'><strong>Verbi</strong></span> <span class='ocrx_word' id='word_1_24' title='bbox 1810 806 1888 871; x_wconf 90' lang='lat' dir='ltr'><strong>de</strong></span> 
     </span>
     <span class='ocr_line' id='line_1_5' title="bbox 339 913 1889 990; baseline 0.001 -13"><span class='ocrx_word' id='word_1_25' title='bbox 339 914 439 977; x_wconf 85' lang='lat' dir='ltr'><strong>sui</strong></span> <span class='ocrx_word' id='word_1_26' title='bbox 479 919 715 978; x_wconf 85' lang='lat' dir='ltr'><strong>natura</strong></span> <span class='ocrx_word' id='word_1_27' title='bbox 754 919 851 977; x_wconf 69' lang='lat' dir='ltr'><strong>aet</strong></span> <span class='ocrx_word' id='word_1_28' title='bbox 895 918 1156 978; x_wconf 81' lang='lat' dir='ltr'><strong>aeterna.</strong></span> <span class='ocrx_word' id='word_1_29' title='bbox 1206 913 1530 990; x_wconf 89' lang='lat' dir='ltr'><strong>Quantum</strong></span> <span class='ocrx_word' id='word_1_30' title='bbox 1573 915 1767 978; x_wconf 88' lang='lat' dir='ltr'><strong>etiam</strong></span> <span class='ocrx_word' id='word_1_31' title='bbox 1808 914 1889 978; x_wconf 90' lang='lat' dir='ltr'><strong>ad</strong></span> 
     </span>
     <span class='ocr_line' id='line_1_6' title="bbox 339 1020 1882 1085; baseline -0.001 -2"><span class='ocrx_word' id='word_1_32' title='bbox 339 1020 987 1085; x_wconf 85' lang='lat' dir='ltr'><strong>communicationem</strong></span> <span class='ocrx_word' id='word_1_33' title='bbox 1025 1020 1400 1084; x_wconf 90' lang='lat' dir='ltr'><strong>idiomatum</strong></span> <span class='ocrx_word' id='word_1_34' title='bbox 1441 1038 1571 1083; x_wconf 94' lang='lat' dir='ltr'><strong>non</strong></span> <span class='ocrx_word' id='word_1_35' title='bbox 1600 1020 1882 1083; x_wconf 86' lang='lat' dir='ltr'><strong>admitti·</strong></span> 
     </span>
     <span class='ocr_line' id='line_1_7' title="bbox 340 1128 1883 1216; baseline -0.001 -24"><span class='ocrx_word' id='word_1_36' title='bbox 340 1132 477 1207; x_wconf 91' lang='lat' dir='ltr'><strong>tur,</strong></span> <span class='ocrx_word' id='word_1_37' title='bbox 518 1129 674 1211; x_wconf 86' lang='lat' dir='ltr'><strong>quia</strong></span> <span class='ocrx_word' id='word_1_38' title='bbox 717 1129 841 1192; x_wconf 87' lang='lat' dir='ltr'><strong>tale</strong></span> <span class='ocrx_word' id='word_1_39' title='bbox 882 1129 1121 1192; x_wconf 79' lang='lat' dir='ltr'><strong>idioma</strong></span> <span class='ocrx_word' id='word_1_40' title='bbox 1154 1146 1290 1216; x_wconf 84' lang='lat' dir='ltr'><strong>non</strong></span> <span class='ocrx_word' id='word_1_41' title='bbox 1332 1128 1883 1206; x_wconf 89' lang='lat' dir='ltr'><strong>communicatur,</strong></span> 
     </span>
     <span class='ocr_line' id='line_1_8' title="bbox 337 1235 1888 1320; baseline -0.003 -18"><span class='ocrx_word' id='word_1_42' title='bbox 337 1242 594 1320; x_wconf 83' lang='lat' dir='ltr'><strong>propter</strong></span> <span class='ocrx_word' id='word_1_43' title='bbox 624 1238 750 1302; x_wconf 91' lang='lat' dir='ltr'><strong>hoc</strong></span> <span class='ocrx_word' id='word_1_44' title='bbox 777 1237 950 1320; x_wconf 86' lang='lat' dir='ltr'><strong>quod</strong></span> <span class='ocrx_word' id='word_1_45' title='bbox 988 1236 1224 1300; x_wconf 77' lang='lat' dir='ltr'><strong>claudit</strong></span> <span class='ocrx_word' id='word_1_46' title='bbox 1256 1235 1750 1319; x_wconf 77' lang='lat' dir='ltr'><strong>repugnantiam</strong></span> <span class='ocrx_word' id='word_1_47' title='bbox 1781 1236 1888 1299; x_wconf 91' lang='lat' dir='ltr'><strong>in—</strong></span> 
     </span>
     <span class='ocr_line' id='line_1_9' title="bbox 334 1344 1889 1424; baseline -0.002 -14"><span class='ocrx_word' id='word_1_48' title='bbox 334 1345 735 1410; x_wconf 82' lang='lat' dir='ltr'><strong>tellectuum.</strong></span> <span class='ocrx_word' id='word_1_49' title='bbox 780 1345 856 1409; x_wconf 82' lang='lat' dir='ltr'><strong>Et</strong></span> <span class='ocrx_word' id='word_1_50' title='bbox 898 1345 1002 1409; x_wconf 90' lang='lat' dir='ltr'><strong>hic</strong></span> <span class='ocrx_word' id='word_1_51' title='bbox 1044 1344 1273 1408; x_wconf 90' lang='lat' dir='ltr'><strong>modus</strong></span> <span class='ocrx_word' id='word_1_52' title='bbox 1319 1344 1752 1424; x_wconf 88' lang='lat' dir='ltr'><strong>distinguendi</strong></span> <span class='ocrx_word' id='word_1_53' title='bbox 1793 1363 1889 1407; x_wconf 90' lang='lat' dir='ltr'><strong>ra·</strong></span> 
     </span>
     <span class='ocr_line' id='line_1_10' title="bbox 337 1451 1888 1535; baseline -0.001 -18"><span class='ocrx_word' id='word_1_54' title='bbox 337 1453 657 1517; x_wconf 81' lang='lat' dir='ltr'><strong>tionahilis</strong></span> <span class='ocrx_word' id='word_1_55' title='bbox 683 1457 780 1517; x_wconf 86' lang='lat' dir='ltr'><strong>est</strong></span> <span class='ocrx_word' id='word_1_56' title='bbox 802 1501 819 1532; x_wconf 89' lang='lat'>,</span> <span class='ocrx_word' id='word_1_57' title='bbox 849 1457 914 1518; x_wconf 87' lang='lat' dir='ltr'><strong>et</strong></span> <span class='ocrx_word' id='word_1_58' title='bbox 944 1453 1159 1517; x_wconf 91' lang='lat' dir='ltr'><strong>minus</strong></span> <span class='ocrx_word' id='word_1_59' title='bbox 1183 1451 1649 1516; x_wconf 85' lang='lat' dir='ltr'><strong>calumniabilis</strong></span> <span class='ocrx_word' id='word_1_60' title='bbox 1690 1471 1888 1535; x_wconf 86' lang='lat' dir='ltr'><strong>quam</strong></span> 
     </span>
     <span class='ocr_line' id='line_1_11' title="bbox 333 1558 1890 1643; baseline 0.001 -20"><span class='ocrx_word' id='word_1_61' title='bbox 333 1560 650 1642; x_wconf 82' lang='lat' dir='ltr'><strong>praedicti,</strong></span> <span class='ocrx_word' id='word_1_62' title='bbox 706 1562 770 1623; x_wconf 92' lang='lat' dir='ltr'><strong>et</strong></span> <span class='ocrx_word' id='word_1_63' title='bbox 827 1558 970 1641; x_wconf 89' lang='lat' dir='ltr'><strong>plus</strong></span> <span class='ocrx_word' id='word_1_64' title='bbox 1015 1559 1165 1623; x_wconf 88' lang='lat' dir='ltr'><strong>facit</strong></span> <span class='ocrx_word' id='word_1_65' title='bbox 1214 1559 1295 1623; x_wconf 87' lang='lat' dir='ltr'><strong>ad</strong></span> <span class='ocrx_word' id='word_1_66' title='bbox 1350 1561 1741 1643; x_wconf 86' lang='lat' dir='ltr'><strong>propositum</strong></span> <span class='ocrx_word' id='word_1_67' title='bbox 1760 1608 1779 1635; x_wconf 85' lang='lat'>‚</span> <span class='ocrx_word' id='word_1_68' title='bbox 1827 1565 1890 1625; x_wconf 93' lang='lat' dir='ltr'><strong>et</strong></span> 
     </span>
     <span class='ocr_line' id='line_1_12' title="bbox 339 1666 1890 1750; baseline -0.001 -18"><span class='ocrx_word' id='word_1_69' title='bbox 339 1667 546 1749; x_wconf 88' lang='lat' dir='ltr'><strong>magis</strong></span> <span class='ocrx_word' id='word_1_70' title='bbox 574 1670 882 1733; x_wconf 85' lang='lat' dir='ltr'><strong>consonat</strong></span> <span class='ocrx_word' id='word_1_71' title='bbox 901 1666 1118 1730; x_wconf 83' lang='lat' dir='ltr'><strong>verbis</strong></span> <span class='ocrx_word' id='word_1_72' title='bbox 1142 1666 1450 1749; x_wconf 79' lang='lat' dir='ltr'><strong>Magistri,</strong></span> <span class='ocrx_word' id='word_1_73' title='bbox 1480 1669 1591 1750; x_wconf 88' lang='lat' dir='ltr'><strong>qui</strong></span> <span class='ocrx_word' id='word_1_74' title='bbox 1620 1668 1726 1733; x_wconf 87' lang='lat' dir='ltr'><strong>dat</strong></span> <span class='ocrx_word' id='word_1_75' title='bbox 1749 1686 1890 1731; x_wconf 89' lang='lat' dir='ltr'><strong>sen-</strong></span> 
     </span>
     <span class='ocr_line' id='line_1_13' title="bbox 338 1774 1889 1858; baseline 0.001 -20"><span class='ocrx_word' id='word_1_76' title='bbox 338 1794 480 1839; x_wconf 87' lang='lat' dir='ltr'><strong>sum</strong></span> <span class='ocrx_word' id='word_1_77' title='bbox 516 1775 844 1858; x_wconf 81' lang='lat' dir='ltr'><strong>praedictae</strong></span> <span class='ocrx_word' id='word_1_78' title='bbox 884 1774 1300 1839; x_wconf 85' lang='lat' dir='ltr'><strong>distinctionis</strong></span> <span class='ocrx_word' id='word_1_79' title='bbox 1315 1823 1334 1853; x_wconf 90' lang='lat'><em>,</em></span> <span class='ocrx_word' id='word_1_80' title='bbox 1367 1775 1661 1858; x_wconf 82' lang='lat' dir='ltr'><strong>quamvis</strong></span> <span class='ocrx_word' id='word_1_81' title='bbox 1691 1776 1889 1839; x_wconf 86' lang='lat' dir='ltr'><strong>verba</strong></span> 
     </span>
     <span class='ocr_line' id='line_1_14' title="bbox 342 1882 1889 1965; baseline 0 -19"><span class='ocrx_word' id='word_1_82' title='bbox 342 1900 466 1947; x_wconf 92' lang='lat' dir='ltr'><strong>non</strong></span> <span class='ocrx_word' id='word_1_83' title='bbox 511 1886 742 1965; x_wconf 85' lang='lat' dir='ltr'><strong>ponat,</strong></span> <span class='ocrx_word' id='word_1_84' title='bbox 790 1900 875 1946; x_wconf 91' lang='lat' dir='ltr'><strong>ne</strong></span> <span class='ocrx_word' id='word_1_85' title='bbox 913 1883 1226 1946; x_wconf 86' lang='lat' dir='ltr'><strong>desereret</strong></span> <span class='ocrx_word' id='word_1_86' title='bbox 1266 1883 1533 1946; x_wconf 91' lang='lat' dir='ltr'><strong>modum</strong></span> <span class='ocrx_word' id='word_1_87' title='bbox 1579 1882 1889 1964; x_wconf 86' lang='lat' dir='ltr'><strong>theologi-</strong></span> 
     </span>
     <span class='ocr_line' id='line_1_15' title="bbox 342 1992 1888 2075; baseline 0.001 -18"><span class='ocrx_word' id='word_1_88' title='bbox 342 2011 509 2057; x_wconf 86' lang='lat' dir='ltr'><strong>cum.</strong></span> <span class='ocrx_word' id='word_1_89' title='bbox 543 1992 976 2057; x_wconf 84' lang='lat' dir='ltr'><strong>Moderniores</strong></span> <span class='ocrx_word' id='word_1_90' title='bbox 1001 2009 1157 2056; x_wconf 88' lang='lat' dir='ltr'><strong>vero</strong></span> <span class='ocrx_word' id='word_1_91' title='bbox 1183 1996 1502 2075; x_wconf 82' lang='lat' dir='ltr'><strong>oporteret</strong></span> <span class='ocrx_word' id='word_1_92' title='bbox 1531 1993 1738 2075; x_wconf 88' lang='lat' dir='ltr'><strong>magis</strong></span> <span class='ocrx_word' id='word_1_93' title='bbox 1764 2012 1888 2058; x_wconf 86' lang='lat' dir='ltr'><strong>ex-</strong></span> 
     </span>
     <span class='ocr_line' id='line_1_16' title="bbox 342 2100 1886 2185; baseline 0 -22"><span class='ocrx_word' id='word_1_94' title='bbox 342 2102 572 2185; x_wconf 81' lang='lat' dir='ltr'><strong>plicare</strong></span> <span class='ocrx_word' id='word_1_95' title='bbox 638 2106 898 2184; x_wconf 89' lang='lat' dir='ltr'><strong>propter</strong></span> <span class='ocrx_word' id='word_1_96' title='bbox 967 2100 1514 2182; x_wconf 80' lang='lat' dir='ltr'><strong>importunitatem</strong></span> <span class='ocrx_word' id='word_1_97' title='bbox 1583 2119 1886 2183; x_wconf 82' lang='lat' dir='ltr'><strong>quaeren-</strong></span> 
     </span>
     <span class='ocr_line' id='line_1_17' title="bbox 340 2207 1887 2291; baseline 0.001 -19"><span class='ocrx_word' id='word_1_98' title='bbox 340 2210 523 2273; x_wconf 87' lang='lat' dir='ltr'><strong>tium.</strong></span> <span class='ocrx_word' id='word_1_99' title='bbox 571 2210 962 2274; x_wconf 86' lang='lat' dir='ltr'><strong>Determinat</strong></span> <span class='ocrx_word' id='word_1_100' title='bbox 998 2208 1169 2272; x_wconf 89' lang='lat' dir='ltr'><strong>enim</strong></span> <span class='ocrx_word' id='word_1_101' title='bbox 1217 2207 1517 2291; x_wconf 80' lang='lat' dir='ltr'><strong>Magister</strong></span> <span class='ocrx_word' id='word_1_102' title='bbox 1557 2210 1730 2291; x_wconf 87' lang='lat' dir='ltr'><strong>quod</strong></span> <span class='ocrx_word' id='word_1_103' title='bbox 1769 2209 1887 2273; x_wconf 88' lang='lat' dir='ltr'><strong>iste</strong></span> 
     </span>
     <span class='ocr_line' id='line_1_18' title="bbox 341 2315 1882 2398; baseline 0 -19"><span class='ocrx_word' id='word_1_104' title='bbox 341 2315 533 2380; x_wconf 86' lang='lat' dir='ltr'><strong>homo</strong></span> <span class='ocrx_word' id='word_1_105' title='bbox 572 2317 834 2398; x_wconf 87' lang='lat' dir='ltr'><strong>incoepit</strong></span> <span class='ocrx_word' id='word_1_106' title='bbox 873 2334 1013 2380; x_wconf 86' lang='lat' dir='ltr'><strong>esse</strong></span> <span class='ocrx_word' id='word_1_107' title='bbox 1050 2315 1405 2380; x_wconf 87' lang='lat' dir='ltr'><strong>secundum</strong></span> <span class='ocrx_word' id='word_1_108' title='bbox 1445 2315 1616 2397; x_wconf 82' lang='lat' dir='ltr'><strong>quod</strong></span> <span class='ocrx_word' id='word_1_109' title='bbox 1650 2315 1882 2394; x_wconf 89' lang='lat' dir='ltr'><strong>homo;</strong></span> 
     </span>
     <span class='ocr_line' id='line_1_19' title="bbox 341 2423 1886 2506; baseline 0.001 -19"><span class='ocrx_word' id='word_1_110' title='bbox 341 2442 472 2487; x_wconf 92' lang='lat' dir='ltr'><strong>non</strong></span> <span class='ocrx_word' id='word_1_111' title='bbox 511 2429 728 2488; x_wconf 90' lang='lat' dir='ltr'><strong>autem</strong></span> <span class='ocrx_word' id='word_1_112' title='bbox 767 2425 1122 2490; x_wconf 86' lang='lat' dir='ltr'><strong>secundum</strong></span> <span class='ocrx_word' id='word_1_113' title='bbox 1158 2424 1331 2506; x_wconf 89' lang='lat' dir='ltr'><strong>quod</strong></span> <span class='ocrx_word' id='word_1_114' title='bbox 1376 2423 1682 2488; x_wconf 82' lang='lat' dir='ltr'><strong>Verbum.</strong></span> <span class='ocrx_word' id='word_1_115' title='bbox 1722 2424 1886 2501; x_wconf 86' lang='lat' dir='ltr'><strong>Quid</strong></span> 
     </span>
     <span class='ocr_line' id='line_1_20' title="bbox 344 2530 1888 2614; baseline 0.001 -20"><span class='ocrx_word' id='word_1_116' title='bbox 344 2536 556 2595; x_wconf 85' lang='lat' dir='ltr'><strong>autem</strong></span> <span class='ocrx_word' id='word_1_117' title='bbox 590 2536 687 2595; x_wconf 89' lang='lat' dir='ltr'><strong>est</strong></span> <span class='ocrx_word' id='word_1_118' title='bbox 731 2531 902 2596; x_wconf 88' lang='lat' dir='ltr'><strong>aliud</strong></span> <span class='ocrx_word' id='word_1_119' title='bbox 929 2532 1137 2597; x_wconf 83' lang='lat' dir='ltr'><strong>dicere</strong></span> <span class='ocrx_word' id='word_1_120' title='bbox 1157 2579 1174 2608; x_wconf 89' lang='lat'>‚</span> <span class='ocrx_word' id='word_1_121' title='bbox 1203 2531 1327 2594; x_wconf 87' lang='lat' dir='ltr'><strong>nisi</strong></span> <span class='ocrx_word' id='word_1_122' title='bbox 1373 2530 1544 2614; x_wconf 88' lang='lat' dir='ltr'><strong>quod</strong></span> <span class='ocrx_word' id='word_1_123' title='bbox 1575 2549 1689 2613; x_wconf 89' lang='lat' dir='ltr'><strong>per</strong></span> <span class='ocrx_word' id='word_1_124' title='bbox 1731 2530 1888 2595; x_wconf 90' lang='lat' dir='ltr'><strong>illud</strong></span> 
     </span>
     <span class='ocr_line' id='line_1_21' title="bbox 344 2638 1882 2723; baseline 0 -21"><span class='ocrx_word' id='word_1_125' title='bbox 344 2657 691 2720; x_wconf 88' lang='lat' dir='ltr'><strong>pronomen</strong></span> <span class='ocrx_word' id='word_1_126' title='bbox 719 2644 923 2723; x_wconf 88' lang='lat' dir='ltr'><strong>potest</strong></span> <span class='ocrx_word' id='word_1_127' title='bbox 947 2638 1367 2703; x_wconf 89' lang='lat' dir='ltr'><strong>demonstrari</strong></span> <span class='ocrx_word' id='word_1_128' title='bbox 1408 2638 1739 2719; x_wconf 85' lang='lat' dir='ltr'><strong>singulare</strong></span> <span class='ocrx_word' id='word_1_129' title='bbox 1767 2638 1882 2702; x_wconf 89' lang='lat' dir='ltr'><strong>ho-</strong></span> 
     </span>
     <span class='ocr_line' id='line_1_22' title="bbox 345 2744 1886 2829; baseline -0.001 -20"><span class='ocrx_word' id='word_1_130' title='bbox 345 2746 569 2826; x_wconf 88' lang='lat' dir='ltr'><strong>minis,</strong></span> <span class='ocrx_word' id='word_1_131' title='bbox 624 2748 730 2811; x_wconf 87' lang='lat' dir='ltr'><strong>vel</strong></span> <span class='ocrx_word' id='word_1_132' title='bbox 787 2764 1059 2829; x_wconf 88' lang='lat' dir='ltr'><strong>persona</strong></span> <span class='ocrx_word' id='word_1_133' title='bbox 1113 2745 1251 2809; x_wconf 82' lang='lat' dir='ltr'><strong>Filii</strong></span> <span class='ocrx_word' id='word_1_134' title='bbox 1309 2745 1468 2809; x_wconf 74' lang='lat' dir='ltr'><strong>Dei?</strong></span> <span class='ocrx_word' id='word_1_135' title='bbox 1518 2744 1886 2809; x_wconf 86' lang='lat' dir='ltr'><strong>Secundum</strong></span> 
     </span>
     <span class='ocr_line' id='line_1_23' title="bbox 343 2850 1887 2936; baseline -0.003 -19"><span class='ocrx_word' id='word_1_136' title='bbox 343 2852 504 2918; x_wconf 85' lang='lat' dir='ltr'><strong>hanc</strong></span> <span class='ocrx_word' id='word_1_137' title='bbox 529 2872 688 2936; x_wconf 89' lang='lat' dir='ltr'><strong>ergo</strong></span> <span class='ocrx_word' id='word_1_138' title='bbox 709 2854 1177 2918; x_wconf 80' lang='lat' dir='ltr'><strong>distinctionem</strong></span> <span class='ocrx_word' id='word_1_139' title='bbox 1210 2868 1342 2916; x_wconf 93' lang='lat' dir='ltr'><strong>non</strong></span> <span class='ocrx_word' id='word_1_140' title='bbox 1372 2850 1634 2915; x_wconf 91' lang='lat' dir='ltr'><strong>omnino</strong></span> <span class='ocrx_word' id='word_1_141' title='bbox 1662 2868 1887 2914; x_wconf 91' lang='lat' dir='ltr'><strong>conce-</strong></span> 
     </span>
     <span class='ocr_line' id='line_1_24' title="bbox 342 2959 1882 3048; baseline -0.004 -20"><span class='ocrx_word' id='word_1_142' title='bbox 342 2963 544 3030; x_wconf 87' lang='lat' dir='ltr'><strong>denda</strong></span> <span class='ocrx_word' id='word_1_143' title='bbox 568 2968 667 3029; x_wconf 86' lang='lat' dir='ltr'><strong>est</strong></span> <span class='ocrx_word' id='word_1_144' title='bbox 692 2964 992 3048; x_wconf 78' lang='lat' dir='ltr'><strong>praedicta</strong></span> <span class='ocrx_word' id='word_1_145' title='bbox 1016 2963 1291 3041; x_wconf 90' lang='lat' dir='ltr'><strong>locutio,</strong></span> <span class='ocrx_word' id='word_1_146' title='bbox 1322 2978 1442 3024; x_wconf 91' lang='lat' dir='ltr'><strong>nec</strong></span> <span class='ocrx_word' id='word_1_147' title='bbox 1468 2959 1733 3025; x_wconf 89' lang='lat' dir='ltr'><strong>omnino</strong></span> <span class='ocrx_word' id='word_1_148' title='bbox 1769 2976 1882 3022; x_wconf 89' lang='lat' dir='ltr'><strong>ne-</strong></span> 
     </span>
     <span class='ocr_line' id='line_1_25' title="bbox 345 3067 1887 3155; baseline -0.006 -16"><span class='ocrx_word' id='word_1_149' title='bbox 345 3072 578 3154; x_wconf 84' lang='lat' dir='ltr'><strong>ganda.</strong></span> <span class='ocrx_word' id='word_1_150' title='bbox 599 3072 865 3137; x_wconf 85' lang='lat' dir='ltr'><strong>Concedi</strong></span> <span class='ocrx_word' id='word_1_151' title='bbox 884 3071 1056 3136; x_wconf 90' lang='lat' dir='ltr'><strong>enim</strong></span> <span class='ocrx_word' id='word_1_152' title='bbox 1076 3072 1280 3155; x_wconf 84' lang='lat' dir='ltr'><strong>potest</strong></span> <span class='ocrx_word' id='word_1_153' title='bbox 1295 3067 1652 3131; x_wconf 88' lang='lat' dir='ltr'><strong>secundum</strong></span> <span class='ocrx_word' id='word_1_154' title='bbox 1679 3084 1887 3130; x_wconf 90' lang='lat' dir='ltr'><strong>unum</strong></span> 
     </span>
     <span class='ocr_line' id='line_1_26' title="bbox 344 3174 1888 3262; baseline -0.006 -16"><span class='ocrx_word' id='word_1_155' title='bbox 344 3197 598 3245; x_wconf 84' lang='lat' dir='ltr'><strong>sensum</strong></span> <span class='ocrx_word' id='word_1_156' title='bbox 616 3229 634 3258; x_wconf 90' lang='lat'>‚</span> <span class='ocrx_word' id='word_1_157' title='bbox 664 3185 731 3245; x_wconf 89' lang='lat' dir='ltr'><strong>et</strong></span> <span class='ocrx_word' id='word_1_158' title='bbox 751 3180 980 3262; x_wconf 90' lang='lat' dir='ltr'><strong>negari</strong></span> <span class='ocrx_word' id='word_1_159' title='bbox 1004 3177 1359 3243; x_wconf 91' lang='lat' dir='ltr'><strong>secundum</strong></span> <span class='ocrx_word' id='word_1_160' title='bbox 1387 3175 1611 3240; x_wconf 89' lang='lat' dir='ltr'><strong>alium.</strong></span> <span class='ocrx_word' id='word_1_161' title='bbox 1642 3174 1721 3239; x_wconf 92' lang='lat' dir='ltr'><strong>Et</strong></span> <span class='ocrx_word' id='word_1_162' title='bbox 1745 3174 1888 3238; x_wconf 90' lang='lat' dir='ltr'><strong>ideo</strong></span> 
     </span>
     <span class='ocr_line' id='line_1_27' title="bbox 345 3282 1888 3372; baseline -0.005 -20"><span class='ocrx_word' id='word_1_163' title='bbox 345 3290 616 3354; x_wconf 83' lang='lat' dir='ltr'><strong>rationes</strong></span> <span class='ocrx_word' id='word_1_164' title='bbox 636 3338 656 3369; x_wconf 90' lang='lat'>‚</span> <span class='ocrx_word' id='word_1_165' title='bbox 699 3307 846 3371; x_wconf 82' lang='lat' dir='ltr'><strong>quae</strong></span> <span class='ocrx_word' id='word_1_166' title='bbox 891 3288 1163 3372; x_wconf 89' lang='lat' dir='ltr'><strong>probant</strong></span> <span class='ocrx_word' id='word_1_167' title='bbox 1203 3283 1575 3369; x_wconf 75' lang='lat' dir='ltr'><strong>praedictam</strong></span> <span class='ocrx_word' id='word_1_168' title='bbox 1613 3282 1888 3346; x_wconf 89' lang='lat' dir='ltr'><strong>locutio-</strong></span> 
     </span>
     <span class='ocr_line' id='line_1_28' title="bbox 344 3389 1887 3480; baseline -0.006 -18"><span class='ocrx_word' id='word_1_169' title='bbox 344 3415 488 3461; x_wconf 89' lang='lat' dir='ltr'><strong>nem</strong></span> <span class='ocrx_word' id='word_1_170' title='bbox 533 3398 602 3462; x_wconf 91' lang='lat' dir='ltr'><strong>in</strong></span> <span class='ocrx_word' id='word_1_171' title='bbox 652 3397 871 3480; x_wconf 87' lang='lat' dir='ltr'><strong>aliquo</strong></span> <span class='ocrx_word' id='word_1_172' title='bbox 916 3413 1112 3460; x_wconf 88' lang='lat' dir='ltr'><strong>sensu</strong></span> <span class='ocrx_word' id='word_1_173' title='bbox 1149 3411 1287 3458; x_wconf 62' lang='lat' dir='ltr'><strong>osse</strong></span> <span class='ocrx_word' id='word_1_174' title='bbox 1330 3408 1588 3469; x_wconf 78' lang='lat' dir='ltr'><strong>veram,</strong></span> <span class='ocrx_word' id='word_1_175' title='bbox 1643 3394 1707 3455; x_wconf 90' lang='lat' dir='ltr'><strong>et</strong></span> <span class='ocrx_word' id='word_1_176' title='bbox 1741 3389 1887 3454; x_wconf 78' lang='lat' dir='ltr'><strong>aliae</strong></span> 
     </span>
     <span class='ocr_line' id='line_1_29' title="bbox 345 3497 1884 3589; baseline -0.007 -18"><span class='ocrx_word' id='word_1_177' title='bbox 345 3523 487 3587; x_wconf 84' lang='lat' dir='ltr'><strong>quae</strong></span> <span class='ocrx_word' id='word_1_178' title='bbox 531 3505 803 3589; x_wconf 86' lang='lat' dir='ltr'><strong>probant</strong></span> <span class='ocrx_word' id='word_1_179' title='bbox 845 3505 916 3567; x_wconf 88' lang='lat' dir='ltr'><strong>in</strong></span> <span class='ocrx_word' id='word_1_180' title='bbox 956 3502 1175 3585; x_wconf 88' lang='lat' dir='ltr'><strong>aliquo</strong></span> <span class='ocrx_word' id='word_1_181' title='bbox 1216 3518 1411 3565; x_wconf 85' lang='lat' dir='ltr'><strong>sensu</strong></span> <span class='ocrx_word' id='word_1_182' title='bbox 1454 3516 1594 3564; x_wconf 87' lang='lat' dir='ltr'><strong>esse</strong></span> <span class='ocrx_word' id='word_1_183' title='bbox 1636 3497 1884 3577; x_wconf 78' lang='lat' dir='ltr'><strong>falsam,</strong></span> 
     </span>
     <span class='ocr_line' id='line_1_30' title="bbox 343 3606 1889 3695; baseline -0.005 -18"><span class='ocrx_word' id='word_1_184' title='bbox 343 3612 710 3695; x_wconf 82' lang='lat' dir='ltr'><strong>pertransiri</strong></span> <span class='ocrx_word' id='word_1_185' title='bbox 735 3616 1044 3695; x_wconf 86' lang='lat' dir='ltr'><strong>possunt,</strong></span> <span class='ocrx_word' id='word_1_186' title='bbox 1073 3610 1227 3693; x_wconf 87' lang='lat' dir='ltr'><strong>quia</strong></span> <span class='ocrx_word' id='word_1_187' title='bbox 1253 3627 1367 3692; x_wconf 89' lang='lat' dir='ltr'><strong>per</strong></span> <span class='ocrx_word' id='word_1_188' title='bbox 1405 3608 1594 3671; x_wconf 86' lang='lat' dir='ltr'><strong>istam</strong></span> <span class='ocrx_word' id='word_1_189' title='bbox 1632 3606 1889 3672; x_wconf 88' lang='lat' dir='ltr'><strong>distinc-</strong></span> 
     </span>
     <span class='ocr_line' id='line_1_31' title="bbox 343 3715 1892 3785; baseline -0.003 -2"><span class='ocrx_word' id='word_1_190' title='bbox 343 3721 580 3785; x_wconf 85' lang='lat' dir='ltr'><strong>tionem</strong></span> <span class='ocrx_word' id='word_1_191' title='bbox 609 3720 954 3785; x_wconf 84' lang='lat' dir='ltr'><strong>solvuntur</strong></span> <span class='ocrx_word' id='word_1_192' title='bbox 986 3738 1004 3783; x_wconf 72' lang='grc' dir='ltr'><strong>ε</strong></span> <span class='ocrx_word' id='word_1_193' title='bbox 1032 3717 1390 3783; x_wconf 80' lang='lat' dir='ltr'><strong>secundum</strong></span> <span class='ocrx_word' id='word_1_194' title='bbox 1437 3717 1612 3781; x_wconf 90' lang='lat' dir='ltr'><strong>enim</strong></span> <span class='ocrx_word' id='word_1_195' title='bbox 1638 3715 1892 3779; x_wconf 82' lang='lat' dir='ltr'><strong>diversa</strong></span> 
     </span>
     <span class='ocr_line' id='line_1_32' title="bbox 347 3821 1893 3911; baseline -0.005 -20"><span class='ocrx_word' id='word_1_196' title='bbox 347 3830 632 3893; x_wconf 89' lang='lat' dir='ltr'><strong>membra</strong></span> <span class='ocrx_word' id='word_1_197' title='bbox 672 3833 948 3911; x_wconf 85' lang='lat' dir='ltr'><strong>utraque</strong></span> <span class='ocrx_word' id='word_1_198' title='bbox 989 3845 1222 3892; x_wconf 82' lang='lat' dir='ltr'><strong>verum</strong></span> <span class='ocrx_word' id='word_1_199' title='bbox 1264 3824 1682 3901; x_wconf 85' lang='lat' dir='ltr'><strong>concludunt,</strong></span> <span class='ocrx_word' id='word_1_200' title='bbox 1726 3821 1893 3886; x_wconf 89' lang='lat' dir='ltr'><strong>sicut</strong></span> 
     </span>
     <span class='ocr_line' id='line_1_33' title="bbox 342 3931 1893 4018; baseline -0.006 -17"><span class='ocrx_word' id='word_1_201' title='bbox 342 3941 491 4000; x_wconf 85' lang='lat' dir='ltr'><strong>sunt</strong></span> <span class='ocrx_word' id='word_1_202' title='bbox 529 3937 677 4000; x_wconf 81' lang='lat' dir='ltr'><strong>duae</strong></span> <span class='ocrx_word' id='word_1_203' title='bbox 716 3936 946 4018; x_wconf 81' lang='lat' dir='ltr'><strong>primae</strong></span> <span class='ocrx_word' id='word_1_204' title='bbox 992 3935 1273 3998; x_wconf 86' lang='lat' dir='ltr'><strong>rationes</strong></span> <span class='ocrx_word' id='word_1_205' title='bbox 1315 3932 1397 3997; x_wconf 90' lang='lat' dir='ltr'><strong>ad</strong></span> <span class='ocrx_word' id='word_1_206' title='bbox 1436 3931 1709 4015; x_wconf 86' lang='lat' dir='ltr'><strong>primam</strong></span> <span class='ocrx_word' id='word_1_207' title='bbox 1753 3947 1893 4012; x_wconf 86' lang='lat' dir='ltr'><strong>par-</strong></span> 
     </span>
     <span class='ocr_line' id='line_1_34' title="bbox 344 4038 1888 4126; baseline -0.006 -16"><span class='ocrx_word' id='word_1_208' title='bbox 344 4047 493 4125; x_wconf 87' lang='lat' dir='ltr'><strong>tem,</strong></span> <span class='ocrx_word' id='word_1_209' title='bbox 539 4049 603 4110; x_wconf 87' lang='lat' dir='ltr'><strong>et</strong></span> <span class='ocrx_word' id='word_1_210' title='bbox 642 4044 871 4126; x_wconf 82' lang='lat' dir='ltr'><strong>primae</strong></span> <span class='ocrx_word' id='word_1_211' title='bbox 916 4043 1064 4108; x_wconf 81' lang='lat' dir='ltr'><strong>duae</strong></span> <span class='ocrx_word' id='word_1_212' title='bbox 1104 4043 1185 4107; x_wconf 88' lang='lat' dir='ltr'><strong>ad</strong></span> <span class='ocrx_word' id='word_1_213' title='bbox 1232 4045 1476 4125; x_wconf 81' lang='lat' dir='ltr'><strong>partem</strong></span> <span class='ocrx_word' id='word_1_214' title='bbox 1519 4038 1888 4105; x_wconf 83' lang='lat' dir='ltr'><strong>secundam.</strong></span> 
     </span>
     <span class='ocr_line' id='line_1_35' title="bbox 347 4148 1892 4235; baseline -0.005 -15"><span class='ocrx_word' id='word_1_215' title='bbox 347 4154 440 4219; x_wconf 80' lang='lat' dir='ltr'><strong>Ad</strong></span> <span class='ocrx_word' id='word_1_216' title='bbox 495 4155 640 4219; x_wconf 89' lang='lat' dir='ltr'><strong>illas</strong></span> <span class='ocrx_word' id='word_1_217' title='bbox 698 4172 856 4219; x_wconf 84' lang='lat' dir='ltr'><strong>vero</strong></span> <span class='ocrx_word' id='word_1_218' title='bbox 903 4172 1053 4235; x_wconf 82' lang='lat' dir='ltr'><strong>qnae</strong></span> <span class='ocrx_word' id='word_1_219' title='bbox 1096 4151 1439 4216; x_wconf 87' lang='lat' dir='ltr'><strong>ostendunt</strong></span> <span class='ocrx_word' id='word_1_220' title='bbox 1504 4148 1892 4213; x_wconf 89' lang='lat' dir='ltr'><strong>locutionem</strong></span> 
     </span>
     <span class='ocr_line' id='line_1_36' title="bbox 345 4254 1891 4344; baseline -0.007 -15"><span class='ocrx_word' id='word_1_221' title='bbox 345 4279 478 4328; x_wconf 85' lang='lat' dir='ltr'><strong>esse</strong></span> <span class='ocrx_word' id='word_1_222' title='bbox 504 4280 727 4328; x_wconf 78' lang='lat' dir='ltr'><strong>veram</strong></span> <span class='ocrx_word' id='word_1_223' title='bbox 754 4260 1159 4344; x_wconf 87' lang='lat' dir='ltr'><strong>simpliciter,</strong></span> <span class='ocrx_word' id='word_1_224' title='bbox 1191 4256 1296 4323; x_wconf 83' lang='lat' dir='ltr'><strong>vel</strong></span> <span class='ocrx_word' id='word_1_225' title='bbox 1329 4256 1555 4321; x_wconf 77' lang='lat' dir='ltr'><strong>falsam</strong></span> <span class='ocrx_word' id='word_1_226' title='bbox 1591 4254 1891 4338; x_wconf 88' lang='lat' dir='ltr'><strong>simplici-</strong></span> 
     </span>
     <span class='ocr_line' id='line_1_37' title="bbox 342 4368 1142 4453; baseline -0.006 -19"><span class='ocrx_word' id='word_1_227' title='bbox 342 4372 459 4448; x_wconf 85' lang='lat' dir='ltr'><strong>ter,</strong></span> <span class='ocrx_word' id='word_1_228' title='bbox 490 4368 1005 4453; x_wconf 84' lang='lat' dir='ltr'><strong>respondendnm</strong></span> <span class='ocrx_word' id='word_1_229' title='bbox 1029 4370 1142 4430; x_wconf 84' lang='lat' dir='ltr'><strong>est.</strong></span> 
     </span>
    </p>

    <p class='ocr_par' dir='ltr' id='par_1_3' title="bbox 335 4469 1895 5524">
     <span class='ocr_line' id='line_1_38' title="bbox 423 4469 1893 4558; baseline -0.006 -17"><span class='ocrx_word' id='word_1_230' title='bbox 423 4482 484 4541; x_wconf 75' lang='lat'><strong>1.</strong></span> <span class='ocrx_word' id='word_1_231' title='bbox 533 4478 634 4543; x_wconf 81' lang='lat' dir='ltr'><strong>Ad</strong></span> <span class='ocrx_word' id='word_1_232' title='bbox 689 4476 852 4540; x_wconf 87' lang='lat' dir='ltr'><strong>illud</strong></span> <span class='ocrx_word' id='word_1_233' title='bbox 905 4474 1080 4558; x_wconf 87' lang='lat' dir='ltr'><strong>quod</strong></span> <span class='ocrx_word' id='word_1_234' title='bbox 1130 4473 1473 4556; x_wconf 77' lang='lat' dir='ltr'><strong>objicitur,</strong></span> <span class='ocrx_word' id='word_1_235' title='bbox 1520 4469 1692 4555; x_wconf 86' lang='lat' dir='ltr'><strong>quod</strong></span> <span class='ocrx_word' id='word_1_236' title='bbox 1744 4469 1893 4533; x_wconf 92' lang='lat' dir='ltr'><strong>ante</strong></span> 
     </span>
     <span class='ocr_line' id='line_1_39' title="bbox 345 4575 1892 4649; baseline -0.006 0"><span class='ocrx_word' id='word_1_237' title='bbox 345 4584 566 4649; x_wconf 87' lang='lat' dir='ltr'><strong>mundi</strong></span> <span class='ocrx_word' id='word_1_238' title='bbox 595 4583 1111 4648; x_wconf 87' lang='lat' dir='ltr'><strong>constitutionem</strong></span> <span class='ocrx_word' id='word_1_239' title='bbox 1136 4581 1278 4645; x_wconf 79' lang='lat' dir='ltr'><strong>haee</strong></span> <span class='ocrx_word' id='word_1_240' title='bbox 1309 4584 1410 4645; x_wconf 86' lang='lat' dir='ltr'><strong>est</strong></span> <span class='ocrx_word' id='word_1_241' title='bbox 1430 4596 1587 4643; x_wconf 84' lang='lat' dir='ltr'><strong>vera</strong></span> <span class='ocrx_word' id='word_1_242' title='bbox 1617 4595 1634 4641; x_wconf 74' lang='lat' dir='ltr'><strong><em>z</em></strong></span> <span class='ocrx_word' id='word_1_243' title='bbox 1670 4600 1700 4637; x_wconf 76' lang='grc' dir='ltr'><strong>α</strong></span> <span class='ocrx_word' id='word_1_244' title='bbox 1728 4575 1892 4640; x_wconf 88' lang='lat' dir='ltr'><strong>Nul-</strong></span> 
     </span>
     <span class='ocr_line' id='line_1_40' title="bbox 345 4688 1889 4772; baseline -0.005 -16"><span class='ocrx_word' id='word_1_245' title='bbox 345 4692 442 4756; x_wconf 89' lang='lat' dir='ltr'><strong>lus</strong></span> <span class='ocrx_word' id='word_1_246' title='bbox 479 4693 678 4758; x_wconf 88' lang='lat' dir='ltr'><strong>homo</strong></span> <span class='ocrx_word' id='word_1_247' title='bbox 727 4696 818 4755; x_wconf 86' lang='lat' dir='ltr'><strong>est</strong></span> <span class='ocrx_word' id='word_1_248' title='bbox 834 4739 856 4770; x_wconf 92' lang='lat'><em>,</em></span> <span class='ocrx_word' id='word_1_249' title='bbox 884 4713 915 4750; x_wconf 63' lang='grc' dir='ltr'>ι</span> <span class='ocrx_word' id='word_1_250' title='bbox 952 4689 1291 4755; x_wconf 88' lang='lat' dir='ltr'><strong>dicendum</strong></span> <span class='ocrx_word' id='word_1_251' title='bbox 1333 4688 1507 4772; x_wconf 79' lang='lat' dir='ltr'><strong>quod</strong></span> <span class='ocrx_word' id='word_1_252' title='bbox 1556 4704 1709 4752; x_wconf 89' lang='lat' dir='ltr'><strong>vera</strong></span> <span class='ocrx_word' id='word_1_253' title='bbox 1749 4689 1889 4764; x_wconf 82' lang='lat' dir='ltr'><strong>est3</strong></span> 
     </span>
     <span class='ocr_line' id='line_1_41' title="bbox 345 4792 1895 4880; baseline -0.006 -16"><span class='ocrx_word' id='word_1_254' title='bbox 345 4800 448 4863; x_wconf 85' lang='lat' dir='ltr'><strong>sed</strong></span> <span class='ocrx_word' id='word_1_255' title='bbox 491 4805 713 4864; x_wconf 92' lang='lat' dir='ltr'><strong>tamen</strong></span> <span class='ocrx_word' id='word_1_256' title='bbox 753 4817 886 4863; x_wconf 94' lang='lat' dir='ltr'><strong>non</strong></span> <span class='ocrx_word' id='word_1_257' title='bbox 930 4800 1178 4880; x_wconf 89' lang='lat' dir='ltr'><strong>oportet</strong></span> <span class='ocrx_word' id='word_1_258' title='bbox 1220 4796 1392 4879; x_wconf 89' lang='lat' dir='ltr'><strong>quod</strong></span> <span class='ocrx_word' id='word_1_259' title='bbox 1427 4797 1550 4860; x_wconf 89' lang='lat' dir='ltr'><strong>ista</strong></span> <span class='ocrx_word' id='word_1_260' title='bbox 1589 4810 1768 4859; x_wconf 91' lang='lat' dir='ltr'><strong>nunc</strong></span> <span class='ocrx_word' id='word_1_261' title='bbox 1813 4792 1895 4856; x_wconf 91' lang='lat' dir='ltr'><strong>sit</strong></span> 
     </span>
     <span class='ocr_line' id='line_1_42' title="bbox 343 4901 1894 4983; baseline -0.004 -13"><span class='ocrx_word' id='word_1_262' title='bbox 343 4923 494 4972; x_wconf 81' lang='lat' dir='ltr'><strong>vera</strong></span> <span class='ocrx_word' id='word_1_263' title='bbox 531 4928 551 4971; x_wconf 69' lang='grc' dir='ltr'><strong>ε</strong></span> <span class='ocrx_word' id='word_1_264' title='bbox 588 4932 621 4969; x_wconf 75' lang='grc' dir='ltr'><strong>α</strong></span> <span class='ocrx_word' id='word_1_265' title='bbox 650 4905 880 4971; x_wconf 84' lang='lat' dir='ltr'><strong>Nullus</strong></span> <span class='ocrx_word' id='word_1_266' title='bbox 915 4906 1110 4970; x_wconf 87' lang='lat' dir='ltr'><strong>homo</strong></span> <span class='ocrx_word' id='word_1_267' title='bbox 1145 4904 1291 4968; x_wconf 78' lang='lat' dir='ltr'><strong>fuit.</strong></span> <span class='ocrx_word' id='word_1_268' title='bbox 1321 4925 1353 4963; x_wconf 71' lang='grc' dir='ltr'><strong>ο</strong></span> <span class='ocrx_word' id='word_1_269' title='bbox 1390 4903 1467 4969; x_wconf 87' lang='lat' dir='ltr'><strong>Et</strong></span> <span class='ocrx_word' id='word_1_270' title='bbox 1495 4903 1658 4967; x_wconf 88' lang='lat' dir='ltr'><strong>ratio</strong></span> <span class='ocrx_word' id='word_1_271' title='bbox 1693 4901 1894 4983; x_wconf 86' lang='lat' dir='ltr'><strong>hujus</strong></span> 
     </span>
     <span class='ocr_line' id='line_1_43' title="bbox 345 5009 1892 5098; baseline -0.004 -21"><span class='ocrx_word' id='word_1_272' title='bbox 345 5020 435 5078; x_wconf 81' lang='lat' dir='ltr'><strong>est</strong></span> <span class='ocrx_word' id='word_1_273' title='bbox 487 5019 749 5098; x_wconf 89' lang='lat' dir='ltr'><strong>propter</strong></span> <span class='ocrx_word' id='word_1_274' title='bbox 796 5014 1218 5078; x_wconf 83' lang='lat' dir='ltr'><strong>variationem</strong></span> <span class='ocrx_word' id='word_1_275' title='bbox 1270 5009 1728 5094; x_wconf 84' lang='lat' dir='ltr'><strong>suppositionis</strong></span> <span class='ocrx_word' id='word_1_276' title='bbox 1769 5014 1892 5073; x_wconf 90' lang='lat' dir='ltr'><strong>ter·</strong></span> 
     </span>
     <span class='ocr_line' id='line_1_44' title="bbox 342 5116 1888 5202; baseline -0.006 -12"><span class='ocrx_word' id='word_1_277' title='bbox 342 5123 518 5189; x_wconf 86' lang='lat' dir='ltr'><strong>mini.</strong></span> <span class='ocrx_word' id='word_1_278' title='bbox 549 5123 751 5202; x_wconf 87' lang='lat' dir='ltr'><strong>Nam,</strong></span> <span class='ocrx_word' id='word_1_279' title='bbox 780 5122 949 5185; x_wconf 88' lang='lat' dir='ltr'><strong>sicut</strong></span> <span class='ocrx_word' id='word_1_280' title='bbox 971 5125 1215 5185; x_wconf 86' lang='lat' dir='ltr'><strong>tactum</strong></span> <span class='ocrx_word' id='word_1_281' title='bbox 1241 5123 1372 5197; x_wconf 88' lang='lat' dir='ltr'><strong>est,</strong></span> <span class='ocrx_word' id='word_1_282' title='bbox 1405 5119 1523 5183; x_wconf 87' lang='lat' dir='ltr'><strong>iste</strong></span> <span class='ocrx_word' id='word_1_283' title='bbox 1551 5116 1888 5193; x_wconf 87' lang='lat' dir='ltr'><strong>terminus,</strong></span> 
     </span>
     <span class='ocr_line' id='line_1_45' title="bbox 343 5224 1890 5316; baseline -0.009 -14"><span class='ocrx_word' id='word_1_284' title='bbox 343 5232 545 5316; x_wconf 77' lang='lat' dir='ltr'><strong>homo,</strong></span> <span class='ocrx_word' id='word_1_285' title='bbox 575 5235 648 5299; x_wconf 92' lang='lat' dir='ltr'><strong>in</strong></span> <span class='ocrx_word' id='word_1_286' title='bbox 675 5230 928 5296; x_wconf 73' lang='lat' dir='ltr'><strong>Christo</strong></span> <span class='ocrx_word' id='word_1_287' title='bbox 961 5229 1154 5293; x_wconf 89' lang='lat' dir='ltr'><strong>habet</strong></span> <span class='ocrx_word' id='word_1_288' title='bbox 1192 5227 1457 5292; x_wconf 90' lang='lat' dir='ltr'><strong>modum</strong></span> <span class='ocrx_word' id='word_1_289' title='bbox 1489 5224 1890 5310; x_wconf 89' lang='lat' dir='ltr'><strong>supponendi</strong></span> 
     </span>
     <span class='ocr_line' id='line_1_46' title="bbox 337 5335 1890 5417; baseline -0.008 -8"><span class='ocrx_word' id='word_1_290' title='bbox 337 5344 593 5409; x_wconf 84' lang='lat' dir='ltr'><strong>termini</strong></span> <span class='ocrx_word' id='word_1_291' title='bbox 620 5337 1025 5407; x_wconf 88' lang='lat' dir='ltr'><strong>accidentalis</strong></span> <span class='ocrx_word' id='word_1_292' title='bbox 1057 5359 1073 5402; x_wconf 89' lang='lat'>:</span> <span class='ocrx_word' id='word_1_293' title='bbox 1105 5335 1216 5400; x_wconf 89' lang='lat' dir='ltr'><strong>sed</strong></span> <span class='ocrx_word' id='word_1_294' title='bbox 1242 5335 1402 5400; x_wconf 88' lang='lat' dir='ltr'><strong>illud</strong></span> <span class='ocrx_word' id='word_1_295' title='bbox 1429 5337 1890 5417; x_wconf 86' lang='lat' dir='ltr'><strong>argumentum</strong></span> 
     </span>
     <span class='ocr_line' id='line_1_47' title="bbox 335 5441 1882 5524; baseline -0.005 -9"><span class='ocrx_word' id='word_1_296' title='bbox 335 5468 467 5516; x_wconf 90' lang='lat' dir='ltr'><strong>non</strong></span> <span class='ocrx_word' id='word_1_297' title='bbox 489 5453 663 5519; x_wconf 80' lang='lat' dir='ltr'><strong>valet</strong></span> <span class='ocrx_word' id='word_1_298' title='bbox 696 5472 712 5514; x_wconf 89' lang='lat'>:</span> <span class='ocrx_word' id='word_1_299' title='bbox 754 5471 790 5510; x_wconf 76' lang='grc' dir='ltr'><strong>α</strong></span> <span class='ocrx_word' id='word_1_300' title='bbox 815 5442 970 5510; x_wconf 79' lang='lat' dir='ltr'><strong>Haec</strong></span> <span class='ocrx_word' id='word_1_301' title='bbox 992 5444 1113 5509; x_wconf 80' lang='lat' dir='ltr'><strong>tuit</strong></span> <span class='ocrx_word' id='word_1_302' title='bbox 1142 5441 1299 5508; x_wconf 72' lang='lat' dir='ltr'><strong>salsa</strong></span> <span class='ocrx_word' id='word_1_303' title='bbox 1329 5465 1345 5509; x_wconf 74' lang='grc' dir='ltr'><strong><em>ε</em></strong></span> <span class='ocrx_word' id='word_1_304' title='bbox 1375 5443 1604 5511; x_wconf 74' lang='lat' dir='ltr'><strong>Album</strong></span> <span class='ocrx_word' id='word_1_305' title='bbox 1631 5441 1882 5524; x_wconf 68' lang='lat' dir='ltr'><strong>disere-</strong></span> 
     </span>
    </p>
   </div>
   <div class='ocr_carea' id='block_1_3' title="bbox 3423 464 3544 526">
    <p class='ocr_par' dir='ltr' id='par_1_4' title="bbox 3423 464 3544 526">
     <span class='ocr_line' id='line_1_48' title="bbox 3423 464 3544 526; baseline 0 0"><span class='ocrx_word' id='word_1_306' title='bbox 3423 464 3544 526; x_wconf 65' lang='lat'><strong>255</strong></span> 
     </span>
    </p>
   </div>
   <div class='ocr_carea' id='block_1_4' title="bbox 1994 591 3552 5517">
    <p class='ocr_par' dir='ltr' id='par_1_5' title="bbox 1995 591 3547 1626">
     <span class='ocr_line' id='line_1_49' title="bbox 1995 591 3542 680; baseline 0.008 -29"><span class='ocrx_word' id='word_1_307' title='bbox 1995 593 2108 669; x_wconf 68' lang='lat' dir='ltr'><strong>pat</strong></span> <span class='ocrx_word' id='word_1_308' title='bbox 2138 607 2161 651; x_wconf 93' lang='lat'><strong>.·</strong></span> <span class='ocrx_word' id='word_1_309' title='bbox 2187 608 2345 671; x_wconf 85' lang='lat' dir='ltr'><strong>ergo</strong></span> <span class='ocrx_word' id='word_1_310' title='bbox 2386 591 2524 656; x_wconf 81' lang='lat' dir='ltr'><strong>haec</strong></span> <span class='ocrx_word' id='word_1_311' title='bbox 2563 597 2658 658; x_wconf 87' lang='lat' dir='ltr'><strong>est</strong></span> <span class='ocrx_word' id='word_1_312' title='bbox 2701 593 2857 658; x_wconf 74' lang='lat' dir='ltr'><strong>salsa</strong></span> <span class='ocrx_word' id='word_1_313' title='bbox 2894 614 2912 658; x_wconf 75' lang='lat' dir='ltr'><strong><em>z</em></strong></span> <span class='ocrx_word' id='word_1_314' title='bbox 2942 593 3173 659; x_wconf 79' lang='lat' dir='ltr'><strong>Album</strong></span> <span class='ocrx_word' id='word_1_315' title='bbox 3207 594 3542 680; x_wconf 73' lang='lat' dir='ltr'><strong>disqrcqa-</strong></span> 
     </span>
     <span class='ocr_line' id='line_1_50' title="bbox 1997 698 3545 787; baseline 0.004 -25"><span class='ocrx_word' id='word_1_316' title='bbox 1997 698 2096 763; x_wconf 77' lang='lat' dir='ltr'><strong>vit</strong></span> <span class='ocrx_word' id='word_1_317' title='bbox 2127 719 2143 761; x_wconf 73' lang='grc' dir='ltr'>ε</span> <span class='ocrx_word' id='word_1_318' title='bbox 2177 720 2208 756; x_wconf 78' lang='lat'><strong>1&gt;</strong></span> <span class='ocrx_word' id='word_1_319' title='bbox 2243 700 2534 764; x_wconf 82' lang='lat' dir='ltr'><strong>variatur</strong></span> <span class='ocrx_word' id='word_1_320' title='bbox 2557 700 2731 766; x_wconf 88' lang='lat' dir='ltr'><strong>enim</strong></span> <span class='ocrx_word' id='word_1_321' title='bbox 2759 702 2987 766; x_wconf 90' lang='lat' dir='ltr'><strong>modus</strong></span> <span class='ocrx_word' id='word_1_322' title='bbox 3025 704 3426 785; x_wconf 89' lang='lat' dir='ltr'><strong>supponendi</strong></span> <span class='ocrx_word' id='word_1_323' title='bbox 3452 704 3545 787; x_wconf 91' lang='lat' dir='ltr'><strong>ip-</strong></span> 
     </span>
     <span class='ocr_line' id='line_1_51' title="bbox 1997 803 3544 891; baseline 0.005 -24"><span class='ocrx_word' id='word_1_324' title='bbox 1997 803 2133 868; x_wconf 88' lang='lat' dir='ltr'><strong>sius</strong></span> <span class='ocrx_word' id='word_1_325' title='bbox 2159 807 2437 870; x_wconf 85' lang='lat' dir='ltr'><strong>termini.</strong></span> <span class='ocrx_word' id='word_1_326' title='bbox 2454 807 2528 871; x_wconf 92' lang='lat' dir='ltr'><strong>ln</strong></span> <span class='ocrx_word' id='word_1_327' title='bbox 2556 810 2764 891; x_wconf 87' lang='lat' dir='ltr'><strong>prima</strong></span> <span class='ocrx_word' id='word_1_328' title='bbox 2790 811 2964 874; x_wconf 88' lang='lat' dir='ltr'><strong>enim</strong></span> <span class='ocrx_word' id='word_1_329' title='bbox 2990 809 3262 874; x_wconf 88' lang='lat' dir='ltr'><strong>habebat</strong></span> <span class='ocrx_word' id='word_1_330' title='bbox 3285 811 3544 875; x_wconf 86' lang='lat' dir='ltr'><strong>unicam</strong></span> 
     </span>
     <span class='ocr_line' id='line_1_52' title="bbox 1997 914 3546 1000; baseline 0.006 -25"><span class='ocrx_word' id='word_1_331' title='bbox 1997 914 2499 994; x_wconf 90' lang='lat' dir='ltr'><strong>suppositionem</strong></span> <span class='ocrx_word' id='word_1_332' title='bbox 2518 964 2536 988; x_wconf 81' lang='grc'>,</span> <span class='ocrx_word' id='word_1_333' title='bbox 2566 917 2637 980; x_wconf 92' lang='lat' dir='ltr'><strong>in</strong></span> <span class='ocrx_word' id='word_1_334' title='bbox 2676 918 2953 983; x_wconf 83' lang='lat' dir='ltr'><strong>secunda</strong></span> <span class='ocrx_word' id='word_1_335' title='bbox 2992 916 3332 1000; x_wconf 90' lang='lat' dir='ltr'><strong>duplicem.</strong></span> <span class='ocrx_word' id='word_1_336' title='bbox 3367 918 3546 984; x_wconf 88' lang='lat' dir='ltr'><strong>Unde</strong></span> 
     </span>
     <span class='ocr_line' id='line_1_53' title="bbox 1998 1022 3546 1102; baseline 0.006 -19"><span class='ocrx_word' id='word_1_337' title='bbox 1998 1022 2299 1102; x_wconf 79' lang='lat' dir='ltr'><strong>quamvis</strong></span> <span class='ocrx_word' id='word_1_338' title='bbox 2326 1023 2445 1085; x_wconf 89' lang='lat' dir='ltr'><strong>ista</strong></span> <span class='ocrx_word' id='word_1_339' title='bbox 2472 1023 2554 1085; x_wconf 86' lang='lat' dir='ltr'><strong>sit</strong></span> <span class='ocrx_word' id='word_1_340' title='bbox 2580 1023 2736 1088; x_wconf 76' lang='lat' dir='ltr'><strong>falsa</strong></span> <span class='ocrx_word' id='word_1_341' title='bbox 2765 1047 2782 1088; x_wconf 72' lang='grc' dir='ltr'>ς</span> <span class='ocrx_word' id='word_1_342' title='bbox 2827 1048 2857 1083; x_wconf 78' lang='grc' dir='ltr'><strong>α</strong></span> <span class='ocrx_word' id='word_1_343' title='bbox 2882 1023 3002 1088; x_wconf 86' lang='lat' dir='ltr'><strong>Iste</strong></span> <span class='ocrx_word' id='word_1_344' title='bbox 3035 1025 3230 1088; x_wconf 89' lang='lat' dir='ltr'><strong>homo</strong></span> <span class='ocrx_word' id='word_1_345' title='bbox 3258 1030 3353 1089; x_wconf 86' lang='lat' dir='ltr'><strong>est</strong></span> <span class='ocrx_word' id='word_1_346' title='bbox 3398 1030 3546 1092; x_wconf 89' lang='lat' dir='ltr'><strong>ante</strong></span> 
     </span>
     <span class='ocr_line' id='line_1_54' title="bbox 1999 1127 3547 1210; baseline 0.005 -21"><span class='ocrx_word' id='word_1_347' title='bbox 1999 1127 2228 1192; x_wconf 88' lang='lat' dir='ltr'><strong>mundi</strong></span> <span class='ocrx_word' id='word_1_348' title='bbox 2285 1129 2843 1210; x_wconf 88' lang='lat' dir='ltr'><strong>constitutionem;</strong></span> <span class='ocrx_word' id='word_1_349' title='bbox 2897 1154 2927 1191; x_wconf 78' lang='grc' dir='ltr'><strong>υ</strong></span> <span class='ocrx_word' id='word_1_350' title='bbox 2987 1132 3129 1195; x_wconf 80' lang='lat' dir='ltr'><strong>haec</strong></span> <span class='ocrx_word' id='word_1_351' title='bbox 3186 1135 3399 1197; x_wconf 88' lang='lat' dir='ltr'><strong>tamen</strong></span> <span class='ocrx_word' id='word_1_352' title='bbox 3453 1138 3547 1197; x_wconf 88' lang='lat' dir='ltr'><strong>est</strong></span> 
     </span>
     <span class='ocr_line' id='line_1_55' title="bbox 1997 1231 3546 1305; baseline 0.005 -9"><span class='ocrx_word' id='word_1_353' title='bbox 1997 1251 2154 1297; x_wconf 87' lang='lat' dir='ltr'><strong>vera</strong></span> <span class='ocrx_word' id='word_1_354' title='bbox 2186 1257 2201 1298; x_wconf 74' lang='grc' dir='ltr'>ε</span> <span class='ocrx_word' id='word_1_355' title='bbox 2241 1259 2272 1296; x_wconf 72' lang='grc' dir='ltr'><em>α</em></span> <span class='ocrx_word' id='word_1_356' title='bbox 2305 1235 2426 1300; x_wconf 89' lang='lat' dir='ltr'><strong>Iste</strong></span> <span class='ocrx_word' id='word_1_357' title='bbox 2452 1236 2647 1302; x_wconf 89' lang='lat' dir='ltr'><strong>homo</strong></span> <span class='ocrx_word' id='word_1_358' title='bbox 2676 1238 2793 1302; x_wconf 80' lang='lat' dir='ltr'><strong>ruit</strong></span> <span class='ocrx_word' id='word_1_359' title='bbox 2819 1231 2967 1302; x_wconf 78' lang='lat' dir='ltr'><strong>ante&#39;</strong></span> <span class='ocrx_word' id='word_1_360' title='bbox 2992 1239 3219 1302; x_wconf 90' lang='lat' dir='ltr'><strong>mundi</strong></span> <span class='ocrx_word' id='word_1_361' title='bbox 3244 1239 3546 1305; x_wconf 85' lang='lat' dir='ltr'><strong>constitu-</strong></span> 
     </span>
     <span class='ocr_line' id='line_1_56' title="bbox 1998 1341 3543 1428; baseline 0.005 -24"><span class='ocrx_word' id='word_1_362' title='bbox 1998 1341 2240 1405; x_wconf 88' lang='lat' dir='ltr'><strong>tionem</strong></span> <span class='ocrx_word' id='word_1_363' title='bbox 2258 1365 2316 1407; x_wconf 74' lang='grc' dir='ltr'><strong>ε»</strong></span> <span class='ocrx_word' id='word_1_364' title='bbox 2339 1345 2493 1426; x_wconf 86' lang='lat' dir='ltr'><strong>quia</strong></span> <span class='ocrx_word' id='word_1_365' title='bbox 2514 1364 2741 1411; x_wconf 87' lang='lat' dir='ltr'><strong>sensus</strong></span> <span class='ocrx_word' id='word_1_366' title='bbox 2764 1350 3120 1428; x_wconf 83' lang='lat' dir='ltr'><strong>potestesse</strong></span> <span class='ocrx_word' id='word_1_367' title='bbox 3146 1346 3291 1410; x_wconf 88' lang='lat' dir='ltr'><strong>talis</strong></span> <span class='ocrx_word' id='word_1_368' title='bbox 3316 1370 3332 1411; x_wconf 74' lang='grc' dir='ltr'>ι</span> <span class='ocrx_word' id='word_1_369' title='bbox 3353 1345 3543 1426; x_wconf 78' lang='lat' dir='ltr'><strong>«Iste,</strong></span> 
     </span>
     <span class='ocr_line' id='line_1_57' title="bbox 1997 1450 3546 1535; baseline 0.005 -23"><span class='ocrx_word' id='word_1_370' title='bbox 1997 1450 2111 1532; x_wconf 86' lang='lat' dir='ltr'><strong>qui</strong></span> <span class='ocrx_word' id='word_1_371' title='bbox 2140 1469 2314 1515; x_wconf 93' lang='lat' dir='ltr'><strong>nunc</strong></span> <span class='ocrx_word' id='word_1_372' title='bbox 2340 1457 2434 1516; x_wconf 67' lang='lat' dir='ltr'><strong>est</strong></span> <span class='ocrx_word' id='word_1_373' title='bbox 2463 1452 2696 1535; x_wconf 67' lang='lat' dir='ltr'><strong>homo,</strong></span> <span class='ocrx_word' id='word_1_374' title='bbox 2723 1458 2869 1519; x_wconf 90' lang='lat' dir='ltr'><strong>ante</strong></span> <span class='ocrx_word' id='word_1_375' title='bbox 2896 1454 3120 1518; x_wconf 91' lang='lat' dir='ltr'><strong>mundi</strong></span> <span class='ocrx_word' id='word_1_376' title='bbox 3148 1455 3546 1520; x_wconf 85' lang='lat' dir='ltr'><strong>constitutio-</strong></span> 
     </span>
     <span class='ocr_line' id='line_1_58' title="bbox 1997 1559 3376 1626; baseline 0.004 -7"><span class='ocrx_word' id='word_1_377' title='bbox 1997 1575 2149 1622; x_wconf 80' lang='lat' dir='ltr'><strong>nem</strong></span> <span class='ocrx_word' id='word_1_378' title='bbox 2173 1559 2336 1623; x_wconf 84' lang='lat' dir='ltr'><strong>fuit:</strong></span> <span class='ocrx_word' id='word_1_379' title='bbox 2372 1581 2403 1619; x_wconf 72' lang='lat' dir='ltr'><strong>n</strong></span> <span class='ocrx_word' id='word_1_380' title='bbox 2439 1564 2504 1623; x_wconf 90' lang='lat' dir='ltr'><strong>et</strong></span> <span class='ocrx_word' id='word_1_381' title='bbox 2528 1560 2671 1624; x_wconf 88' lang='lat' dir='ltr'><strong>ideo</strong></span> <span class='ocrx_word' id='word_1_382' title='bbox 2697 1579 2827 1625; x_wconf 94' lang='lat' dir='ltr'><strong>non</strong></span> <span class='ocrx_word' id='word_1_383' title='bbox 2855 1561 3027 1625; x_wconf 86' lang='lat' dir='ltr'><strong>valet</strong></span> <span class='ocrx_word' id='word_1_384' title='bbox 3051 1561 3213 1625; x_wconf 91' lang='lat' dir='ltr'><strong>ratio</strong></span> <span class='ocrx_word' id='word_1_385' title='bbox 3247 1561 3376 1626; x_wconf 89' lang='lat' dir='ltr'><strong>illa.</strong></span> 
     </span>
    </p>

    <p class='ocr_par' dir='ltr' id='par_1_6' title="bbox 1994 1665 3552 4422">
     <span class='ocr_line' id='line_1_59' title="bbox 2078 1665 3549 1751; baseline 0.004 -23"><span class='ocrx_word' id='word_1_386' title='bbox 2078 1669 2141 1728; x_wconf 72' lang='lat'><strong>2.</strong></span> <span class='ocrx_word' id='word_1_387' title='bbox 2171 1665 2271 1730; x_wconf 85' lang='lat' dir='ltr'><strong>Ad</strong></span> <span class='ocrx_word' id='word_1_388' title='bbox 2310 1666 2468 1732; x_wconf 90' lang='lat' dir='ltr'><strong>illud</strong></span> <span class='ocrx_word' id='word_1_389' title='bbox 2497 1667 2670 1749; x_wconf 91' lang='lat' dir='ltr'><strong>quod</strong></span> <span class='ocrx_word' id='word_1_390' title='bbox 2704 1668 3023 1750; x_wconf 88' lang='lat' dir='ltr'><strong>objicitur,</strong></span> <span class='ocrx_word' id='word_1_391' title='bbox 3056 1666 3229 1750; x_wconf 86' lang='lat' dir='ltr'><strong>quod</strong></span> <span class='ocrx_word' id='word_1_392' title='bbox 3256 1668 3549 1751; x_wconf 88' lang='lat' dir='ltr'><strong>implica-</strong></span> 
     </span>
     <span class='ocr_line' id='line_1_60' title="bbox 2003 1770 3542 1859; baseline 0.003 -25"><span class='ocrx_word' id='word_1_393' title='bbox 2003 1770 2090 1836; x_wconf 91' lang='lat' dir='ltr'><strong>tio</strong></span> <span class='ocrx_word' id='word_1_394' title='bbox 2119 1773 2410 1854; x_wconf 88' lang='lat' dir='ltr'><strong>sequitur</strong></span> <span class='ocrx_word' id='word_1_395' title='bbox 2449 1774 2528 1837; x_wconf 88' lang='lat' dir='ltr'><strong>ad</strong></span> <span class='ocrx_word' id='word_1_396' title='bbox 2558 1773 3051 1856; x_wconf 84' lang='lat' dir='ltr'><strong>propositionem</strong></span> <span class='ocrx_word' id='word_1_397' title='bbox 3083 1773 3151 1838; x_wconf 91' lang='lat' dir='ltr'><strong>in</strong></span> <span class='ocrx_word' id='word_1_398' title='bbox 3177 1793 3308 1856; x_wconf 89' lang='lat' dir='ltr'><strong>qua</strong></span> <span class='ocrx_word' id='word_1_399' title='bbox 3330 1775 3542 1859; x_wconf 86' lang='lat' dir='ltr'><strong>impli-</strong></span> 
     </span>
     <span class='ocr_line' id='line_1_61' title="bbox 1996 1880 3547 1964; baseline 0.003 -22"><span class='ocrx_word' id='word_1_400' title='bbox 1996 1882 2215 1955; x_wconf 84' lang='lat' dir='ltr'><strong>catur,</strong></span> <span class='ocrx_word' id='word_1_401' title='bbox 2251 1880 2588 1948; x_wconf 90' lang='lat' dir='ltr'><strong>dicendum</strong></span> <span class='ocrx_word' id='word_1_402' title='bbox 2617 1881 2789 1964; x_wconf 89' lang='lat' dir='ltr'><strong>quod</strong></span> <span class='ocrx_word' id='word_1_403' title='bbox 2815 1900 3043 1945; x_wconf 88' lang='lat' dir='ltr'><strong>verum</strong></span> <span class='ocrx_word' id='word_1_404' title='bbox 3071 1886 3168 1946; x_wconf 88' lang='lat' dir='ltr'><strong>est</strong></span> <span class='ocrx_word' id='word_1_405' title='bbox 3190 1882 3547 1947; x_wconf 86' lang='lat' dir='ltr'><strong>secundum</strong></span> 
     </span>
     <span class='ocr_line' id='line_1_62' title="bbox 1998 1990 3548 2075; baseline 0.003 -22"><span class='ocrx_word' id='word_1_406' title='bbox 1998 2007 2143 2053; x_wconf 88' lang='lat' dir='ltr'><strong>eam</strong></span> <span class='ocrx_word' id='word_1_407' title='bbox 2169 1990 2593 2056; x_wconf 80' lang='lat' dir='ltr'><strong>differentiam</strong></span> <span class='ocrx_word' id='word_1_408' title='bbox 2622 1992 2948 2074; x_wconf 85' lang='lat' dir='ltr'><strong>temporis,</strong></span> <span class='ocrx_word' id='word_1_409' title='bbox 2972 1993 3325 2058; x_wconf 90' lang='lat' dir='ltr'><strong>secundum</strong></span> <span class='ocrx_word' id='word_1_410' title='bbox 3351 2011 3548 2075; x_wconf 89' lang='lat' dir='ltr'><strong>quam</strong></span> 
     </span>
     <span class='ocr_line' id='line_1_63' title="bbox 1998 2097 3548 2181; baseline 0.002 -19"><span class='ocrx_word' id='word_1_411' title='bbox 1998 2097 2387 2180; x_wconf 87' lang='lat' dir='ltr'><strong>implicatur.</strong></span> <span class='ocrx_word' id='word_1_412' title='bbox 2424 2098 2599 2163; x_wconf 90' lang='lat' dir='ltr'><strong>Unde</strong></span> <span class='ocrx_word' id='word_1_413' title='bbox 2631 2099 2791 2163; x_wconf 87' lang='lat' dir='ltr'><strong>bene</strong></span> <span class='ocrx_word' id='word_1_414' title='bbox 2816 2100 3108 2181; x_wconf 87' lang='lat' dir='ltr'><strong>sequitur</strong></span> <span class='ocrx_word' id='word_1_415' title='bbox 3137 2123 3153 2163; x_wconf 71' lang='grc' dir='ltr'><strong><em>ι</em></strong></span> <span class='ocrx_word' id='word_1_416' title='bbox 3195 2125 3225 2161; x_wconf 75' lang='grc' dir='ltr'><strong>α</strong></span> <span class='ocrx_word' id='word_1_417' title='bbox 3257 2100 3327 2165; x_wconf 90' lang='lat' dir='ltr'><strong>Si</strong></span> <span class='ocrx_word' id='word_1_418' title='bbox 3352 2101 3548 2165; x_wconf 93' lang='lat' dir='ltr'><strong>homo</strong></span> 
     </span>
     <span class='ocr_line' id='line_1_64' title="bbox 1996 2206 3545 2290; baseline 0.003 -21"><span class='ocrx_word' id='word_1_419' title='bbox 1996 2206 2182 2270; x_wconf 84' lang='lat' dir='ltr'><strong>albus</strong></span> <span class='ocrx_word' id='word_1_420' title='bbox 2227 2207 2447 2285; x_wconf 89' lang='lat' dir='ltr'><strong>currit,</strong></span> <span class='ocrx_word' id='word_1_421' title='bbox 2500 2207 2695 2270; x_wconf 90' lang='lat' dir='ltr'><strong>homo</strong></span> <span class='ocrx_word' id='word_1_422' title='bbox 2737 2212 2831 2270; x_wconf 84' lang='lat' dir='ltr'><strong>est</strong></span> <span class='ocrx_word' id='word_1_423' title='bbox 2870 2207 3076 2271; x_wconf 86' lang='lat' dir='ltr'><strong>albus.</strong></span> <span class='ocrx_word' id='word_1_424' title='bbox 3123 2232 3154 2267; x_wconf 87' lang='lat'>»</span> <span class='ocrx_word' id='word_1_425' title='bbox 3210 2207 3333 2273; x_wconf 89' lang='lat' dir='ltr'><strong>Sed</strong></span> <span class='ocrx_word' id='word_1_426' title='bbox 3379 2209 3545 2290; x_wconf 87' lang='lat' dir='ltr'><strong>haec‚</strong></span> 
     </span>
     <span class='ocr_line' id='line_1_65' title="bbox 1994 2312 3547 2397; baseline 0.004 -22"><span class='ocrx_word' id='word_1_427' title='bbox 1994 2332 2145 2376; x_wconf 89' lang='lat' dir='ltr'><strong>cum</strong></span> <span class='ocrx_word' id='word_1_428' title='bbox 2189 2312 2532 2395; x_wconf 85' lang='lat' dir='ltr'><strong>implicatio</strong></span> <span class='ocrx_word' id='word_1_429' title='bbox 2570 2318 2664 2376; x_wconf 89' lang='lat' dir='ltr'><strong>est</strong></span> <span class='ocrx_word' id='word_1_430' title='bbox 2692 2317 2978 2395; x_wconf 88' lang='lat' dir='ltr'><strong>respectu</strong></span> <span class='ocrx_word' id='word_1_431' title='bbox 3007 2314 3186 2378; x_wconf 88' lang='lat' dir='ltr'><strong>verbi</strong></span> <span class='ocrx_word' id='word_1_432' title='bbox 3212 2315 3290 2379; x_wconf 91' lang='lat' dir='ltr'><strong>de</strong></span> <span class='ocrx_word' id='word_1_433' title='bbox 3316 2321 3547 2397; x_wconf 79' lang='lat' dir='ltr'><strong>praete-</strong></span> 
     </span>
     <span class='ocr_line' id='line_1_66' title="bbox 1994 2418 3544 2502; baseline 0.003 -21"><span class='ocrx_word' id='word_1_434' title='bbox 1994 2418 2158 2498; x_wconf 88' lang='lat' dir='ltr'><strong>rito,</strong></span> <span class='ocrx_word' id='word_1_435' title='bbox 2215 2423 2369 2484; x_wconf 88' lang='lat' dir='ltr'><strong>tunc</strong></span> <span class='ocrx_word' id='word_1_436' title='bbox 2412 2418 2605 2482; x_wconf 88' lang='lat' dir='ltr'><strong>habet</strong></span> <span class='ocrx_word' id='word_1_437' title='bbox 2649 2418 2969 2501; x_wconf 89' lang='lat' dir='ltr'><strong>duplicem</strong></span> <span class='ocrx_word' id='word_1_438' title='bbox 3014 2420 3544 2502; x_wconf 88' lang='lat' dir='ltr'><strong>suppositionem,</strong></span> 
     </span>
     <span class='ocr_line' id='line_1_67' title="bbox 1994 2526 3551 2611; baseline 0.003 -22"><span class='ocrx_word' id='word_1_439' title='bbox 1994 2527 2148 2609; x_wconf 84' lang='lat' dir='ltr'><strong>quia</strong></span> <span class='ocrx_word' id='word_1_440' title='bbox 2173 2527 2475 2610; x_wconf 89' lang='lat' dir='ltr'><strong>supponit</strong></span> <span class='ocrx_word' id='word_1_441' title='bbox 2499 2544 2616 2608; x_wconf 92' lang='lat' dir='ltr'><strong>pro</strong></span> <span class='ocrx_word' id='word_1_442' title='bbox 2661 2526 3083 2608; x_wconf 81' lang='lat' dir='ltr'><strong>praesentibus</strong></span> <span class='ocrx_word' id='word_1_443' title='bbox 3122 2531 3186 2591; x_wconf 93' lang='lat' dir='ltr'><strong>et</strong></span> <span class='ocrx_word' id='word_1_444' title='bbox 3226 2546 3341 2609; x_wconf 89' lang='lat' dir='ltr'><strong>pro</strong></span> <span class='ocrx_word' id='word_1_445' title='bbox 3388 2547 3551 2611; x_wconf 82' lang='lat' dir='ltr'><strong>prae-</strong></span> 
     </span>
     <span class='ocr_line' id='line_1_68' title="bbox 1994 2632 3546 2715; baseline 0.004 -19"><span class='ocrx_word' id='word_1_446' title='bbox 1994 2633 2218 2697; x_wconf 89' lang='lat' dir='ltr'><strong>teritis.</strong></span> <span class='ocrx_word' id='word_1_447' title='bbox 2264 2632 2342 2695; x_wconf 87' lang='lat' dir='ltr'><strong>Et</strong></span> <span class='ocrx_word' id='word_1_448' title='bbox 2385 2632 2525 2697; x_wconf 90' lang='lat' dir='ltr'><strong>ideo</strong></span> <span class='ocrx_word' id='word_1_449' title='bbox 2570 2650 2704 2697; x_wconf 95' lang='lat' dir='ltr'><strong>non</strong></span> <span class='ocrx_word' id='word_1_450' title='bbox 2743 2633 3076 2715; x_wconf 88' lang='lat' dir='ltr'><strong>sequitur:</strong></span> <span class='ocrx_word' id='word_1_451' title='bbox 3122 2657 3153 2694; x_wconf 78' lang='grc' dir='ltr'>α</span> <span class='ocrx_word' id='word_1_452' title='bbox 3186 2634 3308 2699; x_wconf 88' lang='lat' dir='ltr'><strong>Iste</strong></span> <span class='ocrx_word' id='word_1_453' title='bbox 3351 2635 3546 2702; x_wconf 90' lang='lat' dir='ltr'><strong>homo</strong></span> 
     </span>
     <span class='ocr_line' id='line_1_69' title="bbox 1995 2739 3537 2822; baseline 0.001 -20"><span class='ocrx_word' id='word_1_454' title='bbox 1995 2739 2076 2802; x_wconf 86' lang='lat' dir='ltr'><strong>ab</strong></span> <span class='ocrx_word' id='word_1_455' title='bbox 2106 2744 2346 2803; x_wconf 82' lang='lat' dir='ltr'><strong>aeterno</strong></span> <span class='ocrx_word' id='word_1_456' title='bbox 2368 2739 2489 2804; x_wconf 79' lang='lat' dir='ltr'><strong>tuit</strong></span> <span class='ocrx_word' id='word_1_457' title='bbox 2511 2757 2706 2820; x_wconf 88' lang='lat' dir='ltr'><strong>:ergo</strong></span> <span class='ocrx_word' id='word_1_458' title='bbox 2731 2740 2812 2804; x_wconf 91' lang='lat' dir='ltr'><strong>ab</strong></span> <span class='ocrx_word' id='word_1_459' title='bbox 2840 2743 3083 2805; x_wconf 84' lang='lat' dir='ltr'><strong>aeterno</strong></span> <span class='ocrx_word' id='word_1_460' title='bbox 3112 2741 3232 2806; x_wconf 88' lang='lat' dir='ltr'><strong>fuit</strong></span> <span class='ocrx_word' id='word_1_461' title='bbox 3259 2743 3483 2822; x_wconf 89' lang='lat' dir='ltr'><strong>homo;</strong></span> <span class='ocrx_word' id='word_1_462' title='bbox 3506 2767 3537 2804; x_wconf 69' lang='grc' dir='ltr'><strong>υ</strong></span> 
     </span>
     <span class='ocr_line' id='line_1_70' title="bbox 1995 2846 3546 2931; baseline 0.002 -21"><span class='ocrx_word' id='word_1_463' title='bbox 1995 2846 2160 2911; x_wconf 92' lang='lat' dir='ltr'><strong>sicut</strong></span> <span class='ocrx_word' id='word_1_464' title='bbox 2184 2865 2314 2911; x_wconf 93' lang='lat' dir='ltr'><strong>non</strong></span> <span class='ocrx_word' id='word_1_465' title='bbox 2343 2846 2630 2929; x_wconf 86' lang='lat' dir='ltr'><strong>sequitur</strong></span> <span class='ocrx_word' id='word_1_466' title='bbox 2666 2868 2682 2910; x_wconf 73' lang='grc' dir='ltr'>ι</span> <span class='ocrx_word' id='word_1_467' title='bbox 2729 2869 2760 2907; x_wconf 79' lang='grc' dir='ltr'><strong>α</strong></span> <span class='ocrx_word' id='word_1_468' title='bbox 2799 2846 2932 2911; x_wconf 90' lang='lat' dir='ltr'><strong>Hoc</strong></span> <span class='ocrx_word' id='word_1_469' title='bbox 2957 2847 3173 2912; x_wconf 89' lang='lat' dir='ltr'><strong>album</strong></span> <span class='ocrx_word' id='word_1_470' title='bbox 3199 2849 3317 2913; x_wconf 81' lang='lat' dir='ltr'><strong>tuit</strong></span> <span class='ocrx_word' id='word_1_471' title='bbox 3340 2898 3357 2929; x_wconf 89' lang='lat'>,</span> <span class='ocrx_word' id='word_1_472' title='bbox 3388 2868 3546 2931; x_wconf 90' lang='lat' dir='ltr'><strong>ergo</strong></span> 
     </span>
     <span class='ocr_line' id='line_1_71' title="bbox 1995 2945 3550 3039; baseline 0.003 -22"><span class='ocrx_word' id='word_1_473' title='bbox 1995 2954 2118 3018; x_wconf 89' lang='lat' dir='ltr'><strong>hoc</strong></span> <span class='ocrx_word' id='word_1_474' title='bbox 2143 2954 2267 3018; x_wconf 78' lang='lat' dir='ltr'><strong>tuit</strong></span> <span class='ocrx_word' id='word_1_475' title='bbox 2290 2945 2509 3018; x_wconf 85' lang='lat' dir='ltr'><strong>album</strong></span> <span class='ocrx_word' id='word_1_476' title='bbox 2527 3001 2546 3034; x_wconf 90' lang='lat'>,</span> <span class='ocrx_word' id='word_1_477' title='bbox 2578 2975 2609 3012; x_wconf 76' lang='lat' dir='ltr'><strong>n</strong></span> <span class='ocrx_word' id='word_1_478' title='bbox 2641 2953 2795 3036; x_wconf 87' lang='lat' dir='ltr'><strong>quia</strong></span> <span class='ocrx_word' id='word_1_479' title='bbox 2822 2955 3052 3036; x_wconf 82' lang='lat' dir='ltr'><strong>regula</strong></span> <span class='ocrx_word' id='word_1_480' title='bbox 3085 2959 3183 3021; x_wconf 85' lang='lat' dir='ltr'><strong>est</strong></span> <span class='ocrx_word' id='word_1_481' title='bbox 3223 2957 3393 3039; x_wconf 88' lang='lat' dir='ltr'><strong>quod</strong></span> <span class='ocrx_word' id='word_1_482' title='bbox 3427 2962 3550 3022; x_wconf 91' lang='lat' dir='ltr'><strong>ter-</strong></span> 
     </span>
     <span class='ocr_line' id='line_1_72' title="bbox 1996 3061 3548 3146; baseline 0.004 -22"><span class='ocrx_word' id='word_1_483' title='bbox 1996 3061 2213 3125; x_wconf 88' lang='lat' dir='ltr'><strong>minus</strong></span> <span class='ocrx_word' id='word_1_484' title='bbox 2256 3079 2578 3146; x_wconf 89' lang='lat' dir='ltr'><strong>apponens</strong></span> <span class='ocrx_word' id='word_1_485' title='bbox 2617 3062 2817 3127; x_wconf 83' lang='lat' dir='ltr'><strong>verbo</strong></span> <span class='ocrx_word' id='word_1_486' title='bbox 2855 3063 3270 3146; x_wconf 86' lang='lat' dir='ltr'><strong>restringitur</strong></span> <span class='ocrx_word' id='word_1_487' title='bbox 3317 3083 3548 3130; x_wconf 91' lang='lat' dir='ltr'><strong>secun-</strong></span> 
     </span>
     <span class='ocr_line' id='line_1_73' title="bbox 1994 3165 3548 3251; baseline 0.003 -22"><span class='ocrx_word' id='word_1_488' title='bbox 1994 3165 2153 3229; x_wconf 90' lang='lat' dir='ltr'><strong>dum</strong></span> <span class='ocrx_word' id='word_1_489' title='bbox 2202 3166 2765 3246; x_wconf 85' lang='lat' dir='ltr'><strong>consignificatum</strong></span> <span class='ocrx_word' id='word_1_490' title='bbox 2815 3166 3039 3247; x_wconf 87' lang='lat' dir='ltr'><strong>verbi,</strong></span> <span class='ocrx_word' id='word_1_491' title='bbox 3086 3169 3548 3251; x_wconf 85' lang='lat' dir='ltr'><strong>cujuscumque</strong></span> 
     </span>
     <span class='ocr_line' id='line_1_74' title="bbox 1995 3275 3551 3358; baseline 0.002 -19"><span class='ocrx_word' id='word_1_492' title='bbox 1995 3276 2302 3358; x_wconf 87' lang='lat' dir='ltr'><strong>temporis</strong></span> <span class='ocrx_word' id='word_1_493' title='bbox 2341 3275 2539 3342; x_wconf 90' lang='lat' dir='ltr'><strong>verbo</strong></span> <span class='ocrx_word' id='word_1_494' title='bbox 2568 3279 2891 3357; x_wconf 85' lang='lat' dir='ltr'><strong>apponat:</strong></span> <span class='ocrx_word' id='word_1_495' title='bbox 2927 3293 3061 3340; x_wconf 93' lang='lat' dir='ltr'><strong>non</strong></span> <span class='ocrx_word' id='word_1_496' title='bbox 3090 3282 3307 3342; x_wconf 84' lang='lat' dir='ltr'><strong>autem</strong></span> <span class='ocrx_word' id='word_1_497' title='bbox 3334 3278 3427 3342; x_wconf 91' lang='lat' dir='ltr'><strong>sic</strong></span> <span class='ocrx_word' id='word_1_498' title='bbox 3454 3280 3551 3342; x_wconf 86' lang='lat' dir='ltr'><strong>est</strong></span> 
     </span>
     <span class='ocr_line' id='line_1_75' title="bbox 1995 3383 3551 3469; baseline 0.003 -22"><span class='ocrx_word' id='word_1_499' title='bbox 1995 3383 2075 3448; x_wconf 88' lang='lat' dir='ltr'><strong>de</strong></span> <span class='ocrx_word' id='word_1_500' title='bbox 2112 3384 2386 3450; x_wconf 88' lang='lat' dir='ltr'><strong>termino</strong></span> <span class='ocrx_word' id='word_1_501' title='bbox 2429 3402 2512 3449; x_wconf 84' lang='lat' dir='ltr'><strong>ex</strong></span> <span class='ocrx_word' id='word_1_502' title='bbox 2556 3387 2736 3465; x_wconf 86' lang='lat' dir='ltr'><strong>parte</strong></span> <span class='ocrx_word' id='word_1_503' title='bbox 2784 3383 3074 3466; x_wconf 88' lang='lat' dir='ltr'><strong>subjecti.</strong></span> <span class='ocrx_word' id='word_1_504' title='bbox 3120 3384 3200 3449; x_wconf 92' lang='lat' dir='ltr'><strong>Et</strong></span> <span class='ocrx_word' id='word_1_505' title='bbox 3242 3389 3551 3469; x_wconf 71' lang='lat' dir='ltr'><strong>praeterea</strong></span> 
     </span>
     <span class='ocr_line' id='line_1_76' title="bbox 1996 3492 3552 3575; baseline 0.001 -18"><span class='ocrx_word' id='word_1_506' title='bbox 1996 3492 2159 3557; x_wconf 88' lang='lat' dir='ltr'><strong>ratio</strong></span> <span class='ocrx_word' id='word_1_507' title='bbox 2206 3492 2317 3556; x_wconf 87' lang='lat' dir='ltr'><strong>illa</strong></span> <span class='ocrx_word' id='word_1_508' title='bbox 2360 3495 2575 3574; x_wconf 83' lang='lat' dir='ltr'><strong>peccat</strong></span> <span class='ocrx_word' id='word_1_509' title='bbox 2623 3510 2706 3557; x_wconf 82' lang='lat' dir='ltr'><strong>ex</strong></span> <span class='ocrx_word' id='word_1_510' title='bbox 2762 3492 3116 3557; x_wconf 89' lang='lat' dir='ltr'><strong>mutatione</strong></span> <span class='ocrx_word' id='word_1_511' title='bbox 3174 3494 3552 3575; x_wconf 87' lang='lat' dir='ltr'><strong>suppositio-</strong></span> 
     </span>
     <span class='ocr_line' id='line_1_77' title="bbox 1995 3598 3547 3681; baseline 0 -17"><span class='ocrx_word' id='word_1_512' title='bbox 1995 3599 2119 3664; x_wconf 92' lang='lat' dir='ltr'><strong>nis.</strong></span> <span class='ocrx_word' id='word_1_513' title='bbox 2161 3599 2259 3664; x_wconf 75' lang='lat' dir='ltr'><strong>Ad</strong></span> <span class='ocrx_word' id='word_1_514' title='bbox 2298 3600 2459 3664; x_wconf 86' lang='lat' dir='ltr'><strong>duas</strong></span> <span class='ocrx_word' id='word_1_515' title='bbox 2495 3604 2712 3665; x_wconf 91' lang='lat' dir='ltr'><strong>autem</strong></span> <span class='ocrx_word' id='word_1_516' title='bbox 2759 3599 3037 3663; x_wconf 84' lang='lat' dir='ltr'><strong>rationes</strong></span> <span class='ocrx_word' id='word_1_517' title='bbox 3071 3598 3140 3662; x_wconf 92' lang='lat' dir='ltr'><strong>in</strong></span> <span class='ocrx_word' id='word_1_518' title='bbox 3180 3600 3547 3681; x_wconf 89' lang='lat' dir='ltr'><strong>oppositum</strong></span> 
     </span>
     <span class='ocr_line' id='line_1_78' title="bbox 1997 3706 3552 3790; baseline 0.001 -18"><span class='ocrx_word' id='word_1_519' title='bbox 1997 3725 2129 3772; x_wconf 93' lang='lat' dir='ltr'><strong>non</strong></span> <span class='ocrx_word' id='word_1_520' title='bbox 2155 3710 2405 3790; x_wconf 90' lang='lat' dir='ltr'><strong>oportet</strong></span> <span class='ocrx_word' id='word_1_521' title='bbox 2438 3707 2817 3790; x_wconf 88' lang='lat' dir='ltr'><strong>respondere</strong></span> <span class='ocrx_word' id='word_1_522' title='bbox 2834 3755 2853 3786; x_wconf 90' lang='lat'>‚</span> <span class='ocrx_word' id='word_1_523' title='bbox 2884 3706 3039 3789; x_wconf 84' lang='lat' dir='ltr'><strong>quia</strong></span> <span class='ocrx_word' id='word_1_524' title='bbox 3079 3706 3433 3789; x_wconf 88' lang='lat' dir='ltr'><strong>procedunt</strong></span> <span class='ocrx_word' id='word_1_525' title='bbox 3459 3726 3552 3773; x_wconf 88' lang='lat' dir='ltr'><strong>se-</strong></span> 
     </span>
     <span class='ocr_line' id='line_1_79' title="bbox 1999 3812 3550 3897; baseline 0.001 -17"><span class='ocrx_word' id='word_1_526' title='bbox 1999 3816 2285 3881; x_wconf 89' lang='lat' dir='ltr'><strong>cundum</strong></span> <span class='ocrx_word' id='word_1_527' title='bbox 2329 3815 2529 3880; x_wconf 90' lang='lat' dir='ltr'><strong>alium</strong></span> <span class='ocrx_word' id='word_1_528' title='bbox 2575 3832 2838 3879; x_wconf 89' lang='lat' dir='ltr'><strong>sensum</strong></span> <span class='ocrx_word' id='word_1_529' title='bbox 2861 3861 2879 3892; x_wconf 89' lang='lat'>,</span> <span class='ocrx_word' id='word_1_530' title='bbox 2925 3812 3163 3879; x_wconf 89' lang='lat' dir='ltr'><strong>scilicet</strong></span> <span class='ocrx_word' id='word_1_531' title='bbox 3205 3819 3399 3897; x_wconf 87' lang='lat' dir='ltr'><strong>prout</strong></span> <span class='ocrx_word' id='word_1_532' title='bbox 3442 3816 3550 3882; x_wconf 70' lang='lat' dir='ltr'><strong>iae</strong></span> 
     </span>
     <span class='ocr_line' id='line_1_80' title="bbox 1998 3919 3552 4007; baseline -0.001 -18"><span class='ocrx_word' id='word_1_533' title='bbox 1998 3925 2390 3990; x_wconf 84' lang='lat' dir='ltr'><strong>demonstrat</strong></span> <span class='ocrx_word' id='word_1_534' title='bbox 2442 3940 2804 4007; x_wconf 85' lang='lat' dir='ltr'><strong>personam.</strong></span> <span class='ocrx_word' id='word_1_535' title='bbox 2860 3919 3178 3986; x_wconf 84' lang='lat' dir='ltr'><strong>Praeterea</strong></span> <span class='ocrx_word' id='word_1_536' title='bbox 3228 3941 3359 3988; x_wconf 93' lang='lat' dir='ltr'><strong>non</strong></span> <span class='ocrx_word' id='word_1_537' title='bbox 3405 3942 3552 3989; x_wconf 90' lang='lat' dir='ltr'><strong>con-</strong></span> 
     </span>
     <span class='ocr_line' id='line_1_81' title="bbox 2000 4029 3545 4115; baseline -0.003 -17"><span class='ocrx_word' id='word_1_538' title='bbox 2000 4034 2269 4099; x_wconf 90' lang='lat' dir='ltr'><strong>cludunt</strong></span> <span class='ocrx_word' id='word_1_539' title='bbox 2319 4031 2493 4115; x_wconf 83' lang='lat' dir='ltr'><strong>quod</strong></span> <span class='ocrx_word' id='word_1_540' title='bbox 2551 4030 2855 4114; x_wconf 68' lang='lat' dir='ltr'><strong>praedicta</strong></span> <span class='ocrx_word' id='word_1_541' title='bbox 2907 4029 3144 4094; x_wconf 91' lang='lat' dir='ltr'><strong>locutio</strong></span> <span class='ocrx_word' id='word_1_542' title='bbox 3199 4030 3282 4094; x_wconf 90' lang='lat' dir='ltr'><strong>sit</strong></span> <span class='ocrx_word' id='word_1_543' title='bbox 3325 4030 3484 4096; x_wconf 84' lang='lat' dir='ltr'><strong>falsa</strong></span> <span class='ocrx_word' id='word_1_544' title='bbox 3529 4054 3545 4094; x_wconf 72' lang='grc' dir='ltr'>ι</span> 
     </span>
     <span class='ocr_line' id='line_1_82' title="bbox 1999 4137 3552 4225; baseline -0.003 -18"><span class='ocrx_word' id='word_1_545' title='bbox 1999 4141 2156 4225; x_wconf 85' lang='lat' dir='ltr'><strong>quia</strong></span> <span class='ocrx_word' id='word_1_546' title='bbox 2186 4143 2452 4224; x_wconf 64' lang='lat' dir='ltr'><strong>poaeunt</strong></span> <span class='ocrx_word' id='word_1_547' title='bbox 2475 4138 2618 4203; x_wconf 81' lang='lat' dir='ltr'><strong>haec</strong></span> <span class='ocrx_word' id='word_1_548' title='bbox 2642 4137 2839 4202; x_wconf 90' lang='lat' dir='ltr'><strong>simul</strong></span> <span class='ocrx_word' id='word_1_549' title='bbox 2866 4140 3065 4216; x_wconf 88' lang='lat' dir='ltr'><strong>stare,</strong></span> <span class='ocrx_word' id='word_1_550' title='bbox 3094 4138 3267 4220; x_wconf 87' lang='lat' dir='ltr'><strong>quod</strong></span> <span class='ocrx_word' id='word_1_551' title='bbox 3300 4157 3552 4221; x_wconf 87' lang='lat' dir='ltr'><strong>semper</strong></span> 
     </span>
     <span class='ocr_line' id='line_1_83' title="bbox 2000 4244 3549 4331; baseline -0.003 -17"><span class='ocrx_word' id='word_1_552' title='bbox 2000 4249 2225 4328; x_wconf 85' lang='lat' dir='ltr'><strong>fuerit,</strong></span> <span class='ocrx_word' id='word_1_553' title='bbox 2275 4252 2339 4312; x_wconf 88' lang='lat' dir='ltr'><strong>et</strong></span> <span class='ocrx_word' id='word_1_554' title='bbox 2383 4246 2557 4331; x_wconf 85' lang='lat' dir='ltr'><strong>qnod</strong></span> <span class='ocrx_word' id='word_1_555' title='bbox 2597 4244 2932 4329; x_wconf 84' lang='lat' dir='ltr'><strong>incoeperit</strong></span> <span class='ocrx_word' id='word_1_556' title='bbox 2969 4262 3109 4311; x_wconf 85' lang='lat' dir='ltr'><strong>esse</strong></span> <span class='ocrx_word' id='word_1_557' title='bbox 3130 4293 3149 4325; x_wconf 89' lang='lat'><strong>,</strong></span> <span class='ocrx_word' id='word_1_558' title='bbox 3193 4246 3549 4311; x_wconf 90' lang='lat' dir='ltr'><strong>secundum</strong></span> 
     </span>
     <span class='ocr_line' id='line_1_84' title="bbox 2000 4358 2591 4422; baseline -0.007 0"><span class='ocrx_word' id='word_1_559' title='bbox 2000 4358 2284 4422; x_wconf 82' lang='lat' dir='ltr'><strong>diversas</strong></span> <span class='ocrx_word' id='word_1_560' title='bbox 2306 4360 2591 4422; x_wconf 87' lang='lat' dir='ltr'><strong>naturas.</strong></span> 
     </span>
    </p>

    <p class='ocr_par' dir='ltr' id='par_1_7' title="bbox 1995 4460 3552 5517">
     <span class='ocr_line' id='line_1_85' title="bbox 2084 4460 3549 4545; baseline -0.002 -15"><span class='ocrx_word' id='word_1_561' title='bbox 2084 4472 2145 4531; x_wconf 87' lang='lat'><strong>3.</strong></span> <span class='ocrx_word' id='word_1_562' title='bbox 2196 4465 2296 4529; x_wconf 86' lang='lat' dir='ltr'><strong>Ad</strong></span> <span class='ocrx_word' id='word_1_563' title='bbox 2342 4463 2502 4529; x_wconf 86' lang='lat' dir='ltr'><strong>illud</strong></span> <span class='ocrx_word' id='word_1_564' title='bbox 2546 4461 2719 4545; x_wconf 84' lang='lat' dir='ltr'><strong>quod</strong></span> <span class='ocrx_word' id='word_1_565' title='bbox 2764 4460 3063 4544; x_wconf 86' lang='lat' dir='ltr'><strong>objicitur</strong></span> <span class='ocrx_word' id='word_1_566' title='bbox 3107 4461 3294 4526; x_wconf 89' lang='lat' dir='ltr'><strong>tertio</strong></span> <span class='ocrx_word' id='word_1_567' title='bbox 3312 4509 3334 4540; x_wconf 92' lang='lat'><em>,</em></span> <span class='ocrx_word' id='word_1_568' title='bbox 3377 4461 3549 4544; x_wconf 84' lang='lat' dir='ltr'><strong>quod</strong></span> 
     </span>
     <span class='ocr_line' id='line_1_86' title="bbox 2001 4568 3550 4658; baseline -0.005 -18"><span class='ocrx_word' id='word_1_569' title='bbox 2001 4591 2357 4658; x_wconf 88' lang='lat' dir='ltr'><strong>pronomen</strong></span> <span class='ocrx_word' id='word_1_570' title='bbox 2382 4572 2772 4638; x_wconf 89' lang='lat' dir='ltr'><strong>demonstrat</strong></span> <span class='ocrx_word' id='word_1_571' title='bbox 2806 4586 3144 4652; x_wconf 85' lang='lat' dir='ltr'><strong>personam</strong></span> <span class='ocrx_word' id='word_1_572' title='bbox 3158 4617 3177 4647; x_wconf 89' lang='lat'>,</span> <span class='ocrx_word' id='word_1_573' title='bbox 3206 4568 3550 4634; x_wconf 86' lang='lat' dir='ltr'><strong>dicendum</strong></span> 
     </span>
     <span class='ocr_line' id='line_1_87' title="bbox 2001 4676 3550 4765; baseline -0.004 -17"><span class='ocrx_word' id='word_1_574' title='bbox 2001 4682 2173 4765; x_wconf 88' lang='lat' dir='ltr'><strong>quod</strong></span> <span class='ocrx_word' id='word_1_575' title='bbox 2196 4699 2466 4764; x_wconf 86' lang='lat' dir='ltr'><strong>persona</strong></span> <span class='ocrx_word' id='word_1_576' title='bbox 2486 4678 2794 4761; x_wconf 81' lang='lat' dir='ltr'><strong>accipitur</strong></span> <span class='ocrx_word' id='word_1_577' title='bbox 2818 4676 2999 4758; x_wconf 90' lang='lat' dir='ltr'><strong>large</strong></span> <span class='ocrx_word' id='word_1_578' title='bbox 3029 4694 3145 4759; x_wconf 92' lang='lat' dir='ltr'><strong>pro</strong></span> <span class='ocrx_word' id='word_1_579' title='bbox 3171 4676 3352 4740; x_wconf 91' lang='lat' dir='ltr'><strong>omni</strong></span> <span class='ocrx_word' id='word_1_580' title='bbox 3376 4677 3550 4761; x_wconf 86' lang='lat' dir='ltr'><strong>quod</strong></span> 
     </span>
     <span class='ocr_line' id='line_1_88' title="bbox 1999 4787 3552 4871; baseline -0.002 -14"><span class='ocrx_word' id='word_1_581' title='bbox 1999 4793 2207 4858; x_wconf 90' lang='lat' dir='ltr'><strong>reddit</strong></span> <span class='ocrx_word' id='word_1_582' title='bbox 2229 4790 2725 4857; x_wconf 88' lang='lat' dir='ltr'><strong>determinatum</strong></span> <span class='ocrx_word' id='word_1_583' title='bbox 2751 4788 3151 4871; x_wconf 87' lang='lat' dir='ltr'><strong>suppositum</strong></span> <span class='ocrx_word' id='word_1_584' title='bbox 3178 4787 3413 4866; x_wconf 83' lang='lat' dir='ltr'><strong>verh03</strong></span> <span class='ocrx_word' id='word_1_585' title='bbox 3445 4806 3552 4870; x_wconf 91' lang='lat' dir='ltr'><strong>po-</strong></span> 
     </span>
     <span class='ocr_line' id='line_1_89' title="bbox 2000 4893 3551 4975; baseline -0.004 -11"><span class='ocrx_word' id='word_1_586' title='bbox 2000 4897 2522 4964; x_wconf 83' lang='lat' dir='ltr'><strong>testenimdici:</strong></span> <span class='ocrx_word' id='word_1_587' title='bbox 2563 4919 2594 4956; x_wconf 80' lang='grc' dir='ltr'>α</span> <span class='ocrx_word' id='word_1_588' title='bbox 2622 4895 2772 4960; x_wconf 84' lang='lat' dir='ltr'><strong>Haec</strong></span> <span class='ocrx_word' id='word_1_589' title='bbox 2798 4894 3051 4972; x_wconf 87' lang='lat' dir='ltr'><strong>albedo;</strong></span> <span class='ocrx_word' id='word_1_590' title='bbox 3083 4915 3114 4953; x_wconf 71' lang='lat' dir='ltr'><strong>n</strong></span> <span class='ocrx_word' id='word_1_591' title='bbox 3146 4893 3320 4958; x_wconf 89' lang='lat' dir='ltr'><strong>etsic</strong></span> <span class='ocrx_word' id='word_1_592' title='bbox 3349 4896 3551 4975; x_wconf 86' lang='lat' dir='ltr'><strong>potest</strong></span> 
     </span>
     <span class='ocr_line' id='line_1_90' title="bbox 1999 5000 3545 5083; baseline -0.004 -11"><span class='ocrx_word' id='word_1_593' title='bbox 1999 5008 2165 5072; x_wconf 85' lang='lat' dir='ltr'><strong>bene</strong></span> <span class='ocrx_word' id='word_1_594' title='bbox 2184 5006 2619 5071; x_wconf 87' lang='lat' dir='ltr'><strong>demonstrare</strong></span> <span class='ocrx_word' id='word_1_595' title='bbox 2640 5000 2972 5082; x_wconf 81' lang='lat' dir='ltr'><strong>singulare</strong></span> <span class='ocrx_word' id='word_1_596' title='bbox 2999 5000 3401 5083; x_wconf 86' lang='lat' dir='ltr'><strong>suppositum</strong></span> <span class='ocrx_word' id='word_1_597' title='bbox 3427 5001 3545 5066; x_wconf 89' lang='lat' dir='ltr'><strong>ho-</strong></span> 
     </span>
     <span class='ocr_line' id='line_1_91' title="bbox 2000 5108 3545 5190; baseline -0.004 -11"><span class='ocrx_word' id='word_1_598' title='bbox 2000 5114 2227 5190; x_wconf 88' lang='lat' dir='ltr'><strong>minis,</strong></span> <span class='ocrx_word' id='word_1_599' title='bbox 2277 5112 2342 5176; x_wconf 93' lang='lat' dir='ltr'><strong>id</strong></span> <span class='ocrx_word' id='word_1_600' title='bbox 2387 5114 2483 5174; x_wconf 87' lang='lat' dir='ltr'><strong>est</strong></span> <span class='ocrx_word' id='word_1_601' title='bbox 2499 5156 2516 5186; x_wconf 86' lang='lat'>‚</span> <span class='ocrx_word' id='word_1_602' title='bbox 2566 5111 2856 5173; x_wconf 91' lang='lat' dir='ltr'><strong>atomum</strong></span> <span class='ocrx_word' id='word_1_603' title='bbox 2896 5110 3145 5172; x_wconf 82' lang='lat' dir='ltr'><strong>naturae</strong></span> <span class='ocrx_word' id='word_1_604' title='bbox 3194 5108 3503 5174; x_wconf 82' lang='lat' dir='ltr'><strong>humanae</strong></span> <span class='ocrx_word' id='word_1_605' title='bbox 3526 5156 3545 5189; x_wconf 90' lang='lat'><strong>,</strong></span> 
     </span>
     <span class='ocr_line' id='line_1_92' title="bbox 2001 5212 3545 5305; baseline -0.003 -20"><span class='ocrx_word' id='word_1_606' title='bbox 2001 5221 2172 5305; x_wconf 86' lang='lat' dir='ltr'><strong>quod</strong></span> <span class='ocrx_word' id='word_1_607' title='bbox 2196 5222 2597 5301; x_wconf 87' lang='lat' dir='ltr'><strong>assumptum</strong></span> <span class='ocrx_word' id='word_1_608' title='bbox 2623 5219 2718 5279; x_wconf 86' lang='lat' dir='ltr'><strong>est</strong></span> <span class='ocrx_word' id='word_1_609' title='bbox 2748 5235 2784 5276; x_wconf 90' lang='lat' dir='ltr'><strong>a</strong></span> <span class='ocrx_word' id='word_1_610' title='bbox 2799 5213 3029 5291; x_wconf 82' lang='lat' dir='ltr'><strong>Verbo,</strong></span> <span class='ocrx_word' id='word_1_611' title='bbox 3057 5212 3165 5281; x_wconf 63' lang='lat' dir='ltr'><strong>vel</strong></span> <span class='ocrx_word' id='word_1_612' title='bbox 3190 5216 3396 5300; x_wconf 89' lang='lat' dir='ltr'><strong>ipsam</strong></span> <span class='ocrx_word' id='word_1_613' title='bbox 3421 5217 3545 5300; x_wconf 85' lang='lat' dir='ltr'><strong>hy-</strong></span> 
     </span>
     <span class='ocr_line' id='line_1_93' title="bbox 1998 5322 3550 5415; baseline -0.005 -22"><span class='ocrx_word' id='word_1_614' title='bbox 1998 5327 2301 5415; x_wconf 81' lang='lat' dir='ltr'><strong>postasim</strong></span> <span class='ocrx_word' id='word_1_615' title='bbox 2312 5374 2336 5407; x_wconf 88' lang='lat'><em>,</em></span> <span class='ocrx_word' id='word_1_616' title='bbox 2365 5325 2530 5390; x_wconf 78' lang='lat' dir='ltr'><strong>facta</strong></span> <span class='ocrx_word' id='word_1_617' title='bbox 2562 5322 3100 5387; x_wconf 83' lang='lat' dir='ltr'><strong>demonstratione</strong></span> <span class='ocrx_word' id='word_1_618' title='bbox 3127 5342 3257 5388; x_wconf 90' lang='lat' dir='ltr'><strong>non</strong></span> <span class='ocrx_word' id='word_1_619' title='bbox 3292 5325 3374 5388; x_wconf 91' lang='lat' dir='ltr'><strong>ad</strong></span> <span class='ocrx_word' id='word_1_620' title='bbox 3399 5341 3550 5389; x_wconf 92' lang='lat' dir='ltr'><strong>sen-</strong></span> 
     </span>
     <span class='ocr_line' id='line_1_94' title="bbox 1995 5427 3543 5517; baseline -0.007 -12"><span class='ocrx_word' id='word_1_621' title='bbox 1995 5455 2171 5517; x_wconf 89' lang='lat' dir='ltr'><strong>sum,</strong></span> <span class='ocrx_word' id='word_1_622' title='bbox 2210 5433 2323 5499; x_wconf 89' lang='lat' dir='ltr'><strong>sed</strong></span> <span class='ocrx_word' id='word_1_623' title='bbox 2359 5432 2442 5498; x_wconf 86' lang='lat' dir='ltr'><strong>ad</strong></span> <span class='ocrx_word' id='word_1_624' title='bbox 2484 5429 2898 5498; x_wconf 87' lang='lat' dir='ltr'><strong>intellectum.</strong></span> <span class='ocrx_word' id='word_1_625' title='bbox 2945 5427 3025 5494; x_wconf 86' lang='lat' dir='ltr'><strong>Et</strong></span> <span class='ocrx_word' id='word_1_626' title='bbox 3066 5430 3121 5494; x_wconf 89' lang='lat' dir='ltr'><strong>si</strong></span> <span class='ocrx_word' id='word_1_627' title='bbox 3166 5431 3543 5514; x_wconf 83' lang='lat' dir='ltr'><strong>objiciatur,</strong></span> 
     </span>
    </p>
   </div>
  </div>
 </body>
</html>
