4185 6288
77 1304 210 1358 Opimi.

1258 524 1452 592 ms'r.
1497 522 1600 590 IX.
1644 520 1827 589 ΛΒΤ.
1873 519 1922 586 1.
1968 516 2268 597 QUAEST.
2316 516 2422 582 IV.

793 795 1240 865 CONCLUSIO.

256 971 506 1039 Qualibet
530 986 667 1027 onix
696 972 877 1025 latrice
915 969 1232 1026 adoratione
1259 971 1337 1025 ert
1366 963 1690 1025 adoranda,-
1731 962 1783 1017 ei

316 1071 435 1113 vero
459 1059 523 1112 in
546 1072 657 1127 qua
682 1056 922 1113 ctu-ism
951 1053 1212 1128 pependit
1227 1095 1246 1125 ,
1283 1056 1451 1110 etiam
1478 1051 1600 1106 aliu
1634 1063 1786 1105 reve-

318 1145 497 1200 rentia
525 1146 605 1199 est
633 1142 956 1199 alabanda.

327 1302 511 1387 Resp.
556 1303 639 1367 ad
660 1322 801 1386 arg.
844 1301 1191 1368 Dicendum
1215 1298 1387 1385 quod
1412 1299 1492 1363 ad
1521 1296 1792 1382 praedic-

253 1416 457 1475 lorum
485 1410 976 1492 intelligentiam
1023 1409 1131 1472 bic
1155 1412 1250 1472 est
1290 1406 1621 1490 multiplex
1648 1424 1792 1471 mo-

250 1518 364 1581 dus
390 1517 664 1582 dicendi.
696 1516 970 1593 Quidam
988 1515 1164 1580 enim
1183 1515 1394 1579 dicere
1422 1514 1787 1591 voluerunt,

156 1643 161 1647 ·
250 1622 414 1705 qnod
441 1624 563 1707 ipsi
604 1623 779 1687 cruci
819 1622 1087 1686 debetur
1136 1621 1374 1699 honor,
1404 1619 1515 1703 qui
1556 1619 1792 1683 dicitur

250 1730 644 1814 hyper-dulia.
674 1730 752 1795 Et
772 1730 933 1794 ratio
944 1729 1145 1812 hujus
1170 1731 1288 1805 est,
1309 1727 1461 1810 quia
1475 1727 1611 1810 ipsa
1630 1745 1792 1791 crux

249 1838 364 1902 fuit
400 1839 909 1902 instrumentum
943 1836 1142 1900 totius
1178 1834 1631 1916 redemptionis
1659 1835 1790 1898 hu-

251 1964 491 2025 manae3
541 1947 612 2009 in
638 1947 778 2028 ipsa
819 1944 994 2009 enim
1032 1943 1206 2007 salus
1231 1946 1296 2006 et
1324 1941 1674 2024 redemptio
1701 1944 1792 2005 to·

250 2054 369 2118 tius
393 2053 668 2117 humani
689 2050 946 2134 generis
974 2054 1069 2114 aet
1086 2050 1248 2114 lacta
1271 2053 1367 2112 :et
1395 2048 1538 2112 ideo
1566 2065 1792 2113 omnes

250 2161 541 2224 homines
566 2160 802 2224 debent
839 2175 975 2222 esse
999 2157 1058 2221 ei
1085 2155 1352 2237 subJecti
1400 2156 1792 2238 subjectione

250 2268 508 2332 notabili
533 2271 598 2331 et
622 2265 875 2349 speciali
909 2269 1010 2329 :et
1034 2268 1368 2347 propterea
1384 2263 1606 2328 dicunt
1648 2282 1787 2327 eam

249 2375 493 2440 adorari
517 2373 945 2439 excellentiori
976 2372 1343 2437 adoratione
1360 2389 1557 2454 quam
1574 2371 1658 2434 sit
1679 2371 1794 2435 du-

251 2483 350 2561 lia,
405 2500 557 2566 quae
616 2481 884 2545 debetur
931 2478 1228 2544 rationali
1274 2482 1607 2556 creaturae,
1639 2478 1791 2561 quia

253 2608 394 2654 cum
422 2588 840 2654 cruxchristi
867 2605 987 2651 nec
1015 2586 1098 2649 sit
1122 2585 1311 2665 DeuS,
1337 2604 1457 2649 1100
1478 2585 1596 2668 ipsi
1622 2585 1794 2649 divi-

252 2698 425 2761 nitati
446 2695 688 2779 aliqnid
713 2695 995 2773 unitum,
1029 2693 1172 2757 ideo
1198 2710 1330 2757 non
1356 2695 1453 2756 est
1496 2693 1552 2756 ei
1582 2693 1792 2757 cultus

253 2803 449 2868 latriae
492 2801 920 2881 exhibendus»,
951 2802 1014 2863 et
1054 2804 1316 2883 propter
1344 2799 1468 2862 hoc
1493 2801 1666 2882 quod
1696 2806 1791 2864 te-

255 2915 356 2975 net
380 2910 669 2975 medium
698 2908 867 2972 inter
900 2906 1151 2970 latriam
1178 2909 1245 2969 et
1270 2905 1533 2984 duliam,
1559 2905 1792 2971 adora-

219 3017 337 3081 -tio
370 3017 577 3082 crucis
622 3015 854 3081 dicitur
898 3013 1300 3097 hyperdulia.
1337 3013 1460 3077 Sed
1486 3014 1791 3095 quoniam

254 3124 552 3202 adoratio,
580 3122 748 3189 sieut
773 3121 1090 3201 allocutio,
1114 3121 1372 3186 videtur
1398 3138 1532 3186 esse
1548 3120 1788 3186 solum-

256 3232 433 3297 modo
458 3233 631 3297 inter
653 3230 919 3295 rationis
951 3247 1213 3312 capaces
1243 3248 1260 3293 :
1310 3230 1592 3294 adoratio
1618 3230 1792 3295 enim

253 3340 545 3422 quaedam
584 3336 790 3402 oratio
832 3340 927 3400 est
952 3336 1032 3400 ad
1073 3335 1331 3418 aliquod
1356 3337 1649 3401 ordinata
1681 3338 1758 3420 (a)
1771 3386 1788 3417 ‚

252 3446 410 3512 unde
455 3446 733 3514 adorare
769 3442 979 3509 estad
1024 3443 1199 3507 alind
1229 3460 1410 3510 orare
1427 3466 1455 3525 ,·
1482 3463 1645 3509 crux
1670 3465 1789 3509 au-

201 3589 211 3598 ·
254 3559 372 3620 tem
395 3554 637 3621 Christi
668 3552 937 3618 omnino
966 3556 1137 3616 caret
1166 3551 1412 3617 ratione
1446 3574 1461 3616 :
1516 3553 1658 3618 ideo
1686 3552 1792 3617 alii

250 3663 545 3728 dixerunt
577 3679 721 3726 eam
748 3676 884 3724 non
916 3676 1051 3723 esse
1097 3658 1483 3723 adorandam
1507 3708 1524 3736 ‚
1555 3660 1678 3724 nisi
1722 3661 1792 3724 in

248 3776 559 3855 quantum
580 3770 746 3833 inea
773 3767 1072 3832 adoratur
1101 3766 1408 3847 ChristuS,
1429 3785 1639 3851 neque
1675 3768 1792 3832 ali-

248 3900 367 3965 qua
381 3886 480 3947 est
506 3881 571 3944 ei
596 3877 862 3943 honoris
892 3876 1248 3941 reverentia
1265 3876 1645 3956 exhibenda,
1669 3878 1793 3942 nisi

248 3990 484 4055 ratione
515 3986 841 4065 crucifixi,
866 3985 1028 4048 sicut
1066 4001 1188 4047 nec
1211 3983 1507 4065 imagini,
1538 3984 1662 4049 nisi
1689 4004 1797 4050 ra..

248 4096 411 4161 tione
462 4092 829 4175 imaginati.
887 4089 965 4154 Et
1027 4090 1169 4154 ideo
1222 4091 1566 4169 dixerunt,
1622 4094 1795 4176 quod

248 4204 411 4268 cruci
442 4207 543 4269 est
569 4201 779 4266 cultus
815 4198 1019 4263 latriae
1041 4197 1460 4278 exhibendus,
1487 4201 1552 4262 et
1576 4200 1794 4264 nullus

246 4309 425 4391 alius,
441 4327 566 4375 nec
593 4307 810 4384 duliae,
847 4324 966 4371 nec
989 4304 1415 4388 hyperduliae.
1444 4305 1601 4371 Rem
1618 4308 1794 4374 enim

246 4415 680 4482 insensibilem
702 4416 971 4479 stultum
1001 4417 1096 4477 est
1135 4412 1471 4493 honorare,
1504 4431 1653 4478 cum
1676 4433 1795 4497 pro

245 4523 634 4591 indifferenti
661 4522 893 4587 habeat
928 4521 1242 4586 honorem
1280 4524 1344 4584 et
1366 4520 1790 4605 vituperium.

250 4628 321 4695 Et
356 4633 482 4696 hoc
531 4631 831 4695 nituntur
884 4628 1292 4692 confirmare
1309 4645 1424 4709 per
1463 4628 1795 4696 Damasce-

247 4756 400 4805 num
423 4740 503 4804 de
545 4738 781 4803 sanctis
804 4735 1222 4818 imaginibus,
1253 4735 1368 4799 ubi
1394 4735 1546 4802 dicit
1574 4746 1590 4782 ¹
1622 4740 1795 4821 quod

249 4866 373 4913 non
390 4864 651 4914 crucem
682 4846 1048 4923 adoramuS,
1075 4844 1185 4910 sed
1202 4848 1460 4929 typum,
1488 4844 1554 4909 id
1576 4850 1691 4925 est,
1712 4847 1794 4910 fl-

251 4957 676 5037 gurationem.
726 4952 805 5017 Et
851 4952 941 5016 sic
979 4970 1111 5016 non
1139 4952 1393 5017 videtur
1418 4952 1590 5036 quod
1635 4971 1794 5018 cmx

252 5063 539 5129 adoretur
564 5063 637 5127 in
683 5064 1002 5144 quantum
1048 5061 1143 5123 est
1169 5077 1274 5124 res
1300 5058 1516 5143 aliqua
1536 5109 1554 5140 ,
1587 5060 1694 5125 sed
1726 5061 1796 5126 in

254 5177 556 5253 quantum
578 5173 677 5236 est
696 5169 986 5250 signum.
1022 5164 1479 5232 Verumtamen
1508 5169 1561 5232 si
1588 5169 1799 5235 consi-

255 5276 534 5347 deremus
550 5277 756 5345 verba
785 5274 1151 5341 Damasceni
1178 5275 1245 5340 in
1273 5293 1414 5361 cap.
1440 5275 1516 5343 de
1544 5276 1794 5358 cncce’,

309 5441 326 5478 1
352 5443 739 5501 Damascenus,
768 5434 832 5486 de
870 5434 999 5487 Fide
1018 5436 1241 5501 orthod„
1269 5437 1364 5489 lib.
1390 5438 1481 5502 lv,
1509 5453 1556 5489 c.
1581 5451 1801 5491 xvix.-

250 5511 427 5578 ²155d„
459 5531 506 5568 c.
525 5527 625 5567 xu.
653 5537 722 5554 --
739 5509 766 5545 ⁸
790 5506 946 5572 ibid„
968 5523 1012 5558 0.
1041 5523 1169 5563 xm.
1190 5537 1256 5548 -
1286 5509 1350 5573 (a)
1378 5510 1464 5561 ΔΙ.
1490 5511 1799 5564 ordinatum.

3318 520 3437 582 207

1902 656 2159 721 videtur
2197 654 2368 737 quod
2395 670 2531 718 non
2572 651 2975 718 solummodo
2999 652 3174 716 cruci
3220 651 3449 719 Christi

1904 768 2096 848 prout
2142 768 2239 828 est
2272 763 2533 844 signum
2549 811 2567 842 ,
2601 761 2738 827 sive
2785 761 2856 826 in
2907 762 3228 845 quantum
3255 763 3449 842 typus

1902 876 2017 951 est,
2050 872 2160 936 sed
2190 872 2258 934 in
2283 872 2529 936 ratione
2560 869 2846 936 materiae
2868 868 3059 933 etiam
3089 866 3450 933 exhibenda

1901 978 1981 1044 sit
1996 980 2376 1059 reverentia,
2408 980 2563 1062 quia
2580 998 2711 1045 non
2736 978 2948 1043 solum
2965 983 3062 1044 est
3088 977 3452 1043 veneranda

1900 1086 2118 1167 figura
2139 1134 2157 1163 ‚
2204 1086 2314 1151 sed
2342 1087 2536 1151 etiam
2574 1105 2804 1152 verum
2846 1086 3103 1168 lignum
3131 1086 3336 1150 crucis
3380 1085 3450 1149 in

1900 1210 2032 1275 quo
2060 1192 2364 1257 Dominus
2391 1193 2722 1276 pependit;
2752 1194 2822 1257 in
2869 1193 3009 1258 aliis
3050 1211 3202 1258 vero
3240 1192 3446 1257 cruci-

1899 1303 2021 1366 bus
2047 1300 2415 1365 veneranda
2452 1305 2548 1365 est
2574 1300 2784 1365 solum
2811 1301 3048 1381 figura,
3078 1319 3209 1365 non
3237 1305 3446 1364 mate-

1899 1408 2017 1472 ria.
2049 1408 2155 1472 Ait
2195 1406 2371 1472 enim
2408 1408 2541 1473 sic:
2584 1431 2616 1469 «1
2656 1406 2874 1490 Ipsum
2900 1408 3161 1490 quidem
3208 1408 3443 1490 pretio-

1898 1533 2049 1578 sum
2078 1512 2336 1596 lignum
2366 1515 2574 1580 crucis
2612 1516 2998 1596 venerabile,
3027 1517 3097 1580 in
3119 1533 3249 1598 quo
3275 1515 3446 1598 seip-

1899 1642 2045 1688 sum
2074 1641 2191 1707 pro
2209 1622 2397 1687 nobis
2422 1623 2707 1687 Christus
2722 1623 2973 1700 obtulit,
2994 1627 3071 1687 ut
3094 1625 3441 1687 sanctifica·

1901 1735 2039 1794 tum
2066 1734 2239 1795 tactu
2260 1730 2543 1813 corporis
2568 1734 2631 1795 et
2657 1731 3017 1812 sanguiniS,
3036 1730 3329 1796 decenter
3350 1735 3447 1795 est

1900 1837 2320 1903 adorandum.
2355 1860 2384 1895 ι)
2417 1836 2496 1902 Et
2520 1843 2662 1921 post
2691 1844 2752 1905 ⁸:
2791 1863 2822 1900 α
2866 1839 2933 1903 Si
2962 1842 3177 1903 autem
3206 1857 3289 1903 ex
3318 1838 3443 1903 alia

1900 1945 2169 2009 materia
2192 1945 2357 2009 facta
2384 1948 2500 2023 est,
2532 1946 2674 2011 ideo
2698 1947 3031 2012 materiam
3058 1946 3439 2011 adoramus?

1899 2051 2105 2132 Absit,
2137 2051 2244 2116 sed
2271 2056 2527 2134 typum.
2574 2051 2754 2118 Unde
2784 2054 2900 2119 etsi
2925 2072 3159 2118 aurum
3189 2059 3252 2118 et
3298 2071 3441 2136 pre-

1899 2158 2043 2223 tiosi
2071 2158 2310 2241 lapides
2333 2158 2593 2237 fuerint,
2624 2165 2767 2243 post
2809 2161 2944 2244 typi
2965 2161 3441 2225 dissolutionem

1898 2282 2029 2328 non
2083 2268 2235 2329 sunt
2285 2265 2628 2330 adoranda.
2678 2290 2708 2326 ι)
2777 2268 2873 2332 Ex
2908 2287 3040 2351 quo
3095 2268 3438 2350 colligitur,

1898 2371 2067 2452 quod
2097 2371 2312 2455 aliqua
2358 2372 2478 2455 ipsi
2508 2374 2683 2437 cruci
2729 2374 2813 2440 sit
2851 2376 3208 2440 reverentia
3260 2376 3444 2440 exhi-

1898 2476 2126 2557 benda,
2175 2483 2440 2562 excepta
2475 2480 2842 2546 adoratione
2882 2482 3109 2547 latriae.
3140 2482 3218 2547 Et
3242 2484 3442 2566 hujus

1897 2585 2163 2667 signum
2191 2591 2306 2665 est,
2338 2587 2490 2670 quia
2518 2587 2791 2653 Ecclesia
2818 2590 3270 2654 solemnizatin
3292 2591 3445 2656 Cru-

1898 2694 1988 2757 cis
2026 2693 2404 2759 Inventione
2433 2699 2496 2758 et
2520 2694 2938 2775 Exaltatione,
2969 2696 3135 2762 sicut
3159 2698 3227 2761 in
3271 2698 3444 2763 festis

1900 2805 2299 2870 Sanctorum.
2328 2804 2404 2869 Et
2422 2806 2566 2870 ideo
2580 2812 2807 2872 neuter
2836 2809 3290 2891 praedictorum
3309 2828 3446 2875 mo-
3475 2823 3603 2881 Opia.
3623 2827 3664 2869 2.

1898 2914 2130 2979 dorum
2159 2915 2420 2980 videtur
2444 2920 2707 2982 omnino
2734 2918 3075 2982 sufficiens.
3107 2916 3447 3001 Propterea

1899 3020 2387 3103 intelligendum
2419 3023 2712 3106 estquod
2752 3023 2987 3108 duplici
3038 3026 3225 3090 modo
3263 3027 3449 3091 exhi-

1899 3129 2087 3194 betur
2105 3128 2295 3193 alicui
2311 3129 2518 3195 honor
2544 3153 2560 3194 t
2589 3130 2931 3213 aliquando
2967 3133 3038 3197 in
3066 3133 3445 3217 obsequium

1901 3236 2297 3314 reverentias,
2329 3240 2392 3301 et
2419 3236 2537 3301 iste
2590 3241 2681 3302 est
2720 3237 2928 3303 honor
2969 3242 3396 3306 venerationis
3426 3265 3442 3321 ;

1899 3342 2242 3425 aliquando
2268 3343 2336 3407 in
2358 3343 2798 3408 testimonium
2823 3347 3080 3412 virtutis
3099 3396 3117 3426 ,
3150 3353 3213 3413 et
3238 3348 3449 3414 famu-

1900 3450 2103 3514 latum
2130 3450 2625 3534 complacentiae,
2658 3455 2723 3515 et
2752 3452 2868 3515 iste
2887 3456 2982 3516 est
3007 3454 3213 3519 honor
3235 3458 3454 3521 adora·

1902 3558 2108 3622 tionis.
2125 3557 2400 3640 Uterque
2417 3562 2634 3623 autem
2648 3558 2971 3623 honorum
2981 3561 3250 3627 istorum
3271 3565 3452 3629 offer-

1900 3669 2008 3728 tur
2048 3665 2169 3747 ipsi
2201 3665 2421 3729 cruci:
2471 3684 2625 3730 nam
2672 3684 2926 3731 crucem
2971 3669 3317 3735 adoramus
3341 3722 3355 3751 ,
3386 3677 3452 3737 et

1902 3790 2165 3836 crucem
2187 3791 2575 3836 veneramur
2608 3796 2623 3837 :
2655 3773 2763 3837 sed
2789 3773 2859 3838 in
2885 3774 3007 3839 hoc
3036 3781 3131 3841 est
3155 3777 3456 3843 differen-

1900 3880 2012 3959 tia,
2059 3879 2215 3963 quia
2244 3880 2451 3944 honor
2494 3879 2922 3945 venerationis
2950 3883 3294 3950 exhibetur
3333 3887 3455 3969 ipsi

1902 3988 2079 4051 cruci
2132 3992 2440 4070 tanquam
2487 3986 2912 4053 instrumento
2941 3995 3177 4057 nostrae
3209 3994 3451 4061 salutis.

1910 4092 2087 4159 Unde
2128 4095 2294 4159 sicut
2337 4095 2720 4160 exhibemus
2768 4100 3197 4165 reverentiam
3253 4120 3456 4168 sacra-

1907 4202 2160 4284 mentis,
2219 4203 2376 4286 quia
2400 4208 2496 4268 est
2527 4204 2597 4268 in
2635 4203 2727 4269 eis
2751 4202 2968 4287 aliquo
2999 4208 3188 4275 modo
3216 4215 3454 4275 nostrae

1904 4310 2128 4375 salutis
2152 4310 2521 4389 causalitas;
2553 4311 2643 4375 sic
2679 4313 2851 4376 cruci
2907 4312 3136 4378 Christi
3169 4320 3231 4380 et
3256 4317 3455 4382 clavis

1905 4418 2045 4498 ejus
2063 4418 2281 4500 aliqua
2293 4417 2653 4482 reverentia
2679 4423 2774 4482 est
2790 4417 3150 4485 exhibenda
3183 4443 3200 4485 t
3223 4427 3287 4486 et
3312 4441 3452 4488 res-

1905 4531 2094 4606 pectu
2119 4524 2302 4589 istius
2327 4524 2590 4589 honoris
2613 4525 2807 4591 habet
2829 4543 2993 4591 crux
3019 4528 3089 4590 in
3118 4546 3186 4593 se
3208 4527 3454 4614 aliquid

1905 4634 2164 4714 propter
2191 4629 2360 4712 quod
2388 4630 2581 4695 habet
2611 4631 2935 4697 honorari.
2973 4632 3192 4699 Honor
3234 4639 3454 4701 autem

1905 4737 2291 4802 adorationis
2320 4737 2590 4802 offertur
2615 4738 2738 4820 ipsi
2766 4740 2940 4804 cruci
2957 4739 3186 4806 Christi
3212 4743 3456 4809 ratione

1907 4846 2228 4913 Cruciflxi.
2285 4845 2487 4912 Nemo
2542 4846 2715 4911 enim
2761 4848 3034 4914 intendit
3075 4850 3134 4914 ei
3180 4851 3449 4934 plaeere,

1907 4956 2013 5020 vel
2063 4954 2305 5038 aliquid
2345 4955 2687 5037 impetrare
2731 4957 2812 5020 ab
2842 4975 2949 5036 ea,
2978 4959 3089 5024 sed
3131 4960 3211 5041 ei,
3244 4961 3458 5044 quiin

1909 5082 1983 5128 ea
2010 5063 2245 5128 affixus
2270 5062 2390 5127 fuit
2418 5084 2432 5126 :
2466 5067 2530 5126 et
2554 5062 2646 5126 sic
2677 5062 2943 5129 debetur
2969 5065 3028 5130 ei
3048 5067 3331 5134 adoratio
3352 5069 3458 5135 la-

1907 5172 2048 5236 triae
2083 5189 2101 5235 :
2132 5170 2221 5234 sic
2249 5169 2423 5234 enim
2452 5170 2630 5233 cruci
2667 5170 2906 5254 duplex
2930 5171 3139 5241 honor
3164 5175 3460 5260 debetur,

1907 5282 1971 5343 et
1990 5297 2163 5343 unus
2189 5277 2451 5360 quidem
2481 5281 2576 5343 est
2599 5277 2807 5359 latria,
2838 5280 3000 5347 alius
3011 5300 3166 5348 vero
3189 5302 3326 5350 non
3345 5285 3459 5352 de·

1908 5386 2017 5452 bet
2060 5386 2183 5451 dici
2236 5404 2356 5450 nec
2392 5384 2578 5450 latria
2617 5404 2736 5450 nec
2771 5387 2982 5468 dulia,
3009 5390 3165 5472 quia
3204 5410 3339 5458 non
3363 5399 3460 5459 est

1915 5492 2158 5576 species
2187 5489 2610 5573 adorationis;
2642 5492 2755 5559 sed
2783 5494 2997 5560 vocari
3021 5500 3226 5579 potest
3251 5499 3460 5565 honor
