4185 6288
1260 454 1451 522 msrr.
1497 456 1570 523 v.
1616 413 1799 525 Aur.
1847 460 1924 527 ιι.
1964 463 2266 540 ounsr.
2313 466 2414 531 rv.

269 590 346 650 sto
366 591 507 653 sunt
533 589 685 655 duaa
709 607 1024 674 personas,
1053 592 1153 656 vel
1179 591 1327 656 duae
1369 592 1737 676 hypostases
1770 618 1785 658 ε

269 693 352 756 sed
395 695 516 759 hoc
563 701 659 761 est
703 696 942 763 falsum
966 745 983 773 ,
1028 703 1089 762 et
1133 698 1278 763 ssdei
1326 700 1715 764 contrarium
1772 721 1787 764 ε

270 817 421 880 ergo,
450 805 572 866 etc.

335 906 481 971 Item
530 911 884 994 assumptio
935 912 1082 976 dicit
1131 930 1325 977 usum
1371 912 1654 994 aliquem
1700 912 1791 975 rei

272 1022 590 1099 assumptae
624 1040 640 1082 :
673 1018 781 1081 sed
811 1038 969 1083 usus
989 1020 1083 1083 rei
1113 1025 1399 1104 tempore
1435 1021 1537 1084 vel
1565 1024 1795 1083 natura

274 1124 656 1206 consequitur
694 1125 898 1206 ipsam
931 1144 1072 1189 rem
1104 1148 1119 1189 :
1165 1145 1322 1208 ergo
1351 1127 1529 1209 prius
1563 1131 1659 1190 est
1698 1146 1794 1190 as·

272 1236 581 1314 sumptum
620 1234 1028 1313 naturaliter,
1070 1252 1264 1317 quam
1311 1235 1392 1297 sit
1437 1235 1651 1318 ipsum
1697 1254 1794 1299 as-

275 1341 417 1402 sumi
451 1341 550 1403 :si
586 1359 743 1423 ergo
782 1340 977 1406 homo
1019 1341 1173 1406 dicit
1208 1342 1562 1407 humanam
1604 1348 1791 1407 natu-

276 1448 384 1508 tam
434 1447 504 1511 in
558 1449 1031 1531 comparatione
1083 1449 1166 1513 ad
1213 1449 1602 1533 hypostasim
1657 1452 1794 1514 sive

277 1571 618 1635 personam,
665 1574 919 1621 necesse
962 1562 1058 1620 est
1101 1557 1271 1640 quod
1314 1557 1381 1620 in
1429 1557 1673 1621 Christo
1713 1558 1797 1621 sit

276 1659 380 1723 alia
409 1681 700 1745 persona,
750 1682 946 1745 quam
993 1682 1263 1745 persona
1306 1678 1659 1744 assumens,
1714 1665 1791 1729 ad

279 1784 445 1848 quam
485 1774 892 1851 comparetur
932 1770 1296 1835 humanitas
1326 1775 1476 1835 ante
1500 1790 1795 1854 assump-

279 1873 490 1938 tionem
520 1897 536 1939 :
565 1876 736 1958 quod
769 1878 823 1941 si
852 1876 974 1940 hoc
999 1877 1366 1960 simpliciter
1402 1882 1498 1943 est
1526 1880 1790 1959 falsum,

279 1985 445 2045 restat
475 1984 638 2064 quod
670 1988 733 2046 et
760 1982 919 2047 illud
945 1988 1041 2048 aet
1064 1984 1297 2050 falsum
1329 2008 1344 2049 :
1388 2010 1419 2047 α
1448 1985 1646 2051 Filius
1685 1986 1793 2052 Dei

282 2091 592 2172 assumpsit
615 2092 971 2156 hominem.
999 2112 1032 2151 n

788 2321 1239 2390 CONCLUSIO.

290 2502 583 2578 improprius
607 2510 684 2564 est
710 2522 882 2563 senno
909 2507 1120 2563 dicens:
1144 2524 1173 2558 ι
1191 2506 1367 2563 Filius
1385 2506 1486 2563 Dei
1501 2510 1796 2581 assumpsit

346 2596 585 2653 hminem
598 2616 616 2664 ς
636 2618 668 2650 n
702 2614 825 2665 cum
847 2599 991 2654 homo
1017 2599 1193 2667 siqnee
1217 2599 1451 2665 sormam
1468 2599 1531 2654 in
1559 2603 1796 2655 concreto

348 2686 769 2760 adsuppositoem.

139 2866 263 2921 ομι.
360 2846 522 2932 Resp.
560 2850 638 2913 ad
674 2868 821 2931 arg.
866 2847 1209 2914 Dicendum
1248 2851 1416 2943 qpod
1445 2852 1644 2934 aliqui
1684 2869 1796 2916 vo-

296 2952 516 3019 luerunt
564 2956 876 3022 sustinere
924 2954 1308 3020 locutionem
1360 2959 1544 3021 istam
1566 3006 1585 3036 ,
1634 2959 1799 3022 sicut

295 3059 365 3123 illi
388 3062 486 3146 qui
512 3064 770 3127 suerunt
797 3063 874 3127 de
902 3063 1108 3148 prima
1137 3063 1434 3146 opinione
1454 3066 1496 3142 ¹,
1520 3064 1798 3129 dicantes

296 3170 432 3248 quod
455 3171 733 3235 Christus
760 3175 854 3236 est
881 3170 1029 3250 du0,
1052 3171 1283 3235 scilicet
1311 3172 1458 3237 duae
1481 3190 1584 3236 res
1612 3176 1801 3237 natu-

297 3291 397 3354 rae,
420 3277 604 3342 homo
629 3278 920 3342 videlicet
944 3326 962 3359 ,
1006 3283 1068 3343 et
1095 3278 1281 3343 Deus.
1314 3277 1432 3343 Sed
1464 3280 1614 3362 quia
1640 3279 1796 3344 illud

299 3399 402 3446 non
422 3391 613 3467 potest
638 3385 1096 3451 rationabiliter
1127 3386 1459 3467 sustineri,
1492 3387 1659 3452 sicut
1695 3389 1797 3451 in-

140 3513 269 3570 opu
300 3489 404 3552 tra¹
426 3494 766 3571 videbitur,
819 3494 960 3559 ideo
1000 3495 1106 3558 alii
1152 3494 1547 3576 distinguere
1582 3496 1799 3560 volue-

300 3606 458 3679 runt,
500 3604 668 3685 quod
725 3606 821 3666 est
868 3602 1045 3684 loqui
1093 3603 1172 3667 de
1216 3605 1650 3685 assumptione
1693 3603 1798 3668 vel

302 3714 570 3787 quantum
610 3711 689 3776 ad
728 3710 901 3787 fieri,
932 3710 1035 3774 vel
1078 3713 1393 3792 quantum
1437 3712 1518 3774 ad
1560 3712 1797 3776 sactum

281 3831 428 3882 csse.
454 3815 513 3882 Si
539 3819 882 3902 loquamur
909 3817 986 3881 de
1012 3819 1447 3901 assumptione
1483 3823 1795 3901 quantum

304 3921 365 3983 ad
389 3925 528 4004 fleri,
555 3928 644 3992 sic
665 3926 897 3991 falsum
923 3926 1214 4008 estquod
1240 3927 1654 4009 assumpserit
1677 3928 1798 3992 ho-

305 4029 523 4110 minem,
565 4034 697 4098 imo
735 4033 1019 4108 animam
1061 4036 1126 4096 et
1167 4051 1444 4097 carnem.
1477 4031 1543 4097 Si
1579 4037 1793 4098 autem

305 4135 597 4219 loquamur
624 4143 703 4207 de
729 4140 1167 4223 assumptione
1193 4144 1508 4223 quantum
1549 4140 1629 4206 ad
1670 4147 1799 4205 ter·

307 4245 513 4311 minum
529 4299 548 4329 ,
572 4249 679 4315 vel
702 4253 1106 4331 assumptum
1133 4267 1297 4328 esse,
1323 4249 1664 4314 concedere
1690 4269 1801 4314 vo-

307 4348 520 4420 lum-unt
565 4373 906 4440 personam
961 4354 1071 4419 Dei
1119 4356 1535 4438 assumpsisse
1584 4355 1801 4421 bomi-

310 4475 430 4522 nem
449 4483 463 4522 :
484 4467 627 4528 tunc
652 4463 827 4529 enim
846 4480 979 4526 non
999 4462 1252 4526 videtur
1281 4462 1450 4545 quod
1475 4462 1671 4528 bomo
1697 4464 1802 4529 ille

310 4563 465 4631 fuerit
483 4578 616 4636 ante
642 4572 1176 4654 assumptionem,
1206 4570 1315 4635 sed
1345 4570 1517 4652 quod
1547 4589 1631 4636 ex
1664 4570 1803 4654 ipsa

148 4714 279 4771 hm
311 4680 694 4759 assumptione
744 4677 977 4762 aliquis
1019 4677 1221 4740 factus
1266 4680 1365 4740 est
1411 4677 1629 4741 home.
1679 4676 1802 4741 Sed

312 4777 485 4845 adhuc
504 4785 649 4850 illud
676 4803 810 4850 non
849 4784 1099 4848 videtur
1143 4783 1421 4848 multum
1455 4783 1804 4848 rationabi-

309 4881 428 4949 liter
455 4889 698 4958 dictum.
726 4890 889 4957 Nam
925 4892 979 4955 si
1021 4909 1102 4955 ex
1144 4891 1580 4974 assumptione
1625 4891 1807 4955 vesti-

315 4993 480 5057 menti
500 5014 639 5063 vere
676 4998 874 5082 possit
905 4998 1134 5080 aliquis
1173 4997 1295 5061 dici
1335 4997 1604 5063 vestitus
1637 5015 1772 5063 esse
1787 5046 1805 5074 ‚

3335 479 3453 541 ¹35

1907 616 2021 680 per
2060 600 2235 664 hunc
2262 603 2528 667 modum
2561 622 2681 668 nec
2720 603 2840 670 ista
2865 605 3119 671 videtur
3161 626 3300 673 esse
3336 612 3451 674 ad-

1905 706 2215 771 mittenda
2263 730 2277 772 ε
2338 733 2369 770 α
2412 707 2611 774 Filius
2667 709 2776 774 Dei
2834 714 3177 795 assumpsit
3236 716 3451 780 homi-

1904 829 2085 890 nem;
2113 837 2143 872 n
2180 816 2477 897 quamvis
2501 835 2582 880 ex
2623 818 2762 901 ipsa
2792 820 3226 902 assumptione
3252 823 3452 886 factus

1904 919 1987 982 sit
2013 920 2229 984 homo.
2260 921 2339 986 Et
2363 927 2696 1006 propterea
2727 929 2820 988 est
2851 926 3077 991 tertius
3107 929 3337 993 modus
3362 929 3453 994 di·
3482 949 3594 1006 opta
3631 952 3674 992 ε.

1903 1027 2082 1091 cendi
2122 1032 2530 1094 communior
2569 1037 2633 1096 et
2677 1034 2910 1113 verior,
2959 1035 3129 1117 quod
3173 1036 3314 1101 haec
3359 1044 3456 1102 est

1906 1134 2259 1219 impropria
2311 1162 2326 1202 z
2382 1163 2412 1200 α
2453 1139 2654 1205 Filius
2707 1140 2811 1205 Dei
2862 1142 3207 1224 assumpsit
3252 1144 3456 1207 homi-

1905 1260 2077 1306 nem.
2107 1266 2138 1303 1>
2176 1243 2254 1309 Et
2278 1247 2441 1310 ratio
2462 1247 2663 1329 hujus
2689 1253 2805 1327 est,
2835 1249 2988 1330 quia
3017 1249 3212 1313 homo
3238 1250 3457 1331 signat

1904 1346 2259 1413 humanam
2302 1351 2599 1431 sormam,
2645 1353 2779 1417 sive
2821 1358 3142 1433 naturam,
3189 1355 3256 1418 in
3297 1374 3452 1421 con-

1905 1457 2186 1521 cretione
2209 1457 2289 1522 ad
2316 1462 2718 1543 suppositum
2734 1510 2751 1540 ,
2783 1462 2862 1525 de
2887 1479 3016 1544 quo
3043 1480 3195 1526 vere
3220 1464 3455 1545 praedi-

1906 1568 2086 1628 catur
2132 1566 2487 1631 secundum
2534 1568 2880 1650 quamdam
2923 1568 3339 1633 identitatem.
3381 1570 3456 1635 Et

1904 1669 2048 1735 ideo
2090 1670 2169 1735 de
2206 1671 2325 1735 isto
2365 1672 2691 1756 supposito
2733 1692 2884 1737 vere
2927 1674 3341 1757 praedicatur,
3382 1681 3456 1742 ut

1904 1777 2195 1842 dicatur:
2238 1801 2269 1838 α
2298 1778 2417 1843 Iste
2460 1785 2556 1843 est
2596 1780 2814 1845 homo.
2848 1806 2877 1839 ι)
2919 1780 3199 1846 Verbum
3238 1787 3455 1848 autem

1905 1885 2267 1948 assumendi
2296 1886 2374 1949 de
2400 1904 2519 1950 sua
2545 1887 2790 1952 ratione
2817 1888 2961 1971 plus
2992 1890 3323 1972 importat,
3353 1891 3451 1955 vi-

1905 1990 2131 2055 delicet
2153 1992 2623 2058 distinctionem
2654 1996 3036 2060 assumentis
3061 1998 3141 2060 ad
3170 2016 3457 2081 assump-

1903 2101 2072 2174 tum,
2121 2098 2190 2161 in
2232 2099 2355 2163 hoc
2397 2100 2570 2183 quod
2612 2102 2912 2185 importat
2955 2103 3348 2182 relationem,
3391 2110 3458 2170 et

1905 2205 2196 2270 ordinem
2223 2206 2416 2272 etiam
2457 2209 2805 2290 quemdam
2830 2210 3132 2292 importat
3162 2216 3456 2294 respectu

1904 2315 2047 2395 ejus
2097 2312 2269 2395 quod
2313 2315 2685 2379 naturaliter
2735 2316 3048 2382 antecedit
3094 2319 3300 2400 ipsam
3346 2336 3455 2381 as·

1904 2421 2362 2503 sumptionem,
2410 2426 2476 2486 et
2514 2427 2806 2504 respectu
2846 2426 2986 2505 ejus
3026 2424 3198 2506 quod
3239 2426 3456 2506 sequi-

1904 2532 2034 2592 tur.
2080 2526 2244 2593 Nam
2297 2548 2400 2594 res
2447 2534 2773 2613 assumpta
2826 2530 3199 2594 naturaliter
3252 2531 3453 2614 ipsam

1906 2636 2409 2717 assumptionem
2478 2636 2827 2710 antecedit,
2901 2638 3199 2718 quamvis
3263 2640 3457 2720 possit

1905 2741 2031 2805 dici
2061 2747 2346 2825 tempore
2377 2743 2592 2807 simul.
2624 2742 2951 2807 concretio
2991 2762 3147 2807 vero
3191 2748 3255 2808 et
3297 2746 3454 2810 unio

1905 2850 2287 2914 assumentis
2304 2850 2383 2913 ad
2397 2853 2799 2931 assumptum
2818 2852 3230 2932 consequitur
3248 2852 3454 2935 ipsam

1905 2957 2427 3040 assumptionem.
2480 2956 2555 3020 Et
2602 2958 2746 3021 ideo
2795 2957 3133 3040 dupliciter
3178 2959 3313 3026 haec
3357 2966 3453 3026 est

1905 3065 2059 3128 salsa
2091 3088 2106 3130 ε
2146 3088 2176 3125 α
2220 3065 2421 3130 Filius
2464 3065 2573 3130 Dei
2621 3067 2964 3151 assumpsit
3001 3068 3331 3133 hominem
3363 3088 3381 3133 ε
3412 3091 3442 3130 ι

1903 3177 2046 3238 tum
2103 3180 2358 3257 propter
2413 3176 2729 3240 derectum
2788 3176 3249 3256 distinctionis,
3300 3178 3452 3261 quia

1905 3282 2102 3345 homo
2129 3282 2509 3363 praedicatur
2542 3282 2620 3347 de
2647 3282 2808 3347 Filio
2835 3283 2943 3347 Dei
2969 3303 2986 3361 ;
3020 3289 3160 3348 tum
3192 3287 3453 3367 propter

1905 3385 2220 3449 defectum
2247 3386 2517 3464 ordinis,
2553 3386 2705 3467 quia
2738 3387 3051 3449 concretio
3082 3386 3453 3453 humanita-

1905 3494 1986 3555 tis
2011 3494 2091 3559 ad
2119 3513 2479 3576 personam,
2514 3494 2618 3558 vel
2644 3494 3069 3576 hypostasim,
3111 3496 3452 3578 consequi-

1905 3604 2014 3666 tur
2039 3601 2245 3683 ipsam
2271 3601 2769 3683 assumptionem
2788 3649 2804 3675 ,
2835 3604 2897 3663 et
2927 3583 3056 3663 non
3084 3602 3399 3665 antecedit
3428 3621 3445 3665 τ

1906 3726 2009 3773 res
2047 3713 2266 3773 autem
2297 3712 2625 3790 assumpta
2650 3707 2982 3772 antecedit.
3013 3707 3090 3771 Et
3113 3708 3255 3771 ideo
3283 3726 3451 3790 prae-

1908 3814 2116 3879 dictus
2144 3815 2356 3879 sermo
2383 3814 2579 3878 falsus
2605 3818 2699 3878 est
2735 3832 2817 3877 ex
2858 3813 3093 3896 duplici
3130 3832 3322 3878 causa
3333 3861 3355 3893 ,
3388 3816 3452 3877 et

1905 3922 2182 3986 rationes
2208 3923 2623 3987 concedendae
2649 3927 2801 3987 sunt
2826 3940 2909 3985 ex
2942 3922 3063 3986 ista
3087 3927 3284 4005 parte.

1987 4036 2048 4105 1,
2079 4034 2118 4093 2
2141 4033 2207 4093 et
2234 4033 2293 4094 3.
2325 4029 2422 4095 Ad
2445 4029 2584 4093 illas
2612 4048 2765 4094 vero
2782 4030 3184 4094 auctoritates
3206 4030 3273 4093 in
3302 4049 3449 4096 con-

1905 4136 2177 4200 trarium
2224 4136 2558 4214 adductaS,
2608 4135 2946 4200 dicendum
2991 4136 3163 4218 quod
3209 4137 3448 4221 aliquid

1907 4243 2145 4308 habent
2170 4244 2689 4327 improprietatiS,
2725 4246 2789 4306 et
2815 4247 2966 4307 sunt
2999 4247 3394 4326 exponendae
3425 4267 3440 4311 τ

1907 4350 2124 4415 Sancti
2176 4351 2350 4414 enim
2391 4351 2745 4434 loquuntur
2787 4351 3128 4433 aliquando
3171 4354 3446 4418 multum

1907 4477 2228 4541 expresse.
2266 4458 2445 4523 Unde
2472 4460 2593 4523 hoc
2620 4478 2857 4524 nomen
2876 4508 2893 4538 ,
2926 4459 3136 4540 homo,
3169 4461 3237 4524 in
3280 4479 3447 4544 prae-

1907 4566 2088 4631 dictis
2115 4566 2594 4630 auctoritatibus
2616 4566 2822 4647 magis
2849 4567 3155 4649 accipitur
3178 4567 3451 4632 abstrac-

1906 4673 2072 4752 tive,
2102 4690 2298 4754 quam
2339 4673 2722 4750 concretive,
2754 4672 2966 4753 magis
3003 4690 3119 4754 pro
3165 4674 3453 4738 humana

1909 4785 2175 4858 natura,
2207 4796 2403 4863 quam
2445 4798 2560 4862 pro
2601 4797 2670 4842 re
2707 4783 2957 4843 naturae
2990 4797 3008 4842 ε
3050 4781 3112 4843 et
3138 4798 3252 4862 per
3280 4780 3455 4846 hunc

1913 4884 2180 4951 modum
2207 4885 2287 4949 ad
2313 4885 2670 4950 consimiles
2692 4886 3094 4949 auctoritates
3111 4890 3316 4968 potest
3331 4904 3458 4953 res-

1916 4992 2183 5078 ponderi
2227 4994 2420 5057 unica
2470 4992 2883 5073 responsione
2906 5041 2924 5071 ,
2973 4993 3127 5074 quia
3176 4994 3460 5059 hominis

315 5094 430 5161 haec
451 5105 889 5172 rationabiliter
914 5104 1278 5170 conceditur
1308 5127 1324 5169 ε
1351 5128 1382 5165 α
1405 5104 1521 5169 Hic
1544 5106 1811 5169 assumit
1919 5102 2179 5194 nomine
2237 5101 2523 5165 humana
2572 5103 2802 5163 natura
2852 5098 3047 5164 habet
3101 5101 3377 5185 intelligi
3444 5125 3459 5167 :

319 5207 762 5292 vestimentum
816 5237 846 5274 n
894 5215 960 5278 et
1011 5211 1154 5277 haec
1197 5230 1329 5277 non
1385 5213 1744 5278 admittitur
1791 5232 1808 5276 ε

1920 5209 2247 5292 quamvis,
2299 5207 2649 5272 secundum
2690 5224 3102 5272 communem
3140 5228 3358 5287 usum,
3406 5212 3473 5273 et

330 5332 355 5369 ¹
377 5310 474 5377 Ille
495 5322 746 5387 assumit
772 5339 839 5386 se
864 5320 1194 5399 vestitum,
1221 5320 1325 5385 vel
1351 5321 1739 5398 calceatum;
1773 5343 1806 5380 a
1925 5315 2278 5382 secundum
2320 5315 2626 5381 virtutem
2670 5314 2999 5395 vocabuli,
3029 5316 3154 5381 hoc
3196 5334 3468 5395 nomen,

378 5437 850 5516 ’Dist1,art.1,q.
884 5459 1007 5498 1.-
1038 5446 1216 5498 'Dian
1243 5457 1315 5510 v1,
1348 5448 1445 5497 art.
1479 5450 1658 5511 t.q.1.

1929 5424 2134 5504 home,
2162 5424 2407 5489 nonita
2433 5426 2808 5487 consuetum
2838 5424 2920 5488 sit
2946 5425 3167 5507 accipi.
