4185 6288
1238 422 1433 490 DIST.
1471 419 1683 487 xxlx.
1723 418 1904 486 ΛΒΤ.
1949 421 1998 486 Ι.
2043 420 2340 500 QUAEST.
2389 421 2492 487 Ili.

272 559 328 624 si
354 560 478 626 hoc
513 558 912 641 intelligatur
937 557 1195 642 deipsis
1230 558 1562 637 creaturis,
1590 557 1819 621 verita-

272 671 407 732 tem
448 667 685 732 habere
730 670 971 749 potest;
1023 665 1080 730 si
1139 683 1293 730 vero
1319 664 1717 745 intelligatur
1743 663 1823 727 de

175 761 178 762 f
274 777 414 860 ipso
489 777 654 856 Dec,
721 776 1059 841 veritatem
1124 794 1257 840 non
1322 775 1519 839 habet
1561 796 1578 838 ι
1656 773 1824 838 Deus

273 885 448 949 enim
485 884 711 948 intime
753 883 1033 947 illabitur
1068 883 1191 966 ipsi
1240 882 1507 946 animae:
1568 885 1632 945 et
1681 880 1823 952 ideo

274 992 491 1056 anima
532 1009 614 1056 ex
654 991 901 1055 intimis
926 989 1226 1054 medullis
1252 987 1604 1053 affectionis
1633 987 1825 1062 habet

274 1097 402 1164 Deo
460 1099 792 1164 adhaerere
821 1120 837 1161 ε
866 1103 930 1161 et
981 1116 1131 1162 cum
1169 1097 1362 1161 habet
1424 1095 1819 1173 charitatem,

278 1207 555 1291 amplius
580 1206 782 1273 tendit
805 1206 875 1270 in
910 1207 1125 1290 ipsum
1142 1255 1161 1287 ‚
1192 1222 1390 1290 quam
1421 1205 1491 1268 in
1517 1222 1586 1268 se
1618 1225 1633 1267 ε
1664 1203 1824 1269 etin

277 1332 354 1379 eo
377 1314 716 1398 requiescit
745 1314 1026 1397 amplius
1064 1331 1262 1396 quam
1288 1315 1361 1378 in
1388 1330 1477 1392 se,
1508 1311 1661 1394 quia
1685 1329 1825 1376 me-

276 1421 400 1487 lior
424 1428 523 1488 est
546 1423 717 1487 Deus
737 1422 820 1503 ci,
851 1440 1049 1506 quam
1071 1423 1208 1506 ipsa
1232 1421 1375 1487 sibi.

794 1655 1150 1734 QUAESTIO
1189 1655 1297 1721 111.

281 1820 376 1876 An
400 1819 683 1877 tenendum}
716 1819 956 1877 ordinem
993 1822 1281 1877 charitatis
1322 1819 1512 1876 bonum
1537 1822 1825 1892 proprium

545 1911 621 1966 sit
637 1909 1055 1982 proeponendum
1086 1910 1218 1966 bono
1240 1911 1486 1981 proximi
1511 1908 1549 1965 ¹.

361 2070 451 2133 De
487 2068 710 2133 ordine
753 2068 1078 2132 charitatis
1122 2086 1236 2151 per
1285 2067 1825 2151 comparationem

281 2177 483 2240 nostri
509 2176 590 2240 ad
616 2176 987 2259 proximum
1007 2224 1024 2254 ,
1053 2180 1278 2240 utrum
1323 2176 1558 2240 scilicet
1591 2194 1825 2240 secun-

280 2282 436 2350 dum
484 2283 772 2348 ordinem
816 2283 1140 2347 charitatis
1186 2284 1690 2366 praeponendum
1742 2284 1825 2347 sit

282 2390 526 2471 bonum
571 2391 902 2474 proprium
945 2391 1114 2455 bono
1159 2391 1358 2473 ipsius
1401 2392 1721 2474 proximi;
1763 2396 1827 2456 et

283 2498 456 2581 quod
500 2498 589 2561 sic
614 2547 638 2578 ,
676 2498 934 2562 videtur
976 2498 1186 2580 primo
1225 2516 1339 2580 per
1386 2499 1824 2563 auctoritatem

282 2605 636 2685 Augustini
662 2608 724 2669 et
746 2604 1064 2669 Ambrosii
1090 2605 1160 2668 in
1181 2605 1426 2684 littera,
1455 2605 1568 2687 qui
1594 2605 1828 2670 imme-

283 2712 451 2777 diate
476 2716 619 2796 post
660 2711 1059 2777 dilectionem
1086 2711 1196 2776 Dei
1226 2712 1524 2777 ordinant
1551 2713 1828 2777 dilectio·

282 2836 433 2885 nem
464 2819 589 2884 sui.

364 2927 523 2992 Item
547 2929 570 2962 ⁸
604 2948 620 2991 ε
656 2926 792 3007 Qui
815 2927 946 2993 sibi
971 2942 1246 3008 nequam
1270 2933 1397 3007 est,
1424 2931 1535 2996 cui
1567 2928 1692 2995 alii
1719 2930 1824 2995 bo·

283 3051 408 3102 nus
437 3035 613 3102 erit?
639 3035 760 3100 Per
793 3037 917 3100 hoc
945 3035 1201 3100 videtur
1239 3036 1412 3118 quod
1452 3055 1584 3101 non
1623 3039 1828 3120 potest

282 3143 516 3227 aliquis
552 3143 751 3209 alium
800 3142 1088 3209 ordinate
1132 3141 1401 3224 diligere
1419 3193 1441 3224 ‚
1483 3143 1605 3208 nisi
1648 3143 1827 3227 prius

283 3250 570 3315 ordinate
599 3251 825 3333 diligat
858 3269 946 3316 se.

363 3356 524 3422 Item
549 3358 955 3440 Augustinus
970 3407 987 3436 ‚
1009 3359 1077 3423 in
1105 3357 1522 3438 Euchiridio,
1551 3361 1828 3423 tractans

281 3463 443 3529 illud
464 3466 742 3529 verbum
769 3466 793 3501 ⁸
821 3487 838 3529 ε
866 3467 1033 3533 Date
1066 3466 1562 3549 eleemosynam,
1600 3472 1660 3532 et
1694 3482 1825 3533 om-

283 3574 402 3637 m‘a
428 3571 675 3637 munda
698 3579 851 3638 sunl
876 3574 1090 3641 vobis*
1113 3596 1137 3638 .·
1170 3597 1201 3632 α
1229 3573 1346 3650 Qui
1375 3572 1518 3637 vult
1542 3573 1828 3639 ordinate

285 3678 758 3763 eleemosynam
794 3679 982 3761 dare,
1018 3698 1059 3744 a
1093 3698 1160 3744 se
1198 3681 1385 3745 debet
1417 3681 1696 3764 incipere
1717 3730 1736 3761 ,
1765 3685 1830 3745 et

284 3804 425 3851 eam
452 3787 573 3851 sibi
609 3788 817 3869 primo
843 3787 1017 3852 dare.
1067 3786 1172 3852 Est
1210 3788 1383 3852 enim
1423 3789 1830 3871 eleemosyna

284 3910 448 3975 opus
501 3892 956 3959 misericordiae
987 3943 1004 3973 ‚
1063 3895 1522 3978 verissimeque
1586 3895 1828 3960 dictum

285 4004 379 4064 est
398 4001 421 4036 ⁸
452 4023 467 4065 :
500 4001 801 4068 Miserere
830 4003 1066 4068 animae
1111 4009 1268 4081 tuoe,
1314 4001 1574 4084 placens
1617 4004 1766 4069 Deo.
1789 4024 1820 4061 ι)

285 4104 354 4171 Si
376 4126 535 4189 ergo
565 4109 746 4191 prius
764 4109 948 4174 debet
969 4110 1166 4174 homo
1188 4110 1308 4173 sibi
1326 4110 1612 4175 misereri
1632 4129 1829 4193 quam

284 4213 425 4294 alii,
455 4214 710 4279 videtur
749 4216 921 4298 quod
964 4216 1316 4281 secundum
1347 4217 1640 4281 ordinem
1675 4218 1830 4281 cha-

284 4321 488 4385 ritatis
525 4340 711 4386 amor
751 4324 855 4387 sui
896 4323 977 4388 sit
1015 4323 1221 4388 amori
1261 4323 1540 4407 proximi
1576 4341 1826 4407 praepo·

285 4428 552 4493 nendus.

366 4531 557 4614 Item,
585 4534 747 4599 sicut
767 4540 1001 4601 natura
1025 4538 1269 4620 appetit
1290 4556 1475 4603 suam
1498 4556 1832 4603 conserva-

284 4640 524 4704 tionem
540 4690 558 4720 ,
582 4642 672 4706 sic
692 4643 970 4708 charitas
992 4663 1178 4708 suam
1201 4645 1653 4728 perfectionem
1678 4668 1694 4710 ι
1719 4647 1830 4710 sed

284 4752 518 4812 natura
547 4749 756 4830 magis
785 4750 1026 4832 appetit
1057 4751 1604 4817 conservationem
1633 4753 1736 4817 sui
1764 4755 1830 4817 in

285 4871 396 4932 se,
435 4873 633 4937 quam
677 4857 750 4920 in
789 4875 907 4921 suo
955 4858 1149 4922 simili
1189 4880 1208 4923 z
1249 4878 1408 4942 ergo
1451 4864 1517 4925 et
1559 4861 1833 4925 charitas

284 4963 432 5046 plus
475 4964 711 5047 appetit
755 4965 975 5047 perfici
1009 4966 1078 5030 in
1122 4967 1356 5050 seipsa,
1399 4974 1462 5033 et
1508 4968 1576 5032 in
1618 4969 1834 5032 anima

286 5070 357 5134 in
381 5088 512 5152 qua
539 5076 664 5149 est,
696 5089 893 5155 quam
932 5073 1309 5139 charitatem
1348 5076 1543 5140 aliam
1581 5081 1834 5160 appetat

356 5198 374 5233 ¹
399 5197 481 5259 Cf.
502 5198 645 5251 Alex.
674 5198 893 5261 Mensis,
914 5198 1080 5261 Com„
1107 5215 1159 5264 p.
1189 5201 1272 5264 ΙΙΙ,
1305 5201 1423 5251 coll.
1444 5214 1626 5265 urm,
1651 5208 1748 5253 art.
1769 5206 1830 5267 53

288 5270 344 5322 S.
359 5269 601 5329 Thomas,
621 5274 748 5330 ΙΙ-ΙΙ,
769 5285 821 5335 q.
844 5282 986 5333 xxvi,
1011 5276 1108 5323 art.
1134 5276 1263 5334 43et
1285 5275 1344 5323 ΙΙΙ
1369 5274 1525 5333 Seue„
1550 5276 1667 5325 cist.
1688 5287 1830 5338 xxix,

289 5354 340 5405 q.
364 5351 408 5404 ι,
436 5349 534 5392 art.
559 5345 614 5407 53
636 5340 869 5404 cloud„
892 5353 1014 5405 vlu,
1043 5347 1140 5394 art.
1171 5347 1229 5405 ⁸3
1259 5345 1556 5403 liuthardus,
1585 5348 1649 5395 ιΙΙ
1673 5348 1832 5412 Sene,

287 5412 406 5465 dist..
431 5424 581 5477 xm,
612 5431 663 5483 q.
687 5426 776 5476 1115
797 5413 975 5476 Steph.
1010 5413 1215 5478 Brulef.,
1249 5415 1312 5464 ΙΙΙ
1340 5415 1495 5476 Sene„
1523 5416 1640 5467 dist.
1671 5430 1829 5481 xxix,

3341 433 3461 497 6⁸5

1880 613 1886 621 .
1926 556 2146 640 perfici
2192 557 2261 620 in
2305 558 2524 622 anima
2568 557 2823 623 aliena:
2869 578 3029 642 ergo
3049 610 3069 641 ‚
3112 565 3467 632 secundum

1924 667 2177 728 rectum
2218 665 2510 729 ordinem
2552 666 2876 732 charitatis
2896 717 2917 749 ,
2948 688 3131 736 amor
3163 673 3265 737 sui
3291 692 3466 757 prae-

1927 772 2094 835 mitti
2120 772 2305 837 debet
2330 775 2534 838 amori
2563 775 2768 857 ipsius
2791 779 3090 859 proximi.

2007 879 2131 944 Sed
2160 885 2423 946 contra:
2453 889 2482 946 1
2503 884 2546 947 ⁸.
2579 884 2889 951 Charitas
2914 903 3046 953 non
3071 889 3469 973 qum-icquar
3493 912 3561 954 Aa
3594 925 3696 970 opp.

1925 1004 2049 1054 sua
2090 995 2264 1055 sunt.
2315 989 2391 1053 Et
2429 991 2665 1056 iterum
2710 992 2863 1056 alibi
2890 1000 2912 1035 ⁷
2960 1014 2978 1058 ι
3025 976 3256 1061 Nullus
3296 996 3468 1078 quod

1927 1110 2120 1160 suum
2157 1104 2249 1163 est
2292 1104 2578 1178 (lacerat,
2625 1099 2737 1165 sed
2771 1101 2943 1183 quod
2971 1101 3265 1168 alterius.
3289 1102 3468 1185 Ergo

1926 1202 2182 1267 videtur
2201 1204 2373 1286 quod
2397 1206 2672 1270 charitas
2689 1255 2707 1284 ‚
2740 1209 3093 1273 secundum
3120 1228 3305 1275 suam
3330 1228 3470 1292 per-

1927 1309 2300 1391 fectionem,
2331 1311 2591 1377 inclinet
2617 1315 2828 1396 magis
2865 1311 2947 1380 a'd
2987 1318 3337 1382 amandum
3372 1318 3469 1383 al-

1926 1420 2140 1482 terum
2160 1466 2179 1498 ‚
2198 1437 2399 1501 quam
2424 1419 2505 1483 ad
2541 1422 2891 1486 amandum
2917 1423 3225 1506 seipsum.

2007 1529 2070 1588 2.
2112 1524 2269 1589 Item
2291 1525 2355 1588 ⁸:
2387 1526 2634 1610 Diliqes
2669 1532 3044 1611 proximum
3082 1536 3263 1598 tuum
3297 1534 3468 1601 siout

1928 1633 2206 1714 teipsum
2231 1650 2253 1695 .·
2280 1633 2440 1712 hoc,
2472 1635 2640 1716 quod
2669 1640 2765 1700 est
2797 1639 3004 1717 sicut,
3033 1643 3147 1702 aut
3192 1644 3288 1703 est
3319 1644 3472 1705 nota

1927 1739 2395 1821 similitudiniS,
2424 1748 2539 1806 aut
2563 1743 2946 1824 aequalitatis
2983 1745 3079 1808 :si
3103 1745 3467 1812 similitudi-

1927 1846 2031 1910 nis
2054 1851 2342 1926 tantum‚
2374 1849 2599 1913 eadem
2643 1850 2889 1916 ratione
2933 1858 3145 1934 posset
3186 1853 3310 1918 dici
3345 1853 3463 1936 (a):

1938 1976 1969 2013 α
1995 1953 2231 2036 Diliges
2258 1955 2628 2037 proximum
2658 1960 2846 2022 tuum
2876 1959 3039 2023 sicut
3072 1960 3314 2040 Deum;
3347 1984 3378 2020 n
3415 1963 3468 2024 si

1929 2062 2309 2143 aequalitatis
2328 2110 2346 2140 ,
2378 2081 2535 2144 ergo
2566 2081 2698 2128 non
2725 2065 2979 2130 videtur
3006 2067 3179 2149 quod
3206 2069 3287 2130 sit
3314 2068 3469 2132 ordo

1928 2169 2285 2233 dilectionis
2341 2175 2631 2252 respectu
2680 2173 2881 2236 nostri
2938 2173 3021 2236 ad
3069 2173 3469 2239 dilectionem

1929 2282 2220 2358 respectu
2247 2278 2550 2360 proximi.

2012 2389 2069 2447 3.
2104 2383 2261 2448 Item
2291 2384 2637 2466 Gregorius
2676 2385 2744 2448 in
2787 2387 3065 2468 quadam
3109 2388 3373 2453 homilia
3397 2396 3464 2454 ἐ

1937 2511 1970 2551 a
1994 2488 2195 2554 Nemo
2221 2491 2300 2554 ad
2337 2492 2616 2573 seipsum
2650 2493 2885 2557 habere
2916 2494 3287 2560 charitatem
3313 2497 3470 2562 dici-

1929 2602 2060 2662 tur.
2092 2597 2189 2661 Ad
2223 2598 2343 2663 hoc
2364 2599 2538 2663 enim
2568 2601 2736 2681 quod
2761 2601 3039 2665 charitas
3077 2603 3188 2681 sit,
3217 2622 3472 2668 necesse

1930 2707 2025 2766 est
2042 2703 2292 2768 dilectio
2310 2706 2376 2767 in
2395 2705 2667 2770 alterum
2687 2707 2923 2770 tendat.
2947 2730 2977 2767 n
3006 2707 3177 2789 Ergo
3200 2709 3471 2775 charitas

1930 2828 2044 2893 per
2097 2810 2274 2893 prius
2346 2813 2598 2876 ordinat
2651 2813 2980 2879 hominem
3023 2817 3103 2881 ad
3155 2817 3427 2881 alterum
3448 2866 3468 2897 ‚

1930 2936 2130 3000 quam
2157 2919 2236 2983 ad
2266 2919 2588 3001 seipsum:
2617 2939 2777 3002 ergo
2804 2922 2872 2986 in
2900 2925 3123 2988 ordine
3150 2925 3474 2990 charitatis

1931 3027 2216 3104 videtur,
2247 3027 2416 3110 quod
2458 3027 2643 3092 nobis
2671 3031 2971 3112 praemitti
2997 3032 3223 3096 debeat
3250 3035 3467 3115 proxi-

1932 3153 2103 3199 mus,

2012 3248 2074 3307 4.
2119 3243 2279 3307 Item
2323 3245 2599 3310 charitas
2641 3249 2735 3311 est
2773 3265 2956 3312 amor
2997 3248 3271 3312 liberalis
3303 3271 3318 3312 ε
3363 3250 3471 3314 sed

1930 3352 2274 3416 liberalitas
2320 3353 2528 3435 magis
2569 3355 2917 3419 attenditur
2969 3362 3263 3440 respectu
3313 3359 3473 3423 alte-

1932 3458 2068 3522 rius
2084 3506 2104 3536 ‚
2136 3476 2332 3541 quam
2358 3464 2652 3543 respectu
2677 3461 2822 3526 sui:
2852 3481 3010 3544 ergo
3049 3481 3232 3528 amor
3259 3466 3469 3530 chari-

1932 3564 2081 3629 tatis
2128 3566 2338 3646 magis
2390 3566 2670 3630 consistit
2711 3567 2778 3629 in
2832 3569 3107 3633 amando
3161 3569 3431 3635 alterum
3451 3621 3469 3651 ,

1932 3696 2131 3760 quam
2156 3678 2225 3740 in
2253 3676 2525 3742 amando
2548 3679 2854 3761 seipsum.

2001 3785 2074 3844 5.
2103 3779 2260 3844 Item
2280 3798 2467 3844 amor
2488 3781 2812 3846 charitatis
2831 3785 3291 3865 superveniens
3314 3786 3475 3851 tollit

1934 3888 2312 3952 curvitatem
2357 3888 2554 3970 ipsius
2590 3894 2871 3968 naturae,
2902 3890 3066 3955 sicut
3091 3898 3293 3975 patet,
3321 3894 3477 3976 quia

1936 4016 2085 4062 cum
2111 3998 2306 4062 homo
2334 3998 2480 4081 plus
2516 3998 2744 4079 diligat
2768 4018 2836 4064 se
2859 4019 3056 4083 quam
3094 4002 3296 4067 Deum
3330 4008 3476 4068 ante

1935 4104 2309 4168 charitatem
2326 4152 2342 4182 ,
2379 4110 2522 4186 post
2548 4106 2896 4171 adventum
2924 4108 3248 4173 charitatis
3273 4112 3473 4176 verti-

1935 4216 2044 4277 tur
2071 4212 2256 4287 ord0‚
2290 4215 2367 4276 ut
2406 4211 2549 4294 plus
2589 4213 2814 4296 diligat
2855 4216 3053 4279 Deum
3082 4235 3281 4299 quam
3308 4219 3478 4301 seip-

1935 4338 2125 4384 sum:
2156 4320 2209 4382 si
2252 4338 2413 4401 ergo
2453 4324 2661 4384 mutat
2707 4322 2996 4387 ordinem
3035 4330 3352 4406 quantum
3397 4328 3477 4391 ad

1936 4426 2360 4492 dilectionem.
2383 4426 2524 4506 Dei,
2565 4429 2707 4511 pari
2747 4429 2993 4494 ratione
3038 4436 3352 4513 quantum
3397 4434 3477 4498 ad

1936 4538 2340 4603 dilectionem
2363 4540 2645 4621 proximi
2674 4559 2690 4604 ε
2720 4540 2969 4605 videtur
2990 4560 3151 4623 ergo
3178 4544 3349 4625 quod
3376 4544 3478 4609 di-

1935 4646 2125 4710 lectio
2173 4645 2452 4728 proximi
2502 4646 2946 4728 praemittenda
2989 4649 3073 4712 sit
3124 4650 3477 4717 secundum

1937 4756 2231 4822 ordinem
2249 4755 2572 4820 charitatis
2594 4758 2914 4822 dilectioni
2937 4764 3228 4842 respectu
3252 4764 3474 4827 nostri.

2020 4868 2079 4927 6.
2117 4864 2275 4927 Item
2302 4864 2575 4928 charitas
2598 4864 2747 4929 facit
2783 4884 2901 4930 nos
2929 4868 3323 4933 conformare
3363 4887 3481 4933 vo-

1937 4972 2252 5036 luntatem
2306 4977 2593 5036 nostram
2653 4971 2965 5038 voluntati
3019 4974 3259 5040 divinae
3306 4998 3321 5041 :
3372 4977 3481 5041 sed

1939 5078 2108 5146 Deus
2133 5096 2265 5141 non
2294 5080 2501 5159 magis
2526 5078 2739 5161 diligit
2764 5098 2904 5159 nos,
2931 5099 3126 5164 quam
3155 5084 3482 5165 proximos

1941 5220 1994 5271 q.
2031 5217 2111 5257 ιιι.
2131 5232 2183 5243 --
2205 5206 2229 5240 ¹
2254 5202 2435 5265 Eccli„
2460 5215 2571 5265 xiv,
2599 5208 2718 5257 5.-
2736 5205 2759 5241 ⁸
2776 5208 2914 5270 Luc„
2941 5219 3013 5267 x1.
3037 5212 3116 5259 41.
3132 5234 3195 5247 —
3214 5208 3235 5244 ⁸
3251 5212 3482 5275 August..

1945 5277 2478 5339 enchirid.,c.1.xxv1,
2494 5280 2640 5326 n.20.
2659 5279 3170 5342 -⁸Eccli.‚xxx‚24.
3189 5309 3242 5319 —
3264 5284 3287 5318 ⁸
3307 5285 3323 5333 ι
3347 5285 3487 5350 Corn,

1941 5361 2057 5413 xm,
2075 5353 2124 5401 5.
2139 5349 2235 5385 -7
2254 5346 2401 5410 leid„
2423 5359 2478 5411 x,
2502 5349 2655 5397 24.—
2670 5348 2692 5383 ⁸
2713 5350 2916 5413 Mutela„
2936 5363 3071 5415 xxu,
3094 5355 3173 5403 39.
3191 5380 3249 5392 -
3266 5355 3288 5391 ⁹
3311 5355 3487 5424 cmg„

1944 5423 1997 5470 in
2025 5422 2238 5485 Evam„
2266 5419 2409 5469 hom.
2437 5430 2565 5470 xvu.
2589 5445 2650 5456 —
2671 5420 2742 5485 (a)
2762 5420 2843 5473 Al.
2868 5422 3057 5475 dicere.
3252 5444 3259 5449 ·
