4185 6288
1699 945 2387 1024 ANIMADVERSIO

824 1195 919 1242 nt
983 1195 1185 1242 mar.
1241 1195 1334 1241 111
1400 1195 1636 1244 nulus
1693 1196 1911 1245 unat
1970 1197 2278 1259 rmum,
2338 1196 2514 1245 rur.
2577 1196 2635 1260 1,
2691 1196 2862 1245 ΛΒΤ.
2923 1197 2981 1261 1,
3041 1198 3102 1254 0.
3157 1198 3179 1246 t
3230 1204 3245 1245 :

1197 1429 1266 1470 m
1295 1430 1430 1473 mo
1462 1428 1697 1473 Vfflflmfl
1729 1430 2110 1475 sanctinum
2144 1432 2335 1475 mm?
2364 1433 2504 1477 m}
2536 1431 2925 1476 Amflom.

1685 1573 2423 1645 (ammonias.)

519 1831 553 1869 ι
575 1808 754 1878 mud
777 1809 1109 1896 peculiari
1135 1811 1441 1878 memoria
1462 1810 1743 1894 dignum
1767 1811 1931 1880 mihi
1950 1813 2229 1895 videtur,
2259 1814 2434 1900 quod
2453 1817 2711 1899 jusmm
2743 1816 2840 1881 est
2864 1814 2955 1896 (in
2998 1813 3280 1882 Comitiis
3310 1816 3637 1899 generali-

443 1938 564 2004 bus
584 1936 839 2003 ordinis
865 1933 942 2002 S.
978 1934 1297 2001 Francisci
1324 1934 1487 2002 Pisis
1523 1934 1760 2002 habitis
1780 1954 1954 2003 anno
1983 1941 2144 2006 1263
2172 1937 2243 2003 in
2269 1938 2435 2005 testo
2482 1936 2922 2024 Pentecostes),
2954 1944 3029 2006 ut
3052 1945 3284 2024 praeter
3307 1941 3432 2007 alia
3467 1960 3637 2010 nova

455 2063 627 2144 mn,
649 2080 807 2145 quaa
843 2079 986 2128 non
1010 2065 1195 2129 vacat
1228 2080 1758 2145 commemorare,
1784 2080 1954 2133 nova
1980 2065 2306 2146 resumas
2332 2063 2777 2136 admitteretur
2801 2065 2875 2133 in
2907 2064 3149 2134 Ordine
3186 2065 3638 2150 conceptionis

464 2190 654 2257 bculoe
684 2191 996 2275 viminis
1020 2188 1475 2272 Mmoe.}llinc
1498 2190 1675 2259 enim
1700 2189 1857 2258 illud
1882 2199 1980 2259 est
2003 2192 2498 2274 consectarium,
2530 2192 2599 2257 in
2629 2192 2752 2258 hoc
2791 2190 3076 2276 Capitulo
3121 2191 3635 2260 Bonaventuram

460 2319 783 2395 nostrum,
810 2321 1033 2400 utpote
1054 2317 1213 2401 quia
1245 2317 1369 2401 ipsi
1403 2318 1608 2384 serius
1645 2320 1727 2398 (α)
1754 2318 2029 2385 innotuit
2071 2317 2179 2403 pia
2219 2316 2522 2385 Romauae
2565 2318 2762 2385 curiae
2803 2318 3195 2384 consuetudo
3239 2318 3364 2385 tale
3405 2319 3638 2386 tenum

462 2441 826 2508 celebrandi
846 2449 896 2524 ¹,
922 2460 1043 2526 pro
1071 2461 1190 2508 sua
1221 2443 1419 2508 animi
1446 2442 1779 2524 docilitate,
1807 2463 1883 2509 ac
1909 2445 2140 2527 pietate
2164 2462 2324 2527 erga
2347 2443 2808 2510 sanctissimam
2833 2441 3170 2527 Virginem
3193 2442 3305 2509 Dei
3333 2441 3632 2524 Matrem,

458 2568 1189 2649 mutassesenteutiam,
1216 2575 1280 2637 et
1314 2574 1683 2637 retractasse
1724 2589 1873 2654 quae
1917 2588 1954 2636 e
1995 2569 2311 2637 subselliis
2355 2570 2815 2637 Parisiensibus
2841 2574 3029 2637 antea
3051 2570 3330 2650 dixerat,
3375 2571 3638 2654 suisque

458 2690 949 2760 Commentariis
973 2696 1044 2762 in
1066 2697 1304 2763 librum
1328 2696 1589 2763 tertium
1615 2696 2083 2789 Sententiarum
2112 2697 2485 2762 inseruerat.

545 2841 578 2881 a
613 2820 793 2886 Adeo
817 2826 1034 2887 autem
1058 2825 1315 2888 sanctus
1347 2821 1574 2889 Doctor
1604 2822 1705 2888 vel
1744 2823 1816 2888 in
1847 2827 2246 2889 antecemum
2293 2820 2517 2906 procul
2562 2821 2683 2888 fuit
2723 2841 2764 2887 a
2806 2821 3242 2906 vituperandis
3283 2822 3635 2889 cultoribus

461 2946 907 3030 conceptionis
942 2947 1147 3014 beatae
1185 2948 1401 3015 Μαι-ἰῶ
1441 2947 1763 3032 Virginis,
1805 2955 1879 3016 ut
1924 2948 2355 3016 disertissimis
2396 2948 2613 3017 verbis
2651 2949 2921 3031 dixerit,
2960 2953 3153 3033 atque
3194 2948 3572 3016 concluserit
3617 2971 3632 3014 ε

470 3094 509 3133 ι
533 3072 953 3157 Quacumque
985 3091 1145 3158 ergo
1168 3074 1350 3156 hora,
1389 3093 1799 3161 quacumque
1825 3076 1928 3142 die
1957 3076 2189 3162 aliquis
2212 3075 2495 3140 fidelium
2521 3092 2674 3141 cum
2700 3076 2850 3143 totis
2887 3075 3252 3162 praecordiis
3276 3081 3468 3160 atque
3505 3076 3639 3142 vis-

462 3199 725 3265 ceribus
749 3199 1021 3265 honorat
1047 3199 1411 3284 Virginem,
1438 3202 1864 3287 increpandus
1888 3221 2024 3268 non
2059 3207 2157 3269 est
2199 3201 2602 3286 pertinaciter
2619 3252 2640 3285 ,
2668 3221 2753 3269 ne
2797 3203 2999 3287 ipsius
3028 3202 3309 3286 Virginis
3352 3203 3638 3269 animad-

460 3324 683 3390 versio
707 3324 1097 3405 incurratur,
1125 3345 1274 3411 quae
1306 3328 1677 3394 auxiliatrix
1702 3333 1767 3394 et
1799 3328 2073 3394 amatrix
2112 3331 2209 3394 eet
2236 3328 2531 3394 omnium
2560 3345 2827 3394 suorum
2873 3327 3158 3394 fidelium
3198 3327 3635 3406 laudatorum,

461 3450 640 3516 sicut
662 3451 755 3516 illi
796 3452 911 3536 qui
938 3453 1098 3518 tales
1117 3459 1272 3519 sunt
1290 3502 1311 3535 ,
1341 3454 1775 3538 experimento
1800 3454 2131 3537 multiplici
2157 3456 2620 3537 cognoverunt.
2648 3475 2681 3514 s
2714 3451 2922 3531 Quare
2961 3451 3327 3517 mirandum
3353 3470 3486 3518 non
3521 3456 3637 3532 est,

463 3581 519 3644 si
540 3578 913 3645 Parisiensis
937 3598 1201 3665 quoque
1227 3582 1637 3664 Universitas,
1664 3581 1987 3648 decretum
2019 3582 2193 3666 quod
2218 3586 2438 3647 contra
2462 3581 2939 3647 immaculatam
2967 3579 3248 3662 Deiparae
3275 3576 3640 3660 conceptio-

463 3724 617 3772 nem
657 3711 902 3790 egerat,
955 3706 1385 3788 revocaverit,
1429 3708 1950 3793 contrariumque
1993 3709 2218 3774 docere
2259 3709 2555 3775 vetuerit.
2601 3731 2634 3770 s
2685 3705 3014 3774 Prodrom.
3060 3705 3152 3772 ad
3189 3720 3379 3789 opera
3421 3706 3640 3772 omnia

462 3831 529 3899 S.
556 3829 1050 3913 Βοπαυεπωνω,
1079 3851 1165 3899 ex
1193 3838 1452 3918 typogr.
1481 3833 1766 3912 Bessan„
1798 3838 1976 3914 ¹767,
2006 3853 2071 3918 p.
2101 3837 2321 3901 :tt-35.

510 4061 528 4096 ¹
547 4064 623 4116 Dc
648 4062 739 4115 illa
765 4059 1169 4113 consuetudine
1192 4061 1445 4111 testantur
1470 4060 1574 4112 dno
1599 4061 1762 4113 comi
1783 4060 2089 4128 scriptores,
2117 4061 2204 4114 rr.
2234 4060 2643 4113 Bartholomaus
2661 4058 2727 4112 da
2753 4058 3082 4123 Tridentino,
3109 4056 3303 4110 ordinis
3331 4056 3643 4108 predicato-

436 4157 569 4209 rum,
608 4145 664 4197 in
693 4144 870 4197 tribus
899 4143 1038 4194 uss.
1079 4137 1351 4191 codicibus
1385 4141 1796 4209 Sangeorgiano,
1830 4142 2110 4194 Barbas-im
2135 4146 2189 4193 et
2211 4141 2621 4203 Trombslliano,
2645 4154 2705 4193 ec
2728 4139 3135 4192 Bartholomae-
3161 4135 3441 4191 Brixlensis
3470 4135 3523 4186 in
3544 4145 3642 4184 suo

427 4226 705 4297 Bau-taio
728 4225 883 4293 apud
917 4220 1319 4277 Berua-rdinum
1338 4221 1403 4272 de
1433 4222 1614 4275 Rustic.

474 4315 535 4385 (a)
566 4315 626 4367 ln
652 4314 768 4380 φη
797 4303 1140 4366 prodromo,
1177 4300 1306 4351 edit.
1329 4301 1561 4367 Bessan„
1587 4302 1776 4370 ἱερέων·
1794 4304 2046 4359 κωπίω.
