<?xml version="1.0" encoding="UTF-8"?>
<!DOCTYPE html PUBLIC "-//W3C//DTD XHTML 1.0 Transitional//EN"
    "http://www.w3.org/TR/xhtml1/DTD/xhtml1-transitional.dtd">
<html xmlns="http://www.w3.org/1999/xhtml" xml:lang="en" lang="en">
 <head>
  <title>
</title>
<meta http-equiv="Content-Type" content="text/html;charset=utf-8" />
  <meta name='ocr-system' content='tesseract 3.04.00' />
  <meta name='ocr-capabilities' content='ocr_page ocr_carea ocr_par ocr_line ocrx_word'/>
</head>
<body>
  <div class='ocr_page' id='page_1' title='image "./srecardinalissb01cargoog_0555.png"; bbox 0 0 4185 6288; ppageno 0'>
   <div class='ocr_carea' id='block_1_1' title="bbox 1210 493 2670 574">
    <p class='ocr_par' dir='ltr' id='par_1_1' title="bbox 1210 493 2670 574">
     <span class='ocr_line' id='line_1_1' title="bbox 1210 493 2670 574; baseline 0.001 -15"><span class='ocrx_word' id='word_1_1' title='bbox 1210 494 1590 560; x_wconf 85' lang='lat' dir='ltr'><strong>DISTINCT.</strong></span> <span class='ocrx_word' id='word_1_2' title='bbox 1634 494 1846 562; x_wconf 73' lang='lat' dir='ltr'><strong>xxiv.</strong></span> <span class='ocrx_word' id='word_1_3' title='bbox 1888 493 2071 561; x_wconf 69' lang='grc' dir='ltr'><strong>ΛΒΤ.</strong></span> <span class='ocrx_word' id='word_1_4' title='bbox 2117 494 2223 561; x_wconf 90' lang='lat'><strong>111.</strong></span> <span class='ocrx_word' id='word_1_5' title='bbox 2270 494 2575 574; x_wconf 82' lang='lat' dir='ltr'><strong>QUAEST.</strong></span> <span class='ocrx_word' id='word_1_6' title='bbox 2621 497 2670 560; x_wconf 92' lang='lat' dir='ltr'><strong>I.</strong></span> 
     </span>
    </p>
   </div>
   <div class='ocr_carea' id='block_1_2' title="bbox 343 631 1885 1038">
    <p class='ocr_par' dir='ltr' id='par_1_2' title="bbox 343 631 1885 1038">
     <span class='ocr_line' id='line_1_2' title="bbox 343 631 1883 717; baseline -0.002 -18"><span class='ocrx_word' id='word_1_7' title='bbox 343 651 478 699; x_wconf 90' lang='lat' dir='ltr'><strong>non</strong></span> <span class='ocrx_word' id='word_1_8' title='bbox 505 634 710 717; x_wconf 89' lang='lat' dir='ltr'><strong>potest</strong></span> <span class='ocrx_word' id='word_1_9' title='bbox 736 631 1070 698; x_wconf 80' lang='lat' dir='ltr'><strong>dissentire</strong></span> <span class='ocrx_word' id='word_1_10' title='bbox 1096 631 1179 695; x_wconf 90' lang='lat' dir='ltr'><strong>ab</strong></span> <span class='ocrx_word' id='word_1_11' title='bbox 1204 648 1280 696; x_wconf 89' lang='lat' dir='ltr'><strong>eo</strong></span> <span class='ocrx_word' id='word_1_12' title='bbox 1310 632 1482 715; x_wconf 91' lang='lat' dir='ltr'><strong>quod</strong></span> <span class='ocrx_word' id='word_1_13' title='bbox 1507 633 1647 710; x_wconf 87' lang='lat' dir='ltr'><strong>scit,</strong></span> <span class='ocrx_word' id='word_1_14' title='bbox 1667 631 1883 697; x_wconf 90' lang='lat' dir='ltr'><strong>dicen-</strong></span> 
     </span>
     <span class='ocr_line' id='line_1_3' title="bbox 346 739 1883 824; baseline -0.002 -17"><span class='ocrx_word' id='word_1_15' title='bbox 346 742 502 807; x_wconf 92' lang='lat' dir='ltr'><strong>dum</strong></span> <span class='ocrx_word' id='word_1_16' title='bbox 531 739 704 824; x_wconf 89' lang='lat' dir='ltr'><strong>quod</strong></span> <span class='ocrx_word' id='word_1_17' title='bbox 734 757 966 806; x_wconf 83' lang='lat' dir='ltr'><strong>verum</strong></span> <span class='ocrx_word' id='word_1_18' title='bbox 1015 742 1111 804; x_wconf 86' lang='lat' dir='ltr'><strong>est</strong></span> <span class='ocrx_word' id='word_1_19' title='bbox 1149 744 1464 823; x_wconf 88' lang='lat' dir='ltr'><strong>quantum</strong></span> <span class='ocrx_word' id='word_1_20' title='bbox 1498 739 1580 805; x_wconf 92' lang='lat' dir='ltr'><strong>ad</strong></span> <span class='ocrx_word' id='word_1_21' title='bbox 1619 740 1684 804; x_wconf 91' lang='lat' dir='ltr'><strong>id</strong></span> <span class='ocrx_word' id='word_1_22' title='bbox 1712 739 1883 822; x_wconf 87' lang='lat' dir='ltr'><strong>quod</strong></span> 
     </span>
     <span class='ocr_line' id='line_1_4' title="bbox 347 846 1885 930; baseline -0.003 -16"><span class='ocrx_word' id='word_1_23' title='bbox 347 848 428 914; x_wconf 90' lang='lat' dir='ltr'><strong>de</strong></span> <span class='ocrx_word' id='word_1_24' title='bbox 447 866 523 914; x_wconf 91' lang='lat' dir='ltr'><strong>eo</strong></span> <span class='ocrx_word' id='word_1_25' title='bbox 553 847 901 928; x_wconf 57' lang='lat' dir='ltr'><strong>cognoscin</strong></span> <span class='ocrx_word' id='word_1_26' title='bbox 932 849 1249 930; x_wconf 89' lang='lat' dir='ltr'><strong>quantum</strong></span> <span class='ocrx_word' id='word_1_27' title='bbox 1276 850 1490 912; x_wconf 85' lang='lat' dir='ltr'><strong>tamen</strong></span> <span class='ocrx_word' id='word_1_28' title='bbox 1520 848 1599 912; x_wconf 92' lang='lat' dir='ltr'><strong>ad</strong></span> <span class='ocrx_word' id='word_1_29' title='bbox 1620 846 1685 911; x_wconf 92' lang='lat' dir='ltr'><strong>id</strong></span> <span class='ocrx_word' id='word_1_30' title='bbox 1713 846 1885 929; x_wconf 90' lang='lat' dir='ltr'><strong>quod</strong></span> 
     </span>
     <span class='ocr_line' id='line_1_5' title="bbox 343 955 1885 1038; baseline -0.002 -17"><span class='ocrx_word' id='word_1_31' title='bbox 343 957 530 1036; x_wconf 88' lang='lat' dir='ltr'><strong>latet,</strong></span> <span class='ocrx_word' id='word_1_32' title='bbox 560 975 643 1020; x_wconf 82' lang='lat' dir='ltr'><strong>ex</strong></span> <span class='ocrx_word' id='word_1_33' title='bbox 670 955 782 1019; x_wconf 90' lang='lat' dir='ltr'><strong>illo</strong></span> <span class='ocrx_word' id='word_1_34' title='bbox 809 955 1139 1019; x_wconf 81' lang='lat' dir='ltr'><strong>dissentire</strong></span> <span class='ocrx_word' id='word_1_35' title='bbox 1176 959 1408 1038; x_wconf 87' lang='lat' dir='ltr'><strong>potest,</strong></span> <span class='ocrx_word' id='word_1_36' title='bbox 1448 960 1513 1020; x_wconf 90' lang='lat' dir='ltr'><strong>et</strong></span> <span class='ocrx_word' id='word_1_37' title='bbox 1539 955 1783 1019; x_wconf 88' lang='lat' dir='ltr'><strong>ratione</strong></span> <span class='ocrx_word' id='word_1_38' title='bbox 1809 955 1885 1018; x_wconf 89' lang='lat' dir='ltr'><strong>il-</strong></span> 
     </span>
    </p>
   </div>
   <div class='ocr_carea' id='block_1_3' title="bbox 345 1049 1911 1129">
    <p class='ocr_par' dir='ltr' id='par_1_3' title="bbox 345 1049 1911 1129">
     <span class='ocr_line' id='line_1_6' title="bbox 345 1049 1911 1129; baseline -0.002 -1"><span class='ocrx_word' id='word_1_39' title='bbox 345 1065 474 1129; x_wconf 89' lang='lat' dir='ltr'><strong>lius</strong></span> <span class='ocrx_word' id='word_1_40' title='bbox 499 1067 596 1129; x_wconf 87' lang='lat' dir='ltr'><strong>est</strong></span> <span class='ocrx_word' id='word_1_41' title='bbox 620 1062 972 1128; x_wconf 87' lang='lat' dir='ltr'><strong>necessaria</strong></span> <span class='ocrx_word' id='word_1_42' title='bbox 998 1062 1118 1125; x_wconf 86' lang='lat' dir='ltr'><strong>sibi</strong></span> <span class='ocrx_word' id='word_1_43' title='bbox 1143 1061 1483 1126; x_wconf 84' lang='lat' dir='ltr'><strong>credulitas</strong></span> <span class='ocrx_word' id='word_1_44' title='bbox 1509 1061 1654 1126; x_wconf 84' lang='lat' dir='ltr'><strong>ndei</strong></span> <span class='ocrx_word' id='word_1_45' title='bbox 1680 1083 1694 1126; x_wconf 90' lang='lat'><strong>:</strong></span> <span class='ocrx_word' id='word_1_46' title='bbox 1722 1049 1911 1128; x_wconf 82' lang='lat' dir='ltr'><strong>sicut&#39;</strong></span> 
     </span>
    </p>
   </div>
   <div class='ocr_carea' id='block_1_4' title="bbox 322 1169 1885 4801">
    <p class='ocr_par' dir='ltr' id='par_1_4' title="bbox 341 1169 1885 1886">
     <span class='ocr_line' id='line_1_7' title="bbox 347 1169 1885 1256; baseline -0.003 -19"><span class='ocrx_word' id='word_1_47' title='bbox 347 1172 582 1256; x_wconf 88' lang='lat' dir='ltr'><strong>aliquis</strong></span> <span class='ocrx_word' id='word_1_48' title='bbox 639 1170 1057 1254; x_wconf 87' lang='lat' dir='ltr'><strong>philosophus</strong></span> <span class='ocrx_word' id='word_1_49' title='bbox 1107 1169 1310 1234; x_wconf 88' lang='lat' dir='ltr'><strong>sciens</strong></span> <span class='ocrx_word' id='word_1_50' title='bbox 1361 1170 1629 1252; x_wconf 84' lang='lat' dir='ltr'><strong>probare</strong></span> <span class='ocrx_word' id='word_1_51' title='bbox 1681 1169 1885 1233; x_wconf 90' lang='lat' dir='ltr'><strong>Deum</strong></span> 
     </span>
     <span class='ocr_line' id='line_1_8' title="bbox 346 1276 1882 1355; baseline -0.002 -12"><span class='ocrx_word' id='word_1_52' title='bbox 346 1297 481 1343; x_wconf 89' lang='lat' dir='ltr'><strong>esse</strong></span> <span class='ocrx_word' id='word_1_53' title='bbox 526 1296 733 1343; x_wconf 90' lang='lat' dir='ltr'><strong>unum</strong></span> <span class='ocrx_word' id='word_1_54' title='bbox 777 1277 1022 1342; x_wconf 86' lang='lat' dir='ltr'><strong>ratione</strong></span> <span class='ocrx_word' id='word_1_55' title='bbox 1063 1276 1444 1355; x_wconf 86' lang='lat' dir='ltr'><strong>necessaria,</strong></span> <span class='ocrx_word' id='word_1_56' title='bbox 1477 1277 1557 1341; x_wconf 87' lang='lat' dir='ltr'><strong>ab</strong></span> <span class='ocrx_word' id='word_1_57' title='bbox 1598 1277 1718 1341; x_wconf 90' lang='lat' dir='ltr'><strong>hac</strong></span> <span class='ocrx_word' id='word_1_58' title='bbox 1745 1295 1882 1340; x_wconf 91' lang='lat' dir='ltr'><strong>non</strong></span> 
     </span>
     <span class='ocr_line' id='line_1_9' title="bbox 343 1388 1876 1474; baseline -0.003 -19"><span class='ocrx_word' id='word_1_59' title='bbox 343 1392 548 1474; x_wconf 85' lang='lat' dir='ltr'><strong>potest</strong></span> <span class='ocrx_word' id='word_1_60' title='bbox 574 1389 933 1468; x_wconf 79' lang='lat' dir='ltr'><strong>dIssentire3</strong></span> <span class='ocrx_word' id='word_1_61' title='bbox 966 1388 1322 1453; x_wconf 84' lang='lat' dir='ltr'><strong>dissentiret</strong></span> <span class='ocrx_word' id='word_1_62' title='bbox 1362 1392 1575 1453; x_wconf 86' lang='lat' dir='ltr'><strong>tamen</strong></span> <span class='ocrx_word' id='word_1_63' title='bbox 1602 1389 1683 1454; x_wconf 90' lang='lat' dir='ltr'><strong>ab</strong></span> <span class='ocrx_word' id='word_1_64' title='bbox 1711 1388 1834 1452; x_wconf 88' lang='lat' dir='ltr'><strong>hac</strong></span> <span class='ocrx_word' id='word_1_65' title='bbox 1858 1435 1876 1468; x_wconf 88' lang='lat'><strong>,</strong></span> 
     </span>
     <span class='ocr_line' id='line_1_10' title="bbox 344 1495 1879 1580; baseline -0.003 -18"><span class='ocrx_word' id='word_1_66' title='bbox 344 1498 401 1562; x_wconf 90' lang='lat' dir='ltr'><strong>si</strong></span> <span class='ocrx_word' id='word_1_67' title='bbox 424 1497 571 1580; x_wconf 90' lang='lat' dir='ltr'><strong>quis</strong></span> <span class='ocrx_word' id='word_1_68' title='bbox 597 1496 830 1562; x_wconf 90' lang='lat' dir='ltr'><strong>diceret</strong></span> <span class='ocrx_word' id='word_1_69' title='bbox 855 1496 1025 1580; x_wconf 92' lang='lat' dir='ltr'><strong>quod</strong></span> <span class='ocrx_word' id='word_1_70' title='bbox 1063 1496 1175 1560; x_wconf 91' lang='lat' dir='ltr'><strong>illa</strong></span> <span class='ocrx_word' id='word_1_71' title='bbox 1218 1495 1432 1560; x_wconf 87' lang='lat' dir='ltr'><strong>unitas</strong></span> <span class='ocrx_word' id='word_1_72' title='bbox 1470 1499 1676 1580; x_wconf 87' lang='lat' dir='ltr'><strong>potest</strong></span> <span class='ocrx_word' id='word_1_73' title='bbox 1701 1513 1879 1560; x_wconf 89' lang='lat' dir='ltr'><strong>com-</strong></span> 
     </span>
     <span class='ocr_line' id='line_1_11' title="bbox 342 1603 1879 1687; baseline -0.001 -19"><span class='ocrx_word' id='word_1_74' title='bbox 342 1605 474 1687; x_wconf 90' lang='lat' dir='ltr'><strong>pati</strong></span> <span class='ocrx_word' id='word_1_75' title='bbox 499 1623 715 1670; x_wconf 89' lang='lat' dir='ltr'><strong>secum</strong></span> <span class='ocrx_word' id='word_1_76' title='bbox 750 1604 1206 1687; x_wconf 81' lang='lat' dir='ltr'><strong>pluralitatem,</strong></span> <span class='ocrx_word' id='word_1_77' title='bbox 1237 1603 1410 1687; x_wconf 90' lang='lat' dir='ltr'><strong>quod</strong></span> <span class='ocrx_word' id='word_1_78' title='bbox 1436 1604 1697 1686; x_wconf 88' lang='lat' dir='ltr'><strong>quidem</strong></span> <span class='ocrx_word' id='word_1_79' title='bbox 1724 1620 1879 1667; x_wconf 90' lang='lat' dir='ltr'><strong>eum</strong></span> 
     </span>
     <span class='ocr_line' id='line_1_12' title="bbox 341 1711 1881 1793; baseline -0.001 -17"><span class='ocrx_word' id='word_1_80' title='bbox 341 1712 493 1776; x_wconf 90' lang='lat' dir='ltr'><strong>latet</strong></span> <span class='ocrx_word' id='word_1_81' title='bbox 512 1761 530 1792; x_wconf 91' lang='lat'><strong>,</strong></span> <span class='ocrx_word' id='word_1_82' title='bbox 579 1716 643 1777; x_wconf 88' lang='lat' dir='ltr'><strong>et</strong></span> <span class='ocrx_word' id='word_1_83' title='bbox 690 1712 938 1778; x_wconf 85' lang='lat' dir='ltr'><strong>excedit</strong></span> <span class='ocrx_word' id='word_1_84' title='bbox 983 1711 1152 1777; x_wconf 88' lang='lat' dir='ltr'><strong>vires</strong></span> <span class='ocrx_word' id='word_1_85' title='bbox 1197 1711 1586 1793; x_wconf 81' lang='lat' dir='ltr'><strong>cognitionis</strong></span> <span class='ocrx_word' id='word_1_86' title='bbox 1635 1714 1699 1774; x_wconf 91' lang='lat' dir='ltr'><strong>et</strong></span> <span class='ocrx_word' id='word_1_87' title='bbox 1742 1727 1881 1775; x_wconf 82' lang='lat' dir='ltr'><strong>suae</strong></span> 
     </span>
     <span class='ocr_line' id='line_1_13' title="bbox 341 1820 646 1886; baseline -0.003 -1"><span class='ocrx_word' id='word_1_88' title='bbox 341 1820 646 1886; x_wconf 80' lang='lat' dir='ltr'><strong>scientiae.</strong></span> 
     </span>
    </p>

    <p class='ocr_par' dir='ltr' id='par_1_5' title="bbox 322 1925 1879 4801">
     <span class='ocr_line' id='line_1_14' title="bbox 421 1925 1878 2011; baseline -0.002 -20"><span class='ocrx_word' id='word_1_89' title='bbox 421 1932 480 1992; x_wconf 72' lang='lat'><strong>4.</strong></span> <span class='ocrx_word' id='word_1_90' title='bbox 510 1928 609 1992; x_wconf 80' lang='lat' dir='ltr'><strong>Ad</strong></span> <span class='ocrx_word' id='word_1_91' title='bbox 636 1926 794 1992; x_wconf 88' lang='lat' dir='ltr'><strong>illud</strong></span> <span class='ocrx_word' id='word_1_92' title='bbox 825 1927 997 2011; x_wconf 89' lang='lat' dir='ltr'><strong>quod</strong></span> <span class='ocrx_word' id='word_1_93' title='bbox 1032 1926 1364 2009; x_wconf 78' lang='lat' dir='ltr'><strong>oincitur,</strong></span> <span class='ocrx_word' id='word_1_94' title='bbox 1395 1925 1569 2009; x_wconf 92' lang='lat' dir='ltr'><strong>quod</strong></span> <span class='ocrx_word' id='word_1_95' title='bbox 1596 1925 1754 1990; x_wconf 86' lang='lat' dir='ltr'><strong>fides</strong></span> <span class='ocrx_word' id='word_1_96' title='bbox 1781 1926 1878 1988; x_wconf 85' lang='lat' dir='ltr'><strong>est</strong></span> 
     </span>
     <span class='ocr_line' id='line_1_15' title="bbox 340 2031 1879 2118; baseline -0.002 -19"><span class='ocrx_word' id='word_1_97' title='bbox 340 2035 418 2099; x_wconf 89' lang='lat' dir='ltr'><strong>de</strong></span> <span class='ocrx_word' id='word_1_98' title='bbox 445 2035 546 2099; x_wconf 88' lang='lat' dir='ltr'><strong>his</strong></span> <span class='ocrx_word' id='word_1_99' title='bbox 570 2053 717 2118; x_wconf 79' lang='lat' dir='ltr'><strong>quae</strong></span> <span class='ocrx_word' id='word_1_100' title='bbox 748 2038 899 2099; x_wconf 88' lang='lat' dir='ltr'><strong>sunt</strong></span> <span class='ocrx_word' id='word_1_101' title='bbox 929 2053 1121 2118; x_wconf 89' lang='lat' dir='ltr'><strong>supra</strong></span> <span class='ocrx_word' id='word_1_102' title='bbox 1151 2033 1488 2111; x_wconf 89' lang='lat' dir='ltr'><strong>rationem,</strong></span> <span class='ocrx_word' id='word_1_103' title='bbox 1522 2036 1585 2097; x_wconf 90' lang='lat' dir='ltr'><strong>et</strong></span> <span class='ocrx_word' id='word_1_104' title='bbox 1612 2031 1879 2096; x_wconf 83' lang='lat' dir='ltr'><strong>scientia</strong></span> 
     </span>
     <span class='ocr_line' id='line_1_16' title="bbox 338 2139 1876 2225; baseline -0.001 -19"><span class='ocrx_word' id='word_1_105' title='bbox 338 2147 431 2206; x_wconf 87' lang='lat' dir='ltr'><strong>est</strong></span> <span class='ocrx_word' id='word_1_106' title='bbox 469 2142 547 2206; x_wconf 95' lang='lat' dir='ltr'><strong>de</strong></span> <span class='ocrx_word' id='word_1_107' title='bbox 575 2142 674 2206; x_wconf 90' lang='lat' dir='ltr'><strong>his</strong></span> <span class='ocrx_word' id='word_1_108' title='bbox 713 2160 861 2225; x_wconf 82' lang='lat' dir='ltr'><strong>quae</strong></span> <span class='ocrx_word' id='word_1_109' title='bbox 905 2145 1059 2206; x_wconf 89' lang='lat' dir='ltr'><strong>sunt</strong></span> <span class='ocrx_word' id='word_1_110' title='bbox 1094 2142 1260 2205; x_wconf 80' lang='lat' dir='ltr'><strong>infra</strong></span> <span class='ocrx_word' id='word_1_111' title='bbox 1280 2189 1299 2220; x_wconf 92' lang='lat'><strong>,</strong></span> <span class='ocrx_word' id='word_1_112' title='bbox 1329 2139 1670 2204; x_wconf 90' lang='lat' dir='ltr'><strong>dicendum</strong></span> <span class='ocrx_word' id='word_1_113' title='bbox 1702 2139 1876 2223; x_wconf 91' lang='lat' dir='ltr'><strong>quod</strong></span> 
     </span>
     <span class='ocr_line' id='line_1_17' title="bbox 336 2247 1878 2332; baseline -0.001 -19"><span class='ocrx_word' id='word_1_114' title='bbox 336 2249 503 2314; x_wconf 88' lang='lat' dir='ltr'><strong>sicut</strong></span> <span class='ocrx_word' id='word_1_115' title='bbox 544 2250 708 2314; x_wconf 90' lang='lat' dir='ltr'><strong>nihil</strong></span> <span class='ocrx_word' id='word_1_116' title='bbox 749 2249 1016 2332; x_wconf 90' lang='lat' dir='ltr'><strong>impedit</strong></span> <span class='ocrx_word' id='word_1_117' title='bbox 1057 2266 1264 2313; x_wconf 91' lang='lat' dir='ltr'><strong>unum</strong></span> <span class='ocrx_word' id='word_1_118' title='bbox 1292 2250 1355 2312; x_wconf 90' lang='lat' dir='ltr'><strong>et</strong></span> <span class='ocrx_word' id='word_1_119' title='bbox 1389 2247 1558 2311; x_wconf 91' lang='lat' dir='ltr'><strong>idem</strong></span> <span class='ocrx_word' id='word_1_120' title='bbox 1599 2265 1735 2311; x_wconf 87' lang='lat' dir='ltr'><strong>esse</strong></span> <span class='ocrx_word' id='word_1_121' title='bbox 1778 2247 1878 2311; x_wconf 86' lang='lat' dir='ltr'><strong>la-</strong></span> 
     </span>
     <span class='ocr_line' id='line_1_18' title="bbox 336 2355 1878 2440; baseline -0.001 -18"><span class='ocrx_word' id='word_1_122' title='bbox 336 2362 478 2422; x_wconf 90' lang='lat' dir='ltr'><strong>tens</strong></span> <span class='ocrx_word' id='word_1_123' title='bbox 518 2362 583 2421; x_wconf 89' lang='lat' dir='ltr'><strong>et</strong></span> <span class='ocrx_word' id='word_1_124' title='bbox 626 2362 848 2440; x_wconf 88' lang='lat' dir='ltr'><strong>patens</strong></span> <span class='ocrx_word' id='word_1_125' title='bbox 871 2406 890 2438; x_wconf 90' lang='lat'><strong>,</strong></span> <span class='ocrx_word' id='word_1_126' title='bbox 918 2357 1009 2420; x_wconf 90' lang='lat' dir='ltr'><strong>sic</strong></span> <span class='ocrx_word' id='word_1_127' title='bbox 1052 2356 1214 2421; x_wconf 90' lang='lat' dir='ltr'><strong>nihil</strong></span> <span class='ocrx_word' id='word_1_128' title='bbox 1251 2355 1516 2439; x_wconf 87' lang='lat' dir='ltr'><strong>impedit</strong></span> <span class='ocrx_word' id='word_1_129' title='bbox 1558 2374 1769 2421; x_wconf 91' lang='lat' dir='ltr'><strong>unum</strong></span> <span class='ocrx_word' id='word_1_130' title='bbox 1813 2358 1878 2420; x_wconf 90' lang='lat' dir='ltr'><strong>et</strong></span> 
     </span>
     <span class='ocr_line' id='line_1_19' title="bbox 335 2462 1875 2545; baseline -0.001 -17"><span class='ocrx_word' id='word_1_131' title='bbox 335 2464 506 2529; x_wconf 89' lang='lat' dir='ltr'><strong>idem</strong></span> <span class='ocrx_word' id='word_1_132' title='bbox 528 2464 882 2530; x_wconf 88' lang='lat' dir='ltr'><strong>secundum</strong></span> <span class='ocrx_word' id='word_1_133' title='bbox 907 2465 1108 2529; x_wconf 89' lang='lat' dir='ltr'><strong>alium</strong></span> <span class='ocrx_word' id='word_1_134' title='bbox 1131 2467 1194 2529; x_wconf 89' lang='lat' dir='ltr'><strong>et</strong></span> <span class='ocrx_word' id='word_1_135' title='bbox 1218 2464 1422 2529; x_wconf 89' lang='lat' dir='ltr'><strong>alium</strong></span> <span class='ocrx_word' id='word_1_136' title='bbox 1444 2462 1875 2545; x_wconf 84' lang='lat' dir='ltr'><strong>cognoscendi</strong></span> 
     </span>
     <span class='ocr_line' id='line_1_20' title="bbox 336 2570 1875 2655; baseline -0.001 -19"><span class='ocrx_word' id='word_1_137' title='bbox 336 2573 601 2638; x_wconf 89' lang='lat' dir='ltr'><strong>modum</strong></span> <span class='ocrx_word' id='word_1_138' title='bbox 629 2590 763 2636; x_wconf 87' lang='lat' dir='ltr'><strong>esse</strong></span> <span class='ocrx_word' id='word_1_139' title='bbox 788 2572 979 2650; x_wconf 82' lang='lat' dir='ltr'><strong>infra,</strong></span> <span class='ocrx_word' id='word_1_140' title='bbox 1010 2575 1075 2635; x_wconf 90' lang='lat' dir='ltr'><strong>et</strong></span> <span class='ocrx_word' id='word_1_141' title='bbox 1099 2589 1296 2655; x_wconf 87' lang='lat' dir='ltr'><strong>supra</strong></span> <span class='ocrx_word' id='word_1_142' title='bbox 1321 2571 1671 2649; x_wconf 90' lang='lat' dir='ltr'><strong>rationem;</strong></span> <span class='ocrx_word' id='word_1_143' title='bbox 1702 2570 1875 2635; x_wconf 88' lang='lat' dir='ltr'><strong>etita</strong></span> 
     </span>
     <span class='ocr_line' id='line_1_21' title="bbox 334 2678 1875 2762; baseline 0 -19"><span class='ocrx_word' id='word_1_144' title='bbox 334 2679 565 2745; x_wconf 89' lang='lat' dir='ltr'><strong>scitum</strong></span> <span class='ocrx_word' id='word_1_145' title='bbox 583 2729 600 2760; x_wconf 99' lang='lat'><strong>,</strong></span> <span class='ocrx_word' id='word_1_146' title='bbox 633 2683 698 2744; x_wconf 89' lang='lat' dir='ltr'><strong>et</strong></span> <span class='ocrx_word' id='word_1_147' title='bbox 723 2679 1057 2745; x_wconf 88' lang='lat' dir='ltr'><strong>creditum.</strong></span> <span class='ocrx_word' id='word_1_148' title='bbox 1088 2678 1259 2744; x_wconf 84' lang='lat' dir='ltr'><strong>Licet</strong></span> <span class='ocrx_word' id='word_1_149' title='bbox 1284 2679 1456 2742; x_wconf 90' lang='lat' dir='ltr'><strong>enim</strong></span> <span class='ocrx_word' id='word_1_150' title='bbox 1485 2679 1875 2762; x_wconf 88' lang='lat' dir='ltr'><strong>sempiterna</strong></span> 
     </span>
     <span class='ocr_line' id='line_1_22' title="bbox 334 2786 1870 2870; baseline -0.001 -18"><span class='ocrx_word' id='word_1_151' title='bbox 334 2787 540 2852; x_wconf 89' lang='lat' dir='ltr'><strong>virtus</strong></span> <span class='ocrx_word' id='word_1_152' title='bbox 565 2792 627 2851; x_wconf 86' lang='lat' dir='ltr'><strong>et</strong></span> <span class='ocrx_word' id='word_1_153' title='bbox 652 2787 955 2853; x_wconf 88' lang='lat' dir='ltr'><strong>divinitas</strong></span> <span class='ocrx_word' id='word_1_154' title='bbox 981 2787 1156 2851; x_wconf 91' lang='lat' dir='ltr'><strong>nosci</strong></span> <span class='ocrx_word' id='word_1_155' title='bbox 1178 2787 1375 2870; x_wconf 78' lang='lat' dir='ltr'><strong>possit</strong></span> <span class='ocrx_word' id='word_1_156' title='bbox 1401 2805 1516 2869; x_wconf 90' lang='lat' dir='ltr'><strong>per</strong></span> <span class='ocrx_word' id='word_1_157' title='bbox 1542 2786 1870 2851; x_wconf 89' lang='lat' dir='ltr'><strong>scientiam</strong></span> 
     </span>
     <span class='ocr_line' id='line_1_23' title="bbox 332 2893 1866 2977; baseline -0.001 -19"><span class='ocrx_word' id='word_1_158' title='bbox 332 2894 732 2977; x_wconf 79' lang='lat' dir='ltr'><strong>acquisitam,</strong></span> <span class='ocrx_word' id='word_1_159' title='bbox 755 2895 861 2961; x_wconf 82' lang='lat' dir='ltr'><strong>vel</strong></span> <span class='ocrx_word' id='word_1_160' title='bbox 883 2895 1076 2959; x_wconf 88' lang='lat' dir='ltr'><strong>etiam</strong></span> <span class='ocrx_word' id='word_1_161' title='bbox 1095 2894 1382 2958; x_wconf 85' lang='lat' dir='ltr'><strong>innatam</strong></span> <span class='ocrx_word' id='word_1_162' title='bbox 1411 2893 1477 2956; x_wconf 92' lang='lat' dir='ltr'><strong>in</strong></span> <span class='ocrx_word' id='word_1_163' title='bbox 1504 2911 1603 2974; x_wconf 88' lang='lat' dir='ltr'><strong>se,</strong></span> <span class='ocrx_word' id='word_1_164' title='bbox 1628 2895 1866 2970; x_wconf 86' lang='lat' dir='ltr'><strong>tamen,</strong></span> 
     </span>
     <span class='ocr_line' id='line_1_24' title="bbox 331 3001 1869 3086; baseline 0.001 -22"><span class='ocrx_word' id='word_1_165' title='bbox 331 3004 523 3085; x_wconf 87' lang='lat' dir='ltr'><strong>prout</strong></span> <span class='ocrx_word' id='word_1_166' title='bbox 563 3006 972 3086; x_wconf 87' lang='lat' dir='ltr'><strong>comparatur</strong></span> <span class='ocrx_word' id='word_1_167' title='bbox 1000 3002 1086 3066; x_wconf 80' lang='lat' dir='ltr'><strong>ad</strong></span> <span class='ocrx_word' id='word_1_168' title='bbox 1114 3001 1542 3086; x_wconf 78' lang='lat' dir='ltr'><strong>pluralitatem</strong></span> <span class='ocrx_word' id='word_1_169' title='bbox 1567 3018 1869 3084; x_wconf 84' lang='lat' dir='ltr'><strong>persona-</strong></span> 
     </span>
     <span class='ocr_line' id='line_1_25' title="bbox 333 3108 1870 3187; baseline 0.002 -15"><span class='ocrx_word' id='word_1_170' title='bbox 333 3126 480 3173; x_wconf 91' lang='lat' dir='ltr'><strong>rum</strong></span> <span class='ocrx_word' id='word_1_171' title='bbox 506 3157 523 3187; x_wconf 90' lang='lat'><strong>,</strong></span> <span class='ocrx_word' id='word_1_172' title='bbox 563 3109 670 3175; x_wconf 82' lang='lat' dir='ltr'><strong>vel</strong></span> <span class='ocrx_word' id='word_1_173' title='bbox 713 3109 1141 3175; x_wconf 87' lang='lat' dir='ltr'><strong>humilitatem</strong></span> <span class='ocrx_word' id='word_1_174' title='bbox 1186 3108 1607 3175; x_wconf 86' lang='lat' dir='ltr'><strong>humanitatis</strong></span> <span class='ocrx_word' id='word_1_175' title='bbox 1634 3111 1870 3175; x_wconf 81' lang='lat' dir='ltr'><strong>nostrae</strong></span> 
     </span>
     <span class='ocr_line' id='line_1_26' title="bbox 330 3215 1862 3300; baseline 0 -20"><span class='ocrx_word' id='word_1_176' title='bbox 330 3235 527 3299; x_wconf 87' lang='lat' dir='ltr'><strong>quam</strong></span> <span class='ocrx_word' id='word_1_177' title='bbox 554 3215 722 3283; x_wconf 90' lang='lat' dir='ltr'><strong>Deus</strong></span> <span class='ocrx_word' id='word_1_178' title='bbox 745 3219 1111 3300; x_wconf 85' lang='lat' dir='ltr'><strong>assumpsit,</strong></span> <span class='ocrx_word' id='word_1_179' title='bbox 1140 3218 1406 3282; x_wconf 89' lang='lat' dir='ltr'><strong>omnino</strong></span> <span class='ocrx_word' id='word_1_180' title='bbox 1431 3235 1626 3300; x_wconf 89' lang='lat' dir='ltr'><strong>supra</strong></span> <span class='ocrx_word' id='word_1_181' title='bbox 1656 3217 1862 3282; x_wconf 91' lang='lat' dir='ltr'><strong>ratio-</strong></span> 
     </span>
     <span class='ocr_line' id='line_1_27' title="bbox 329 3323 1867 3409; baseline 0.002 -23"><span class='ocrx_word' id='word_1_182' title='bbox 329 3340 480 3387; x_wconf 90' lang='lat' dir='ltr'><strong>nem</strong></span> <span class='ocrx_word' id='word_1_183' title='bbox 508 3327 630 3404; x_wconf 88' lang='lat' dir='ltr'><strong>est,</strong></span> <span class='ocrx_word' id='word_1_184' title='bbox 663 3328 727 3389; x_wconf 91' lang='lat' dir='ltr'><strong>et</strong></span> <span class='ocrx_word' id='word_1_185' title='bbox 771 3343 966 3409; x_wconf 89' lang='lat' dir='ltr'><strong>supra</strong></span> <span class='ocrx_word' id='word_1_186' title='bbox 993 3325 1347 3390; x_wconf 90' lang='lat' dir='ltr'><strong>scientiam.</strong></span> <span class='ocrx_word' id='word_1_187' title='bbox 1394 3323 1462 3390; x_wconf 91' lang='lat' dir='ltr'><strong>Si</strong></span> <span class='ocrx_word' id='word_1_188' title='bbox 1503 3324 1650 3407; x_wconf 90' lang='lat' dir='ltr'><strong>quis</strong></span> <span class='ocrx_word' id='word_1_189' title='bbox 1690 3325 1867 3389; x_wconf 91' lang='lat' dir='ltr'><strong>enim</strong></span> 
     </span>
     <span class='ocr_line' id='line_1_28' title="bbox 322 3430 1868 3515; baseline 0.001 -20"><span class='ocrx_word' id='word_1_190' title='bbox 322 3430 568 3514; x_wconf 82' lang='lat' dir='ltr'><strong>judicio</strong></span> <span class='ocrx_word' id='word_1_191' title='bbox 585 3432 852 3497; x_wconf 87' lang='lat' dir='ltr'><strong>rationis</strong></span> <span class='ocrx_word' id='word_1_192' title='bbox 877 3437 942 3498; x_wconf 91' lang='lat' dir='ltr'><strong>et</strong></span> <span class='ocrx_word' id='word_1_193' title='bbox 968 3432 1246 3498; x_wconf 81' lang='lat' dir='ltr'><strong>scientiae</strong></span> <span class='ocrx_word' id='word_1_194' title='bbox 1264 3432 1595 3509; x_wconf 86' lang='lat' dir='ltr'><strong>innitatur,</strong></span> <span class='ocrx_word' id='word_1_195' title='bbox 1617 3450 1868 3515; x_wconf 88' lang='lat' dir='ltr'><strong>nequa-</strong></span> 
     </span>
     <span class='ocr_line' id='line_1_29' title="bbox 330 3539 1866 3623; baseline 0.001 -19"><span class='ocrx_word' id='word_1_196' title='bbox 330 3556 525 3621; x_wconf 85' lang='lat' dir='ltr'><strong>quam</strong></span> <span class='ocrx_word' id='word_1_197' title='bbox 546 3539 827 3604; x_wconf 86' lang='lat' dir='ltr'><strong>crederet</strong></span> <span class='ocrx_word' id='word_1_198' title='bbox 851 3540 1145 3623; x_wconf 91' lang='lat' dir='ltr'><strong>possibile</strong></span> <span class='ocrx_word' id='word_1_199' title='bbox 1172 3540 1344 3623; x_wconf 88' lang='lat' dir='ltr'><strong>quod</strong></span> <span class='ocrx_word' id='word_1_200' title='bbox 1372 3557 1627 3604; x_wconf 91' lang='lat' dir='ltr'><strong>summa</strong></span> <span class='ocrx_word' id='word_1_201' title='bbox 1652 3540 1866 3605; x_wconf 87' lang='lat' dir='ltr'><strong>unitas</strong></span> 
     </span>
     <span class='ocr_line' id='line_1_30' title="bbox 329 3645 1862 3729; baseline 0.002 -20"><span class='ocrx_word' id='word_1_202' title='bbox 329 3662 549 3711; x_wconf 85' lang='lat' dir='ltr'><strong>secum</strong></span> <span class='ocrx_word' id='word_1_203' title='bbox 603 3648 1026 3729; x_wconf 83' lang='lat' dir='ltr'><strong>compatiatur</strong></span> <span class='ocrx_word' id='word_1_204' title='bbox 1075 3645 1506 3729; x_wconf 86' lang='lat' dir='ltr'><strong>pluralitatem</strong></span> <span class='ocrx_word' id='word_1_205' title='bbox 1559 3665 1862 3728; x_wconf 88' lang='lat' dir='ltr'><strong>persona·</strong></span> 
     </span>
     <span class='ocr_line' id='line_1_31' title="bbox 328 3754 1866 3839; baseline 0.003 -23"><span class='ocrx_word' id='word_1_206' title='bbox 328 3769 514 3832; x_wconf 87' lang='lat' dir='ltr'><strong>rum,</strong></span> <span class='ocrx_word' id='word_1_207' title='bbox 537 3771 652 3818; x_wconf 91' lang='lat' dir='ltr'><strong>nec</strong></span> <span class='ocrx_word' id='word_1_208' title='bbox 679 3754 848 3836; x_wconf 89' lang='lat' dir='ltr'><strong>quod</strong></span> <span class='ocrx_word' id='word_1_209' title='bbox 890 3772 1144 3819; x_wconf 90' lang='lat' dir='ltr'><strong>summa</strong></span> <span class='ocrx_word' id='word_1_210' title='bbox 1189 3757 1484 3837; x_wconf 89' lang='lat' dir='ltr'><strong>majestas</strong></span> <span class='ocrx_word' id='word_1_211' title='bbox 1521 3757 1694 3820; x_wconf 89' lang='lat' dir='ltr'><strong>uniri</strong></span> <span class='ocrx_word' id='word_1_212' title='bbox 1722 3774 1866 3839; x_wconf 87' lang='lat' dir='ltr'><strong>pos-</strong></span> 
     </span>
     <span class='ocr_line' id='line_1_32' title="bbox 328 3860 1866 3945; baseline 0.003 -21"><span class='ocrx_word' id='word_1_213' title='bbox 328 3860 414 3925; x_wconf 87' lang='lat' dir='ltr'><strong>sit</strong></span> <span class='ocrx_word' id='word_1_214' title='bbox 442 3878 593 3925; x_wconf 91' lang='lat' dir='ltr'><strong>cum</strong></span> <span class='ocrx_word' id='word_1_215' title='bbox 617 3866 833 3926; x_wconf 88' lang='lat' dir='ltr'><strong>nostra</strong></span> <span class='ocrx_word' id='word_1_216' title='bbox 853 3861 1240 3941; x_wconf 86' lang='lat' dir='ltr'><strong>humilitate,</strong></span> <span class='ocrx_word' id='word_1_217' title='bbox 1269 3880 1388 3926; x_wconf 90' lang='lat' dir='ltr'><strong>nec</strong></span> <span class='ocrx_word' id='word_1_218' title='bbox 1413 3864 1584 3945; x_wconf 92' lang='lat' dir='ltr'><strong>quod</strong></span> <span class='ocrx_word' id='word_1_219' title='bbox 1607 3881 1866 3928; x_wconf 90' lang='lat' dir='ltr'><strong>summa</strong></span> 
     </span>
     <span class='ocr_line' id='line_1_33' title="bbox 327 3966 1863 4061; baseline 0.003 -31"><span class='ocrx_word' id='word_1_220' title='bbox 327 3966 533 4061; x_wconf 54' lang='lat' dir='ltr'><strong>virtus</strong></span> <span class='ocrx_word' id='word_1_221' title='bbox 559 3967 637 4031; x_wconf 89' lang='lat' dir='ltr'><strong>de</strong></span> <span class='ocrx_word' id='word_1_222' title='bbox 664 3986 796 4032; x_wconf 91' lang='lat' dir='ltr'><strong>non</strong></span> <span class='ocrx_word' id='word_1_223' title='bbox 822 3971 1124 4051; x_wconf 91' lang='lat' dir='ltr'><strong>operante</strong></span> <span class='ocrx_word' id='word_1_224' title='bbox 1147 3971 1260 4034; x_wconf 87' lang='lat' dir='ltr'><strong>flat</strong></span> <span class='ocrx_word' id='word_1_225' title='bbox 1300 3988 1563 4053; x_wconf 84' lang='lat' dir='ltr'><strong>operans</strong></span> <span class='ocrx_word' id='word_1_226' title='bbox 1589 3971 1725 4035; x_wconf 90' lang='lat' dir='ltr'><strong>sine</strong></span> <span class='ocrx_word' id='word_1_227' title='bbox 1762 3972 1863 4036; x_wconf 93' lang='lat' dir='ltr'><strong>sui</strong></span> 
     </span>
     <span class='ocr_line' id='line_1_34' title="bbox 329 4074 1863 4161; baseline 0.005 -23"><span class='ocrx_word' id='word_1_228' title='bbox 329 4074 778 4156; x_wconf 82' lang='lat' dir='ltr'><strong>mutabilitate,</strong></span> <span class='ocrx_word' id='word_1_229' title='bbox 819 4081 880 4141; x_wconf 88' lang='lat' dir='ltr'><strong>et</strong></span> <span class='ocrx_word' id='word_1_230' title='bbox 925 4076 1279 4142; x_wconf 88' lang='lat' dir='ltr'><strong>consimilia</strong></span> <span class='ocrx_word' id='word_1_231' title='bbox 1301 4126 1319 4157; x_wconf 95' lang='lat'><strong>,</strong></span> <span class='ocrx_word' id='word_1_232' title='bbox 1366 4095 1516 4161; x_wconf 82' lang='lat' dir='ltr'><strong>quae</strong></span> <span class='ocrx_word' id='word_1_233' title='bbox 1560 4078 1863 4145; x_wconf 82' lang='lat' dir='ltr'><strong>videntur</strong></span> 
     </span>
     <span class='ocr_line' id='line_1_35' title="bbox 328 4182 1859 4269; baseline 0.005 -25"><span class='ocrx_word' id='word_1_234' title='bbox 328 4198 693 4262; x_wconf 82' lang='lat' dir='ltr'><strong>repugnare</strong></span> <span class='ocrx_word' id='word_1_235' title='bbox 718 4182 1170 4246; x_wconf 88' lang='lat' dir='ltr'><strong>communibus</strong></span> <span class='ocrx_word' id='word_1_236' title='bbox 1207 4184 1403 4248; x_wconf 91' lang='lat' dir='ltr'><strong>animi</strong></span> <span class='ocrx_word' id='word_1_237' title='bbox 1435 4186 1859 4269; x_wconf 84' lang='lat' dir='ltr'><strong>conceptioni-</strong></span> 
     </span>
     <span class='ocr_line' id='line_1_36' title="bbox 327 4287 1863 4372; baseline 0.005 -21"><span class='ocrx_word' id='word_1_238' title='bbox 327 4287 450 4352; x_wconf 87' lang='lat' dir='ltr'><strong>bus</strong></span> <span class='ocrx_word' id='word_1_239' title='bbox 503 4288 855 4353; x_wconf 87' lang='lat' dir='ltr'><strong>secundum</strong></span> <span class='ocrx_word' id='word_1_240' title='bbox 903 4289 1393 4372; x_wconf 89' lang='lat' dir='ltr'><strong>philosophiam.</strong></span> <span class='ocrx_word' id='word_1_241' title='bbox 1444 4289 1621 4356; x_wconf 82' lang='lat' dir='ltr'><strong>Unde</strong></span> <span class='ocrx_word' id='word_1_242' title='bbox 1680 4293 1863 4359; x_wconf 90' lang='lat' dir='ltr'><strong>valde</strong></span> 
     </span>
     <span class='ocr_line' id='line_1_37' title="bbox 328 4394 1859 4478; baseline 0.003 -18"><span class='ocrx_word' id='word_1_243' title='bbox 328 4413 561 4478; x_wconf 89' lang='lat' dir='ltr'><strong>parum</strong></span> <span class='ocrx_word' id='word_1_244' title='bbox 583 4394 843 4477; x_wconf 81' lang='lat' dir='ltr'><strong>attingit</strong></span> <span class='ocrx_word' id='word_1_245' title='bbox 867 4396 1129 4461; x_wconf 88' lang='lat' dir='ltr'><strong>scientia</strong></span> <span class='ocrx_word' id='word_1_246' title='bbox 1156 4398 1585 4477; x_wconf 82' lang='lat' dir='ltr'><strong>cognitionem</strong></span> <span class='ocrx_word' id='word_1_247' title='bbox 1607 4398 1859 4464; x_wconf 88' lang='lat' dir='ltr'><strong>divino-</strong></span> 
     </span>
     <span class='ocr_line' id='line_1_38' title="bbox 328 4502 1861 4586; baseline 0.004 -20"><span class='ocrx_word' id='word_1_248' title='bbox 328 4521 509 4581; x_wconf 90' lang='lat' dir='ltr'><strong>rum,</strong></span> <span class='ocrx_word' id='word_1_249' title='bbox 540 4503 661 4567; x_wconf 92' lang='lat' dir='ltr'><strong>nisi</strong></span> <span class='ocrx_word' id='word_1_250' title='bbox 688 4502 834 4567; x_wconf 83' lang='lat' dir='ltr'><strong>fidei</strong></span> <span class='ocrx_word' id='word_1_251' title='bbox 860 4503 1200 4582; x_wconf 88' lang='lat' dir='ltr'><strong>innitatur,</strong></span> <span class='ocrx_word' id='word_1_252' title='bbox 1230 4504 1384 4586; x_wconf 90' lang='lat' dir='ltr'><strong>quia</strong></span> <span class='ocrx_word' id='word_1_253' title='bbox 1409 4505 1479 4568; x_wconf 91' lang='lat' dir='ltr'><strong>in</strong></span> <span class='ocrx_word' id='word_1_254' title='bbox 1506 4524 1639 4570; x_wconf 88' lang='lat' dir='ltr'><strong>una</strong></span> <span class='ocrx_word' id='word_1_255' title='bbox 1662 4511 1726 4571; x_wconf 91' lang='lat' dir='ltr'><strong>et</strong></span> <span class='ocrx_word' id='word_1_256' title='bbox 1752 4523 1861 4571; x_wconf 89' lang='lat' dir='ltr'><strong>ea·</strong></span> 
     </span>
     <span class='ocr_line' id='line_1_39' title="bbox 327 4609 1865 4696; baseline 0.005 -23"><span class='ocrx_word' id='word_1_257' title='bbox 327 4609 473 4674; x_wconf 89' lang='lat' dir='ltr'><strong>dem</strong></span> <span class='ocrx_word' id='word_1_258' title='bbox 501 4628 570 4674; x_wconf 90' lang='lat' dir='ltr'><strong>re</strong></span> <span class='ocrx_word' id='word_1_259' title='bbox 600 4610 1070 4693; x_wconf 88' lang='lat' dir='ltr'><strong>apertissimum</strong></span> <span class='ocrx_word' id='word_1_260' title='bbox 1114 4615 1208 4675; x_wconf 87' lang='lat' dir='ltr'><strong>est</strong></span> <span class='ocrx_word' id='word_1_261' title='bbox 1239 4611 1423 4691; x_wconf 87' lang='lat' dir='ltr'><strong>fidei,</strong></span> <span class='ocrx_word' id='word_1_262' title='bbox 1454 4613 1625 4696; x_wconf 84' lang='lat' dir='ltr'><strong>quod</strong></span> <span class='ocrx_word' id='word_1_263' title='bbox 1651 4615 1865 4680; x_wconf 89' lang='lat' dir='ltr'><strong>occul-</strong></span> 
     </span>
     <span class='ocr_line' id='line_1_40' title="bbox 327 4716 1859 4801; baseline 0.003 -20"><span class='ocrx_word' id='word_1_264' title='bbox 327 4716 646 4782; x_wconf 84' lang='lat' dir='ltr'><strong>tissimum</strong></span> <span class='ocrx_word' id='word_1_265' title='bbox 668 4721 763 4782; x_wconf 85' lang='lat' dir='ltr'><strong>est</strong></span> <span class='ocrx_word' id='word_1_266' title='bbox 785 4718 1066 4783; x_wconf 80' lang='lat' dir='ltr'><strong>scientiae</strong></span> <span class='ocrx_word' id='word_1_267' title='bbox 1091 4737 1108 4784; x_wconf 72' lang='grc' dir='ltr'><strong>ε</strong></span> <span class='ocrx_word' id='word_1_268' title='bbox 1138 4718 1303 4783; x_wconf 88' lang='lat' dir='ltr'><strong>sicut</strong></span> <span class='ocrx_word' id='word_1_269' title='bbox 1329 4723 1499 4801; x_wconf 85' lang='lat' dir='ltr'><strong>patet</strong></span> <span class='ocrx_word' id='word_1_270' title='bbox 1529 4720 1606 4785; x_wconf 91' lang='lat' dir='ltr'><strong>de</strong></span> <span class='ocrx_word' id='word_1_271' title='bbox 1630 4721 1859 4786; x_wconf 87' lang='lat' dir='ltr'><strong>altissi-</strong></span> 
     </span>
    </p>
   </div>
   <div class='ocr_carea' id='block_1_5' title="bbox 222 4814 1864 4910">
    <p class='ocr_par' dir='ltr' id='par_1_6' title="bbox 222 4814 1864 4910">
     <span class='ocr_line' id='line_1_41' title="bbox 222 4814 1864 4910; baseline 0.004 -22"><span class='ocrx_word' id='word_1_272' title='bbox 222 4814 227 4817; x_wconf 66' lang='grc'><strong>’</strong></span> <span class='ocrx_word' id='word_1_273' title='bbox 327 4823 452 4889; x_wconf 88' lang='lat' dir='ltr'><strong>mis</strong></span> <span class='ocrx_word' id='word_1_274' title='bbox 491 4826 556 4889; x_wconf 88' lang='lat' dir='ltr'><strong>et</strong></span> <span class='ocrx_word' id='word_1_275' title='bbox 592 4823 1003 4889; x_wconf 88' lang='lat' dir='ltr'><strong>nobilissimis</strong></span> <span class='ocrx_word' id='word_1_276' title='bbox 1045 4826 1541 4908; x_wconf 81' lang='lat' dir='ltr'><strong>quaestionibus,</strong></span> <span class='ocrx_word' id='word_1_277' title='bbox 1586 4847 1864 4910; x_wconf 90' lang='lat' dir='ltr'><strong>quarum</strong></span> 
     </span>
    </p>
   </div>
   <div class='ocr_carea' id='block_1_6' title="bbox 325 4930 1866 5231">
    <p class='ocr_par' dir='ltr' id='par_1_7' title="bbox 325 4930 1866 5231">
     <span class='ocr_line' id='line_1_42' title="bbox 325 4930 1864 5015; baseline 0.004 -19"><span class='ocrx_word' id='word_1_278' title='bbox 325 4930 561 4997; x_wconf 84' lang='lat' dir='ltr'><strong>veritas</strong></span> <span class='ocrx_word' id='word_1_279' title='bbox 601 4930 788 4996; x_wconf 83' lang='lat' dir='ltr'><strong>latuit</strong></span> <span class='ocrx_word' id='word_1_280' title='bbox 830 4931 1239 5015; x_wconf 89' lang='lat' dir='ltr'><strong>philosophos</strong></span> <span class='ocrx_word' id='word_1_281' title='bbox 1255 4980 1271 5012; x_wconf 90' lang='lat'><strong>,</strong></span> <span class='ocrx_word' id='word_1_282' title='bbox 1301 4933 1534 4998; x_wconf 89' lang='lat' dir='ltr'><strong>scilicet</strong></span> <span class='ocrx_word' id='word_1_283' title='bbox 1568 4935 1645 5000; x_wconf 91' lang='lat' dir='ltr'><strong>de</strong></span> <span class='ocrx_word' id='word_1_284' title='bbox 1684 4954 1864 5002; x_wconf 85' lang='lat' dir='ltr'><strong>crea-</strong></span> 
     </span>
     <span class='ocr_line' id='line_1_43' title="bbox 329 5038 1862 5127; baseline 0.002 -22"><span class='ocrx_word' id='word_1_285' title='bbox 329 5038 505 5105; x_wconf 88' lang='lat' dir='ltr'><strong>tione</strong></span> <span class='ocrx_word' id='word_1_286' title='bbox 535 5038 785 5119; x_wconf 87' lang='lat' dir='ltr'><strong>mundi,</strong></span> <span class='ocrx_word' id='word_1_287' title='bbox 818 5044 881 5105; x_wconf 88' lang='lat' dir='ltr'><strong>et</strong></span> <span class='ocrx_word' id='word_1_288' title='bbox 905 5038 982 5105; x_wconf 91' lang='lat' dir='ltr'><strong>de</strong></span> <span class='ocrx_word' id='word_1_289' title='bbox 1008 5039 1291 5122; x_wconf 87' lang='lat' dir='ltr'><strong>potentia</strong></span> <span class='ocrx_word' id='word_1_290' title='bbox 1318 5043 1381 5105; x_wconf 87' lang='lat' dir='ltr'><strong>et</strong></span> <span class='ocrx_word' id='word_1_291' title='bbox 1406 5042 1714 5125; x_wconf 89' lang='lat' dir='ltr'><strong>sapientia</strong></span> <span class='ocrx_word' id='word_1_292' title='bbox 1732 5044 1862 5127; x_wconf 87' lang='lat' dir='ltr'><strong>Dei,</strong></span> 
     </span>
     <span class='ocr_line' id='line_1_44' title="bbox 326 5146 1866 5231; baseline 0.003 -19"><span class='ocrx_word' id='word_1_293' title='bbox 326 5165 477 5231; x_wconf 80' lang='lat' dir='ltr'><strong>quae</strong></span> <span class='ocrx_word' id='word_1_294' title='bbox 505 5146 690 5212; x_wconf 89' lang='lat' dir='ltr'><strong>latuit</strong></span> <span class='ocrx_word' id='word_1_295' title='bbox 729 5146 1138 5230; x_wconf 88' lang='lat' dir='ltr'><strong>philosophos</strong></span> <span class='ocrx_word' id='word_1_296' title='bbox 1154 5195 1177 5227; x_wconf 89' lang='lat'><strong>,</strong></span> <span class='ocrx_word' id='word_1_297' title='bbox 1207 5151 1270 5212; x_wconf 90' lang='lat' dir='ltr'><strong>et</strong></span> <span class='ocrx_word' id='word_1_298' title='bbox 1296 5166 1469 5213; x_wconf 90' lang='lat' dir='ltr'><strong>nunc</strong></span> <span class='ocrx_word' id='word_1_299' title='bbox 1516 5151 1866 5216; x_wconf 63' lang='lat' dir='ltr'><strong>manifestas</strong></span> 
     </span>
    </p>
   </div>
   <div class='ocr_carea' id='block_1_7' title="bbox 326 5270 1865 5559">
    <p class='ocr_par' dir='ltr' id='par_1_8' title="bbox 326 5270 1865 5559">
     <span class='ocr_line' id='line_1_45' title="bbox 381 5270 1863 5340; baseline 0.003 -19"><span class='ocrx_word' id='word_1_300' title='bbox 381 5270 403 5305; x_wconf 76' lang='lat'>⁸</span> <span class='ocrx_word' id='word_1_301' title='bbox 439 5273 458 5321; x_wconf 91' lang='grc' dir='ltr'>Ι</span> <span class='ocrx_word' id='word_1_302' title='bbox 489 5272 622 5334; x_wconf 69' lang='lat' dir='ltr'><strong>Cor„</strong></span> <span class='ocrx_word' id='word_1_303' title='bbox 654 5283 693 5336; x_wconf 84' lang='lat'><strong>1,</strong></span> <span class='ocrx_word' id='word_1_304' title='bbox 716 5275 793 5323; x_wconf 84' lang='lat'><strong>20.</strong></span> <span class='ocrx_word' id='word_1_305' title='bbox 813 5299 874 5310; x_wconf 90' lang='lat'><strong>—-</strong></span> <span class='ocrx_word' id='word_1_306' title='bbox 892 5272 916 5310; x_wconf 78' lang='lat'><strong>¹</strong></span> <span class='ocrx_word' id='word_1_307' title='bbox 944 5274 1023 5335; x_wconf 77' lang='lat' dir='ltr'><strong>Cf.</strong></span> <span class='ocrx_word' id='word_1_308' title='bbox 1048 5273 1187 5324; x_wconf 71' lang='lat' dir='ltr'><strong>Alex.</strong></span> <span class='ocrx_word' id='word_1_309' title='bbox 1211 5272 1493 5336; x_wconf 75' lang='lat' dir='ltr'><strong>Alensis,p.</strong></span> <span class='ocrx_word' id='word_1_310' title='bbox 1526 5274 1607 5336; x_wconf 83' lang='grc' dir='ltr'>ΙΙΙ,</span> <span class='ocrx_word' id='word_1_311' title='bbox 1629 5290 1679 5339; x_wconf 89' lang='lat' dir='ltr'><strong>q.</strong></span> <span class='ocrx_word' id='word_1_312' title='bbox 1711 5289 1831 5328; x_wconf 73' lang='lat' dir='ltr'><strong>uix</strong></span> <span class='ocrx_word' id='word_1_313' title='bbox 1849 5312 1863 5340; x_wconf 89' lang='lat'><strong>,</strong></span> 
     </span>
     <span class='ocr_line' id='line_1_46' title="bbox 326 5342 1863 5413; baseline 0.005 -19"><span class='ocrx_word' id='word_1_314' title='bbox 326 5343 523 5394; x_wconf 86' lang='lat' dir='ltr'><strong>memb.</strong></span> <span class='ocrx_word' id='word_1_315' title='bbox 554 5347 680 5405; x_wconf 75' lang='lat' dir='ltr'><strong>13et</strong></span> <span class='ocrx_word' id='word_1_316' title='bbox 710 5344 879 5409; x_wconf 61' lang='lat' dir='ltr'><strong>Cone„</strong></span> <span class='ocrx_word' id='word_1_317' title='bbox 908 5359 958 5407; x_wconf 88' lang='lat' dir='ltr'><strong>p.</strong></span> <span class='ocrx_word' id='word_1_318' title='bbox 994 5346 1078 5404; x_wconf 84' lang='grc' dir='ltr'>ΙΙΙ,</span> <span class='ocrx_word' id='word_1_319' title='bbox 1106 5342 1222 5395; x_wconf 88' lang='lat' dir='ltr'><strong>coll.</strong></span> <span class='ocrx_word' id='word_1_320' title='bbox 1252 5355 1433 5406; x_wconf 78' lang='lat' dir='ltr'><strong>xxxix,</strong></span> <span class='ocrx_word' id='word_1_321' title='bbox 1462 5349 1555 5396; x_wconf 82' lang='lat' dir='ltr'><strong>art.</strong></span> <span class='ocrx_word' id='word_1_322' title='bbox 1590 5351 1608 5396; x_wconf 81' lang='lat'><strong>1</strong></span> <span class='ocrx_word' id='word_1_323' title='bbox 1642 5352 1693 5398; x_wconf 84' lang='lat' dir='ltr'><strong>et</strong></span> <span class='ocrx_word' id='word_1_324' title='bbox 1716 5351 1778 5413; x_wconf 81' lang='lat'><strong>23</strong></span> <span class='ocrx_word' id='word_1_325' title='bbox 1811 5351 1863 5401; x_wconf 91' lang='lat' dir='ltr'><strong>S.</strong></span> 
     </span>
     <span class='ocr_line' id='line_1_47' title="bbox 327 5415 1865 5487; baseline 0.003 -21"><span class='ocrx_word' id='word_1_326' title='bbox 327 5416 532 5477; x_wconf 84' lang='lat' dir='ltr'><strong>Thom.,</strong></span> <span class='ocrx_word' id='word_1_327' title='bbox 555 5416 692 5477; x_wconf 85' lang='grc' dir='ltr'>ΙΙ-ΙΙ,</span> <span class='ocrx_word' id='word_1_328' title='bbox 716 5429 772 5479; x_wconf 89' lang='lat' dir='ltr'><strong>q·</strong></span> <span class='ocrx_word' id='word_1_329' title='bbox 799 5427 836 5478; x_wconf 88' lang='lat'><strong>1,</strong></span> <span class='ocrx_word' id='word_1_330' title='bbox 865 5421 961 5467; x_wconf 80' lang='lat' dir='ltr'><strong>art.</strong></span> <span class='ocrx_word' id='word_1_331' title='bbox 992 5419 1051 5480; x_wconf 71' lang='grc' dir='ltr'><strong>ὃς</strong></span> <span class='ocrx_word' id='word_1_332' title='bbox 1074 5418 1125 5466; x_wconf 88' lang='lat' dir='ltr'><strong>et</strong></span> <span class='ocrx_word' id='word_1_333' title='bbox 1153 5415 1216 5464; x_wconf 90' lang='grc' dir='ltr'><strong>ΙΙΙ</strong></span> <span class='ocrx_word' id='word_1_334' title='bbox 1240 5415 1399 5478; x_wconf 63' lang='lat' dir='ltr'><strong>sent„</strong></span> <span class='ocrx_word' id='word_1_335' title='bbox 1427 5415 1541 5466; x_wconf 81' lang='lat' dir='ltr'><strong>dist.</strong></span> <span class='ocrx_word' id='word_1_336' title='bbox 1581 5430 1702 5483; x_wconf 85' lang='lat' dir='ltr'><strong>xxv,</strong></span> <span class='ocrx_word' id='word_1_337' title='bbox 1734 5434 1783 5485; x_wconf 88' lang='lat' dir='ltr'><strong>q.</strong></span> <span class='ocrx_word' id='word_1_338' title='bbox 1817 5434 1865 5487; x_wconf 83' lang='lat'><strong>1,</strong></span> 
     </span>
     <span class='ocr_line' id='line_1_48' title="bbox 327 5486 1861 5559; baseline 0.004 -20"><span class='ocrx_word' id='word_1_339' title='bbox 327 5492 425 5539; x_wconf 82' lang='lat' dir='ltr'><strong>art.</strong></span> <span class='ocrx_word' id='word_1_340' title='bbox 452 5492 504 5550; x_wconf 74' lang='lat'><strong>¹3</strong></span> <span class='ocrx_word' id='word_1_341' title='bbox 534 5486 791 5552; x_wconf 81' lang='lat' dir='ltr'><strong>Richard.,</strong></span> <span class='ocrx_word' id='word_1_342' title='bbox 820 5489 887 5540; x_wconf 89' lang='grc' dir='ltr'><strong>ΙΙΙ</strong></span> <span class='ocrx_word' id='word_1_343' title='bbox 907 5488 1065 5554; x_wconf 64' lang='lat' dir='ltr'><strong>Seni„</strong></span> <span class='ocrx_word' id='word_1_344' title='bbox 1091 5488 1208 5539; x_wconf 83' lang='lat' dir='ltr'><strong>dist.</strong></span> <span class='ocrx_word' id='word_1_345' title='bbox 1228 5498 1352 5548; x_wconf 79' lang='lat' dir='ltr'><strong>xxV,</strong></span> <span class='ocrx_word' id='word_1_346' title='bbox 1373 5500 1423 5551; x_wconf 85' lang='lat' dir='ltr'><strong>q.</strong></span> <span class='ocrx_word' id='word_1_347' title='bbox 1449 5490 1606 5552; x_wconf 81' lang='lat' dir='ltr'><strong>1;‘1&#39;h.</strong></span> <span class='ocrx_word' id='word_1_348' title='bbox 1634 5494 1861 5559; x_wconf 56' lang='lat' dir='ltr'><strong>lugent„</strong></span> 
     </span>
    </p>
   </div>
   <div class='ocr_carea' id='block_1_8' title="bbox 3412 499 3528 561">
    <p class='ocr_par' dir='ltr' id='par_1_9' title="bbox 3412 499 3528 561">
     <span class='ocr_line' id='line_1_49' title="bbox 3412 499 3528 561; baseline 0 0"><span class='ocrx_word' id='word_1_349' title='bbox 3412 499 3528 561; x_wconf 71' lang='lat'><strong>533</strong></span> 
     </span>
    </p>
   </div>
   <div class='ocr_carea' id='block_1_9' title="bbox 1982 629 3533 1465">
    <p class='ocr_par' dir='ltr' id='par_1_10' title="bbox 1982 629 3533 1465">
     <span class='ocr_line' id='line_1_50' title="bbox 1993 629 3531 714; baseline 0 -18"><span class='ocrx_word' id='word_1_350' title='bbox 1993 634 2145 696; x_wconf 88' lang='lat' dir='ltr'><strong>sunt</strong></span> <span class='ocrx_word' id='word_1_351' title='bbox 2191 631 2560 696; x_wconf 86' lang='lat' dir='ltr'><strong>Christianis</strong></span> <span class='ocrx_word' id='word_1_352' title='bbox 2602 630 3016 714; x_wconf 85' lang='lat' dir='ltr'><strong>simplicibus.</strong></span> <span class='ocrx_word' id='word_1_353' title='bbox 3048 629 3315 714; x_wconf 86' lang='lat' dir='ltr'><strong>Propter</strong></span> <span class='ocrx_word' id='word_1_354' title='bbox 3358 629 3531 714; x_wconf 86' lang='lat' dir='ltr'><strong>quod</strong></span> 
     </span>
     <span class='ocr_line' id='line_1_51' title="bbox 1991 737 3526 820; baseline 0.003 -18"><span class='ocrx_word' id='word_1_355' title='bbox 1991 737 2141 802; x_wconf 84' lang='lat' dir='ltr'><strong>dicit</strong></span> <span class='ocrx_word' id='word_1_356' title='bbox 2185 737 2525 820; x_wconf 84' lang='lat' dir='ltr'><strong>Apostolus</strong></span> <span class='ocrx_word' id='word_1_357' title='bbox 2549 739 2568 773; x_wconf 87' lang='lat'>¹</span> <span class='ocrx_word' id='word_1_358' title='bbox 2613 739 2873 804; x_wconf 79' lang='lat' dir='ltr'><strong>stultam</strong></span> <span class='ocrx_word' id='word_1_359' title='bbox 2910 739 3136 818; x_wconf 72' lang='lat' dir='ltr'><strong>fecisse</strong></span> <span class='ocrx_word' id='word_1_360' title='bbox 3175 742 3374 805; x_wconf 83' lang='lat' dir='ltr'><strong>Deum</strong></span> <span class='ocrx_word' id='word_1_361' title='bbox 3419 755 3526 806; x_wconf 82' lang='lat' dir='ltr'><strong>sa-</strong></span> 
     </span>
     <span class='ocr_line' id='line_1_52' title="bbox 1984 844 3527 929; baseline 0.001 -19"><span class='ocrx_word' id='word_1_362' title='bbox 1984 847 2304 927; x_wconf 76' lang='lat' dir='ltr'><strong>pientiam</strong></span> <span class='ocrx_word' id='word_1_363' title='bbox 2331 844 2526 926; x_wconf 68' lang='lat' dir='ltr'><strong>hujus</strong></span> <span class='ocrx_word' id='word_1_364' title='bbox 2554 844 2786 911; x_wconf 78' lang='lat' dir='ltr'><strong>mundi</strong></span> <span class='ocrx_word' id='word_1_365' title='bbox 2804 893 2826 925; x_wconf 86' lang='lat'><strong>,</strong></span> <span class='ocrx_word' id='word_1_366' title='bbox 2855 844 3008 928; x_wconf 89' lang='lat' dir='ltr'><strong>quia</strong></span> <span class='ocrx_word' id='word_1_367' title='bbox 3047 845 3256 910; x_wconf 92' lang='lat' dir='ltr'><strong>omnis</strong></span> <span class='ocrx_word' id='word_1_368' title='bbox 3282 847 3527 929; x_wconf 87' lang='lat' dir='ltr'><strong>sapien-</strong></span> 
     </span>
     <span class='ocr_line' id='line_1_53' title="bbox 1990 951 3533 1034; baseline 0.001 -18"><span class='ocrx_word' id='word_1_369' title='bbox 1990 952 2080 1016; x_wconf 90' lang='lat' dir='ltr'><strong>tia</strong></span> <span class='ocrx_word' id='word_1_370' title='bbox 2105 952 2184 1016; x_wconf 90' lang='lat' dir='ltr'><strong>de</strong></span> <span class='ocrx_word' id='word_1_371' title='bbox 2208 951 2334 1016; x_wconf 90' lang='lat' dir='ltr'><strong>Deo</strong></span> <span class='ocrx_word' id='word_1_372' title='bbox 2364 952 2433 1015; x_wconf 91' lang='lat' dir='ltr'><strong>in</strong></span> <span class='ocrx_word' id='word_1_373' title='bbox 2467 953 2574 1014; x_wconf 88' lang='lat' dir='ltr'><strong>via</strong></span> <span class='ocrx_word' id='word_1_374' title='bbox 2609 952 2850 1034; x_wconf 87' lang='lat' dir='ltr'><strong>absque</strong></span> <span class='ocrx_word' id='word_1_375' title='bbox 2873 953 2997 1017; x_wconf 85' lang='lat' dir='ltr'><strong>fide</strong></span> <span class='ocrx_word' id='word_1_376' title='bbox 3025 953 3236 1034; x_wconf 85' lang='lat' dir='ltr'><strong>magis</strong></span> <span class='ocrx_word' id='word_1_377' title='bbox 3262 958 3355 1017; x_wconf 89' lang='lat' dir='ltr'><strong>est</strong></span> <span class='ocrx_word' id='word_1_378' title='bbox 3380 952 3533 1018; x_wconf 89' lang='lat' dir='ltr'><strong>stul·</strong></span> 
     </span>
     <span class='ocr_line' id='line_1_54' title="bbox 1989 1058 3530 1142; baseline 0.003 -21"><span class='ocrx_word' id='word_1_379' title='bbox 1989 1058 2159 1138; x_wconf 89' lang='lat' dir='ltr'><strong>titia,</strong></span> <span class='ocrx_word' id='word_1_380' title='bbox 2202 1077 2398 1140; x_wconf 91' lang='lat' dir='ltr'><strong>quam</strong></span> <span class='ocrx_word' id='word_1_381' title='bbox 2443 1077 2597 1124; x_wconf 87' lang='lat' dir='ltr'><strong>vera</strong></span> <span class='ocrx_word' id='word_1_382' title='bbox 2639 1059 2900 1124; x_wconf 87' lang='lat' dir='ltr'><strong>scientia</strong></span> <span class='ocrx_word' id='word_1_383' title='bbox 2947 1081 2963 1123; x_wconf 75' lang='grc' dir='ltr'>ε</span> <span class='ocrx_word' id='word_1_384' title='bbox 3017 1059 3315 1142; x_wconf 87' lang='lat' dir='ltr'><strong>deprimit</strong></span> <span class='ocrx_word' id='word_1_385' title='bbox 3357 1060 3530 1125; x_wconf 86' lang='lat' dir='ltr'><strong>enim</strong></span> 
     </span>
     <span class='ocr_line' id='line_1_55' title="bbox 1989 1167 3533 1248; baseline 0.003 -20"><span class='ocrx_word' id='word_1_386' title='bbox 1989 1168 2494 1248; x_wconf 87' lang='lat' dir='ltr'><strong>perscrutantem</strong></span> <span class='ocrx_word' id='word_1_387' title='bbox 2520 1167 2589 1230; x_wconf 92' lang='lat' dir='ltr'><strong>in</strong></span> <span class='ocrx_word' id='word_1_388' title='bbox 2616 1183 2933 1243; x_wconf 86' lang='lat' dir='ltr'><strong>errorem,</strong></span> <span class='ocrx_word' id='word_1_389' title='bbox 2963 1167 3087 1230; x_wconf 91' lang='lat' dir='ltr'><strong>nisi</strong></span> <span class='ocrx_word' id='word_1_390' title='bbox 3126 1168 3446 1248; x_wconf 87' lang='lat' dir='ltr'><strong>dirigatur</strong></span> <span class='ocrx_word' id='word_1_391' title='bbox 3468 1171 3533 1232; x_wconf 86' lang='lat' dir='ltr'><strong>et</strong></span> 
     </span>
     <span class='ocr_line' id='line_1_56' title="bbox 1982 1272 3530 1358; baseline 0.001 -20"><span class='ocrx_word' id='word_1_392' title='bbox 1982 1275 2250 1355; x_wconf 77' lang='lat' dir='ltr'><strong>Juvetur</strong></span> <span class='ocrx_word' id='word_1_393' title='bbox 2275 1289 2390 1356; x_wconf 88' lang='lat' dir='ltr'><strong>per</strong></span> <span class='ocrx_word' id='word_1_394' title='bbox 2415 1272 2564 1337; x_wconf 83' lang='lat' dir='ltr'><strong>fidei</strong></span> <span class='ocrx_word' id='word_1_395' title='bbox 2606 1272 3141 1339; x_wconf 87' lang='lat' dir='ltr'><strong>illuminationem</strong></span> <span class='ocrx_word' id='word_1_396' title='bbox 3168 1294 3184 1338; x_wconf 71' lang='grc' dir='ltr'><strong>ε</strong></span> <span class='ocrx_word' id='word_1_397' title='bbox 3219 1276 3391 1339; x_wconf 89' lang='lat' dir='ltr'><strong>unde</strong></span> <span class='ocrx_word' id='word_1_398' title='bbox 3415 1293 3530 1358; x_wconf 89' lang='lat' dir='ltr'><strong>per</strong></span> 
     </span>
     <span class='ocr_line' id='line_1_57' title="bbox 1989 1379 3527 1465; baseline 0.004 -23"><span class='ocrx_word' id='word_1_399' title='bbox 1989 1380 2196 1463; x_wconf 86' lang='lat' dir='ltr'><strong>ipsam</strong></span> <span class='ocrx_word' id='word_1_400' title='bbox 2220 1387 2354 1445; x_wconf 87' lang='lat' dir='ltr'><strong>non</strong></span> <span class='ocrx_word' id='word_1_401' title='bbox 2380 1379 2721 1462; x_wconf 85' lang='lat' dir='ltr'><strong>expellitur</strong></span> <span class='ocrx_word' id='word_1_402' title='bbox 2736 1428 2755 1459; x_wconf 90' lang='lat'><strong>,</strong></span> <span class='ocrx_word' id='word_1_403' title='bbox 2794 1379 2903 1444; x_wconf 86' lang='lat' dir='ltr'><strong>sed</strong></span> <span class='ocrx_word' id='word_1_404' title='bbox 2942 1381 3154 1462; x_wconf 81' lang='lat' dir='ltr'><strong>magis</strong></span> <span class='ocrx_word' id='word_1_405' title='bbox 3181 1382 3527 1465; x_wconf 83' lang='lat' dir='ltr'><strong>perficitur.</strong></span> 
     </span>
    </p>
   </div>
   <div class='ocr_carea' id='block_1_10' title="bbox 2445 1629 3096 1706">
    <p class='ocr_par' dir='ltr' id='par_1_11' title="bbox 2445 1629 3096 1706">
     <span class='ocr_line' id='line_1_58' title="bbox 2445 1629 3096 1706; baseline 0.008 -7"><span class='ocrx_word' id='word_1_406' title='bbox 2445 1629 2927 1701; x_wconf 87' lang='lat' dir='ltr'><strong>ARTICULUS</strong></span> <span class='ocrx_word' id='word_1_407' title='bbox 2972 1631 3096 1706; x_wconf 72' lang='lat'><em>111:</em></span> 
     </span>
    </p>
   </div>
   <div class='ocr_carea' id='block_1_11' title="bbox 1982 1814 3531 2546">
    <p class='ocr_par' dir='ltr' id='par_1_12' title="bbox 1982 1814 3531 2546">
     <span class='ocr_line' id='line_1_59' title="bbox 2068 1814 3529 1899; baseline 0.001 -21"><span class='ocrx_word' id='word_1_408' title='bbox 2068 1814 2539 1897; x_wconf 80' lang='lat' dir='ltr'><strong>consequenter</strong></span> <span class='ocrx_word' id='word_1_409' title='bbox 2578 1815 2894 1897; x_wconf 80' lang='lat' dir='ltr'><strong>quaeritur</strong></span> <span class='ocrx_word' id='word_1_410' title='bbox 2944 1816 3024 1881; x_wconf 89' lang='lat' dir='ltr'><strong>de</strong></span> <span class='ocrx_word' id='word_1_411' title='bbox 3075 1816 3320 1899; x_wconf 86' lang='lat' dir='ltr'><strong>objecto</strong></span> <span class='ocrx_word' id='word_1_412' title='bbox 3379 1816 3529 1881; x_wconf 82' lang='lat' dir='ltr'><strong>fidei</strong></span> 
     </span>
     <span class='ocr_line' id='line_1_60' title="bbox 1986 1921 3531 2005; baseline 0.001 -19"><span class='ocrx_word' id='word_1_413' title='bbox 1986 1926 2301 2005; x_wconf 88' lang='lat' dir='ltr'><strong>quantum</strong></span> <span class='ocrx_word' id='word_1_414' title='bbox 2335 1921 2419 1987; x_wconf 91' lang='lat' dir='ltr'><strong>ad</strong></span> <span class='ocrx_word' id='word_1_415' title='bbox 2456 1921 2737 1987; x_wconf 86' lang='lat' dir='ltr'><strong>nominis</strong></span> <span class='ocrx_word' id='word_1_416' title='bbox 2775 1922 3091 1989; x_wconf 87' lang='lat' dir='ltr'><strong>rationem</strong></span> <span class='ocrx_word' id='word_1_417' title='bbox 3134 1944 3151 1987; x_wconf 90' lang='lat'>:</span> <span class='ocrx_word' id='word_1_418' title='bbox 3200 1922 3531 1988; x_wconf 82' lang='lat' dir='ltr'><strong>consuevit</strong></span> 
     </span>
     <span class='ocr_line' id='line_1_61' title="bbox 1985 2030 3528 2100; baseline 0.002 -4"><span class='ocrx_word' id='word_1_419' title='bbox 1985 2033 2158 2097; x_wconf 90' lang='lat' dir='ltr'><strong>enim</strong></span> <span class='ocrx_word' id='word_1_420' title='bbox 2181 2031 2440 2097; x_wconf 87' lang='lat' dir='ltr'><strong>nomine</strong></span> <span class='ocrx_word' id='word_1_421' title='bbox 2486 2034 2754 2100; x_wconf 79' lang='lat' dir='ltr'><strong>articuli</strong></span> <span class='ocrx_word' id='word_1_422' title='bbox 2781 2033 3044 2098; x_wconf 89' lang='lat' dir='ltr'><strong>censeri.</strong></span> <span class='ocrx_word' id='word_1_423' title='bbox 3093 2030 3171 2095; x_wconf 87' lang='lat' dir='ltr'><strong>Et</strong></span> <span class='ocrx_word' id='word_1_424' title='bbox 3216 2032 3382 2098; x_wconf 89' lang='lat' dir='ltr'><strong>circa</strong></span> <span class='ocrx_word' id='word_1_425' title='bbox 3406 2033 3528 2099; x_wconf 91' lang='lat' dir='ltr'><strong>boc</strong></span> 
     </span>
     <span class='ocr_line' id='line_1_62' title="bbox 1984 2138 3525 2224; baseline 0.003 -22"><span class='ocrx_word' id='word_1_426' title='bbox 1984 2138 2111 2203; x_wconf 91' lang='lat' dir='ltr'><strong>duo</strong></span> <span class='ocrx_word' id='word_1_427' title='bbox 2128 2144 2511 2222; x_wconf 83' lang='lat' dir='ltr'><strong>quaeruntur</strong></span> <span class='ocrx_word' id='word_1_428' title='bbox 2522 2140 2868 2205; x_wconf 67' lang='lat' dir='ltr'><strong>oecundum</strong></span> <span class='ocrx_word' id='word_1_429' title='bbox 2887 2140 3200 2224; x_wconf 88' lang='lat' dir='ltr'><strong>duplicem</strong></span> <span class='ocrx_word' id='word_1_430' title='bbox 3214 2142 3525 2207; x_wconf 88' lang='lat' dir='ltr'><strong>rationem</strong></span> 
     </span>
     <span class='ocr_line' id='line_1_63' title="bbox 1984 2245 3517 2331; baseline 0.003 -21"><span class='ocrx_word' id='word_1_431' title='bbox 1984 2245 2269 2312; x_wconf 88' lang='lat' dir='ltr'><strong>articuli:</strong></span> <span class='ocrx_word' id='word_1_432' title='bbox 2299 2248 2507 2331; x_wconf 89' lang='lat' dir='ltr'><strong>primo</strong></span> <span class='ocrx_word' id='word_1_433' title='bbox 2534 2249 2846 2330; x_wconf 81' lang='lat' dir='ltr'><strong>quaeritur</strong></span> <span class='ocrx_word' id='word_1_434' title='bbox 2872 2249 2950 2314; x_wconf 88' lang='lat' dir='ltr'><strong>de</strong></span> <span class='ocrx_word' id='word_1_435' title='bbox 2976 2249 3221 2314; x_wconf 89' lang='lat' dir='ltr'><strong>ratione</strong></span> <span class='ocrx_word' id='word_1_436' title='bbox 3247 2249 3517 2330; x_wconf 88' lang='lat' dir='ltr'><strong>articuli,</strong></span> 
     </span>
     <span class='ocr_line' id='line_1_64' title="bbox 1983 2355 3514 2437; baseline 0.002 -19"><span class='ocrx_word' id='word_1_437' title='bbox 1983 2371 2132 2436; x_wconf 80' lang='lat' dir='ltr'><strong>quae</strong></span> <span class='ocrx_word' id='word_1_438' title='bbox 2157 2355 2522 2436; x_wconf 84' lang='lat' dir='ltr'><strong>assignatur</strong></span> <span class='ocrx_word' id='word_1_439' title='bbox 2548 2375 2588 2420; x_wconf 89' lang='lat' dir='ltr'><strong>a</strong></span> <span class='ocrx_word' id='word_1_440' title='bbox 2613 2355 2923 2421; x_wconf 88' lang='lat' dir='ltr'><strong>Richardo</strong></span> <span class='ocrx_word' id='word_1_441' title='bbox 2945 2378 2963 2436; x_wconf 92' lang='lat'>;</span> <span class='ocrx_word' id='word_1_442' title='bbox 2986 2357 3262 2423; x_wconf 88' lang='lat' dir='ltr'><strong>secundo</strong></span> <span class='ocrx_word' id='word_1_443' title='bbox 3288 2357 3366 2423; x_wconf 90' lang='lat' dir='ltr'><strong>de</strong></span> <span class='ocrx_word' id='word_1_444' title='bbox 3386 2358 3514 2437; x_wconf 89' lang='lat' dir='ltr'><strong>illa,</strong></span> 
     </span>
     <span class='ocr_line' id='line_1_65' title="bbox 1982 2463 2920 2546; baseline 0.003 -18"><span class='ocrx_word' id='word_1_445' title='bbox 1982 2482 2131 2546; x_wconf 83' lang='lat' dir='ltr'><strong>quae</strong></span> <span class='ocrx_word' id='word_1_446' title='bbox 2158 2464 2523 2546; x_wconf 83' lang='lat' dir='ltr'><strong>assignatur</strong></span> <span class='ocrx_word' id='word_1_447' title='bbox 2552 2465 2633 2529; x_wconf 90' lang='lat' dir='ltr'><strong>ab</strong></span> <span class='ocrx_word' id='word_1_448' title='bbox 2660 2463 2920 2531; x_wconf 87' lang='lat' dir='ltr'><strong>Isidoro.</strong></span> 
     </span>
    </p>
   </div>
   <div class='ocr_carea' id='block_1_12' title="bbox 2493 2689 2942 2770">
    <p class='ocr_par' dir='ltr' id='par_1_13' title="bbox 2493 2689 2942 2770">
     <span class='ocr_line' id='line_1_66' title="bbox 2493 2689 2942 2770; baseline 0 -14"><span class='ocrx_word' id='word_1_449' title='bbox 2493 2689 2850 2770; x_wconf 82' lang='lat' dir='ltr'><strong>QUAESTIO</strong></span> <span class='ocrx_word' id='word_1_450' title='bbox 2893 2693 2942 2756; x_wconf 91' lang='grc' dir='ltr'><strong>Ι.</strong></span> 
     </span>
    </p>
   </div>
   <div class='ocr_carea' id='block_1_13' title="bbox 2049 2859 3439 3007">
    <p class='ocr_par' dir='ltr' id='par_1_14' title="bbox 2049 2859 3439 3007">
     <span class='ocr_line' id='line_1_67' title="bbox 2049 2859 3439 2931; baseline 0 -15"><span class='ocrx_word' id='word_1_451' title='bbox 2049 2860 2144 2917; x_wconf 80' lang='lat' dir='ltr'><strong>Aa</strong></span> <span class='ocrx_word' id='word_1_452' title='bbox 2169 2861 2396 2916; x_wconf 72' lang='lat' dir='ltr'><strong>articuli</strong></span> <span class='ocrx_word' id='word_1_453' title='bbox 2413 2859 2670 2930; x_wconf 78' lang='lat' dir='ltr'><strong>diffinitio</strong></span> <span class='ocrx_word' id='word_1_454' title='bbox 2697 2875 2734 2915; x_wconf 91' lang='lat' dir='ltr'><strong>a</strong></span> <span class='ocrx_word' id='word_1_455' title='bbox 2761 2859 3030 2916; x_wconf 68' lang='lat' dir='ltr'><strong>Richardo</strong></span> <span class='ocrx_word' id='word_1_456' title='bbox 3059 2862 3341 2931; x_wconf 75' lang='lat' dir='ltr'><strong>assiqnata</strong></span> <span class='ocrx_word' id='word_1_457' title='bbox 3367 2862 3439 2916; x_wconf 73' lang='lat' dir='ltr'><strong>sit</strong></span> 
     </span>
     <span class='ocr_line' id='line_1_68' title="bbox 2558 2951 2936 3007; baseline -0.005 -1"><span class='ocrx_word' id='word_1_458' title='bbox 2558 2952 2868 3007; x_wconf 78' lang='lat' dir='ltr'><strong>conveniens</strong></span> <span class='ocrx_word' id='word_1_459' title='bbox 2892 2951 2936 3004; x_wconf 81' lang='lat'><strong>².</strong></span> 
     </span>
    </p>
   </div>
   <div class='ocr_carea' id='block_1_14' title="bbox 2056 3057 3729 3194">
    <p class='ocr_par' dir='ltr' id='par_1_15' title="bbox 2056 3057 3729 3194">
     <span class='ocr_line' id='line_1_69' title="bbox 2056 3057 3729 3194; baseline -0.003 -18"><span class='ocrx_word' id='word_1_460' title='bbox 2056 3109 2144 3176; x_wconf 89' lang='lat' dir='ltr'><strong>De</strong></span> <span class='ocrx_word' id='word_1_461' title='bbox 2168 3111 2274 3176; x_wconf 85' lang='lat' dir='ltr'><strong>illa</strong></span> <span class='ocrx_word' id='word_1_462' title='bbox 2307 3110 2551 3177; x_wconf 89' lang='lat' dir='ltr'><strong>ratione</strong></span> <span class='ocrx_word' id='word_1_463' title='bbox 2590 3057 2881 3176; x_wconf 88' lang='lat' dir='ltr'><strong>Richardi</strong></span> <span class='ocrx_word' id='word_1_464' title='bbox 2896 3158 2916 3191; x_wconf 91' lang='lat'><strong>,</strong></span> <span class='ocrx_word' id='word_1_465' title='bbox 2966 3125 3163 3194; x_wconf 87' lang='lat' dir='ltr'><strong>quam</strong></span> <span class='ocrx_word' id='word_1_466' title='bbox 3210 3109 3389 3194; x_wconf 90' lang='lat' dir='ltr'><strong>ponit</strong></span> <span class='ocrx_word' id='word_1_467' title='bbox 3433 3109 3512 3175; x_wconf 89' lang='lat' dir='ltr'><strong>de</strong></span> <span class='ocrx_word' id='word_1_468' title='bbox 3537 3090 3605 3135; x_wconf 55' lang='grc' dir='ltr'><strong>*Δ</strong></span> <span class='ocrx_word' id='word_1_469' title='bbox 3623 3103 3729 3151; x_wconf 67' lang='lat'><strong>‘’¹⁵¹&#39;-</strong></span> 
     </span>
    </p>
   </div>
   <div class='ocr_carea' id='block_1_15' title="bbox 1970 3217 3523 5235">
    <p class='ocr_par' dir='ltr' id='par_1_16' title="bbox 1970 3217 3513 4254">
     <span class='ocr_line' id='line_1_70' title="bbox 1976 3217 3511 3301; baseline -0.002 -17"><span class='ocrx_word' id='word_1_470' title='bbox 1976 3219 2266 3301; x_wconf 79' lang='lat' dir='ltr'><strong>articuIO,</strong></span> <span class='ocrx_word' id='word_1_471' title='bbox 2290 3219 2605 3284; x_wconf 83' lang='lat' dir='ltr'><strong>diffiniens</strong></span> <span class='ocrx_word' id='word_1_472' title='bbox 2621 3219 2711 3282; x_wconf 88' lang='lat' dir='ltr'><strong>sic</strong></span> <span class='ocrx_word' id='word_1_473' title='bbox 2727 3217 3103 3283; x_wconf 82' lang='lat' dir='ltr'><strong>articulum:</strong></span> <span class='ocrx_word' id='word_1_474' title='bbox 3130 3240 3161 3279; x_wconf 77' lang='grc' dir='ltr'>α</span> <span class='ocrx_word' id='word_1_475' title='bbox 3186 3218 3511 3282; x_wconf 79' lang='lat' dir='ltr'><strong>Articulus</strong></span> 
     </span>
     <span class='ocr_line' id='line_1_71' title="bbox 1975 3324 3513 3408; baseline -0.001 -17"><span class='ocrx_word' id='word_1_476' title='bbox 1975 3330 2068 3391; x_wconf 87' lang='lat' dir='ltr'><strong>est</strong></span> <span class='ocrx_word' id='word_1_477' title='bbox 2090 3326 2495 3391; x_wconf 87' lang='lat' dir='ltr'><strong>indivisibilis</strong></span> <span class='ocrx_word' id='word_1_478' title='bbox 2517 3324 2596 3408; x_wconf 89' lang='lat' dir='ltr'><strong>(a)</strong></span> <span class='ocrx_word' id='word_1_479' title='bbox 2615 3326 2850 3390; x_wconf 83' lang='lat' dir='ltr'><strong>veritas</strong></span> <span class='ocrx_word' id='word_1_480' title='bbox 2861 3325 2941 3390; x_wconf 90' lang='lat' dir='ltr'><strong>de</strong></span> <span class='ocrx_word' id='word_1_481' title='bbox 2958 3324 3107 3403; x_wconf 90' lang='lat' dir='ltr'><strong>Deo,</strong></span> <span class='ocrx_word' id='word_1_482' title='bbox 3121 3329 3371 3389; x_wconf 88' lang='lat' dir='ltr'><strong>arctans</strong></span> <span class='ocrx_word' id='word_1_483' title='bbox 3396 3340 3513 3389; x_wconf 88' lang='lat' dir='ltr'><strong>nos</strong></span> 
     </span>
     <span class='ocr_line' id='line_1_72' title="bbox 1975 3431 3511 3498; baseline -0.001 0"><span class='ocrx_word' id='word_1_484' title='bbox 1975 3432 2054 3498; x_wconf 88' lang='lat' dir='ltr'><strong>ad</strong></span> <span class='ocrx_word' id='word_1_485' title='bbox 2082 3432 2492 3498; x_wconf 88' lang='lat' dir='ltr'><strong>credendum.</strong></span> <span class='ocrx_word' id='word_1_486' title='bbox 2522 3453 2553 3492; x_wconf 74' lang='lat' dir='ltr'><strong>n</strong></span> <span class='ocrx_word' id='word_1_487' title='bbox 2590 3431 2818 3497; x_wconf 87' lang='lat' dir='ltr'><strong>Contra</strong></span> <span class='ocrx_word' id='word_1_488' title='bbox 2852 3432 3039 3496; x_wconf 88' lang='lat' dir='ltr'><strong>istam</strong></span> <span class='ocrx_word' id='word_1_489' title='bbox 3081 3431 3511 3497; x_wconf 84' lang='lat' dir='ltr'><strong>definitionem</strong></span> 
     </span>
     <span class='ocr_line' id='line_1_73' title="bbox 1974 3542 3511 3627; baseline -0.001 -19"><span class='ocrx_word' id='word_1_490' title='bbox 1974 3544 2273 3626; x_wconf 87' lang='lat' dir='ltr'><strong>objicitur</strong></span> <span class='ocrx_word' id='word_1_491' title='bbox 2298 3544 2508 3627; x_wconf 88' lang='lat' dir='ltr'><strong>primo</strong></span> <span class='ocrx_word' id='word_1_492' title='bbox 2534 3543 2775 3608; x_wconf 86' lang='lat' dir='ltr'><strong>ratione</strong></span> <span class='ocrx_word' id='word_1_493' title='bbox 2803 3543 3032 3626; x_wconf 80' lang='lat' dir='ltr'><strong>primae</strong></span> <span class='ocrx_word' id='word_1_494' title='bbox 3067 3543 3297 3626; x_wconf 86' lang='lat' dir='ltr'><strong>partis,</strong></span> <span class='ocrx_word' id='word_1_495' title='bbox 3336 3542 3511 3606; x_wconf 88' lang='lat' dir='ltr'><strong>scili-</strong></span> 
     </span>
     <span class='ocr_line' id='line_1_74' title="bbox 1974 3649 3510 3733; baseline 0 -17"><span class='ocrx_word' id='word_1_496' title='bbox 1974 3653 2071 3717; x_wconf 89' lang='lat' dir='ltr'><strong>cet</strong></span> <span class='ocrx_word' id='word_1_497' title='bbox 2096 3652 2343 3715; x_wconf 86' lang='lat' dir='ltr'><strong>ratione</strong></span> <span class='ocrx_word' id='word_1_498' title='bbox 2359 3651 2559 3733; x_wconf 87' lang='lat' dir='ltr'><strong>hujus</strong></span> <span class='ocrx_word' id='word_1_499' title='bbox 2584 3650 2755 3733; x_wconf 91' lang='lat' dir='ltr'><strong>quod</strong></span> <span class='ocrx_word' id='word_1_500' title='bbox 2777 3649 3048 3727; x_wconf 66' lang='lat' dir='ltr'><strong>diciturf,</strong></span> <span class='ocrx_word' id='word_1_501' title='bbox 3076 3649 3510 3716; x_wconf 76' lang='lat' dir='ltr'><strong>indivisibilis</strong></span> 
     </span>
     <span class='ocr_line' id='line_1_75' title="bbox 1974 3754 3510 3824; baseline -0.001 -1"><span class='ocrx_word' id='word_1_502' title='bbox 1974 3757 2306 3824; x_wconf 79' lang='lat' dir='ltr'><strong>veritasde</strong></span> <span class='ocrx_word' id='word_1_503' title='bbox 2334 3757 2455 3823; x_wconf 84' lang='lat' dir='ltr'><strong>Deo</strong></span> <span class='ocrx_word' id='word_1_504' title='bbox 2470 3777 2494 3818; x_wconf 80' lang='lat'><strong>.-</strong></span> <span class='ocrx_word' id='word_1_505' title='bbox 2518 3761 2547 3819; x_wconf 77' lang='lat'><strong>1</strong></span> <span class='ocrx_word' id='word_1_506' title='bbox 2562 3805 2577 3820; x_wconf 95' lang='lat'><strong>.</strong></span> <span class='ocrx_word' id='word_1_507' title='bbox 2601 3754 2868 3823; x_wconf 88' lang='lat' dir='ltr'><strong>Nullum</strong></span> <span class='ocrx_word' id='word_1_508' title='bbox 2888 3758 3062 3820; x_wconf 90' lang='lat' dir='ltr'><strong>enim</strong></span> <span class='ocrx_word' id='word_1_509' title='bbox 3089 3756 3320 3821; x_wconf 85' lang='lat' dir='ltr'><strong>mentis</strong></span> <span class='ocrx_word' id='word_1_510' title='bbox 3342 3774 3510 3821; x_wconf 86' lang='lat' dir='ltr'><strong>com·</strong></span> 
     </span>
     <span class='ocr_line' id='line_1_76' title="bbox 1970 3865 3511 3950; baseline 0 -20"><span class='ocrx_word' id='word_1_511' title='bbox 1970 3867 2238 3950; x_wconf 83' lang='lat' dir='ltr'><strong>plexum</strong></span> <span class='ocrx_word' id='word_1_512' title='bbox 2265 3869 2359 3930; x_wconf 86' lang='lat' dir='ltr'><strong>est</strong></span> <span class='ocrx_word' id='word_1_513' title='bbox 2381 3884 2614 3931; x_wconf 88' lang='lat' dir='ltr'><strong>verum</strong></span> <span class='ocrx_word' id='word_1_514' title='bbox 2640 3865 3052 3931; x_wconf 88' lang='lat' dir='ltr'><strong>indivisibile:</strong></span> <span class='ocrx_word' id='word_1_515' title='bbox 3078 3866 3190 3930; x_wconf 87' lang='lat' dir='ltr'><strong>sed</strong></span> <span class='ocrx_word' id='word_1_516' title='bbox 3206 3865 3511 3930; x_wconf 86' lang='lat' dir='ltr'><strong>articulus</strong></span> 
     </span>
     <span class='ocr_line' id='line_1_77' title="bbox 1973 3971 3513 4055; baseline -0.001 -17"><span class='ocrx_word' id='word_1_517' title='bbox 1973 3977 2067 4038; x_wconf 86' lang='lat' dir='ltr'><strong>est</strong></span> <span class='ocrx_word' id='word_1_518' title='bbox 2085 3990 2315 4038; x_wconf 80' lang='lat' dir='ltr'><strong>verum</strong></span> <span class='ocrx_word' id='word_1_519' title='bbox 2353 3974 2759 4055; x_wconf 84' lang='lat' dir='ltr'><strong>complexum</strong></span> <span class='ocrx_word' id='word_1_520' title='bbox 2786 3977 2860 4037; x_wconf 91' lang='lat' dir='ltr'><strong>ut</strong></span> <span class='ocrx_word' id='word_1_521' title='bbox 2885 3972 3269 4037; x_wconf 88' lang='lat' dir='ltr'><strong>enuntiabile</strong></span> <span class='ocrx_word' id='word_1_522' title='bbox 3290 4018 3307 4050; x_wconf 89' lang='lat'><strong>,</strong></span> <span class='ocrx_word' id='word_1_523' title='bbox 3348 3971 3513 4036; x_wconf 88' lang='lat' dir='ltr'><strong>sicut</strong></span> 
     </span>
     <span class='ocr_line' id='line_1_78' title="bbox 1973 4080 3509 4163; baseline 0.002 -20"><span class='ocrx_word' id='word_1_524' title='bbox 1973 4081 2043 4144; x_wconf 92' lang='lat' dir='ltr'><strong>in</strong></span> <span class='ocrx_word' id='word_1_525' title='bbox 2070 4080 2568 4163; x_wconf 69' lang='lat' dir='ltr'><strong>praecedentibus</strong></span> <span class='ocrx_word' id='word_1_526' title='bbox 2594 4082 2715 4145; x_wconf 86' lang='lat' dir='ltr'><strong>fuit</strong></span> <span class='ocrx_word' id='word_1_527' title='bbox 2761 4084 3084 4146; x_wconf 89' lang='lat' dir='ltr'><strong>ostensum</strong></span> <span class='ocrx_word' id='word_1_528' title='bbox 3114 4102 3131 4143; x_wconf 71' lang='grc' dir='ltr'>ε</span> <span class='ocrx_word' id='word_1_529' title='bbox 3176 4098 3333 4163; x_wconf 83' lang='lat' dir='ltr'><strong>ergo</strong></span> <span class='ocrx_word' id='word_1_530' title='bbox 3378 4098 3509 4146; x_wconf 91' lang='lat' dir='ltr'><strong>non</strong></span> 
     </span>
     <span class='ocr_line' id='line_1_79' title="bbox 1971 4188 2765 4254; baseline -0.003 -2"><span class='ocrx_word' id='word_1_531' title='bbox 1971 4195 2067 4252; x_wconf 84' lang='lat' dir='ltr'><strong>est</strong></span> <span class='ocrx_word' id='word_1_532' title='bbox 2090 4189 2326 4253; x_wconf 84' lang='lat' dir='ltr'><strong>veritas</strong></span> <span class='ocrx_word' id='word_1_533' title='bbox 2347 4188 2765 4254; x_wconf 59' lang='lat' dir='ltr'><strong>indivisibilis</strong></span> 
     </span>
    </p>

    <p class='ocr_par' dir='ltr' id='par_1_17' title="bbox 1971 4293 3515 4806">
     <span class='ocr_line' id='line_1_80' title="bbox 2050 4293 3512 4362; baseline -0.001 -4"><span class='ocrx_word' id='word_1_534' title='bbox 2050 4298 2113 4359; x_wconf 72' lang='grc' dir='ltr'><strong>Ξ.</strong></span> <span class='ocrx_word' id='word_1_535' title='bbox 2146 4295 2303 4360; x_wconf 89' lang='lat' dir='ltr'><strong>Item</strong></span> <span class='ocrx_word' id='word_1_536' title='bbox 2334 4315 2466 4361; x_wconf 88' lang='lat' dir='ltr'><strong>una</strong></span> <span class='ocrx_word' id='word_1_537' title='bbox 2488 4299 2737 4362; x_wconf 84' lang='lat' dir='ltr'><strong>tantum</strong></span> <span class='ocrx_word' id='word_1_538' title='bbox 2764 4298 2859 4359; x_wconf 90' lang='lat' dir='ltr'><strong>est</strong></span> <span class='ocrx_word' id='word_1_539' title='bbox 2890 4294 3122 4359; x_wconf 81' lang='lat' dir='ltr'><strong>veritas</strong></span> <span class='ocrx_word' id='word_1_540' title='bbox 3152 4293 3512 4360; x_wconf 84' lang='lat' dir='ltr'><strong>indivisibi-</strong></span> 
     </span>
     <span class='ocr_line' id='line_1_81' title="bbox 1971 4400 3512 4485; baseline -0.001 -18"><span class='ocrx_word' id='word_1_541' title='bbox 1971 4403 2050 4467; x_wconf 92' lang='lat' dir='ltr'><strong>lis</strong></span> <span class='ocrx_word' id='word_1_542' title='bbox 2079 4404 2248 4468; x_wconf 88' lang='lat' dir='ltr'><strong>circa</strong></span> <span class='ocrx_word' id='word_1_543' title='bbox 2275 4404 2516 4469; x_wconf 86' lang='lat' dir='ltr'><strong>Deum:</strong></span> <span class='ocrx_word' id='word_1_544' title='bbox 2552 4420 2712 4485; x_wconf 84' lang='lat' dir='ltr'><strong>ergo</strong></span> <span class='ocrx_word' id='word_1_545' title='bbox 2737 4402 2790 4467; x_wconf 89' lang='lat' dir='ltr'><strong>si</strong></span> <span class='ocrx_word' id='word_1_546' title='bbox 2827 4400 3131 4466; x_wconf 87' lang='lat' dir='ltr'><strong>articulus</strong></span> <span class='ocrx_word' id='word_1_547' title='bbox 3157 4405 3252 4466; x_wconf 89' lang='lat' dir='ltr'><strong>est</strong></span> <span class='ocrx_word' id='word_1_548' title='bbox 3277 4402 3512 4467; x_wconf 76' lang='lat' dir='ltr'><strong>verItas</strong></span> 
     </span>
     <span class='ocr_line' id='line_1_82' title="bbox 1973 4507 3515 4590; baseline -0.002 -16"><span class='ocrx_word' id='word_1_549' title='bbox 1973 4510 2367 4577; x_wconf 89' lang='lat' dir='ltr'><strong>indivisibilis</strong></span> <span class='ocrx_word' id='word_1_550' title='bbox 2392 4512 2470 4576; x_wconf 90' lang='lat' dir='ltr'><strong>de</strong></span> <span class='ocrx_word' id='word_1_551' title='bbox 2499 4511 2648 4589; x_wconf 89' lang='lat' dir='ltr'><strong>Deo,</strong></span> <span class='ocrx_word' id='word_1_552' title='bbox 2669 4528 2842 4575; x_wconf 89' lang='lat' dir='ltr'><strong>unus</strong></span> <span class='ocrx_word' id='word_1_553' title='bbox 2872 4512 3118 4573; x_wconf 89' lang='lat' dir='ltr'><strong>tantum</strong></span> <span class='ocrx_word' id='word_1_554' title='bbox 3155 4507 3226 4590; x_wconf 86' lang='lat' dir='ltr'><strong>(b)</strong></span> <span class='ocrx_word' id='word_1_555' title='bbox 3250 4511 3345 4573; x_wconf 88' lang='lat' dir='ltr'><strong>est</strong></span> <span class='ocrx_word' id='word_1_556' title='bbox 3368 4507 3515 4571; x_wconf 85' lang='lat' dir='ltr'><strong>arti·</strong></span> 
     </span>
     <span class='ocr_line' id='line_1_83' title="bbox 1973 4613 3513 4697; baseline -0.001 -17"><span class='ocrx_word' id='word_1_557' title='bbox 1973 4617 2156 4681; x_wconf 91' lang='lat' dir='ltr'><strong>culus</strong></span> <span class='ocrx_word' id='word_1_558' title='bbox 2184 4639 2199 4682; x_wconf 91' lang='lat'>:</span> <span class='ocrx_word' id='word_1_559' title='bbox 2242 4617 2353 4682; x_wconf 90' lang='lat' dir='ltr'><strong>sed</strong></span> <span class='ocrx_word' id='word_1_560' title='bbox 2378 4619 2500 4683; x_wconf 88' lang='lat' dir='ltr'><strong>hoc</strong></span> <span class='ocrx_word' id='word_1_561' title='bbox 2520 4619 2615 4682; x_wconf 84' lang='lat' dir='ltr'><strong>est</strong></span> <span class='ocrx_word' id='word_1_562' title='bbox 2646 4616 2876 4681; x_wconf 82' lang='lat' dir='ltr'><strong>falsum</strong></span> <span class='ocrx_word' id='word_1_563' title='bbox 2907 4638 2922 4679; x_wconf 89' lang='lat'><strong>:</strong></span> <span class='ocrx_word' id='word_1_564' title='bbox 2954 4632 3111 4697; x_wconf 84' lang='lat' dir='ltr'><strong>ergo</strong></span> <span class='ocrx_word' id='word_1_565' title='bbox 3137 4618 3200 4680; x_wconf 90' lang='lat' dir='ltr'><strong>et</strong></span> <span class='ocrx_word' id='word_1_566' title='bbox 3226 4613 3386 4680; x_wconf 90' lang='lat' dir='ltr'><strong>illud</strong></span> <span class='ocrx_word' id='word_1_567' title='bbox 3430 4632 3513 4678; x_wconf 86' lang='lat' dir='ltr'><strong>ex</strong></span> 
     </span>
     <span class='ocr_line' id='line_1_84' title="bbox 1973 4724 2437 4806; baseline 0.004 -20"><span class='ocrx_word' id='word_1_568' title='bbox 1973 4740 2105 4805; x_wconf 89' lang='lat' dir='ltr'><strong>quo</strong></span> <span class='ocrx_word' id='word_1_569' title='bbox 2130 4724 2437 4806; x_wconf 89' lang='lat' dir='ltr'><strong>sequitur.</strong></span> 
     </span>
    </p>

    <p class='ocr_par' dir='ltr' id='par_1_18' title="bbox 1977 4828 3523 5235">
     <span class='ocr_line' id='line_1_85' title="bbox 2056 4828 3515 4914; baseline -0.001 -19"><span class='ocrx_word' id='word_1_570' title='bbox 2056 4829 2216 4895; x_wconf 89' lang='lat' dir='ltr'><strong>Item</strong></span> <span class='ocrx_word' id='word_1_571' title='bbox 2245 4830 2404 4896; x_wconf 91' lang='lat' dir='ltr'><strong>nihil</strong></span> <span class='ocrx_word' id='word_1_572' title='bbox 2430 4830 2603 4914; x_wconf 91' lang='lat' dir='ltr'><strong>quod</strong></span> <span class='ocrx_word' id='word_1_573' title='bbox 2628 4833 2724 4895; x_wconf 88' lang='lat' dir='ltr'><strong>est</strong></span> <span class='ocrx_word' id='word_1_574' title='bbox 2748 4830 2886 4913; x_wconf 88' lang='lat' dir='ltr'><strong>ipse</strong></span> <span class='ocrx_word' id='word_1_575' title='bbox 2912 4828 3078 4894; x_wconf 88' lang='lat' dir='ltr'><strong>Deus</strong></span> <span class='ocrx_word' id='word_1_576' title='bbox 3101 4877 3119 4910; x_wconf 90' lang='lat'><strong>,</strong></span> <span class='ocrx_word' id='word_1_577' title='bbox 3149 4831 3246 4895; x_wconf 89' lang='lat' dir='ltr'><strong>est</strong></span> <span class='ocrx_word' id='word_1_578' title='bbox 3281 4828 3515 4895; x_wconf 85' lang='lat' dir='ltr'><strong>veritas</strong></span> 
     </span>
     <span class='ocr_line' id='line_1_86' title="bbox 1979 4935 3510 5020; baseline 0 -16"><span class='ocrx_word' id='word_1_579' title='bbox 1979 4940 2056 5006; x_wconf 92' lang='lat' dir='ltr'><strong>de</strong></span> <span class='ocrx_word' id='word_1_580' title='bbox 2082 4937 2211 5003; x_wconf 89' lang='lat' dir='ltr'><strong>Deo</strong></span> <span class='ocrx_word' id='word_1_581' title='bbox 2244 4960 2260 5004; x_wconf 72' lang='grc' dir='ltr'>ε</span> <span class='ocrx_word' id='word_1_582' title='bbox 2292 4937 2401 5002; x_wconf 89' lang='lat' dir='ltr'><strong>sed</strong></span> <span class='ocrx_word' id='word_1_583' title='bbox 2427 4938 2747 5020; x_wconf 88' lang='lat' dir='ltr'><strong>objectum</strong></span> <span class='ocrx_word' id='word_1_584' title='bbox 2779 4936 2927 5001; x_wconf 83' lang='lat' dir='ltr'><strong>fidei</strong></span> <span class='ocrx_word' id='word_1_585' title='bbox 2968 4939 3063 5001; x_wconf 89' lang='lat' dir='ltr'><strong>est</strong></span> <span class='ocrx_word' id='word_1_586' title='bbox 3109 4936 3243 5020; x_wconf 88' lang='lat' dir='ltr'><strong>ipse</strong></span> <span class='ocrx_word' id='word_1_587' title='bbox 3293 4935 3459 5001; x_wconf 88' lang='lat' dir='ltr'><strong>Deus</strong></span> <span class='ocrx_word' id='word_1_588' title='bbox 3493 4959 3510 5004; x_wconf 71' lang='grc' dir='ltr'><strong>ε</strong></span> 
     </span>
     <span class='ocr_line' id='line_1_87' title="bbox 1977 5043 3513 5130; baseline -0.002 -18"><span class='ocrx_word' id='word_1_589' title='bbox 1977 5066 2135 5130; x_wconf 81' lang='lat' dir='ltr'><strong>ergo</strong></span> <span class='ocrx_word' id='word_1_590' title='bbox 2164 5047 2484 5129; x_wconf 85' lang='lat' dir='ltr'><strong>objectum</strong></span> <span class='ocrx_word' id='word_1_591' title='bbox 2512 5044 2658 5109; x_wconf 84' lang='lat' dir='ltr'><strong>fidei</strong></span> <span class='ocrx_word' id='word_1_592' title='bbox 2680 5063 2813 5109; x_wconf 90' lang='lat' dir='ltr'><strong>non</strong></span> <span class='ocrx_word' id='word_1_593' title='bbox 2852 5047 2947 5108; x_wconf 89' lang='lat' dir='ltr'><strong>est</strong></span> <span class='ocrx_word' id='word_1_594' title='bbox 2971 5044 3204 5110; x_wconf 83' lang='lat' dir='ltr'><strong>veritas</strong></span> <span class='ocrx_word' id='word_1_595' title='bbox 3231 5044 3310 5109; x_wconf 89' lang='lat' dir='ltr'><strong>de</strong></span> <span class='ocrx_word' id='word_1_596' title='bbox 3336 5043 3463 5108; x_wconf 89' lang='lat' dir='ltr'><strong>Deo</strong></span> <span class='ocrx_word' id='word_1_597' title='bbox 3497 5067 3513 5109; x_wconf 77' lang='lat' dir='ltr'><strong>t</strong></span> 
     </span>
     <span class='ocr_line' id='line_1_88' title="bbox 1977 5150 3523 5235; baseline -0.003 -14"><span class='ocrx_word' id='word_1_598' title='bbox 1977 5157 2087 5221; x_wconf 88' lang='lat' dir='ltr'><strong>sed</strong></span> <span class='ocrx_word' id='word_1_599' title='bbox 2131 5154 2437 5220; x_wconf 87' lang='lat' dir='ltr'><strong>articulus</strong></span> <span class='ocrx_word' id='word_1_600' title='bbox 2481 5155 2574 5217; x_wconf 88' lang='lat' dir='ltr'><strong>est</strong></span> <span class='ocrx_word' id='word_1_601' title='bbox 2611 5152 2930 5234; x_wconf 90' lang='lat' dir='ltr'><strong>objectum</strong></span> <span class='ocrx_word' id='word_1_602' title='bbox 2974 5151 3123 5217; x_wconf 89' lang='lat' dir='ltr'><strong>fldei</strong></span> <span class='ocrx_word' id='word_1_603' title='bbox 3154 5171 3172 5216; x_wconf 77' lang='lat' dir='ltr'><strong>t</strong></span> <span class='ocrx_word' id='word_1_604' title='bbox 3210 5170 3368 5235; x_wconf 81' lang='lat' dir='ltr'><strong>ergo</strong></span> <span class='ocrx_word' id='word_1_605' title='bbox 3412 5150 3523 5217; x_wconf 90' lang='lat' dir='ltr'><strong>in-</strong></span> 
     </span>
    </p>
   </div>
   <div class='ocr_carea' id='block_1_16' title="bbox 1978 5350 3530 5560">
    <p class='ocr_par' dir='ltr' id='par_1_19' title="bbox 1978 5350 3530 5560">
     <span class='ocr_line' id='line_1_89' title="bbox 1982 5350 3527 5419; baseline -0.001 -14"><span class='ocrx_word' id='word_1_606' title='bbox 1982 5357 2047 5405; x_wconf 89' lang='lat'><strong>111</strong></span> <span class='ocrx_word' id='word_1_607' title='bbox 2070 5355 2228 5412; x_wconf 67' lang='lat' dir='ltr'><strong>Seni„</strong></span> <span class='ocrx_word' id='word_1_608' title='bbox 2254 5352 2369 5402; x_wconf 85' lang='lat' dir='ltr'><strong>dist.</strong></span> <span class='ocrx_word' id='word_1_609' title='bbox 2391 5361 2514 5414; x_wconf 72' lang='lat' dir='ltr'><strong>xxv,</strong></span> <span class='ocrx_word' id='word_1_610' title='bbox 2538 5365 2588 5414; x_wconf 92' lang='lat' dir='ltr'><strong>q.</strong></span> <span class='ocrx_word' id='word_1_611' title='bbox 2612 5364 2649 5412; x_wconf 87' lang='lat'><strong>1,</strong></span> <span class='ocrx_word' id='word_1_612' title='bbox 2664 5353 2761 5399; x_wconf 81' lang='lat' dir='ltr'><strong>art.</strong></span> <span class='ocrx_word' id='word_1_613' title='bbox 2782 5352 2841 5413; x_wconf 78' lang='lat'><strong>33</strong></span> <span class='ocrx_word' id='word_1_614' title='bbox 2865 5351 3041 5415; x_wconf 84' lang='lat' dir='ltr'><strong>Steph.</strong></span> <span class='ocrx_word' id='word_1_615' title='bbox 3063 5350 3269 5414; x_wconf 81' lang='lat' dir='ltr'><strong>Brulef.‚</strong></span> <span class='ocrx_word' id='word_1_616' title='bbox 3291 5353 3351 5402; x_wconf 85' lang='grc' dir='ltr'><strong>ΙΙΙ</strong></span> <span class='ocrx_word' id='word_1_617' title='bbox 3367 5353 3527 5419; x_wconf 63' lang='lat' dir='ltr'><strong>Sent„</strong></span> 
     </span>
     <span class='ocr_line' id='line_1_90' title="bbox 1979 5421 3530 5488; baseline 0 -12"><span class='ocrx_word' id='word_1_618' title='bbox 1979 5426 2094 5477; x_wconf 82' lang='lat' dir='ltr'><strong>dist.</strong></span> <span class='ocrx_word' id='word_1_619' title='bbox 2117 5437 2249 5486; x_wconf 76' lang='lat' dir='ltr'><strong>xxv,</strong></span> <span class='ocrx_word' id='word_1_620' title='bbox 2286 5438 2335 5488; x_wconf 90' lang='lat' dir='ltr'><strong>q.</strong></span> <span class='ocrx_word' id='word_1_621' title='bbox 2364 5434 2408 5484; x_wconf 83' lang='lat'><strong>13</strong></span> <span class='ocrx_word' id='word_1_622' title='bbox 2440 5422 2564 5472; x_wconf 84' lang='lat' dir='ltr'><strong>Gab.</strong></span> <span class='ocrx_word' id='word_1_623' title='bbox 2599 5422 2743 5485; x_wconf 62' lang='lat' dir='ltr'><strong>niet,</strong></span> <span class='ocrx_word' id='word_1_624' title='bbox 2774 5422 2837 5471; x_wconf 83' lang='grc' dir='ltr'><strong>ΙΙΙ</strong></span> <span class='ocrx_word' id='word_1_625' title='bbox 2866 5421 3026 5484; x_wconf 53' lang='lat' dir='ltr'><strong>Sena,</strong></span> <span class='ocrx_word' id='word_1_626' title='bbox 3051 5422 3165 5472; x_wconf 86' lang='lat' dir='ltr'><strong>dist.</strong></span> <span class='ocrx_word' id='word_1_627' title='bbox 3198 5434 3345 5485; x_wconf 62' lang='lat' dir='ltr'><strong>xxm,</strong></span> <span class='ocrx_word' id='word_1_628' title='bbox 3374 5438 3426 5487; x_wconf 92' lang='lat' dir='ltr'><strong>q.</strong></span> <span class='ocrx_word' id='word_1_629' title='bbox 3470 5437 3530 5487; x_wconf 79' lang='lat' dir='ltr'><strong>t,</strong></span> 
     </span>
     <span class='ocr_line' id='line_1_91' title="bbox 1978 5492 3398 5560; baseline -0.004 -12"><span class='ocrx_word' id='word_1_630' title='bbox 1978 5502 2073 5549; x_wconf 84' lang='lat' dir='ltr'><strong>art.</strong></span> <span class='ocrx_word' id='word_1_631' title='bbox 2102 5499 2150 5547; x_wconf 82' lang='lat'><strong>3.</strong></span> <span class='ocrx_word' id='word_1_632' title='bbox 2175 5522 2237 5533; x_wconf 90' lang='lat'>-</span> <span class='ocrx_word' id='word_1_633' title='bbox 2270 5495 2335 5560; x_wconf 81' lang='lat' dir='ltr'><strong>(a)</strong></span> <span class='ocrx_word' id='word_1_634' title='bbox 2367 5493 2501 5544; x_wconf 72' lang='lat' dir='ltr'><strong>Edit.</strong></span> <span class='ocrx_word' id='word_1_635' title='bbox 2533 5493 2669 5544; x_wconf 77' lang='lat' dir='ltr'><strong>Vent.</strong></span> <span class='ocrx_word' id='word_1_636' title='bbox 2699 5492 2987 5545; x_wconf 81' lang='lat' dir='ltr'><strong>divisibilis.</strong></span> <span class='ocrx_word' id='word_1_637' title='bbox 3015 5519 3072 5530; x_wconf 95' lang='lat'>—</span> <span class='ocrx_word' id='word_1_638' title='bbox 3105 5492 3168 5557; x_wconf 83' lang='grc' dir='ltr'><strong>(ὁ)</strong></span> <span class='ocrx_word' id='word_1_639' title='bbox 3206 5498 3398 5545; x_wconf 80' lang='lat' dir='ltr'><strong>tamen.</strong></span> 
     </span>
    </p>
   </div>
  </div>
 </body>
</html>
