4185 6288
1083 485 1462 553 ms‘rmc'r.
1502 484 1744 556 xxvn.
1787 489 1971 559 ΛΒΤ.
2014 493 2064 560 1.
2111 495 2417 576 QUAEST.
2464 502 2542 568 11.

220 625 347 707 nis,
378 626 502 691 nisi
523 627 734 691 solum
755 643 869 708 per
890 622 1365 700 radicationem‚
1394 624 1752 690 secundum

219 733 387 816 quod
423 732 576 797 dicit
610 732 984 814 Gregorius¹
1005 780 1026 810 ,
1056 730 1228 813 quod
1265 734 1580 814 praecepta
1607 737 1758 797 sunt

219 838 420 903 multa
458 857 573 922 per
608 838 1038 904 diversitatem
1076 838 1318 920 operis,
1349 841 1413 901 et
1453 856 1665 902 unum
1688 839 1757 903 in

217 948 422 1013 radice
459 947 812 1012 dilectionis
845 946 1045 1030 :quia
1097 945 1407 1029 quidquid
1465 947 1757 1030 praecipi-

218 1058 345 1136 tur,
377 1057 447 1119 in
473 1054 608 1118 sola
641 1053 946 1118 charitate
979 1053 1298 1118 radicatur
1329 1075 1344 1116 z
1375 1052 1500 1117 hoc
1541 1058 1759 1118 autem

219 1180 348 1227 non
371 1165 468 1228 est
491 1161 645 1244 quia
656 1160 854 1225 solius
867 1160 1190 1224 char-itatis
1216 1160 1296 1223 sit
1321 1160 1555 1243 exequi
1580 1179 1759 1244 prae-

219 1272 396 1353 cepta
434 1270 757 1352 injuncta,
789 1268 900 1333 sed
938 1267 1094 1350 quia
1127 1267 1270 1331 aliae
1309 1267 1580 1332 virtutes
1622 1268 1760 1334 sine

220 1375 523 1439 charitate
575 1391 706 1438 non
754 1376 1169 1456 exequuntur
1198 1372 1419 1437 divina
1444 1377 1762 1457 praeeepta

219 1482 567 1547 secundum
596 1482 1091 1564 acceptationem
1119 1480 1428 1546 divinam.

299 1593 361 1653 5.
390 1589 491 1655 Ad
516 1589 676 1654 illud
700 1589 873 1672 quod
892 1588 1211 1671 objicitur,
1241 1587 1412 1669 quod
1439 1588 1759 1670 objectum

222 1697 545 1762 charitatis
611 1713 956 1761 commune
1021 1700 1115 1759 est
1170 1695 1436 1777 objectis
1488 1695 1761 1759 aliarum

222 1804 537 1870 virtutum
555 1852 574 1883 ,
602 1800 1113 1886 respondendum
1154 1804 1250 1866 est
1299 1819 1411 1884 per
1453 1800 1760 1865 interem-

221 1911 501 1994 ptionem
517 1958 536 1989 ‚
567 1910 719 1993 quia
747 1909 1070 1991 objectum
1114 1907 1440 1971 charitatis
1490 1924 1624 1970 non
1667 1910 1765 1971 cst

221 2019 672 2103 quodcumque
695 2019 965 2094 bonum,
996 2016 1105 2081 sed
1130 2017 1375 2080 bonum
1401 2031 1759 2090 summum,

221 2131 284 2193 et
309 2126 553 2189 bonum
578 2125 702 2189 suh
728 2124 972 2190 ratione
999 2123 1154 2187 boni
1187 2140 1204 2185 t
1233 2125 1298 2186 et
1330 2122 1420 2186 ita
1441 2121 1764 2203 objectum

221 2233 547 2298 charitatis
597 2232 1021 2314 distinguitur
1058 2231 1415 2295 secundum
1468 2230 1765 2294 substan-

224 2342 377 2406 tiam
404 2341 485 2405 ab
511 2340 773 2423 objectis
798 2339 1116 2405 virtutum
1142 2336 1591 2414 cardinalium,
1619 2353 1766 2418 quae

222 2448 459 2512 habent
487 2448 811 2530 objectum
851 2451 1175 2525 creatum;
1220 2445 1302 2509 ab
1342 2444 1584 2526 objecto
1610 2460 1766 2506 vero

224 2555 495 2620 aliarum
521 2556 836 2620 virtutum
874 2553 1378 2635 theologicarum
1413 2551 1767 2617 secundum

224 2663 646 2727 substantiam
669 2680 800 2725 non
826 2660 1266 2742 distinguitur,
1286 2661 1395 2724 sed
1411 2659 1765 2723 secundum

223 2770 534 2835 rationem
578 2767 877 2832 movendi
911 2790 926 2832 z
955 2786 1102 2850 quae
1146 2767 1406 2849 quidem
1432 2767 1593 2829 ratio
1620 2783 1766 2830 mo-

224 2877 415 2942 vendi
433 2894 451 2938 2
480 2877 628 2940 facit
652 2875 1081 2940 diversitatem
1095 2875 1162 2938 in
1181 2877 1323 2938 actu
1334 2922 1352 2950 ,
1369 2878 1433 2937 et
1441 2873 1689 2952 habitu,
1706 2878 1770 2937 et

224 2985 505 3068 potentia
531 2982 899 3048 substantiae
927 2986 1140 3059 motae,
1169 2981 1330 3044 sicut
1355 2983 1525 3063 patet
1556 2979 1766 3061 :quia,

225 3091 522 3176 quamvis
549 3108 755 3156 unum
773 3096 835 3156 et
849 3090 1019 3156 idem
1053 3090 1136 3155 sit
1160 3107 1390 3155 verum
1416 3091 1479 3153 et
1499 3087 1765 3167 bonum,

225 3205 440 3264 tamen
473 3200 751 3281 cognitio
765 3202 829 3263 et
853 3197 1120 3278 affectiO,
1143 3201 1205 3261 et
1230 3197 1509 3279 potentia
1543 3195 1767 3278 cogni-

225 3307 359 3371 tiva
381 3311 449 3372 et
472 3306 767 3370 affectiva
783 3352 800 3382 ,
847 3309 912 3370 et
950 3306 1208 3370 habitus
1248 3304 1526 3369 scientiae
1553 3308 1617 3367 et
1641 3302 1770 3369 vir·

227 3414 381 3478 tutis
406 3413 642 3477 habent
662 3413 743 3476 ab
774 3412 854 3496 (a)
889 3412 1168 3478 invicem
1202 3411 1646 3476 differentiam.

303 3524 365 3584 6.
406 3520 505 3585 Ad
531 3520 690 3584 illud
720 3520 890 3602 quod
918 3520 1218 3602 objicitur
1233 3566 1255 3598 ‚
1284 3519 1459 3601 quod
1496 3518 1770 3583 charitas

222 3629 457 3712 sufficit
484 3629 566 3693 ad
593 3628 935 3710 praemium
973 3631 1039 3691 et
1062 3628 1142 3692 ad
1183 3628 1520 3703 meritum,
1550 3627 1793 3705 dicen-0

221 3737 381 3801 dum
410 3736 581 3819 quod
608 3736 881 3800 charitas
910 3736 1137 3800 dicitur
1164 3735 1452 3800 sufficere
1475 3733 1556 3799 ad
1583 3735 1769 3798 meri-

224 3848 370 3910 tum
409 3847 474 3908 et
510 3843 592 3908 ad
627 3843 963 3926 praemium
1003 3846 1262 3925 propter
1306 3842 1766 3907 connexionem

220 3951 501 4016 aliarum
525 3949 841 4016 virtutum
864 3954 927 4014 et
955 3948 1203 4014 dotum.
1230 3948 1351 4026 Qui
1378 3949 1552 4013 enim
1577 3948 1769 4013 habet

217 4058 595 4123 charitatem
611 4105 632 4136 ,
663 4057 856 4122 habet
888 4056 1045 4120 alias
1070 4056 1340 4119 virtutes
1371 4077 1389 4119 ε
1416 4060 1481 4119 et
1506 4056 1621 4139 qui
1645 4057 1761 4120 ha-

220 4166 333 4230 bet
356 4165 567 4231 dotem
593 4165 716 4229 sibi
746 4163 1365 4246 correspondentem,
1392 4162 1588 4226 habet
1611 4162 1766 4226 alias

213 4274 400 4339 dotes
416 4320 435 4351 ‚
478 4277 539 4337 et
568 4273 659 4337 ita
684 4272 1126 4336 sufficientiam
1152 4270 1221 4333 in
1257 4269 1482 4334 merito
1509 4273 1572 4334 et
1597 4287 1762 4352 prae-

212 4380 357 4446 mio
372 4427 391 4458 ,
420 4398 552 4445 non
580 4379 825 4444 ratione
848 4378 1173 4443 charitatis
1197 4380 1448 4441 tantum
1466 4425 1485 4457 ,
1515 4378 1625 4442 sed
1653 4396 1765 4441 ra-

210 4489 394 4555 tione
416 4488 693 4553 aliarum
717 4487 1035 4552 virtutum
1060 4504 1486 4550 annexarum.
1519 4483 1597 4548 Et
1624 4485 1764 4550 ideo

210 4615 305 4662 ex
348 4596 473 4662 hoc
508 4611 646 4659 non
680 4597 885 4678 potest
923 4592 1242 4673 concludi,
1272 4591 1443 4675 quod
1471 4593 1613 4657 aliae
1639 4593 1764 4658 vir·

209 4706 391 4768 tutes
415 4701 846 4784 superfluant,
878 4699 981 4764 vel
1016 4700 1191 4782 quod
1214 4699 1488 4764 charitas
1514 4700 1647 4765 sola
1684 4700 1766 4763 sit

208 4809 430 4875 virtus
469 4809 550 4872 ab
581 4808 722 4872 aliis
764 4825 895 4872 non
940 4807 1263 4885 distincta,
1312 4825 1428 4888 pro
1465 4824 1542 4871 eo
1590 4807 1763 4890 quod

207 4934 354 4982 non
411 4915 606 4981 habet
652 4914 1095 4980 sufficientiam
1148 4932 1263 4997 per
1310 4932 1379 4979 se
1433 4914 1566 4979 sola
1586 4962 1605 4994 ‚
1654 4915 1762 4978 sed

207 5027 415 5110 prout
452 5027 548 5088 est
588 5040 739 5088 cum
778 5022 917 5088 aliis
961 5025 1101 5106 conj
1112 5026 1325 5088 uncta.
1367 5021 1447 5087 Et
1490 5041 1603 5104 per
1639 5021 1764 5087 hoc

205 5133 394 5215 patet
437 5130 609 5212 quod
662 5147 795 5194 non
839 5132 1044 5213 potest
1091 5128 1320 5212 aliquis
1373 5128 1762 5194 sufficienter

208 5306 215 5311 ”
284 5328 303 5361 ¹
332 5328 505 5392 areg„
524 5327 578 5375 in
596 5327 813 5390 Evanq„
839 5325 1261 5377 hom.xxv11.-²
1278 5327 1356 5390 cs.
1381 5327 1519 5379 mex.
1545 5328 1758 5394 Mensis,

206 5398 392 5462 Com„
408 5412 467 5463 p.
492 5399 576 5458 ΙΙΙ,
594 5396 711 5449 coti.
732 5408 858 5457 nvn,
877 5401 971 5448 art.
997 5400 1052 5460 5;
1071 5398 1123 5449 S.
1145 5396 1348 5460 Thom.,
1374 5399 1508 5461 n-n,
1533 5414 1589 5465 q.
1604 5412 1756 5459 xxm,

197 5476 313 5523 nrt.
332 5472 480 5533 :snt
498 5471 568 5521 111
592 5469 755 5533 Sati„
774 5469 897 5520 dist.
920 5480 1084 5534 nm,
1114 5482 1166 5534 q.
1195 5474 1388 5534 mart.
1405 5474 1465 5534 ὠς
1488 5472 1753 5538 menard„

3283 517 3400 581 603

1864 631 2119 712 mereri,
2146 633 2269 698 nisi
2290 642 2518 719 speret,
2548 644 2612 705 et
2638 642 2851 709 credat
2881 666 2897 708 z
2929 664 3266 729 nunquam
3290 668 3403 713 au-

1862 740 1995 802 tem
2024 743 2228 821 potaet
2253 742 2482 827 aliquis
2506 764 2639 812 esse
2665 751 2996 832 expeditus
3023 757 3086 817 et
3112 755 3404 820 habilita-

1863 849 1971 909 tus
2008 846 2089 910 ad
2130 850 2514 916 credendum
2553 858 2617 919 et
2652 859 3068 940 sperandum,
3100 861 3222 926 nisi
3258 881 3403 929 me-

1866 952 2079 1019 diante
2107 955 2229 1022 fide
2256 963 2320 1022 et
2344 977 2457 1042 spe
2491 962 2823 1030 :similiter
2847 966 3012 1033 circa
3037 970 3210 1034 dotes
3239 989 3400 1053 prae-

1868 1060 1984 1125 mii
2013 1061 2500 1147 intelligendum
2522 1073 2636 1134 est.

2385 1300 2743 1379 QUAESTIO
2787 1304 2864 1371 11.

1906 1459 1996 1519 An
2019 1421 2241 1520 habitus
2263 1465 2559 1525 charitatis
2582 1471 2660 1525 sit
2683 1485 2821 1528 unus
2843 1472 3111 1531 indivisus
3123 1514 3143 1545 ,
3172 1491 3249 1532 an
3270 1492 3372 1548 per

2253 1613 2258 1616 Α
2296 1557 2491 1626 species
2517 1558 2914 1631 multiplicatus
2940 1561 2985 1619 ².

1918 1687 1922 1691 Δ
1948 1711 2178 1777 Utrum
2208 1713 2468 1780 habitus
2497 1718 2820 1784 charitatis
2859 1723 2939 1786 sit
2975 1743 3144 1789 unus
3170 1725 3408 1791 indivi-
3445 1753 3513 1797 Aa
3542 1766 3646 1809 opp.

1869 1837 2008 1899 sus,
2050 1839 2134 1884 an
2164 1839 2281 1904 per
2318 1824 2560 1906 species
2600 1827 3096 1912 multiplicatus;
3132 1836 3195 1897 et
3238 1835 3410 1916 quod

1867 1926 2101 1993 habeat
2171 1947 2287 2012 per
2353 1933 2594 2015 species
2646 1938 3050 2021 multiplicari
3078 1990 3096 2020 ,
3159 1942 3412 2006 videtur

1869 2034 2078 2116 primo
2123 2055 2239 2119 per
2287 2038 2531 2123 objecta
2563 2064 2578 2106 t
2610 2045 2915 2126 quoniam
2962 2047 3127 2112 circa
3163 2049 3413 2113 diversa

1871 2143 2068 2208 volita
2107 2148 2170 2209 et
2214 2147 2461 2230 objecta
2502 2148 2771 2216 diversae
2819 2156 2970 2217 sunt
3012 2154 3369 2220 voluntates
3391 2205 3410 2237 ,

1874 2250 1975 2315 vel
2000 2252 2296 2320 virtutes.
2334 2255 2509 2322 Sicut
2535 2260 2709 2324 enim
2741 2260 2881 2326 vult
2928 2262 3334 2344 Augustinus
3352 2270 3375 2305 ⁸
3393 2313 3411 2342 ,

1872 2359 2265 2442 voluntateS,
2309 2364 2411 2428 vel
2455 2366 2722 2431 virtutes
2768 2368 3275 2436 diversificantur
3314 2391 3413 2437 se-

1875 2469 2159 2533 cundum
2192 2470 2387 2535 volita
2431 2494 2447 2536 :
2479 2474 2587 2537 sed
2627 2475 2901 2540 charitas
2945 2481 3039 2541 est
3077 2497 3257 2544 amor
3305 2481 3416 2544 Dei

1876 2577 1938 2638 et
1965 2576 2246 2659 proximi
2278 2598 2296 2645 z
2338 2579 2392 2641 si
2429 2598 2588 2661 ergo
2634 2581 2800 2646 Deus
2840 2586 2907 2647 et
2944 2586 3277 2667 proximus
3322 2588 3417 2652 di-

1877 2688 2044 2749 stant
2082 2686 2379 2751 distantia
2406 2688 2679 2770 infinita,
2711 2710 2965 2758 necesse
2988 2697 3082 2758 est
3121 2680 3416 2760 habitum

1876 2793 2285 2874 reguiantem
2328 2796 2625 2860 animum
2665 2799 2746 2863 ad
2784 2801 3134 2866 amandum
3173 2801 3376 2868 Deum
3396 2852 3415 2882 ,

1878 2905 1941 2965 et
1970 2901 2050 2965 ad
2095 2902 2442 2969 amandum
2483 2901 2885 2989 proximum,
2925 2928 3060 2975 esse
3095 2911 3329 2993 alium,
3360 2919 3424 2978 et

1876 3007 2101 3072 alium.
2880 3028 2886 3032 ·

1956 3121 2015 3180 2.
2078 3116 2237 3182 item
2285 3118 2410 3185 hoc
2451 3120 2665 3204 ipsum
2711 3123 3062 3190 ostenditur
3103 3144 3218 3209 per
3262 3147 3422 3211 prae-

1879 3227 2081 3306 cepta,
2132 3227 2287 3308 quia
2317 3227 2437 3291 ubi
2473 3232 2626 3294 sunt
2662 3230 2915 3297 diversa
2957 3240 3295 3317 praecepta,
3334 3236 3422 3299 ibi

1878 3331 2116 3396 diversi
2170 3337 2322 3398 sunt
2375 3335 2631 3401 habitus
2673 3338 3080 3405 habilitantes
3135 3342 3419 3406 animam

1877 3441 1960 3505 ad
2015 3440 2126 3505 illa
2172 3447 2490 3527 praecepta
2534 3446 2895 3530 implenda,
2945 3450 3227 3515 maxime
3271 3470 3420 3516 cum

1877 3546 2030 3630 ipsis
2082 3552 2412 3634 praeceptis
2460 3555 2920 3638 praecipiuntur
2969 3575 3162 3640 opera
3215 3559 3419 3623 virtu-

1878 3658 2020 3719 tum
2069 3678 2084 3720 z
2133 3658 2187 3721 si
2239 3677 2398 3742 ergo
2446 3662 2614 3726 circa
2657 3667 2873 3727 actum
2915 3665 3238 3730 charitatis
3291 3667 3420 3732 duo

1878 3766 2231 3832 consistunt
2281 3770 2582 3835 mandata
2598 3819 2619 3850 ,
2674 3774 2928 3838 videtur
2980 3775 3152 3858 quod
3211 3777 3420 3842 virtus

1876 3872 2199 3939 charitatis
2224 3894 2358 3942 non
2384 3877 2465 3942 sit
2491 3897 2646 3943 una.

1958 3986 2019 4046 3.
2050 3981 2209 4047 Item
2252 3983 2375 4049 hoc
2410 3984 2623 4068 ipsum
2668 3988 3018 4053 ostenditur
3044 4006 3158 4072 per
3198 3992 3420 4056 modos

1875 4088 2201 4171 diligendi.
2250 4092 2430 4156 Alius
2476 4095 2649 4157 enim
2705 4098 2799 4158 est
2844 4095 3073 4160 modus
3112 4097 3420 4179 diligendi

1877 4197 2082 4264 Deum
2105 4248 2122 4277 ,
2175 4218 2371 4282 quam
2419 4201 2726 4282 diligendi
2770 4202 3164 4285 proximum.
3218 4205 3418 4270 Deum

1876 4306 2051 4370 enim
2076 4307 2259 4373 debet
2279 4310 2730 4392 unusquisque
2756 4311 3026 4392 diligere
3054 4312 3198 4394 plus
3219 4332 3416 4396 quam

1876 4430 1943 4478 se
1973 4433 2055 4479 ex
2086 4419 2213 4480 toto
2241 4417 2463 4497 corde3
2496 4418 2604 4482 sed
2646 4418 3018 4500 proximum
3044 4420 3209 4484 sicut
3248 4422 3419 4505 seip-

1874 4538 2045 4597 sum,
2092 4527 2156 4586 et
2189 4542 2271 4587 ex
2310 4527 2511 4607 parte.
2549 4523 2618 4588 Si
2661 4543 2819 4606 ergo
2862 4524 3119 4589 habitus
3164 4526 3420 4592 virtutis

1874 4630 2065 4695 datur
2091 4632 2174 4697 ad
2197 4633 2691 4699 modificandum
2720 4639 2955 4712 actum,
2988 4652 3137 4698 cum
3166 4634 3329 4700 alius
3357 4643 3421 4700 et

1875 4739 2039 4803 alius
2078 4740 2160 4803 sit
2200 4740 2356 4805 hinc
2399 4744 2462 4806 et
2490 4741 2638 4806 inde
2678 4741 2943 4822 moduS,
2974 4742 3138 4807 alius
3164 4747 3230 4808 et
3254 4744 3421 4808 alius

1874 4849 1995 4949 erit
2018 4848 2174 4912 hinc
2196 4852 2260 4914 et
2284 4849 2431 4914 inde
2457 4850 2733 4915 habitus

1953 4961 2014 5020 4.
2046 4956 2206 5022 Item
2245 4958 2367 5022 hoc
2401 4957 2616 5041 ipsum
2642 4959 2996 5024 ostenditur
3023 4978 3136 5042 per
3161 4960 3367 5025 simile
3396 4982 3411 5022 ε

1872 5066 2027 5148 quia
2069 5066 2379 5149 sapientia
2412 5084 2559 5149 quae
2589 5071 2684 5131 est
2710 5067 2789 5132 de
2816 5068 3070 5132 aeternis
3085 5116 3106 5147 ,
3136 5067 3300 5132 alius
3326 5073 3420 5133 est

1872 5172 2128 5238 habitus
2155 5176 2219 5236 et
2244 5172 2416 5237 aliud
2445 5172 2710 5250 donum,
2742 5192 2941 5256 quam
2972 5176 3239 5240 scientia
3269 5195 3416 5260 quae

1872 5332 1939 5381 ΙΙΙ
1968 5330 2125 5392 Sem„
2151 5328 2268 5379 dist.
2304 5339 2467 5389 xxvu,
2496 5331 2592 5377 art.
2630 5330 2678 5388 6,
2712 5342 2760 5391 q.
2796 5340 2842 5392 ῖς
2888 5330 3176 5394 Stephanus
3208 5332 3413 5394 Brulef.,

1877 5403 1937 5453 ΙΙΙ
1970 5403 2129 5464 Seni„
2156 5401 2273 5450 dist.
2304 5411 2470 5463 xxvn,
2498 5412 2550 5463 q.
2582 5411 2639 5449 ιι.
2661 5426 2724 5439 -
2744 5400 2767 5437 ⁸
2794 5403 2944 5467 Aug„
2984 5402 3044 5451 de
3084 5402 3193 5453 Lib.
3223 5404 3415 5470 Arhia,

1875 5476 1966 5527 lib.
1993 5475 2032 5535 1,
2060 5488 2108 5526 c.
2137 5484 2253 5526 1111.
2273 5498 2333 5512 --
2360 5472 2425 5536 (a)
2448 5474 2516 5524 Al
2538 5473 2620 5525 ad.
