4185 6288
726 462 848 525 {60

724 611 881 659 nem
927 590 1360 657 differentium
1410 592 1789 655 naturarum
1840 591 1910 654 in
1966 589 2278 654 unionem

726 681 1271 777 concurrentium,
1302 703 1365 761 et
1393 697 1482 760 sic
1505 702 1598 761 est
1619 698 1839 763 unitas
1867 700 2102 762 nativa.
2135 694 2282 758 Uni-

725 809 822 869 tas
859 810 1074 871 autem
1119 805 1403 887 gratuita
1441 805 1732 870 similiter
1772 808 2049 888 quatuor
2089 801 2283 865 habet

724 912 1111 979 differentias
1153 936 1167 976 :
1208 918 1322 977 aut
1361 913 1535 977 enim
1588 919 1683 978 est
1732 915 1944 978 unitas
1988 910 2277 994 ejusdem

723 1019 957 1083 animae
997 1020 1077 1083 ad
1121 1040 1189 1084 se
1228 1022 1582 1086 secundum
1628 1025 1912 1085 statuum
1952 1018 2279 1083 diversita-

722 1129 887 1203 tem,
934 1131 997 1191 et
1035 1127 1126 1192 sic
1166 1133 1262 1192 est
1313 1130 1726 1211 potestativa3
1768 1134 1882 1192 aut
1924 1127 2277 1190 multorum

722 1233 1063 1299 hominum
1081 1236 1161 1299 ad
1190 1236 1469 1300 invicem
1492 1236 1846 1300 secundum
1874 1234 2273 1311 charitatem,

722 1345 785 1404 et
810 1342 903 1405 sic
930 1347 1026 1406 est
1054 1343 1263 1406 unitas
1300 1349 1760 1420 consentanea;
1794 1347 1908 1406 aut
1936 1341 2170 1405 animae
2195 1340 2276 1403 ad

721 1446 924 1512 Deum
969 1468 1084 1532 per
1125 1451 1471 1513 voluntatis
1514 1449 2048 1526 conformitatem,
2079 1452 2144 1510 et
2186 1447 2277 1509 sic

720 1561 814 1618 est
853 1556 1069 1620 unitas
1108 1558 1365 1634 votiva;
1401 1561 1514 1620 aut
1561 1558 1867 1620 humanae
1900 1559 2152 1619 naturae
2195 1554 2275 1618 ad

721 1661 1009 1728 divinam
1038 1664 1392 1728 secundum
1418 1683 1705 1747 personae
1730 1665 2072 1741 unitatem3
2106 1665 2169 1725 et
2186 1661 2275 1724 sic

720 1773 816 1833 est
876 1771 1093 1834 unitas
1148 1770 1501 1851 dignativa.
1557 1770 1776 1834 Unitas
1815 1776 2033 1833 autem
2083 1787 2278 1850 super

722 1879 1064 1959 utramque
1091 1878 1450 1955 constituta,
1485 1877 1776 1941 videlicet
1799 1894 1993 1958 super
2019 1880 2278 1939 natura-

721 1982 849 2047 lem
873 1988 939 2047 et
963 1983 1341 2064 gratuitam,
1371 1988 1466 2046 est
1487 2002 1620 2046 una
1643 1984 1798 2062 sola,
1824 1983 2114 2047 videlicet
2140 1982 2279 2047 uni-

721 2092 817 2154 tas
870 2089 1193 2155 Trinitatis
1240 2113 1257 2155 :
1320 2108 1520 2172 quam
1565 2090 1825 2173 quidem
1884 2108 2084 2154 unam
2143 2108 2277 2154 esse

724 2197 903 2261 decet
927 2197 1150 2276 solam,
1186 2202 1260 2262 ut
1285 2197 1353 2261 in
1376 2215 1453 2262 ea
1482 2198 1564 2261 sit
1591 2201 1794 2263 status
1816 2197 2116 2263 omnium
2137 2196 2278 2263 uni-

726 2308 955 2369 tatum.

1246 2437 1609 2516 QUAESTIO
1652 2436 1762 2501 111.

722 2591 816 2648 An
831 2594 1019 2649 unitas
1038 2633 1053 2659 ‚
1075 2597 1282 2663 quaeest
1298 2595 1358 2647 in
1390 2592 1631 2657 Christo,
1658 2593 1929 2660 quantum
1957 2589 2032 2644 ad
2046 2590 2276 2661 aradum

1007 2683 1227 2739 excedat
1250 2698 1426 2739 omnes
1444 2684 1685 2739 unitates
1710 2684 1923 2736 creatas
1949 2678 1989 2735 ¹.

485 2867 696 2915 rm
806 2841 1033 2905 Utrum
1094 2842 1201 2907 illa
1249 2845 1463 2908 unitas
1508 2845 1824 2925 quantum
1868 2841 1947 2904 ad
1994 2840 2273 2921 gradum

722 2948 987 3012 excellat
1012 2968 1236 3014 omnes
1264 2950 1536 3014 unitates
1561 2953 1833 3026 creatas;
1865 2954 1928 3012 et
1952 2949 2125 3030 quod
2154 2950 2265 3027 sic,

720 3054 973 3119 videtur
1018 3056 1227 3139 primo
1267 3058 1639 3121 auctoritate
1670 3055 1973 3121 Bernardi
2009 3055 2100 3122 ad
2128 3059 2275 3121 Eu-

720 3164 980 3246 qenium
1018 3184 1040 3224 .·
1078 3189 1108 3225 a
1141 3164 1311 3229 Inter
1354 3166 1573 3230 omnia
1612 3184 1761 3248 quae
1799 3182 1948 3230 vere
1974 3166 2277 3229 dicuntur

721 3288 962 3351 unum,
1003 3289 1216 3337 arcem
1246 3276 1417 3337 tenet
1455 3274 1668 3336 unitas
1706 3271 2056 3336 Trinitatis„
2085 3294 2117 3331 ι»
2155 3272 2277 3337 Se-

722 3379 934 3443 cundo
972 3379 1082 3443 illa
1108 3380 1410 3463 praecellit
1419 3428 1441 3459 ,
1477 3399 1606 3463 qua
1649 3385 1777 3443 tres
1804 3380 2176 3444 substantiae
2203 3380 2275 3442 in

721 3483 968 3550 Christo
996 3491 1147 3551 sunt
1176 3507 1307 3551 una
1336 3504 1606 3570 persona
1640 3507 1655 3550 ε
1685 3504 1845 3567 ergo
1876 3487 2115 3566 unitas,
2146 3504 2278 3570 qua

721 3592 1005 3658 Christus
1048 3600 1143 3658 est
1191 3613 1365 3659 unus
1384 3641 1405 3672 ,
1448 3610 1673 3657 omnes
1721 3593 1998 3657 unitates
2036 3600 2277 3658 creatas

721 3699 992 3765 excellit.

802 3806 961 3871 Item
988 3810 1167 3872 tanto
1187 3808 1400 3888 magis
1426 3807 1639 3889 aliqua
1665 3808 2006 3887 uniuntur,
2030 3812 2274 3891 quanto

718 3914 1210 3997 inseparabilius
1246 3918 1399 3978 sunt
1430 3915 1658 3978 unita:
1705 3914 1813 3979 sed
1853 3919 2104 3979 naturae
2143 3915 2276 3981 illae

718 4020 789 4084 in
833 4020 1080 4086 Christo
1123 4021 1440 4085 uniuntur
1480 4025 1657 4085 tanta
1702 4023 2236 4106 inseparabilitate
2252 4073 2272 4106 ,

719 4145 851 4210 qua
893 4129 1101 4211 major
1145 4147 1281 4192 esse
1325 4146 1457 4192 non
1506 4134 1711 4211 potest
1758 4149 1775 4193 ε
1823 4148 1982 4212 ergo
2021 4130 2276 4196 videtur

721 4235 895 4316 quod
922 4238 1135 4299 unitas
1172 4236 1278 4299 illa
1297 4281 1319 4312 ,
1346 4235 1429 4300 ad
1458 4255 1655 4319 quam
1695 4238 2081 4304 terminatur
2117 4239 2276 4302 unio

720 4340 859 4422 illa,
888 4343 1174 4408 maxima
1198 4344 1283 4407 sit
1322 4344 1492 4408 inter
1517 4363 1741 4409 omnes
1779 4345 2056 4410 unitates
2095 4362 2271 4410 crea-

721 4453 840 4515 tas.

807 4557 967 4623 ltem
993 4562 1169 4622 tanto
1183 4559 1392 4640 magis
1417 4559 1632 4641 aliqua
1658 4559 2001 4638 uniuntur,
2030 4565 2274 4643 quanto

728 4666 938 4748 magis
956 4667 1433 4732 communicant
1457 4667 1574 4731 sibi
1606 4669 2191 4751 suasproprietates
2211 4675 2275 4734 et

722 4772 1026 4837 idiomata
1056 4795 1072 4838 ε
1107 4774 1213 4838 sed
1257 4774 1324 4837 in
1366 4773 1613 4839 Christo
1651 4779 1748 4840 est
1789 4777 2062 4859 perfecta
2107 4775 2271 4841 idio-

718 4885 967 4944 matum
1011 4881 1505 4945 communicatio
1542 4904 1556 4946 :
1601 4899 1760 4965 ergo
1803 4883 2056 4949 videtur
2096 4883 2271 4965 quod

715 4986 795 5050 ad
820 5005 1142 5052 summam
1165 4988 1469 5055 unionem
1501 4990 1879 5055 terminetur
1907 4991 2017 5055 illa
2044 4991 2225 5055 unio.

797 5093 952 5160 Item
982 5098 1139 5160 unio
1173 5097 1283 5161 illa
1320 5098 1704 5163 terminatur
1728 5098 1811 5163 ad
1855 5099 2171 5164 unitatem
2199 5100 2269 5162 in

781 5271 798 5304 ¹
829 5267 910 5331 Cf.
944 5269 1000 5319 S.
1036 5269 1279 5335 Thomas,
1316 5285 1367 5335 p.
1410 5272 1500 5336 ΙΙΙ,
1534 5285 1587 5335 q.
1625 5283 1684 5332 ιι,
1706 5276 1805 5322 art.
1838 5275 1896 5336 93
1925 5277 1978 5323 et
2006 5274 2073 5324 111
2103 5273 2267 5337 Seru„

708 5337 826 5390 dist.
856 5349 906 5398 v,
935 5353 988 5403 q.
1027 5352 1065 5403 ι,
1096 5345 1189 5391 art.
1228 5347 1281 5404 ¹3
1310 5347 1362 5393 et
1397 5343 1459 5394 {V
1490 5346 1663 5392 contra
1705 5343 1883 5407 Germ,
1929 5359 1977 5395 c.
2024 5357 2144 5408 xu;
2178 5344 2264 5397 Ri-

776 5433 841 5497 (α)
868 5434 991 5483 coet.
1012 5433 1138 5484 edit.
1166 5435 1362 5487 Unitu.

1838 447 2470 521 SENTENTIARUM
2513 450 2665 519 LIB.
2713 451 2822 518 111.

2383 605 2654 671 persona
2708 610 2726 652 ε
2775 603 3048 670 persona
3098 588 3318 650 autem
3369 586 3479 650 illa
3531 589 3630 651 est
3673 604 3935 669 persona

2384 694 2575 771 Verbi
2609 719 2624 760 ε
2654 696 2762 761 sed
2803 713 3082 778 persona
3121 693 3310 759 Verbi
3340 694 3409 758 in
3445 693 3837 778 simplicitate
3874 699 3935 760 et

2385 805 2716 868 nobilitate
2745 804 2814 867 in
2855 802 3181 866 infinitum
3211 801 3464 865 excellit
3501 818 3759 866 omnem
3787 801 3933 865 uni-

2382 918 2580 979 tatem
2608 919 2884 978 creatam
2925 932 2944 976 :
2973 930 3133 993 ergo
3162 911 3417 975 videtur
3454 909 3743 975 similiter
3766 909 3932 992 quod

2383 1020 2491 1085 illa
2516 1023 2749 1100 unitas,
2782 1022 2863 1085 ad
2890 1040 3088 1104 quam
3112 1019 3495 1083 terminatur
3521 1019 3682 1084 unio
3711 1017 3931 1100 digna-

2383 1129 2542 1191 tiva.

2464 1235 2588 1301 Sed
2615 1238 2879 1299 contra:
2914 1241 2974 1299 l.
3007 1232 3164 1311 Quae
3194 1234 3476 1297 maxime
3502 1232 3760 1308 distant,
3788 1234 3930 1297 sunt
3952 1230 4012 1275 Μ
4032 1245 4115 1288 ⁰1³9·

2384 1342 2652 1407 minime
2682 1343 2990 1419 unibilia3
3022 1347 3085 1406 et
3121 1359 3270 1426 quae
3301 1342 3571 1406 minime
3595 1345 3745 1405 sunt
3790 1339 3927 1403 uni-

2383 1448 2566 1527 bilia,
2603 1450 2870 1514 minime
2897 1449 3140 1513 faciunt
3169 1467 3378 1517 unum
3406 1470 3423 1512 :
3454 1447 3565 1512 sed
3607 1447 3757 1511 talia
3788 1449 3931 1510 sunt

2382 1555 2680 1621 divinitas
2718 1561 2780 1621 et
2815 1556 3187 1621 humanitas
3217 1577 3235 1620 ε
3268 1574 3429 1638 ergo
3469 1555 3726 1619 videtur
3766 1554 3929 1637 quod

2383 1664 2561 1739 uni0,
2593 1681 2740 1745 quae
2767 1664 2954 1728 estin
2978 1662 3251 1742 Christe,
3277 1663 3657 1728 terminetur
3685 1664 3768 1729 ad
3792 1680 3928 1744 gra-

2384 1771 2543 1834 dum
2570 1771 2831 1835 unitatis
2860 1770 3186 1834 infimum.

2463 1883 2524 1941 2.
2576 1877 2734 1942 Item
2787 1882 3030 1960 quanto
3096 1876 3337 1959 aliquid
3398 1894 3483 1941 ex
3529 1876 3931 1959 paucioribus

2382 1992 2650 2063 constat,
2680 1991 2855 2051 tanto
2879 1987 3090 2068 magis
3118 1991 3489 2051 est‘unum:
3521 1986 3630 2051 sed
3664 1985 3735 2049 in
3762 1984 3931 2049 Chri·

2383 2099 2480 2159 sto
2530 2097 2848 2179 reperitur
2889 2098 3097 2177 major
3143 2097 3523 2159 naturarum
3564 2093 3890 2178 pluralitas
3909 2141 3927 2173 ,

2383 2220 2580 2284 quam
2606 2203 2688 2266 sit
2711 2203 2830 2266 sub
2857 2203 3017 2267 coelo
3047 2225 3063 2265 ε
3098 2221 3259 2283 ergo
3288 2203 3545 2267 videtur
3570 2202 3749 2285 quod
3784 2200 3930 2265 uni·-

2386 2315 2484 2374 tas
2510 2310 2618 2374 illa
2644 2311 2942 2376 infimum
2971 2313 3182 2375 teneat
3208 2310 3470 2374 unitatis
3497 2310 3739 2375 locum.

2464 2425 2526 2483 3.
2570 2420 2728 2484 Item
2768 2420 2980 2500 magis
3007 2423 3102 2483 est
3135 2436 3344 2482 unum
3391 2417 3564 2500 quod
3606 2422 3706 2481 est
3732 2432 3928 2482 unum

2384 2524 2451 2588 in
2480 2531 2711 2590 natura
2737 2531 2803 2591 et
2829 2544 3125 2609 persona,
3154 2543 3352 2608 quam
3374 2526 3546 2608 quod
3573 2531 3672 2590 oet
3697 2526 3764 2603 in
3791 2541 3928 2607 per-

2383 2652 2541 2697 sona
2577 2638 2830 2697 tantum
2863 2656 2879 2695 ε
2914 2632 3023 2697 sed
3067 2632 3337 2715 quilibet
3386 2634 3584 2698 homo
3627 2634 3927 2698 unitatem

2384 2739 2577 2804 habet
2601 2741 2674 2803 in
2700 2758 2973 2822 persona
2997 2745 3062 2804 et
3088 2744 3318 2803 natura
3341 2760 3362 2820 ;
3392 2740 3684 2804 Christus
3723 2743 3928 2803 autem

2386 2847 2694 2911 unitatem
2738 2847 2932 2911 habet
2965 2846 3036 2910 in
3073 2865 3346 2929 persona
3385 2851 3642 2911 tantum
3661 2896 3679 2927 ‚
3711 2864 3839 2910 non
3865 2845 3929 2907 in

2385 2957 2618 3016 natura
2649 2971 2667 3016 ε
2700 2970 2860 3035 ergo
2894 2956 3103 3036 major
3143 2952 3404 3018 unitatis
3433 2953 3734 3036 perfectio
3757 2969 3933 3033 repe-

2384 3059 2549 3123 ritur
2577 3059 2648 3122 in
2673 3060 2960 3143 quolibet
2985 3060 3268 3139 homine,
3302 3078 3499 3143 quam
3528 3059 3597 3123 in
3631 3058 3891 3124 Christo.

2464 3173 2527 3231 4.
2578 3167 2738 3232 Item
2805 3168 3015 3250 magis
3057 3173 3152 3233 est
3199 3186 3407 3233 unum
3454 3168 3629 3250 quod
3678 3185 3807 3233 non
3845 3169 3931 3230 est

2385 3276 2866 3361 multiplicabile
2947 3296 3066 3342 nec
3133 3276 3628 3360 multiplicatum
3658 3325 3680 3356 ,
3746 3292 3928 3359 quam

2385 3383 2561 3465 quod
2606 3388 2700 3447 est
2742 3383 3222 3466 multiplicabile
3267 3388 3331 3448 et
3377 3383 3870 3467 multiplicatum
3909 3399 3924 3440 ε

2386 3490 2494 3554 sed
2523 3491 2742 3554 unitas
2768 3494 2833 3554 et
2854 3496 3135 3573 punctus
3160 3491 3403 3556 habent
3428 3491 3764 3570 unitatem,
3789 3504 3928 3572 quae

2385 3616 2504 3660 nec
2544 3602 2640 3662 est
2667 3598 3164 3682 multiplicabilis
3183 3647 3201 3679 ,
3235 3617 3354 3662 nec
3383 3581 3836 3682 multiplicata3
3864 3596 3928 3659 in

2387 3703 2632 3769 Christo
2674 3710 2890 3769 autem
2932 3706 3246 3788 reperitur
3289 3711 3673 3771 naturarum
3723 3704 3929 3771 multi·-

2385 3811 2543 3876 tudo
2579 3818 2642 3875 et
2690 3812 3049 3878 differentia
3091 3833 3109 3876 :
3157 3832 3318 3896 ergo
3363 3814 3621 3880 videtur
3659 3813 3826 3898 quod
3862 3811 3927 3875 in

2388 3917 2633 3984 Christo
2662 3920 2746 3984 sit
2771 3921 2983 3985 unitas
3012 3920 3302 3985 minima.

2931 4166 3384 4234 CONCLUSIO.

2394 4333 2671 4391 Unitatem
2704 4331 2781 4408 (α)
2824 4348 2943 4404 quoe
2984 4339 3062 4390 est
3097 4337 3159 4390 in
3198 4334 3406 4392 Christo
3452 4347 3660 4390 omnem
3701 4334 3924 4388 aroucam

2455 4423 2721 4478 wzitatem
2768 4422 3171 4495 superexcedere
3209 4427 3285 4478 est
3328 4421 3641 4491 fatendum,
3694 4436 3807 4478 mm
3854 4418 3924 4473 sit

2459 4513 2695 4568 omnium
2722 4513 3003 4568 unitatum
3031 4528 3259 4568 summa.

2467 4671 2653 4754 Resp.
2675 4671 2756 4736 ad
2785 4689 2928 4754 arg.
2958 4671 3312 4737 Dicendum
3335 4670 3508 4755 quod
3535 4675 3634 4736 est
3659 4669 3832 4754 loq-ui
3852 4668 3923 4732 de

2384 4779 2633 4843 unitate
2659 4796 2790 4861 qua
2824 4779 3037 4862 aliqua
3064 4780 3366 4845 dicuntur
3396 4797 3600 4844 unum
3630 4796 3743 4862 per
3774 4794 3922 4842 con-

2383 4887 2772 4951 venientiam
2815 4888 2884 4952 in
2916 4892 3150 4956 natura
3165 4937 3184 4968 ‚
3214 4895 3278 4955 et
3307 4892 3402 4954 est
3444 4888 3624 4972 loqui
3671 4888 3749 4953 de
3778 4884 3920 4952 uni-

2381 4996 2508 5057 tate
2544 5012 2674 5075 qua
2713 4995 2929 5079 aliqua
2969 4997 3275 5062 dicuntur
3306 5013 3516 5061 unum
3552 5013 3666 5079 per
3705 5009 3919 5058 conve·

2381 5102 2692 5166 nientiam
2733 5104 2802 5167 in
2844 5123 3137 5187 persona.
3181 5104 3249 5170 Si
3277 5104 3455 5169 enim
3484 5104 3824 5185 loquamur
3847 5098 3918 5162 de

2378 5209 2621 5275 unitate
2652 5229 2782 5294 qua
2820 5212 3037 5296 aliqua
3072 5214 3375 5279 dicuntur
3412 5227 3623 5276 unum
3647 5227 3760 5293 per
3784 5221 3916 5271 con·

2378 5369 2614 5433 chardus,
2630 5370 2696 5420 ΙΙΙ
2718 5371 2877 5435 Sem„
2901 5372 3018 5423 dist.
3039 5382 3113 5436 vr,
3133 5376 3230 5424 art.
3253 5382 3315 5433 ιι.
3335 5384 3388 5435 q.
3411 5382 3500 5434 ιη
3522 5368 3699 5433 steph.
3724 5361 3911 5428 Bmlel'w

2377 5437 2442 5488 nl
2473 5438 2636 5502 Seni„
2651 5440 2767 5493 dist.
2791 5453 2863 5508 vr,
2891 5457 2944 5508 q.
2974 5443 3069 5495 ult.
