4185 6288
1279 459 1476 530 msT.
1517 455 1729 524 xxlx.
1773 456 1955 524 ΛΒΤ.
2003 457 2050 522 1.
2097 455 2399 535 QUAEs'r.
2433 454 2483 521 1.

300 610 485 676 modo
511 610 671 693 ligat
703 611 764 675 ei
801 609 974 693 quod
1011 609 1238 672 natum
1277 601 1372 664 est
1413 596 1494 662 ad
1533 595 1830 660 eumdem

296 716 491 782 ssnem
538 719 895 801 pervenire.
952 713 1081 780 Nec
1121 713 1375 777 tantum
1420 707 1516 768 est
1560 701 1834 767 charitas

301 825 875 909 vinculumligans,
892 824 1001 889 sed
1017 822 1207 887 etiam
1229 814 1480 901 pondus
1498 811 1829 876 inclinans.

308 956 338 993 «ι
363 932 541 1009 Quod
585 934 761 999 enim
796 937 816 968 ¹
862 936 957 997 est
1001 928 1253 1014 pondus
1302 923 1374 986 in
1428 917 1830 1001 corporibus»,

298 1042 418 1106 hoc
444 1046 540 1107 est
575 1060 759 1107 amor
798 1041 868 1115 in
914 1037 1264 1123 spiritibus.
1295 1055 1326 1092 s
1362 1027 1686 1109 Quoniam
1705 1023 1834 1105 igi-

297 1152 402 1216 tur
424 1149 932 1234 unumquodque
973 1164 1089 1230 per
1126 1160 1323 1208 suum
1350 1137 1601 1223 pondus
1641 1132 1834 1198 habet

295 1257 606 1336 ominari,
655 1263 718 1322 et
764 1255 1037 1320 charitas
1075 1250 1326 1334 pondus
1368 1249 1484 1325 est,
1531 1247 1595 1307 et
1642 1257 1834 1324 aequa

295 1363 700 1447 ponderatrix
721 1412 741 1443 ,
786 1362 939 1428 hinc
1003 1362 1099 1424 est
1141 1355 1316 1440 quod
1366 1353 1488 1437 ipsi
1538 1348 1713 1415 chari
1721 1347 1834 1412 tati

294 1471 577 1536 maxime
614 1470 913 1554 competit
936 1467 1100 1533 ratio
1126 1462 1387 1530 ordinis.
1417 1459 1497 1525 Et
1524 1456 1831 1541 quoniam

293 1577 428 1660 ipsa
452 1581 551 1642 est
587 1576 922 1644 vinculum
956 1574 1167 1656 ligans
1181 1618 1199 1648 ‚
1226 1574 1289 1635 et
1315 1564 1835 1648 circumplectens

292 1685 499 1750 multa
525 1706 546 1748 t
577 1684 720 1750 ideo
744 1702 877 1749 non
902 1685 1153 1747 tantum
1195 1676 1446 1755 ordinat
1487 1673 1700 1756 ipsum
1734 1670 1832 1733 di-

289 1789 602 1874 ligentem
640 1791 711 1855 in
750 1791 973 1869 finem,
1013 1786 1125 1853 sed
1168 1783 1366 1849 etiam
1402 1782 1540 1863 ipsa
1583 1776 1830 1855 dilecta,

288 1902 646 1967 secundum
684 1900 856 1983 quod
889 1898 1053 1963 ratio
1078 1891 1425 1975 diligendi,
1454 1892 1518 1953 et
1545 1889 1683 1970 ipse
1711 1887 1835 1950 ha-

290 2007 462 2071 bitus
491 2005 844 2083 charitatis‚
874 2000 1297 2070 diversimode
1324 1996 1729 2078 comparatur
1755 1992 1835 2057 ad

287 2113 419 2178 illa.
452 2113 883 2180 Concedendae
908 2111 1113 2194 igitur
1138 2111 1293 2174 sunt
1315 2105 1593 2171 rationes
1618 2104 1835 2167 osten-

287 2220 514 2286 dentes
555 2220 927 2284 charitatem
973 2235 1109 2281 esse
1148 2215 1506 2280 ordinatam
1547 2214 1838 2293 respectu

286 2344 542 2408 eorum,
570 2344 720 2412 quae
746 2331 898 2391 sunt
923 2343 1007 2389 ex
1035 2323 1341 2388 charitate
1364 2319 1711 2400 diligenda.

365 2440 427 2500 ¹.
478 2435 584 2500 Ad
626 2434 783 2502 illud
833 2433 1003 2516 quod
1047 2432 1256 2516 primo
1304 2428 1620 2511 objicitur,
1664 2426 1837 2509 quod

283 2543 440 2608 ordo
483 2543 930 2627 praesupponit
961 2539 1455 2613 distinctionem,
1497 2533 1836 2599 dicendum

280 2650 452 2732 quod
514 2649 672 2714 ordo
723 2647 1072 2714 attenditur
1118 2646 1187 2709 in
1236 2642 1540 2708 charitate
1590 2639 1838 2704 ratione

276 2755 549 2821 habitus
570 2755 755 2820 relati
773 2754 853 2819 ad
880 2758 1119 2832 actum,
1141 2755 1206 2815 et
1229 2751 1549 2833 objectum
1572 2767 1588 2811 ε
1611 2763 1838 2829 quam-

276 2862 380 2927 vis
405 2867 635 2928 autem
666 2863 740 2926 in
765 2861 1070 2927 charitate
1098 2875 1234 2923 non
1267 2857 1350 2921 sit
1385 2854 1707 2920 distinctio
1751 2869 1835 2918 ex

273 2973 466 3054 parte
491 2970 787 3050 habitus,
817 2971 912 3034 est
949 2972 1164 3032 tamen
1189 2962 1506 3029 distinctio
1531 2978 1615 3026 ex
1656 2962 1836 3043 parte

278 3077 578 3160 ipsorum
606 3075 1077 3159 diligendorum
1098 3124 1117 3157 ,
1147 3077 1314 3138 etex
1341 3074 1518 3155 parte
1547 3069 1833 3153 ipsorum

278 3188 549 3250 actuum
578 3206 593 3249 :
632 3185 878 3250 ratione
913 3186 1099 3267 quus
1123 3179 1502 3246 diversitatis
1538 3177 1834 3243 mandata

277 3290 617 3358 charitatis
642 3292 884 3357 habent
908 3287 1338 3373 multiplicari,
1368 3291 1430 3352 et
1458 3286 1596 3369 ipsa
1621 3284 1833 3351 chari-

277 3404 376 3464 tas
401 3400 609 3466 habet
630 3398 934 3464 ordinari.

353 3510 418 3573 2.
458 3506 567 3572 Ad
601 3505 761 3571 illud
802 3504 975 3589 quod
1014 3503 1312 3586 objicitur
1334 3549 1351 3578 ‚
1381 3499 1557 3583 quod
1598 3498 1713 3565 ubi
1737 3503 1833 3565 est

268 3616 457 3695 ordo,
489 3614 591 3679 ibi
617 3616 714 3678 est
736 3612 1085 3695 proportio,
1115 3609 1457 3675 dicendum
1481 3607 1651 3690 quod
1678 3624 1829 3689 pro-

264 3723 481 3806 portio
528 3717 869 3802 dupliciter
907 3717 1155 3801 capitur
1188 3738 1204 3780 ι
1235 3716 1477 3795 stricte,
1520 3718 1586 3778 et
1621 3713 1824 3795 large.

263 3827 333 3895 Si
360 3829 589 3894 stricte
615 3824 865 3890 dicatur
891 3824 1246 3908 proportio,
1296 3824 1387 3887 sic
1425 3823 1577 3888 dicit
1604 3840 1829 3906 quam·

258 3935 415 4001 dam
446 3932 1148 4001 commensurationem
1162 3979 1179 4010 ‚
1212 3934 1274 3995 et
1299 3934 1392 3995 est
1418 3948 1638 3995 rerum
1660 3932 1825 4013 ejus-

254 4044 409 4110 dem
437 4041 709 4128 generis
742 4063 757 4105 :
791 4043 855 4107 et
879 4041 1003 4106 hoc
1030 4040 1220 4105 modo
1247 4057 1379 4104 non
1413 4039 1607 4103 habet
1652 4040 1820 4105 veri·

253 4157 460 4220 tatem
484 4150 800 4238 praedicta
824 4149 1202 4233 propositio,
1229 4148 1402 4230 quod
1427 4147 1823 4231 ubicumque

250 4266 349 4328 oet
375 4262 585 4340 ord0,
614 4258 706 4323 ibi
745 4258 829 4321 sit
866 4256 1213 4341 proportio.
1254 4255 1321 4320 Si
1363 4274 1518 4320 vero
1549 4256 1821 4339 accipia-

245 4371 360 4435 tur
385 4368 610 4449 large,
640 4366 716 4427 ut
745 4363 988 4429 dicatur
1028 4364 1349 4446 proportio
1393 4381 1821 4445 quaecumque

241 4475 617 4551 hahitudO,
647 4488 793 4554 quae
823 4471 1173 4536 attenditur
1198 4471 1552 4536 secundum
1580 4489 1818 4538 conve·

239 4582 578 4647 nientiam
616 4576 932 4659 analogiae
946 4623 963 4654 ,
992 4577 1117 4641 hoc
1156 4577 1344 4641 modo
1371 4578 1696 4662 proportio
1723 4583 1818 4643 est

242 4690 408 4755 honi
435 4685 647 4753 creati
673 4685 753 4748 ad
780 4683 1158 4764 increatum,
1190 4689 1255 4749 et
1287 4684 1480 4750 etiam
1525 4686 1682 4751 ordo
1723 4704 1816 4751 se-

238 4796 549 4862 cundum
580 4791 897 4857 rationem
924 4791 1310 4856 causalitatis
1350 4796 1414 4857 et
1449 4792 1808 4876 primitatis.

237 4903 431 4970 Finis
481 4901 672 4967 enim
713 4898 974 4981 dignior
1015 4904 1109 4963 est
1149 4903 1213 4963 et
1262 4899 1700 4980 excellentior,
1750 4906 1815 4965 et

3361 454 3480 524 6³1

1944 593 2228 658 maxime
2254 592 2509 658 videtur
2534 592 2814 673 spectare
2857 589 2937 654 ad
2972 592 3183 654 actum
3210 591 3484 674 cogniti-

1943 719 2068 779 vae,
2101 719 2254 765 cum
2294 699 2601 782 sapientis
2638 697 2719 761 sit
2758 697 3086 777 ordinare,
3116 699 3485 782 responderi

1944 812 2148 891 potaet
2174 808 2384 891 primo
2411 805 2894 888 distinguendo,
2926 804 3098 887 quod
3126 805 3360 888 duplex
3387 810 3485 872 est

1944 916 2101 981 ordo
2131 939 2146 981 :
2180 915 2442 998 quidam
2471 913 2749 996 partium
2786 913 2856 976 in
2884 915 3046 992 toto,
3078 917 3138 977 et
3167 931 3385 978 rerum
3414 915 3484 978 in

1945 1023 2279 1103 univers03
2310 1021 2571 1105 quidam
2597 1039 2753 1085 vero
2779 1038 3031 1100 eorum,
3063 1039 3208 1105 quae
3235 1025 3386 1087 suut
3413 1022 3485 1087 in

1942 1129 2162 1210 finem,
2193 1130 2273 1194 ad
2303 1131 2517 1213 ipsum
2544 1131 2765 1196 finem.
2805 1128 2881 1193 Et
2908 1130 3204 1211 quamvis
3239 1130 3484 1212 primus

1942 1238 2101 1303 ordo
2128 1237 2556 1321 principaliter
2599 1237 2679 1300 sit
2706 1237 2871 1300 circa
2895 1235 3351 1317 cognitionem,
3383 1255 3486 1301 se-

1943 1345 2191 1410 cundus
2243 1349 2459 1410 tamen
2510 1343 2924 1428 principalius
2971 1343 3252 1407 consistit
3321 1343 3487 1410 circa

1942 1452 2340 1518 affectionem
2407 1456 2470 1517 et
2526 1452 2923 1518 dilectionem
2942 1499 2961 1529 ,
3029 1453 3216 1533 cujus
3275 1457 3369 1517 est
3414 1452 3486 1518 in

1942 1560 2142 1623 finem
2181 1560 2506 1625 inclinare.
2550 1559 2718 1624 Ordo
2759 1563 2976 1623 autem
3018 1558 3346 1623 charitatis
3385 1564 3485 1625 at-

1942 1667 2225 1732 tenditur
2267 1686 2380 1751 per
2422 1667 2960 1750 comparationem
3003 1667 3083 1736 ad
3126 1667 3324 1730 finem
3363 1689 3380 1730 ε
3421 1673 3488 1734 et

1943 1778 2084 1843 ideo
2126 1796 2258 1843 non
2305 1782 2399 1843 est
2442 1778 2648 1842 simile
2695 1778 2773 1842 de
2817 1778 2979 1860 ipsa,
3027 1780 3090 1841 et
3134 1777 3213 1841 de
3261 1778 3486 1844 habitu

1944 1888 2312 1968 cognitivae.
2363 1886 2562 1951 Aliter
2588 1889 2791 1969 potest
2828 1885 2989 1965 dici,
3036 1885 3207 1969 quod
3236 1886 3391 1951 ordo
3416 1888 3486 1952 in

1943 1995 2169 2059 habitu
2228 1995 2572 2060 attenditur
2632 2011 2748 2077 per
2806 1995 3345 2076 comparationem
3406 1997 3488 2061 ad

1944 2109 2157 2170 actum
2187 2109 2250 2168 et
2277 2107 2598 2187 objectum
2617 2152 2635 2185 ‚
2661 2105 2829 2168 sicut
2866 2104 3046 2185 prius
3082 2103 3323 2168 dictum
3366 2107 3482 2169 est.

1947 2212 2261 2291 Quoniam
2289 2213 2490 2294 igitur
2516 2229 2772 2276 summa
2796 2211 3046 2274 bonitas
3077 2210 3258 2274 aliter
3285 2215 3348 2275 et
3368 2211 3488 2275 ali-

1944 2325 2043 2384 ter
2065 2320 2258 2384 habet
2282 2318 2636 2403 comparari
2662 2318 2927 2382 diversis
2952 2316 3394 2398 diligibilihus‚
3424 2321 3488 2383 et

1944 2428 2025 2492 ab
2066 2427 2158 2491 eis
2200 2427 2392 2491 habet
2431 2425 2795 2509 participari
2839 2424 3195 2489 secundum
3236 2425 3382 2507 plus
3421 2429 3523 2511 et·

1945 2536 2190 2616 minu&
2219 2540 2297 2603 ut
2337 2542 2510 2620 patet
2544 2537 2610 2602 in
2652 2554 2914 2620 corpore
2942 2540 3005 2599 et
3029 2535 3299 2618 spiritu3
3333 2537 3488 2602 hinc

1943 2645 2237 2727 estquod
2273 2663 2455 2709 amor
2495 2644 2818 2709 charitatis
2862 2642 3092 2707 dicitur
3131 2643 3481 2708 ordinatus.

1944 2752 2065 2818 Per
2085 2752 2263 2817 hunc
2290 2753 2487 2817 etiam
2517 2753 2793 2817 modum·
2806 2751 2864 2816 si
2892 2751 3035 2833 quis
3058 2750 3316 2815 habitus
3338 2769 3485 2834 cog-

1941 2860 2187 2927 nitivus
2212 2860 2562 2925 consideret
2587 2859 2803 2942 aliqua
2829 2859 2897 2922 iu
2922 2859 3162 2941 quihus
3179 2858 3261 2922 sit
3278 2861 3486 2941 major

1941 2970 2005 3033 et
2048 2968 2261 3031 minor
2291 2967 2575 3032 veritatis
2613 2966 2954 3045 evidentia,
3001 2965 3226 3047 utique
3262 2964 3332 3029 in
3373 2966 3485 3031 tali

1940 3076 2134 3142 habet
2159 3075 2421 3160 reperiri
2452 3075 2607 3140 ordo
2624 3123 2644 3157 ‚
2675 3074 2841 3140 sicut
2868 3073 3045 3158 prior
3086 3077 3181 3139 est
3220 3073 3485 3140 scientia

1940 3184 2401 3268 principiorum
2420 3232 2438 3261 ‚
2483 3202 2679 3266 quam
2723 3181 3202 3247 conclusionum
3235 3201 3252 3246 ε
3301 3183 3485 3248 etsie

1940 3296 2147 3376 potest
2171 3291 2254 3357 ad
2296 3290 2453 3356 illud
2490 3288 2854 3371 responderi
2893 3306 3008 3371 per
3047 3287 3484 3371 interemptio-

1937 3418 2113 3465 nem.
2175 3399 2254 3465 Εἰ
2307 3398 2363 3463 si
2420 3397 2756 3479 objiciatur
2808 3395 2886 3460 de
2930 3396 3090 3475 fide,
3142 3395 3482 3460 dicendum

1937 3509 2113 3592 quod
2156 3525 2288 3572 non
2330 3510 2425 3572 est
2465 3506 2674 3570 simile
2714 3527 2730 3570 ε
2763 3522 2985 3572 omnes
3023 3504 3201 3567 enim
3229 3503 3481 3568 articuli

1937 3617 2017 3681 ad
2055 3632 2379 3680 summam
2416 3613 2746 3678 veritatem
2783 3610 3189 3677 uniformiter
3215 3628 3481 3693 compa-

1935 3727 2183 3804 rantur,
2226 3720 2580 3786 secundum
2620 3718 2794 3802 quod
2828 3737 2868 3782 a
2906 3718 3033 3782 flde
3077 3717 3424 3783 creduntur
3455 3740 3472 3784 ε

1934 3831 2089 3894 fldes
2134 3828 2404 3894 enimin
2443 3827 2754 3891 credendo
2798 3842 3020 3889 omnes
3045 3824 3343 3889 articulos
3369 3843 3477 3889 as·-

1932 3938 2127 4002 sentit
2164 3937 2391 4020 primae
2434 3934 2707 4012 veritati,
2750 3936 3058 4015 tanquam
3105 3933 3368 3996 dictanti
3411 3938 3477 3997 et

1931 4044 2234 4108 asserenti
2283 4064 2300 4109 z
2366 4043 2508 4107 ideo
2558 4039 2962 4106 uniformiter
3030 4042 3094 4103 et
3144 4038 3477 4121 aequaliter

1932 4168 2157 4216 omnes
2181 4148 2320 4215 illos
2346 4150 2566 4214 credit.
3354 4166 3363 4171 .

2008 4262 2069 4321 t.
2118 4258 2215 4322 Ad
2241 4257 2399 4321 illud
2440 4254 2611 4339 quod
2641 4254 2972 4336 objicitur,
3004 4252 3177 4335 quod
3205 4268 3338 4316 una
3381 4255 3475 4316 est

1928 4366 2090 4430 ratio
2119 4365 2427 4447 diligendi
2452 4364 2522 4427 in
2566 4363 2869 4428 charitate
2890 4411 2911 4441 ,
2938 4362 3103 4425 sicut
3140 4379 3274 4425 una
3310 4360 3473 4424 ratio

1926 4472 2222 4539 credendi
2258 4473 2327 4535 in
2369 4471 2523 4552 fide,
2576 4470 2914 4535 dicendum
2965 4467 3138 4551 quod
3176 4468 3295 4532 etsi
3340 4485 3473 4532 una

1924 4580 2026 4660 sit,
2050 4597 2184 4645 non
2212 4584 2427 4644 tamen
2452 4580 2543 4644 sic
2574 4577 2977 4643 uniformiter
3002 4577 3193 4641 habet
3219 4593 3469 4658 compa-

1923 4688 2052 4752 rari
2088 4688 2231 4770 ipsa
2274 4686 2547 4751 charitas
2590 4685 2669 4750 ad
2714 4684 3082 4766 diligibilia,
3116 4682 3281 4746 sicut
3326 4682 3464 4764 ipsa

1921 4795 2158 4860 veritas
2185 4795 2263 4859 ad
2292 4794 2614 4860 credibilia
2646 4815 2661 4858 ε
2694 4793 2839 4877 plus
2866 4793 3040 4857 enim
3080 4795 3174 4855 est
3214 4791 3459 4874 optabi-

1920 4902 1996 4966 lis
2023 4903 2163 4986 ipsa
2191 4919 2447 4967 summa
2480 4902 2731 4967 bonitas
2757 4900 2883 4964 Deo
2921 4917 3123 4982 quam
3144 4899 3332 4964 nobis
3350 4948 3368 4980 ‚
3398 4903 3462 4965 et

233 5009 664 5096 praeponitur
687 5005 791 5069 his
815 5023 966 5088 qnae
987 5005 1244 5070 suntad
1259 5007 1489 5070 finem:
1524 5011 1587 5071 et
1612 5025 1811 5090 quan·
1917 5010 2173 5093 spiritui
2219 5014 2436 5074 nostro
2464 5026 2662 5092 quam
2693 5007 2985 5090 corpori:
3016 5006 3157 5072 ideo
3185 5024 3317 5072 non
3363 5011 3462 5072 est

231 5122 386 5185 tum
412 5117 503 5182 ad
529 5114 662 5178 hoc
686 5112 1033 5176 attenditur
1058 5111 1213 5177 ordo
1240 5112 1310 5176 in
1336 5113 1660 5179 charitate.

316 5235 383 5298 3.
439 5228 547 5298 Ad
606 5225 765 5290 illud
819 5225 994 5308 quod
1036 5225 1140 5308 obj
1148 5224 1338 5290 icitur
1357 5274 1377 5304 ‚
1427 5228 1599 5306 quod
1651 5228 1807 5294 ordo

301 5398 316 5431 ι
339 5398 507 5458 Aug„
539 5389 713 5452 confi,
741 5388 830 5437 lib.
861 5386 993 5446 xm,
1016 5400 1059 5436 c.
1088 5397 1138 5435 ιι
1156 5401 1173 5449 3
1203 5385 1262 5435 de
1289 5386 1441 5438 civit.
1473 5388 1579 5451 Dei,
1600 5390 1688 5440 lib.
1718 5391 1803 5454 xl,

226 5480 275 5519 c.
307 5461 494 5518 xxvni
515 5476 536 5524 ;
563 5458 632 5509 de
660 5459 861 5520 ruvinia,
887 5457 975 5508 tib.
1004 5458 1092 5521 Vt,
1120 5469 1250 5522 c.-x,
1278 5472 1331 5510 n.
1357 5464 1432 5511 12.

1916 5116 2123 5180 simile
2150 5116 2304 5180 hinc
2328 5120 2392 5180 et
2412 5115 2580 5179 inde.

1994 5230 2056 5291 5.
2104 5226 2203 5290 Ad
2241 5225 2400 5291 illud
2431 5225 2602 5308 quod
2644 5224 2942 5307 objicitur
2962 5272 2981 5304 ,
3025 5223 3196 5306 quod
3241 5222 3412 5289 idem
3433 5273 3452 5303 ‚

1915 5351 2183 5401 manens
2206 5333 2404 5415 idem,
2432 5337 2659 5399 natum
2684 5336 2778 5397 est
2800 5331 3008 5397 facere
3030 5331 3221 5412 idem,
3246 5331 3454 5400 dicen-

1912 5442 2070 5507 dum
2103 5442 2276 5529 quod
2313 5442 2471 5507 illud
2500 5441 2693 5508 habet
2713 5440 3049 5507 veritatem
3075 5440 3153 5506 de
3178 5457 3256 5507 eo
3282 5442 3455 5527 quod
