4185 6288
57 3068 255 3114 fundam.

1237 444 1432 512 ms‘r.
1475 443 1692 512 xxlv.
1738 442 1923 511 ΛΒΤ.
1971 444 2019 509 1.
2063 443 2373 523 QUAEST.
2420 445 2527 512 III.

363 591 428 651 5.
458 586 557 651 Ad
578 585 738 651 illud
760 602 924 650 vero
950 581 1125 668 quod
1150 582 1450 667 objicitur
1481 581 1561 648 de
1586 579 1826 647 illumi-

280 694 538 760 natione
559 692 948 777 prophetica,
965 691 1306 757 dicendum
1342 691 1519 775 quod
1547 690 1824 774 prophe-

279 802 371 867 tia
389 819 524 866 non
546 801 738 867 hahet
751 818 867 885 pro
884 800 1219 884 principali
1234 799 1336 882 obj
1344 801 1482 865 ecto
1495 804 1559 864 et
1578 798 1823 864 motivo

280 927 360 975 ea
383 924 533 992 quae
557 908 869 991 propheta
891 907 1315 990 praenunciat,
1343 906 1452 972 sed
1474 907 1686 972 solum
1711 906 1825 971 ha·

279 1017 388 1082 bet
411 1034 529 1100 pro
540 1017 790 1099 objecto
806 1015 1120 1080 materiali
1143 1015 1311 1081 circa
1323 1015 1498 1097 quod
1519 1014 1655 1097 ipsa
1671 1030 1824 1097 pro-

278 1123 496 1208 phetia
520 1126 837 1189 versatur.
871 1121 1050 1188 Unde
1077 1121 1386 1205 propheta
1406 1139 1537 1187 non
1564 1120 1826 1187 assentit

278 1232 364 1308 ei,
390 1229 562 1314 quod
587 1230 1015 1314 praenunciat,
1042 1234 1300 1313 propter
1313 1247 1405 1310 se,
1433 1229 1544 1293 sed
1567 1231 1825 1313 propter

276 1339 618 1404 veritatem
662 1338 880 1420 ipsum
906 1338 1374 1402 illuminantem
1414 1340 1478 1400 et
1517 1335 1822 1401 erudien-

277 1448 411 1510 tem
443 1467 459 1510 :
490 1451 553 1511 et
571 1463 655 1510 ex
671 1445 795 1510 hoc
814 1463 946 1510 non
973 1447 1177 1527 potest
1203 1442 1496 1508 concludi
1533 1442 1705 1525 quod
1741 1442 1820 1504 fl-

279 1553 391 1618 des
408 1553 490 1617 sit
514 1554 684 1618 circa
722 1571 877 1618 vera
907 1555 1138 1629 creata,
1167 1550 1292 1615 nisi
1317 1553 1630 1633 tanquam
1657 1548 1824 1613 circa

278 1662 526 1746 objecta
551 1661 927 1727 materialia.
982 1659 1198 1725 Posset
1226 1663 1442 1723 tamen
1467 1657 1588 1724 dici
1602 1705 1622 1738 ‚
1653 1657 1826 1741 quod

278 1786 413 1835 non
439 1773 536 1834 est
560 1769 769 1833 simile
795 1768 874 1833 de
902 1767 1028 1831 ssde
1073 1770 1137 1831 et
1161 1765 1517 1849 prophetia,
1547 1765 1705 1847 quia
1742 1766 1820 1829 fl·

277 1877 391 1943 des
415 1877 488 1941 in
513 1894 631 1941 suo
653 1876 925 1959 obJectO,
957 1873 1062 1939 cui
1087 1872 1378 1952 assentit,
1410 1871 1682 1954 requirit
1704 1872 1822 1936 ali·

278 1984 437 2069 quid
460 1983 634 2066 quod
660 1982 893 2047 habeat
916 1981 1231 2046 rationem
1258 1979 1512 2058 motivi;
1538 1978 1647 2043 sed
1670 1996 1823 2063 pro·

277 2090 495 2174 phetia
519 2089 682 2154 nihil
709 2088 833 2153 tale
876 2087 1058 2171 requi
1066 2088 1152 2152 rit
1193 2085 1262 2151 in
1286 2084 1684 2170 prophetato,
1714 2084 1827 2151 sed

279 2200 478 2263 lotam
502 2197 812 2262 rationem
829 2213 967 2260 suae
991 2192 1376 2276 cognitionis
1400 2193 1600 2257 sumit
1619 2193 1700 2258 ab
1722 2193 1822 2259 in·

276 2306 605 2388 spirante·
627 2303 771 2370 ideo
796 2321 929 2369 non
958 2302 1272 2385 sequitur,
1295 2301 1467 2383 quod
1486 2301 1541 2365 si
1557 2300 1828 2384 prophe-

278 2413 371 2478 tia
394 2417 492 2478 est
515 2412 594 2479 de
620 2412 857 2495 aliquo,
883 2410 1056 2493 quod
1071 2410 1151 2476 de
1176 2408 1287 2474 illo
1315 2407 1542 2474 debeat
1571 2425 1710 2474 esse
1732 2409 1816 2474 fl-

278 2519 412 2599 des‚
435 2520 599 2585 sicut
621 2518 700 2585 de
725 2519 993 2603 objectu.

799 2750 1157 2833 QUAESTIO
1197 2751 1305 2817 111.

284 2900 379 2963 An
407 2901 533 2976 tides
556 2903 633 2959 sit
667 2903 813 2959 circa
840 2900 1203 2972 comple-vum,
1241 2898 1328 2956 vel
1362 2897 1762 2972 incompleoeum
1787 2898 1826 2953 ¹.

365 3072 598 3139 Utrum
623 3068 781 3133 fides
805 3068 887 3132 sit
910 3066 1078 3130 circa
1104 3065 1535 3148 complexum,
1555 3082 1640 3129 an
1664 3064 1834 3129 circa

280 3179 759 3264 incomplexam
773 3198 792 3256 3
812 3179 879 3239 et
896 3173 1067 3257 quod
1095 3174 1178 3236 sit
1201 3173 1368 3237 circa
1393 3171 1829 3255 complexum,

279 3290 536 3355 videtur
565 3309 581 3352 :
618 3308 651 3348 ι
674 3284 942 3350 Credere
972 3281 1170 3360 enim,
1201 3281 1363 3344 sicut
1386 3279 1539 3343 dicit
1565 3280 1832 3360 Augus-

278 3397 519 3475 tinus'‚
553 3397 648 3458 est
690 3392 974 3474 cogitare
1013 3407 1164 3454 cum
1203 3388 1568 3453 assensione
1601 3408 1616 3453 ε
1654 3411 1686 3447 1>
1722 3388 1832 3454 sed

278 3520 578 3570 assensus
628 3499 893 3565 rationis
929 3515 1063 3561 non
1104 3499 1199 3560 aet
1237 3513 1431 3578 super
1466 3495 1546 3578 (a)
1586 3495 1832 3560 incom-

277 3612 546 3696 plexum
567 3657 586 3688 ‚
616 3608 727 3674 sed
755 3624 947 3690 super
977 3606 1059 3687 (a)
1088 3603 1502 3687 complexum
1533 3624 1551 3667 ι
1580 3602 1835 3669 videtur

278 3737 440 3801 ergo
474 3717 648 3802 quod
672 3715 831 3779 fides
863 3714 947 3777 sit
980 3715 1146 3777 circa
1182 3712 1601 3794 complexum
1618 3760 1637 3792 ,
1669 3711 1835 3778 sicut

277 3828 447 3892 circa
483 3822 816 3908 proprium
842 3821 1191 3903 objectum.

359 3933 520 3999 Item
561 3931 720 3995 fides
759 3928 958 3993 credit
987 3925 1230 4009 aliquid
1266 3926 1422 4009 quia
1457 3945 1724 4007 verum,
1764 3932 1829 3994 et

277 4040 523 4124 respuit
558 4038 712 4122 quia
741 4035 974 4102 falsum
1005 4054 1021 4100 t
1052 4035 1163 4099 sed
1205 4052 1436 4099 verum
1481 4040 1545 4099 et
1584 4035 1822 4099 falsum

276 4152 433 4214 sunt
457 4148 624 4211 circa
651 4144 1057 4227 complexum
1092 4162 1108 4207 ε
1159 4159 1318 4223 ergo
1361 4142 1616 4206 videtur
1650 4143 1826 4225 quod

275 4261 343 4322 et
388 4255 648 4320 habitus
705 4252 858 4317 fidei
917 4253 1131 4334 ipsum
1181 4250 1590 4333 complexum
1610 4298 1632 4330 ‚
1684 4250 1825 4316 sive

274 4362 708 4442 enunciabile‚
736 4359 1030 4444 respiciat
1056 4361 1127 4423 ut
1153 4359 1503 4441 objectum.

358 4472 517 4537 Item
556 4468 716 4534 fides
758 4470 853 4531 est
890 4465 1101 4531 media
1154 4468 1320 4530 inter
1357 4463 1733 4548 opinionem
1770 4471 1834 4531 et

275 4578 636 4656 scientiam,
662 4575 1023 4640 secundum
1048 4572 1221 4656 quod
1246 4572 1390 4638 vult
1415 4571 1643 4654 Euge·
1674 4590 1693 4636 ε
1723 4573 1833 4638 sed

278 4692 415 4752 tam
450 4685 691 4770 opini0,
736 4700 934 4768 quam
978 4681 1262 4759 scientia,
1306 4683 1404 4746 est
1442 4680 1610 4745 circa
1650 4698 1827 4746 com-

277 4795 591 4880 plexum.
624 4809 785 4875 ergo
810 4810 963 4857 cum
995 4790 1280 4856 medium
1306 4788 1609 4872 suscipiat
1634 4794 1825 4856 natu·

276 4920 424 4966 ram
448 4905 921 4979 extremorum,
949 4898 1208 4986 videtur
1247 4897 1540 5030 similiter
1564 4897 1738 4980 quod
1767 4901 1832 4963 et

279 5006 463 5070 fides.

363 5113 525 5179 Item
549 5114 709 5178 fides
734 5115 831 5176 est
855 5109 1144 5193 opposita
1168 5108 1430 5175 errori:
1468 5108 1579 5175 sed
1611 5108 1832 5174 nullus

349 5241 366 5275 ¹
388 5237 471 5302 Cf.
491 5240 632 5289 Alex.
656 5237 875 5300 Mensis,
892 5251 942 5299 p.
963 5237 1052 5299 Ill,
1071 5250 1122 5300 q.
1149 5246 1332 5297 vaut,
1357 5236 1546 5287 memb.
1573 5237 1625 5298 Ἰ,
1653 5238 1748 5286 art.
1770 5238 1827 5299 53

282 5317 337 5365 et
391 5312 555 5373 Cont„
601 5326 652 5375 p.
686 5312 780 5375 Ill,
815 5308 931 5359 coll.
983 5320 1172 5372 xxx111,
1211 5312 1307 5358 art.
1365 5312 1421 5371 83
1477 5311 1533 5361 S.
1574 5309 1830 5370 Thomas,

279 5383 414 5444 ll—ll‚
446 5397 496 5448 q.
523 5395 559 5444 1,
583 5387 678 5434 art.
699 5385 758 5442 23
790 5385 842 5431 et
869 5382 930 5428 ΙΙΙ
960 5381 1120 5441 Seni„
1151 5378 1267 5429 dist.
1288 5391 1432 5443 xxm,
1463 5395 1515 5443 q.
1543 5390 1604 5436 11.
1629 5384 1725 5431 art.
1761 5384 1824 5443 ¹3

283 5460 337 5507 et
365 5455 427 5506 de
466 5455 637 5515 Ver-it„
668 5466 721 5517 q.
760 5464 865 5515 xlv,
891 5456 990 5501 art·
1016 5452 1045 5502 8
1057 5466 1075 5514 ;
1106 5451 1417 5514 {licha-dus,
1443 5452 1510 5502 ΙΙΙ
1541 5452 1680 5502 Sene.
1709 5452 1825 5502 dist.

1932 585 2133 663 errat,
2162 580 2402 648 nisiex
2427 582 2553 648 hoc
2577 583 2750 667 quod
2774 584 3060 648 attribuit
3084 584 3323 668 aliquid
3357 585 3479 651 ali-

1932 692 2068 772 cui,
2100 692 2275 776 quod
2315 692 2378 758 ei
2417 709 2546 757 non
2570 694 2667 757 est
2701 691 3179 757 attribuendum
3203 740 3222 773 ,
3251 692 3356 759 vel
3383 708 3482 759 re-

1933 803 2149 865 movet
2173 800 2347 882 quod
2386 816 2522 864 non
2547 803 2644 864 est
2676 799 3142 865 removendum
3172 820 3188 864 ε
3219 800 3344 864 hoc
3368 820 3478 866 au-

1932 909 2064 971 tem
2113 924 2245 971 non
2305 906 2382 972 fit
2432 906 2557 970 nisi
2616 905 2688 969 in
2753 906 3193 989 complexione
3248 928 3265 972 ι
3316 926 3476 991 ergo

1931 1015 2142 1078 omnis
2183 1032 2365 1080 error
2410 1014 2578 1080 circa
2619 1015 3126 1099 complexionem
3164 1016 3468 1081 consistit.

1933 1122 2001 1189 Si
2034 1140 2192 1205 ergo
2233 1123 2521 1207 opposita
2555 1126 2708 1188 nata
2750 1126 2902 1188 sunt
2938 1126 3279 1189 consistere
3310 1125 3480 1191 circa

1931 1231 2125 1310 idem,
2154 1230 2411 1296 videtur
2437 1230 2729 1295 similiter
2755 1231 2928 1314 quod
2953 1235 3017 1295 et
3056 1231 3213 1296 fides
3249 1249 3477 1297 verum

1933 1337 2342 1421 complexum
2367 1339 2599 1403 habeat
2622 1356 2740 1421 pro
2765 1340 3036 1422 objectu.
3582 1330 3585 1335 ’

2013 1444 2198 1525 Item,
2243 1446 2297 1509 si
2338 1446 2555 1529 ipsum
2593 1465 2826 1512 verum
2868 1447 3346 1531 incomplexam
3386 1454 3479 1514 est

1931 1552 2255 1635 objectum
2304 1554 2475 1633 fidei,
2507 1571 2660 1619 cum
2693 1572 2852 1635 ergo
2894 1554 2928 1619 J
2932 1555 3104 1620 udaei
3141 1555 3478 1620 credulita-

1933 1664 2064 1726 tem
2108 1660 2385 1726 habeant
2425 1662 2505 1727 de
2547 1662 3019 1743 incarnatione,
3048 1662 3253 1728 Judaei
3284 1663 3474 1729 fldem

1932 1768 2244 1834 haberent
2268 1769 2724 1835 incarnationis
2755 1788 2774 1834 ι
2813 1771 2987 1853 quod
3015 1774 3111 1836 est
3146 1772 3475 1837 manifeste

1932 1877 2210 1957 salsum3
2244 1879 2376 1943 imo
2416 1881 2632 1943 errant
2668 1878 2838 1943 circa
2867 1877 3209 1943 articulum
3240 1879 3427 1944 illum
3460 1902 3476 1945 :

1933 1985 2226 2051 similiter
2258 1984 2372 2065 illi,
2415 1986 2529 2068 qui
2575 1984 2903 2051 crederent
2945 1988 3475 2052 resurrectionem

1927 2094 2067 2174 jam
2109 2093 2362 2172 factam,
2408 2093 2720 2158 haberent
2766 2093 2957 2159 fldem
3001 2094 3081 2159 de
3123 2112 3478 2159 resurrecu

1932 2200 2130 2278 tione,
2159 2218 2320 2282 quos
2346 2202 2562 2264 tamen
2585 2201 2751 2264 circa
2781 2202 3310 2266 resurrectionem
3339 2217 3484 2266 con·

1934 2310 2059 2371 stat
2083 2326 2298 2372 errare
2328 2327 2346 2369 :
2376 2311 2572 2372 restat
2597 2325 2755 2389 ergo
2779 2308 2950 2390 quod
2979 2308 3218 2392 aliquid
3243 2308 3487 2373 incom-

1935 2415 2199 2499 plexum
2247 2433 2382 2481 non
2421 2415 2616 2480 habet
2653 2433 2791 2480 esse
2837 2416 3039 2500 ipsius
3082 2416 3232 2482 fldei
3269 2416 3372 2499 obj
3380 2434 3481 2481 ec-

1934 2522 2078 2582 tum
2109 2536 2127 2582 ε
2157 2520 2222 2583 et
2244 2523 2340 2584 est
2367 2519 2799 2603 complexum,
2827 2519 2932 2585 vel
2958 2519 3478 2602 incomplexam:

1937 2643 2100 2708 ergo
2125 2627 2557 2709 complexum.

2019 2733 2146 2798 Sed
2171 2739 2394 2799 contra
2420 2753 2439 2800 ε
2467 2741 2531 2801 ¹.
2559 2734 2767 2820 Super
2790 2734 3026 2800 illud⁸2
3063 2735 3290 2801 Omnes
3315 2749 3480 2801 eum-
3511 2769 3580 2812 Μ
3610 2781 3712 2826 091„

1939 2842 2086 2908 dem
2143 2847 2366 2924 potum
2430 2843 2840 2926 spiritualem
2889 2841 3184 2910 biberunt
3198 2864 3227 2924 ,·
3266 2841 3481 2906 Glossa

1938 2948 2328 3031 Augustini⁸
2361 2970 2377 3015 ε
2418 2972 2450 3011 α
2483 2948 2797 3034 Tempora
2845 2952 2998 3015 sunt
3039 2952 3325 3029 mutata,
3373 2947 3482 3014 sed

1939 3060 2156 3122 tamen
2189 3075 2319 3122 non
2358 3061 2454 3121 est
2491 3056 2647 3122 fides
2672 3056 2939 3123 variata.
2980 3078 3012 3118 n
3046 3057 3115 3121 Si
3152 3074 3322 3138 -ergo
3347 3074 3480 3121 non

1940 3170 2036 3231 est
2069 3165 2228 3230 fides
2273 3165 2550 3246 variata,
2578 3183 2699 3232 nec
2742 3165 3064 3249 objectum
3100 3166 3248 3231 fidei
3280 3187 3297 3229 ε
3332 3185 3484 3232 cum

1940 3292 2100 3356 ergo
2143 3272 2569 3339 enunciabilia
2582 3320 2602 3353 ‚
2639 3290 2787 3356 quae
2826 3273 3205 3354 creduntur,
3237 3274 3481 3340 variata

1939 3387 2117 3462 sunt,
2146 3382 2301 3464 quia
2324 3381 2417 3446 illi
2444 3381 2782 3446 credebant
2815 3380 3138 3447 Christum
3172 3399 3309 3446 esse
3336 3399 3482 3465 pas-

1941 3508 2170 3554 surum
2189 3537 2206 3565 ‚
2237 3507 2356 3554 nos
2381 3505 2643 3573 passum
2668 3506 2838 3567 esse;
2864 3489 2956 3552 illi
2979 3489 3477 3570 incarnandum,

1943 3616 2060 3662 nos
2083 3598 2488 3662 incarnatum
2515 3613 2651 3660 esse
2680 3619 2696 3660 ι
2727 3598 2923 3660 restat
2948 3613 3105 3678 ergo
3132 3596 3306 3678 quod
3331 3597 3487 3662 fides

1941 3727 2074 3775 non
2118 3714 2213 3773 est
2254 3710 2421 3774 circa
2457 3706 2878 3785 enunciabile,
2917 3706 3054 3771 sive
3100 3707 3267 3772 circa
3312 3726 3483 3774 com-

1941 3816 2231 3900 plexum,
2258 3820 2567 3899 tanquam
2595 3815 2761 3880 circa
2785 3815 3128 3898 objectum.

2021 3931 2082 3990 2.
2117 3927 2276 3991 Item
2306 3926 2627 4008 objectum
2652 3922 2802 3988 fidei
2838 3926 2934 3988 est
2957 3941 3189 3989 verum
3232 3924 3482 3989 increa-

1941 4038 2105 4113 tum,
2152 4032 2317 4097 sicut
2357 4032 2540 4114 prius
2580 4031 2704 4096 fuit
2745 4035 3112 4110 ostensum;
3149 4030 3325 4097 unde
3365 4031 3480 4095 Ri-

1942 4139 2219 4205 chardus
2254 4139 2332 4203 de
2365 4137 2435 4204 S.
2476 4138 2726 4205 Victore
2767 4137 2921 4203 dicit
2961 4138 3135 4222 quod
3176 4137 3483 4203 articulus

1942 4251 2038 4312 est
2065 4244 2301 4312 veritas
2327 4246 2406 4311 de
2433 4245 2556 4311 Deo
2587 4264 2605 4310 ε
2633 4245 2691 4309 si
2723 4262 2878 4326 ergo
2906 4244 3071 4310 Deus
3095 4248 3192 4310 est
3228 4243 3482 4328 simpli-

1942 4353 2234 4418 cissimus
2255 4399 2274 4431 ‚
2323 4357 2388 4419 et
2433 4353 2504 4417 in
2546 4351 2820 4434 simplici
2865 4351 3046 4417 nulla
3088 4351 3253 4416 cadit
3300 4369 3483 4417 com-

1942 4461 2187 4543 plexio,
2215 4459 2323 4525 vel
2349 4459 2753 4543 compositi0‚
2795 4458 3050 4524 videtur
3073 4458 3246 4541 quod
3270 4458 3481 4540 objec-

1943 4572 2084 4633 tum
2130 4568 2280 4633 fidei
2317 4585 2450 4633 non
2494 4567 2578 4632 sit
2617 4584 2849 4634 verum
2892 4565 3326 4650 complexum,
3373 4565 3483 4631 sed

1942 4674 2446 4757 incomplexum.

2025 4787 2086 4846 3.
2118 4781 2279 4845 Item
2306 4781 2385 4846 de
2411 4779 2636 4846 eodem
2661 4782 2727 4845 et
2750 4780 2917 4845 circa
2959 4781 3131 4846 idem
3166 4781 3261 4845 est
3297 4779 3478 4862 fides,

1943 4888 2110 4954 circa
2153 4887 2324 4972 quod
2365 4892 2464 4953 est
2501 4888 2668 4954 visio
2709 4889 2928 4954 futura
2971 4908 2990 4954 ι
3031 4888 3146 4954 sed
3189 4887 3354 4952 visio
3393 4890 3489 4953 est

1942 4998 2113 5061 circa
2155 5014 2388 5062 verum
2411 4996 2922 5080 incomplexam,
2971 5001 3036 5061 et
3079 5013 3193 5079 per
3218 4994 3489 5061 modum

1940 5103 2500 5188 incomplexionis‚
2533 5104 2657 5170 erit
2682 5104 2859 5169 enim
2884 5104 3049 5169 visio
3077 5102 3349 5185 simplex
3377 5102 3487 5167 in-

1941 5241 2086 5289 xxtv,
2114 5245 2166 5294 q.
2187 5243 2265 5292 ¹¹3
2292 5231 2471 5296 Steph.
2495 5228 2705 5290 Bruler„
2728 5230 2789 5280 ΙΙΙ
2822 5228 2982 5292 sent„
3017 5227 3133 5280 dist.
3160 5240 3305 5288 xxiv,
3340 5243 3395 5295 q.
3422 5240 3485 5280 11.

1941 5304 2211 5369 —2Aug.,
2231 5304 2292 5354 de
2318 5304 2553 5354 Proedest.
2578 5317 2650 5352 sat
2637 5265 2757 5368 nuce
2786 5317 2834 5353 c.
2861 5314 2917 5363 11,
2950 5316 3002 5352 n.
3037 5305 3083 5353 5.
3100 5302 3388 5367 —8flug.‚
3415 5302 3489 5353 de

1939 5373 2186 5436 Sar-ruam
2212 5392 2267 5441 p.
2297 5375 2679 5437 11.—⁶lGor.‚
2705 5381 2760 5437 x,
2788 5372 3121 5443 4.-⁸Aug.,
3151 5367 3308 5441 Epist.
3340 5379 3483 5438 xmx,

1939 5450 2013 5501 al.
2036 5460 2132 5511 cn,
2160 5461 2213 5500 n.
2242 5450 2404 5498 iz-
2435 5445 2614 5511 (ct-ld(
2640 5458 2811 5509 supra.
2889 5475 2910 5493 .

3293 5614 3317 5622 ..
3367 5613 3373 5619 .
3440 5608 3488 5624 ,Μ
