4185 6288
757 512 877 575 462

753 663 907 710 vere
934 649 997 708 et
1038 641 1398 719 actualiter,
1438 639 1668 704 volunt
1713 640 1909 723 aliqui
1941 640 2061 703 hoc
2089 640 2304 721 impo-

752 769 908 816 nere
953 750 1036 830 ei,
1084 748 1235 832 quia
1265 748 1387 812 fuit
1435 747 1514 811 de
1550 747 1737 811 tertia
1776 747 2098 829 opinione,
2154 764 2304 829 quae

752 860 913 925 dixit
956 858 1275 924 Christum
1324 856 1658 921 hominem
1704 855 2057 921 secundum
2117 855 2304 919 habi-

753 972 913 1030 tum.
937 964 1116 1031 Unde
1142 963 1395 1030 volebat
1421 964 1627 1031 dicere
1651 963 1824 1045 quod
1845 965 1993 1027 actu
2008 966 2170 1026 oeset
2182 962 2302 1026 ho-

754 1094 883 1156 mo,
912 1077 1067 1159 quia
1092 1080 1239 1140 actu
1274 1071 1549 1139 habebat
1581 1078 1881 1137 naturam
1920 1072 2296 1135 humanam.

753 1184 875 1251 Sed
892 1185 1015 1249 hoc
1040 1202 1172 1250 non
1193 1186 1287 1248 est
1311 1180 1771 1264 imponendum
1799 1178 2125 1262 Magistro,
2147 1180 2303 1263 quia

753 1310 933 1357 error
963 1294 1079 1369 est,
1119 1291 1286 1354 sicut
1322 1288 1394 1351 in
1422 1287 1927 1371 praecedentibus
1967 1290 2300 1351 ostensum

579 1418 603 1447 ¹
675 1406 706 1448 i·
753 1400 895 1464 fuit.
930 1397 1058 1463 Nec
1086 1417 1167 1462 ex
1200 1395 1412 1462 verbis
1446 1393 1732 1476 Magistri
1755 1397 1962 1477 potest
2005 1412 2299 1477 expresse

503 3267 699 3326 Improb-

693 1562 705 1575 .
753 1506 1009 1585 haberi;
1039 1505 1149 1570 sed
1170 1504 1294 1568 alia
1316 1502 1393 1567 de
1419 1520 1609 1565 causa
1632 1501 1756 1565 hoc
1778 1500 1958 1566 dixit.
1985 1500 2301 1565 Intellexit

749 1614 1022 1678 enimin
1049 1611 1295 1678 Christo
1321 1609 1481 1675 duas
1508 1608 1700 1673 fuisse
1742 1608 2034 1688 uniones,
2065 1608 2300 1673 videli-

746 1727 847 1787 cet
871 1722 1179 1786 unionem
1208 1718 1443 1783 animae
1473 1716 1551 1781 ad
1572 1734 1853 1796 carnem,
1899 1721 1962 1782 et
1988 1714 2297 1782 unionem

745 1830 982 1895 divinae
1001 1831 1273 1901 naturae,
1304 1829 1367 1889 et
1384 1825 1712 1888 humanas.
1744 1821 1908 1887 Unio
1936 1823 2173 1889 divinae
2189 1843 2299 1889 na-

745 1943 934 2014 turae,
960 1941 1024 2000 et
1050 1936 1379 2011 humanae,
1398 1931 1659 1995 faciebat
1687 1929 2006 1994 Christum
2019 1949 2156 1995 esse
2175 1932 2298 1997 ho-

745 2046 1010 2122 minem,
1031 2045 1221 2126 juxta
1247 2040 1401 2105 illud
1430 2039 1600 2122 quod
1620 2037 1769 2103 dicit
1791 2037 2195 2119 Augustinus
2224 2039 2241 2075 ¹
2276 2063 2291 2104 :

754 2152 974 2217 «Talis
1025 2151 1147 2216 fuit
1174 2149 1281 2213 illa
1324 2147 1670 2229 susceptio,
1699 2149 1773 2209 ut
1807 2145 2038 2209 faceret
2091 2145 2297 2211 Deum

742 2262 1096 2339 hominem,
1148 2260 1211 2322 et
1250 2256 1582 2321 hominem
1624 2253 1846 2318 Deum.
1877 2275 1907 2313 >³
1947 2251 2111 2318 Unio
2140 2272 2297 2319 vero

741 2371 977 2435 animae
1014 2369 1094 2432 ad
1125 2383 1381 2431 carnem
1439 2362 1705 2427 faciebat
1750 2361 2082 2425 hominem
2109 2361 2295 2425 illum

741 2478 984 2542 vivere.
1018 2474 1180 2552 Quia
1206 2490 1362 2554 ergo
1393 2471 1459 2534 in
1489 2470 1700 2533 triduo
1740 2469 1977 2532 mansit
2002 2468 2161 2533 unio
2203 2468 2297 2531 di-

742 2583 1028 2651 vinitatis
1054 2582 1135 2646 ad
1159 2579 1651 2656 humanitatem,
1674 2581 1736 2640 et
1762 2575 1972 2640 soluta
1995 2575 2119 2640 fuit
2137 2574 2295 2639 unio

746 2691 981 2755 animae
1007 2689 1088 2753 ad
1116 2705 1373 2752 carnem
1393 2708 1411 2764 ;
1434 2685 1587 2749 hinc
1608 2686 1704 2748 est
1721 2683 1894 2766 quod
1920 2682 2135 2766 posuit
2163 2680 2296 2746 Ma·

742 2802 963 2883 gister,
994 2796 1166 2882 quod
1193 2796 1478 2860 Christus
1499 2794 1569 2856 in
1594 2791 1811 2855 triduo
1838 2809 1968 2855 non
1991 2790 2294 2856 desiites-

743 2925 811 2972 se
846 2907 1064 2985 hom0,
1103 2905 1210 2969 sed
1256 2902 1441 2967 desiit
1468 2902 1690 2966 vivere
1726 2922 1742 2965 ι
1773 2899 1916 2963 ideo
1940 2917 2172 2963 verum
2201 2903 2296 2962 est

744 3015 951 3079 dicere
980 3012 1335 3077 secundum
1364 3009 1577 3093 ipsum
1598 3008 1677 3072 de
1700 3007 1968 3085 Christo,
1986 3006 2156 3088 quod
2174 3006 2296 3070 fuit

743 3122 939 3187 homo
971 3120 1040 3184 in
1054 3118 1290 3195 tridu0,
1324 3121 1387 3182 et
1412 3115 1586 3199 quod
1615 3114 1734 3180 fuit
1746 3114 1943 3179 homo
1968 3117 2289 3190 mortuus,

743 3229 1041 3314 quamvis
1068 3244 1204 3291 non
1226 3225 1421 3309 possit
1450 3223 1574 3289 dici
1595 3224 1673 3287 de
1698 3222 1910 3305 aliquo
1937 3221 2082 3286 alio.
2118 3221 2194 3286 Et
2224 3220 2293 3286 in

744 3336 868 3401 hoc
913 3336 1109 3401 etiam
1163 3333 1465 3414 Magister
1527 3331 1736 3395 deficit
1767 3352 1783 3393 ε
1834 3330 1984 3412 quia
2034 3330 2115 3394 ad
2170 3330 2294 3395 hoc

741 3446 912 3530 quod
939 3444 1167 3528 aliquis
1191 3443 1272 3507 sit
1298 3441 1517 3521 homo,
1544 3439 1900 3504 necessario
1936 3438 2291 3522 praeexigi-

742 3557 849 3618 tur
892 3557 956 3619 et
994 3551 1351 3633 coexigitur
1399 3549 1558 3613 unio
1605 3548 1841 3612 animae
1879 3547 1962 3611 ad
2005 3565 2288 3626 carnem,

739 3681 887 3727 cum
913 3662 1090 3727 homo
1117 3659 1284 3724 dicat
1319 3659 1591 3723 formam
1619 3655 1850 3734 totius,
1886 3655 2024 3720 sive
2058 3671 2289 3720 conse-

736 3775 1039 3855 quentem
1085 3772 1292 3833 totum
1339 3766 1784 3850 compositum.
1829 3761 2008 3828 Unde
2040 3781 2286 3848 nequa-

735 3898 932 3963 quam
959 3879 1069 3942 illa
1094 3874 1410 3958 susceptio
1440 3873 1685 3937 fecisset
1709 3871 1912 3936 Deum
1927 3871 2281 3952 hominem,

736 3991 800 4051 et
843 3986 1173 4050 hominem
1202 3967 1431 4056 Deum,
1463 3981 1586 4044 nisi
1630 3980 1796 4044 Deus
1841 3979 2286 4061 assumpsisset

736 4111 968 4176 corpus
990 4096 1051 4156 et
1078 4091 1385 4169 animam,
1419 4093 1492 4152 ut
1513 4089 1854 4169 conjuncta
1879 4086 1960 4150 ad
1977 4087 2279 4153 invicem.

735 4201 812 4268 Et
838 4203 1093 4284 propter
1118 4198 1239 4261 hoc
1265 4196 1490 4281 positio
1539 4187 1825 4275 Magistri
1855 4193 2282 4258 communiter

733 4327 866 4373 non
913 4307 1261 4372 sustinetur
1306 4304 1372 4367 in
1409 4303 1587 4386 parte
1628 4304 1772 4364 ista.
1815 4298 2047 4363 Positio
2087 4301 2281 4365 etiam

733 4415 1025 4498 magistri
1063 4411 1359 4495 Hugonis
1386 4428 1519 4474 non
1551 4407 1936 4484 sustinetur,
1967 4425 2100 4471 non
2128 4407 2281 4490 quia

731 4524 908 4590 omni
936 4521 1126 4587 modo
1144 4520 1226 4584 sit
1252 4519 1404 4582 falsa
1419 4516 1658 4580 locutio
1688 4513 1990 4598 praedicta
2015 4536 2029 4578 z
2052 4537 2084 4575 α
2105 4514 2279 4578 Chri-

729 4637 867 4698 stus
890 4631 958 4695 in
981 4628 1194 4693 triduo
1236 4626 1360 4690 fuit
1386 4625 1616 4704 homo;
1668 4646 1699 4684 n
1735 4623 1844 4688 sed
1868 4623 2024 4706 quia
2050 4622 2280 4687 falsita-

728 4745 859 4806 tem
885 4737 1098 4816 habet,
1128 4734 1547 4816 intelligendo
1572 4731 1650 4795 de
1697 4731 2148 4814 praedicatione
2174 4750 2273 4796 se-

728 4848 1016 4914 cundum
1034 4862 1170 4909 esse
1191 4842 1458 4922 actuale,
1493 4839 1847 4905 secundum
1883 4858 2076 4922 quam
2108 4859 2277 4924 prae-

727 4955 1106 5022 dicationem
1135 4954 1428 5015 versatur
1457 4946 1782 5031 inquisitio
1808 4947 1972 5011 circa
2003 4948 2276 5030 praedic-

727 5069 862 5128 tam
887 5060 1277 5126 locutionem
1310 5073 1327 5119 ε
1360 5060 1424 5118 et
1448 5055 1569 5118 isto
1610 5054 1802 5118 modo
1827 5054 2084 5119 videtur
2129 5073 2274 5119 eam

729 5175 1023 5236 tractasse
1046 5166 1352 5248 magister
1369 5162 1581 5247 Hugo,
1603 5166 1665 5226 et
1682 5160 1982 5243 Magister
1996 5161 2274 5226 Senten-

725 5278 984 5356 tiarum,
1013 5279 1077 5339 et
1122 5271 1485 5338 communis
1517 5268 1742 5352 ⁴opinio
1784 5268 2267 5351 magistrorum.

727 5384 804 5451 Et
827 5382 1182 5447 secundum
1220 5380 1417 5444 istum
1445 5375 1710 5440 modum
1751 5375 1954 5439 currit
1991 5393 2274 5458 praesens

798 5513 986 5571 ¹Aug.,
1010 5505 1072 5557 de
1100 5504 1302 5567 Triuia,
1330 5502 1421 5552 lib.
1449 5502 1497 5566 Ι,
1525 5517 1572 5549 c.
1601 5510 1719 5563 1111,
1743 5512 1798 5550 n.
1827 5502 1907 5550 28.

1869 501 2492 570 SENTENTIARUM
2533 500 2681 569 Lm.
2728 503 2834 568 111.

2408 639 2759 722 inquisitio.
2779 638 2926 703 Ideo
2945 639 3224 703 rationes
3250 639 3657 704 ostendentes
3692 638 3962 704 locutio-

2407 765 2559 811 nem
2606 747 2975 830 praedictam
3025 765 3159 810 esse
3204 746 3426 811 falsam
3445 796 3464 827 ,
3536 746 3958 812 concedendae

2406 855 2559 914 sunt
2620 872 2635 913 ε
2699 849 3052 933 procedunt
3116 849 3289 914 enim
3363 849 3726 915 secundum
3792 849 3957 914 hanc

2407 960 2607 1027 viam.

2487 1077 2546 1135 1.
2591 1070 2690 1136 Ad
2718 1069 2875 1135 illud
2897 1087 3055 1152 ergo
3079 1069 3249 1153 quod
3272 1068 3569 1152 oincitur
3587 1069 3658 1134 in
3701 1075 3953 1135 contra·

2404 1177 2599 1258 rium,
2626 1178 2796 1262 quod
2823 1177 2967 1241 talis
2999 1177 3119 1242 fuit
3155 1177 3264 1240 illa
3305 1177 3645 1260 susceptio,
3676 1183 3828 1260 etc„
3860 1179 3955 1242 di-

2405 1290 2678 1355 cendum
2722 1290 2893 1373 quod
2917 1289 3041 1353 hoc
3077 1290 3229 1367 fuit,
3273 1307 3405 1353 non
3433 1290 3586 1373 quia
3612 1291 3956 1375 assumpsit

2405 1416 2634 1482 corpus
2664 1402 2727 1462 et
2763 1398 3046 1463 animam
3082 1400 3333 1461 tantum
3354 1446 3372 1476 ,
3423 1398 3533 1463 sed
3581 1400 3779 1463 etiam
3806 1400 3955 1483 quia

2403 1505 2744 1589 assumpsit
2765 1523 2996 1588 corpus
3034 1508 3096 1568 et
3128 1503 3412 1568 animam
3442 1506 3626 1569 unita
3672 1528 3688 1569 ε
3723 1511 3789 1570 et
3815 1506 3954 1571 ideo

2402 1612 2586 1678 desiit
2630 1633 2765 1678 esse
2804 1612 3024 1692 homo,
3056 1630 3188 1678 non
3233 1613 3385 1696 quia
3412 1613 3494 1677 sit
3521 1617 3773 1677 mutata
3799 1615 3954 1678 unio

2402 1720 2749 1786 divinitatis
2776 1721 2857 1785 ad
2897 1736 3187 1800 carnem,
3244 1720 3354 1784 sed
3387 1721 3539 1804 quia
3579 1720 3795 1786 soluta
3837 1722 3953 1785 fuit

2401 1828 2557 1893 unio
2584 1828 2818 1893 animae
2843 1830 2907 1892 et
2929 1827 3135 1892 carnis
3161 1827 3241 1891 ad
3269 1827 3574 1892 invicem.

2480 1941 2541 1999 2.
2585 1936 2684 1999 Ad
2724 1936 2902 2000 illam
2944 1935 3390 2000 auctoritatem
3440 1933 3762 2017 HugoniS,
3818 1954 3946 2018 qua

2399 2041 2631 2106 dicitur
2670 2044 2843 2125 quod
2871 2061 3064 2107 nemo
3096 2041 3326 2106 desinit
3356 2060 3516 2119 esse,
3548 2042 3808 2124 quando
3840 2060 3945 2105 ve-

2400 2149 2538 2212 rius
2562 2168 2696 2214 esse
2724 2149 2968 2233 incipit,
3001 2148 3345 2214 dicendum
3381 2147 3555 2231 quod
3596 2147 3765 2212 nihil
3799 2165 3948 2230 pro·

2399 2256 2576 2321 hibet
2589 2258 2761 2340 quod
2780 2258 3013 2322 veritas
3031 2275 3167 2322 esse
3188 2255 3448 2320 moralis
3466 2260 3785 2337 augeatur
3800 2272 3946 2318 cum

2400 2363 2821 2429 diminutione
2871 2364 3156 2429 veritatis
3204 2382 3344 2428 esse
3383 2362 3720 2441 naturalis,
3785 2362 3948 2426 sicut

2399 2471 2696 2537 videmus
2721 2472 2891 2555 quod
2920 2472 2986 2535 iu
3014 2471 3443 2537 debilitatione
3470 2470 3733 2534 virtutis
3758 2473 3946 2534 natu-

2399 2580 2550 2643 ralis
2598 2580 2963 2663 frequenter
2996 2580 3376 2645 fortificatur
3409 2578 3620 2643 virtus
3663 2578 3939 2642 moralis

2402 2687 2479 2752 Et
2515 2688 2658 2753 ideo
2710 2707 2843 2753 non
2885 2692 3135 2770 oportet
3175 2685 3347 2770 quod
3395 2686 3450 2750 si
3486 2685 3684 2750 homo
3723 2685 3939 2768 incipit

2400 2814 2536 2860 esse
2561 2795 2785 2860 beatus
2817 2796 3171 2860 secundum
3201 2793 3486 2858 animam
3508 2841 3527 2872 ,
3558 2793 3733 2875 quod
3763 2810 3945 2876 prop·

2399 2907 2496 2967 ter
2521 2903 2644 2968 hoc
2672 2908 2812 2968 non¹
2831 2903 3079 2968 desinat
3111 2921 3245 2967 esse
3272 2901 3493 2965 homo.

2482 3015 2540 3074 3.
2581 3011 2679 3075 Ad
2720 3009 2881 3073 illud
2921 3009 3093 3092 quod
3135 3006 3458 3089 objicitur,
3498 3005 3672 3090 quod
3702 3006 3942 3071 habeus

2402 3116 2758 3184 humanam
2827 3121 3124 3183 naturam
3178 3120 3271 3183 est
3312 3116 3509 3182 homo
3528 3164 3546 3194 ,
3603 3115 3937 3181 dicendum

2403 3227 2576 3311 quod
2602 3227 2863 3292 nomine
2881 3226 2970 3291 hu
2980 3243 3188 3290 manae
3216 3227 3465 3289 naturae
3478 3224 3823 3308 aliquando
3847 3223 3939 3286 in-

2398 3333 2781 3417 telliguntur
2846 3333 3159 3417 principia
3226 3333 3673 3397 constituentia
3741 3331 3938 3394 homi·

2396 3460 2585 3522 nem;
2617 3442 2958 3525 aliquando
2998 3441 3379 3523 intelligitur
3424 3440 3635 3505 forma
3656 3439 3935 3504 hominis

2398 3549 2802 3633 completiva,
2828 3568 2974 3634 quae
3004 3550 3111 3616 dat
3147 3548 3269 3631 ipsi
3298 3548 3627 3631 supposito
3659 3547 3934 3630 comple-

2395 3661 2713 3737 mentum,
2734 3663 2797 3722 et
2814 3656 3248 3741 operationem
3274 3653 3552 3719 debitam
3575 3654 3669 3719 illi
3684 3647 3929 3739 speciei,

2394 3764 2751 3829 secundum
2777 3763 2934 3828 illud
2952 3763 3126 3848 quod
3143 3762 3292 3828 dicit
3307 3761 3563 3826 Boetius
3590 3783 3607 3826 2
3640 3786 3672 3823 α
3699 3759 3935 3826 Natura

2393 3879 2488 3940 est
2510 3893 3036 3958 unamquamque
3059 3892 3201 3940 rem
3244 3874 3600 3939 informans
3646 3873 3929 3957 specifica

2392 3984 2772 4050 differentia.
2802 4006 2832 4042 ι»
2888 3983 2953 4047 Si
2976 4001 3139 4064 ergo
3177 3982 3525 4067 accipiatur
3550 3985 3785 4046 natura
3811 3980 3932 4064 pri-

2392 4113 2500 4158 mo
2527 4093 2741 4171 mod0,
2758 4090 2993 4156 locutio
3016 4094 3111 4154 est
3133 4089 3290 4154 falsa
3309 4111 3326 4167 ;
3345 4088 3399 4152 si
3421 4087 3700 4153 secundo
3720 4087 3923 4167 modo,

2390 4201 2620 4266 locutio
2648 4204 2743 4264 est
2763 4217 2915 4263 vera
2955 4221 2969 4261 :
3008 4199 3119 4262 sed
3160 4198 3282 4262 isto
3327 4195 3517 4263 modo
3553 4213 3687 4261 non
3710 4195 3926 4260 babuit

2389 4308 2678 4373 Christus
2703 4307 3061 4371 humanam
3111 4309 3414 4369 naturam
3461 4303 3529 4367 in
3561 4303 3776 4369 triduo
3822 4305 3927 4367 :et

2386 4416 2529 4480 ideo
2546 4435 2678 4479 non
2703 4415 2991 4499 sequitur
3009 4412 3179 4496 quod
3208 4411 3396 4477 fuerit
3417 4410 3638 4475 homo.

2466 4528 2525 4587 4.
2556 4524 2654 4588 Ad
2681 4522 2839 4586 illud
2879 4521 3052 4604 quod
3092 4520 3424 4603 objicitur,
3475 4518 3648 4602 quod
3675 4515 3923 4602 quando

2391 4632 2609 4696 anima
2632 4637 2943 4714 etcorpus
2965 4629 3287 4694 uniuntur
3316 4629 3384 4692 in
3411 4627 3704 4692 eamdem
3734 4625 3922 4708 hypo-

2388 4740 2629 4816 stasim,
2673 4739 2910 4802 faciunt
2953 4737 3323 4812 hominem,
3376 4733 3719 4801 dicendum
3758 4730 3919 4815 quod

2384 4847 2561 4911 uniri
2601 4847 2884 4910 animam
2906 4849 2970 4910 et
3005 4862 3239 4928 corpus
3278 4844 3349 4908 in
3385 4842 3674 4907 eamdem
3700 4841 3921 4923 hypos-

2383 4958 2596 5034 tasim,
2648 4956 2772 5021 hoc
2824 4959 3030 5040 potest
3081 4974 3217 5020 esse
3271 4952 3630 5036 dupliciter,
3685 4953 3798 5014 aut
3840 4947 3924 5010 ita

2382 5065 2554 5148 quod
2594 5064 2705 5128 illa
2740 5063 3101 5147 hypostasis
3125 5063 3207 5126 sit
3237 5080 3319 5126 ex
3346 5060 3438 5125 eis
3463 5057 3831 5133 constituta,
3865 5057 3923 5117 et

2382 5170 2472 5233 sic
2503 5170 2644 5234 talis
2670 5170 3062 5254 hypostasis,
3089 5187 3238 5252 quae
3276 5168 3357 5232 sit
3379 5166 3484 5230 hic
3524 5168 3587 5230 et
3610 5182 3786 5228 nunc
3817 5179 3835 5224 ε
3864 5163 3924 5224 et

2382 5277 2502 5340 isto
2520 5278 2710 5342 modo
2740 5296 2873 5343 non
2900 5284 3165 5361 possunt
3182 5276 3352 5341 uniri
3379 5276 3450 5338 in
3476 5272 3771 5338 eamdem
3809 5270 3924 5353 hy·

2381 5384 2706 5465 postasim‚
2740 5385 2900 5468 quin
2923 5386 3234 5452 uniantur
3257 5382 3339 5448 ad
3364 5381 3640 5446 invicem
3662 5428 3684 5460 ,
3713 5397 3789 5443 ac
3813 5394 3924 5461 per

2383 5489 2502 5554 hoc
2529 5489 2687 5573 quin
2728 5491 2958 5555 faciant
2987 5491 3340 5556 hominem.
3379 5489 3521 5554 Alio
3550 5485 3745 5552 modo
3778 5502 3920 5571 pos·
