4185 6288
518 3237 583 3280 Ad
601 3249 704 3293 opp.

751 496 871 559 100

746 628 965 693 Glossa
986 625 1220 691 dicitur
1247 647 1262 688 :
1295 647 1327 684 α
1352 622 1512 688 Cum
1538 622 1861 705 benignus
1886 625 1950 686 et
1975 622 2289 686 humana-

740 738 847 801 tus
888 735 1054 799 Deus
1083 736 1296 797 noster
1329 730 1722 814 apparuerit.
1751 751 1780 789 υ
1826 730 1999 812 Ergo
2034 729 2290 794 videtur

744 842 914 925 quod
937 840 1081 906 Filii
1107 840 1217 904 Dei
1237 838 1614 903 humanatio
1637 856 1770 903 non
1797 837 1986 903 fuerit
2010 836 2291 901 median-

742 950 916 1015 tibus
941 946 1173 1012 nostris
1198 946 1459 1010 meritis

824 1056 982 1121 Item
1012 1071 1206 1137 super
1231 1053 1392 1117 illud
1421 1050 1655 1117 Psalmi
1677 1053 1695 1087 ¹
1730 1072 1747 1116 ε
1783 1052 2045 1133 Respice
2071 1046 2148 1117 'in
2175 1055 2290 1117 tes-

743 1170 1095 1233 tamentum
1150 1168 1333 1229 tuum
1350 1186 1378 1237 ‚·
1443 1159 1658 1225 Glossa
1701 1181 1716 1224 :
1786 1184 1816 1221 α
1862 1158 2295 1225 Meminerunt

744 1271 1209 1356 promissioniS,
1250 1270 1406 1353 quia
1441 1269 1668 1334 merita
1704 1269 2067 1333 defecerunt
2102 1289 2118 1331 :
2152 1289 2183 1326 n
2229 1270 2295 1331 et

741 1380 1028 1463 loquitur
1060 1379 1139 1444 de
1180 1378 1598 1461 promissione
1640 1373 2099 1440 incarnationis
2130 1394 2146 1437 :
2186 1391 2289 1438 er-

743 1504 854 1569 go,
885 1490 1004 1550 etc.

825 1592 984 1658 Item
1019 1609 1136 1674 pro
1175 1609 1252 1655 eo
1288 1591 1460 1673 quod
1495 1609 1610 1673 per
1643 1589 1875 1654 merita
1909 1587 2289 1670 acquiritur,

743 1719 877 1766 non
902 1705 1150 1764 tantum
1182 1704 1478 1764 tenemur
1498 1699 1579 1763 ad
1603 1698 1963 1779 gratiarum
1989 1695 2289 1775 00110005,

743 1807 908 1872 51001
930 1825 1045 1890 pro
1068 1825 1145 1871 eo
1169 1805 1338 1888 quod
1363 1804 1562 1887 gratis
1582 1805 1806 1868 datur:
1832 1803 1941 1868 sed
1964 1802 2040 1866 de
2065 1800 2295 1865 Christi

746 1914 1082 1979 donatione
1099 1917 1396 1977 tenemur
1413 1912 1493 1976 ad
1514 1911 1913 1976 omnimodas
1931 1909 2294 1991 gratiarum

745 2022 1024 2087 actiones
1054 2040 1070 2086 ε
1103 2039 1261 2103 ergo
1293 2019 1548 2084 videtur
1575 2018 1748 2102 quod
1785 2018 1959 2082 illam
1995 2035 2130 2082 non
2167 2017 2289 2080 im-

748 2133 1164 2212 petraverunt
1189 2127 1415 2190 merita
1445 2125 1761 2190 Ecclesiae.

829 2235 1010 2314 Item,
1039 2234 1210 2317 quod
1234 2238 1328 2296 est
1349 2232 1843 2297 fundamentum
1864 2231 2060 2294 totius
2084 2230 2294 2295 meriti

747 2342 1061 2422 Ecclesiae,
1093 2341 1336 2405 meritis
1362 2342 1504 2422 ejus
1529 2358 1660 2403 non
1688 2342 1892 2421 potest
1928 2338 2107 2402 reddi
2139 2360 2154 2401 ι
2185 2336 2294 2401 sed

748 2452 976 2517 Christi
1024 2449 1376 2514 incarnatio
1424 2453 1518 2512 est
1564 2447 2055 2512 fundamentum
2102 2446 2296 2510 totius

747 2559 959 2623 meriti
996 2556 1319 2635 Ecclesiae,
1359 2556 1514 2638 quia
1554 2572 1669 2637 per
1702 2554 1940 2636 ipsum,
1981 2556 2298 2635 quotquot

749 2669 921 2745 5001,
951 2663 1334 2729 reconciliati
1359 2666 1512 2726 sunt
1539 2661 1665 2726 Deo
1703 2664 1767 2725 et
1801 2660 1996 2740 Patri,
2031 2678 2149 2725 000
2174 2659 2295 2723 011-

745 2774 893 2856 quis
918 2773 1200 2837 salvatur
1230 2771 1354 2835 0151
1387 2789 1501 2854 per
1526 2787 1678 2835 eum
1708 2788 1726 2832 ι
1762 2787 1920 2850 ergo
1947 2786 2083 2833 non
2117 2768 2297 2832 vide-

746 2883 854 2943 tur
887 2879 1058 2962 quod
1092 2878 1446 2942 incarnatio
1483 2876 1712 2942 Christi
1752 2893 1866 2958 per
1904 2873 2134 2939 merita
2174 2891 2291 2955 pa-

747 2991 958 3067 trum,
1006 2987 1142 3052 sive
1185 2986 1386 3069 ipsius
1429 2983 1723 3049 Ecclesiae
1769 2983 2048 3066 potuerit
2090 2982 2298 3064 impe-

750 3096 927 3161 trari.

833 3202 954 3267 Sed
979 3205 1239 3266 contra:
1275 3217 1468 3282 super
1494 3198 1655 3262 illud
1689 3195 1958 3260 PsaImi’
1991 3219 2005 3260 :
2040 3196 2300 3277 Propter

749 3311 1081 3376 miseriam
1132 3310 1399 3390 inopum
1447 3311 1506 3371 et
1548 3307 1854 3389 qemitum
1905 3321 2260 3386 pauperum
2270 3324 2300 3387 ;

749 3417 982 3498 Glossa,
1017 3416 1103 3481 ibi
1136 3438 1151 3480 t
1193 3439 1222 3478 α
1251 3416 1605 3497 Eoeurqam,
1645 3413 1706 3476 id
1746 3415 1862 3491 est,
1905 3412 2154 3474 mittam
2191 3411 2298 3476 Fi-

687 3563 702 3580 .
745 3527 906 3592 lium
957 3543 1174 3591 meum
1225 3527 1484 3607 propter
1529 3522 1846 3604 gemitum
1894 3538 2253 3603 pauperum
2278 3570 2295 3602 ,

745 3635 858 3719 qui
888 3653 1002 3718 pro
1033 3633 1218 3698 malis
1243 3636 1539 3714 gemunt,
1573 3635 1635 3695 et
1662 3632 1933 3714 peccatis
1960 3635 2300 3694 conterun-

744 3748 854 3807 tur
885 3765 900 3806 :
933 3760 1086 3806 nam
1112 3740 1293 3806 aliter
1326 3758 1458 3804 non
1492 3741 1702 3804 055001
1743 3737 1926 3819 digni
1964 3738 2229 3802 auxilio.
2268 3759 2297 3798 n

747 3849 919 3932 &go
962 3849 1018 3912 si
1060 3852 1318 3931 propter
1363 3845 1681 3928 gemitum
1725 3844 1874 3908 facti
1917 3849 2071 3909 sunt
2116 3845 2301 3927 digni

748 3956 1047 4020 missione
1085 3953 1228 4019 Filii
1257 3954 1389 4031 Dei,
1422 3953 1677 4017 videtur
1710 3952 1882 4035 quod
1922 3953 2296 4032 incarnatio,

749 4064 885 4128 sive
912 4061 1054 4127 Filii
1078 4061 1187 4126 Dei
1216 4061 1546 4144 conceptio
1574 4078 1802 4126 eorum
1830 4061 2075 4123 meritis
2103 4061 2302 4143 impe-

750 4175 915 4236 trata
941 4170 1152 4233 fuerit.

831 4282 893 4342 Ξ.
924 4277 1104 4355 ltem,
1141 4276 1255 4359 qui
1284 4278 1566 4340 meretur
1601 4273 1974 4358 principale,
2017 4279 2305 4340 meretur

755 4392 816 4453 et
840 4385 1264 4452 accessorium
1297 4403 1313 4449 ε
1346 4384 1451 4448 sed
1487 4384 1840 4448 incarnatio
1873 4382 2018 4447 Filii
2047 4383 2157 4447 Dei
2181 4383 2305 4447 fuit

755 4496 1046 4562 ordinata
1095 4495 1177 4559 ad
1222 4498 1508 4558 nostram
1558 4491 2086 4574 glorificationem
2135 4514 2148 4555 :
2195 4490 2305 4555 sed

753 4607 1038 4668 nostram
1098 4600 1627 4683 glorificationem
1681 4601 2027 4681 potuerunt
2089 4597 2306 4663 Sancti

758 4708 993 4774 mereri
1025 4731 1041 4774 ε
1084 4726 1242 4790 ergo
1271 4711 1334 4771 et
1361 4705 1839 4787 conceptionem
1866 4704 2117 4769 Christi.

837 4821 898 4881 3.
928 4816 1112 4894 Item,
1143 4815 1255 4899 qui
1284 4817 1565 4878 meretur
1591 4812 1762 4895 quod
1790 4814 2003 4894 majus
2029 4817 2144 4893 est,
2176 4832 2307 4878 me-

757 4927 886 4992 reri
913 4928 1117 5008 potest
1143 4926 1337 4989 etiam
1359 4922 1531 5007 quod
1555 4923 1771 4986 minus
1791 4926 1886 4986 est
1913 4941 1928 4983 ε
1959 4923 2069 4988 5οᾶ
2096 4926 2307 5006 majus

632 5035 647 5050 '
759 5038 854 5098 est
878 5038 1094 5097 nostra
1123 5031 1522 5110 beatificatio,
1551 5047 1748 5113 quam
1775 5029 1857 5092 sit
1887 5028 2033 5092 Filii
2065 5030 2174 5094 Dei
2201 5032 2304 5095 in-

760 5141 1071 5217 carnati0,
1119 5142 1271 5223 quia
1318 5140 1474 5204 illud
1526 5144 1620 5204 est
1672 5138 1821 5201 finis
1873 5138 2105 5202 istius:
2149 5157 2306 5221 ergo

762 5265 914 5312 cum
945 5252 1322 5313 meruerunt
1348 5247 1546 5311 sancti
1574 5244 1790 5309 Patres
1816 5263 2002 5309 suam
2032 5244 2308 5311 beatitu-

760 5355 1010 5433 dinem,
1066 5359 1442 5420 meruerunt
1481 5371 1641 5436 ergo
1684 5358 1750 5420 et
1794 5351 1940 5417 Filii
1985 5352 2091 5417 Dei
2148 5373 2307 5420 con-

760 5462 1138 5546 ceptionem.

1869 478 2495 554 SENTENTIARUM
2535 478 2688 548 LIB.
2732 476 2843 548 111.

2478 622 2541 681 4.
2582 616 2765 695 Item,
2809 615 2924 699 qui
2961 614 3117 698 petit
3155 612 3395 697 aliquid
3435 614 3506 677 in
3546 613 3831 679 oratione
3871 632 3955 680 ex

2400 726 2705 789 charitate
2741 726 3243 807 perseveranter,
3274 721 3404 804 pie,
3442 724 3505 784 et
3541 720 3619 785 ad
3655 721 3952 800 salutem,

2400 837 2683 896 meretur
2709 831 2869 896 illud
2898 831 3072 914 quod
3105 830 3282 913 petit,
3317 829 3602 893 maxime
3634 847 3786 893 cum
3813 829 3956 894 talis

2400 941 2493 1005 rei
2533 942 2752 1024 petitio
2798 941 2919 1003 Deo
2964 938 3253 1021 placeat:
3301 937 3409 1001 sed
3455 936 3701 1019 antiqui
3749 941 3958 1019 patres

2401 1048 2687 1113 maximo
2727 1048 3035 1114 desiderio
3076 1047 3375 1130 petebant
3414 1043 3556 1109 Filii
3595 1044 3701 1108 Dei
3739 1033 3955 1108 incar-

2400 1161 2755 1238 nationem,
2796 1163 2861 1224 et
2894 1159 3018 1224 hoc
3052 1160 3554 1241 perseveranter,
3598 1155 3702 1238 pie
3718 1204 3737 1234 ,
3775 1161 3840 1218 et
3876 1156 3952 1220 ad

2401 1268 2693 1347 salutem,
2723 1271 2787 1332 et
2823 1267 2948 1331 Deo
2982 1265 3270 1349 placebat
3303 1264 3474 1346 quod
3497 1263 3623 1327 tale
3650 1262 3810 1345 quid
3841 1281 3956 1346 pe-

2400 1380 2607 1441 terent
2634 1398 2649 1440 :
2696 1394 2854 1458 ergo
2890 1375 3146 1440 videtur
3185 1374 3356 1456 quod
3396 1374 3780 1437 meruerunt
3821 1369 3959 1436 Filii

2402 1483 2511 1547 Dei
2545 1483 3072 1548 incarnationem.

2942 1764 3395 1832 CONCLUSIO.

2402 1930 2718 1985 lucar-natio
2750 1927 2953 1984 Christi
2977 1930 3244 1997 quantum
3272 1926 3347 1982 ad
3371 1927 3657 1983 essentiam
3685 1941 3795 1982 non
3821 1927 3963 1983 cadit

2473 2019 2570 2075 sub
2596 2021 2820 2081 merito,
2866 2016 2960 2073 sed
2985 2022 3061 2072 est
3090 2034 3157 2073 ea:
3183 2033 3332 2073 mera
3363 2019 3581 2087 qratia,
3625 2016 3753 2072 licet
3794 2016 3966 2088 quoad

2474 2110 2941 2165 circumstantiam
2971 2111 3225 2180 temporis
3264 2108 3428 2163 cadat
3462 2107 3561 2163 sub
3603 2110 3839 2176 mer-itm
3876 2107 3965 2164 sed

2474 2198 2655 2269 quoad
2678 2198 2974 2267 efficaciam
2992 2197 3225 2254 mediam
3251 2196 3481 2268 quodam
3509 2198 3669 2253 modo
3696 2201 3776 2253 sic
3793 2237 3809 2266 ,
3840 2213 3961 2268 quo-

2478 2289 2603 2344 dam
2631 2288 2783 2344 modo
2812 2303 2941 2343 non.

2482 2447 2670 2531 Resp.
2708 2447 2787 2512 ad
2811 2465 2953 2528 arg.
2994 2446 3343 2511 Dicendum
3366 2448 3540 2529 quod
3561 2446 3643 2511 de
3665 2446 3961 2511 beneflcio

2404 2554 2880 2630 incarnationis,
2912 2555 3081 2617 sicut
3103 2554 3180 2617 de
3206 2553 3348 2618 aliis
3375 2554 3712 2618 beneflciis
3739 2554 3961 2619 divinis

2403 2660 2580 2744 loqui
2627 2664 2723 2725 est
2773 2661 3136 2744 tripliciter,
3182 2660 3476 2725 videlicet
3520 2665 3843 2743 quantum
3884 2662 3960 2725 ad

2407 2768 2853 2848 substantiam,
2894 2770 2998 2833 vel
3035 2769 3393 2848 essentiam,
3435 2772 3498 2833 et
3529 2773 3846 2851 quantum
3882 2768 3958 2833 ad

2405 2875 2776 2954 efficaciam,
2823 2882 2886 2940 et
2931 2879 3249 2960 quantum
3291 2876 3372 2940 ad
3417 2876 3956 2941 circumstantiam

2405 2986 2732 3067 temporis
2765 2984 2833 3050 Si
2871 2986 3214 3069 loquamur
3241 2985 3318 3050 de
3354 2986 3492 3067 ipso
3532 2990 3847 3068 quantum
3879 2987 3955 3050 ad

2406 3093 2769 3175 essentiam,
2809 3094 2899 3159 sic
2939 3093 3279 3159 dicendum
3315 3093 3487 3176 quod
3523 3093 3687 3159 illud
3725 3094 3952 3160 benefl-

2408 3201 2582 3265 cium
2621 3206 2757 3266 erat
2785 3221 2980 3285 supra
3007 3206 3372 3265 sanctorum
3410 3199 3680 3266 Patrum
3712 3202 3947 3279 merita,

2408 3313 2744 3393 propterea
2779 3311 2931 3392 quia
2966 3328 3094 3374 non
3138 3312 3232 3373 aet
3263 3310 3457 3390 justae
3501 3309 3949 3387 retributionis,

2408 3418 2515 3482 sed
2562 3418 2949 3500 dignationis
2989 3415 3535 3496 eminentissimae,
3581 3421 3649 3481 et
3691 3435 3819 3481 non
3860 3435 3952 3480 50-

2409 3524 2632 3606 quitur
2670 3524 2899 3588 merita
2934 3523 3219 3588 hominis
3257 3522 3442 3605 lapsi,
3476 3523 3583 3587 sed
3627 3524 3832 3606 potius
3867 3525 3954 3586 est

2408 3633 2903 3697 fundamentum
2959 3629 3171 3696 omnis
3222 3630 3435 3695 meriti
3480 3653 3496 3695 z
3540 3631 3698 3713 quia
3752 3631 3955 3695 nullus

2411 3742 2538 3807 Deo
2566 3743 2812 3826 placere
2849 3741 3059 3824 potuit
3095 3744 3235 3824 post
3268 3740 3523 3822 lapsum
3560 3741 3800 3824 absque
3835 3740 3949 3805 fide

2411 3851 2593 3914 istius
2629 3849 2941 3929 beneficii,
2979 3848 3084 3912 vel
3119 3847 3190 3911 in
3227 3847 3536 3929 generali,
3578 3849 3685 3913 vel
3726 3849 3791 3912 in
3826 3866 3952 3931 spe-

2411 3956 2552 4021 ciali
2583 3979 2596 4021 :
2627 3959 2691 4020 et
2715 3955 3069 4020 secundum
3090 3954 3257 4018 hanc
3280 3954 3459 4019 viam
3487 3955 3836 4038 procedunt
3862 3973 3953 4018 ra-

2413 4065 2617 4129 tiones
2641 4068 2707 4128 et
2727 4064 3133 4128 auctoritates
3161 4062 3241 4126 ad
3269 4064 3548 4145 primam
3576 4069 3819 4148 partem
3845 4062 3950 4127 ad-

2412 4173 2644 4237 ductae.
2670 4171 2738 4236 Si
2765 4190 2921 4237 vero
2948 4155 3294 4252 loquamur
3321 4171 3399 4235 de
3430 4172 3738 4238 beneficio
3762 4173 3949 4235 incar-

2415 4279 2689 4344 nationis
2711 4283 3029 4362 quantum
3051 4279 3132 4343 ad
3154 4279 3524 4361 efficaciam,
3546 4281 3636 4344 sic
3654 4299 3802 4344 cum
3823 4281 3951 4362 ejus

2412 4388 2695 4452 efficacia
2720 4391 2884 4451 esset
2909 4387 3169 4468 duplex,
3198 4386 3493 4454 videlicet
3521 4388 3694 4472 quod
3722 4387 3950 4458 ordina·

2416 4497 2605 4561 batur
2638 4498 2717 4561 ad
2752 4498 3190 4562 liberationem
3221 4517 3259 4562 a
3298 4499 3604 4564 servitute
3642 4498 3861 4581 culpae,
3894 4501 3952 4561 et

2415 4623 2455 4668 a
2480 4609 2664 4669 reatu
2690 4606 2989 4669 carentiae
3015 4604 3280 4670 visionis
3308 4606 3444 4686 Dei,
3469 4608 3748 4690 quodam
3775 4602 3949 4669 modo

2417 4712 2582 4776 cadit
2607 4713 2726 4776 sub
2764 4713 3014 4792 merito,
3053 4712 3335 4795 quodam
3376 4714 3567 4778 modo
3604 4732 3759 4778 000.
3801 4710 3948 4777 Nam

2417 4823 2735 4901 quantum
2776 4820 2857 4884 ad
2897 4819 3334 4884 liberationem
3370 4839 3411 4884 a
3450 4823 3633 4886 reatu
3672 4817 3947 4884 carentiae

2418 4925 2654 4990 divinae
2683 4926 2973 5006 visionis,
3005 4931 3068 4991 et
3095 4926 3537 5009 captivationis
3564 4927 3813 5005 diaboli,
3840 4925 3946 4989 hoc

2420 5039 2796 5100 meruerunt
2839 5035 3039 5099 sancti
3079 5038 3289 5117 patres
3304 5082 3321 5111 ,
3366 5038 3430 5099 et
3472 5034 3637 5098 cadit
3672 5033 3790 5097 sub
3826 5048 3947 5095 me-

2419 5143 2579 5220 rito;
2619 5146 2936 5226 quantum
2966 5160 3121 5206 vero
3155 5141 3235 5205 ad
3263 5140 3656 5223 ereptionem
3690 5140 3765 5204 de
3795 5139 3945 5200 statu

2418 5249 2646 5331 culpae,
2681 5268 2814 5314 non
2841 5250 3007 5314 cadit
3031 5249 3152 5313 sub
3181 5247 3433 5327 merito,
3465 5247 3591 5310 nisi
3620 5248 3760 5330 quis
3781 5245 3945 5324 large

2417 5362 2632 5421 sumat
2660 5357 2961 5422 meritum
2985 5358 3066 5421 ad
3095 5356 3401 5420 meritum
3426 5355 3701 5437 congrui
3728 5358 3787 5419 et
3810 5368 3945 5417 con·

2489 5483 2503 5515 ⁸
2535 5479 2667 5532 Paul.
2688 5493 2874 5546 Lxxm,
2900 5483 3094 5534 20.-¹
3115 5478 3261 5533 Psal.
3287 5489 3362 5542 ιι,
3393 5481 3443 5529 6.
