4185 6288
1563 420 1939 489 msTlNc'r.
1985 418 2197 488 xxlx.

281 557 417 620 tam
457 571 739 631 causam,
782 558 1006 640 utpote
1052 557 1107 621 si
1150 562 1329 642 pater
1384 576 1569 623 meus
1605 557 1818 640 magis

280 662 586 744 indigeat,
631 667 694 727 et
735 681 862 744 ego
897 683 1162 747 possum
1206 667 1267 731 ei
1321 667 1531 748 maw
1576 667 1811 732 subve-

280 768 441 846 nire,
474 773 537 834 et
554 770 692 852 ipso
719 771 1008 852 neglecto
1030 820 1055 853 ,
1087 773 1462 838 subveniam
1489 777 1813 838 extraneo:

280 879 343 942 et
367 876 477 942 illa
501 877 744 942 inducit
774 884 1138 961 peccatum,
1169 884 1234 944 et
1262 881 1340 945 de
1372 881 1491 945 hac
1515 879 1818 961 intelligi-

279 987 387 1048 tur
411 985 750 1049 auctoritas
772 985 1058 1067 Magistri
1083 987 1151 1050 in
1178 986 1412 1053 littera.
1447 987 1527 1053 Et
1555 1006 1668 1071 per
1693 987 1819 1053 hoc

279 1094 450 1172 patet
470 1092 797 1174 responsio
824 1093 902 1156 ad
930 1093 1194 1175 objecta.

909 1286 1050 1334 ΗΠΒ.
1094 1287 1163 1332 11.

572 1403 847 1456 Multorum
874 1404 1093 1456 charitas
1116 1403 1407 1455 inordinata
1426 1406 1519 1454 est.

356 1533 586 1599 Contra
609 1534 731 1599 ista
755 1534 1074 1599 Ambrosii
1104 1534 1303 1599 verba
1341 1532 1641 1615 oincitur
1668 1532 1761 1597 sic
1795 1553 1810 1596 t

278 1643 560 1710 Charitas
588 1660 720 1707 non
743 1646 949 1726 potest
969 1661 1105 1707 esse
1131 1640 1447 1719 informis,
1497 1639 1607 1703 sed
1649 1658 1819 1705 sem-

274 1769 390 1833 per
416 1750 706 1827 formata‚
738 1754 802 1813 et
824 1750 1100 1814 charitas
1127 1750 1397 1814 formata
1438 1766 1691 1829 semper
1723 1752 1818 1812 est

274 1857 591 1924 ordinata:
617 1874 776 1938 ergo
794 1856 1208 1939 implicantur
1225 1856 1305 1939 (a)
1329 1855 1638 1938 opposita,
1666 1873 1831 1919 cum.

275 1966 506 2031 dicitur
555 1965 845 2033 charitas
899 1965 1304 2032 inordinata.
1360 1965 1518 2029 Item
1566 1964 1819 2028 videtur

277 2075 444 2139 male
492 2074 699 2139 dicere
740 2074 809 2137 in
855 2073 978 2138 hoc
1019 2074 1193 2156 quod
1232 2072 1443 2137 subdit
1492 2091 1509 2135 τ
1556 2095 1588 2132 α
1635 2071 1816 2147 Quod

275 2183 344 2247 in
362 2182 571 2266 primo
583 2184 699 2256 est,
725 2184 976 2264 ponunt
990 2181 1276 2255 tertium,
1293 2179 1399 2245 vel
1417 2181 1721 2261 quartum
1748 2200 1806 2242 z»

276 2283 533 2349 sienim
573 2283 782 2366 primo
826 2282 1186 2364 diligendus
1226 2284 1324 2347 est
1359 2281 1557 2360 Deus,
1606 2283 1668 2344 et
1701 2280 1814 2364 qui

274 2391 661 2470 praeponunt
683 2386 924 2469 aliquid
950 2385 1077 2450 Deo
1104 2403 1236 2449 non
1262 2385 1502 2449 habent
1537 2383 1808 2448 charita-

277 2500 431 2574 tem,
459 2493 713 2559 videtur
751 2493 921 2575 quod
970 2492 1135 2556 male
1172 2491 1361 2567 dicat,
1404 2490 1575 2574 quod
1618 2489 1817 2574 aliqui

276 2604 516 2670 habent
571 2601 941 2666 charitatem
995 2599 1450 2675 inordinatam,
1522 2617 1598 2663 eo
1643 2599 1815 2682 quod

277 2715 527 2796 ponunt
551 2708 754 2774 Deum
783 2707 968 2770 tertio
994 2705 1097 2772 vel
1119 2709 1346 2789 quarto
1372 2706 1533 2770 loce.

355 2820 541 2901 Resp.
581 2816 925 2881 Dicendum
980 2815 1151 2899 quod
1195 2832 1434 2878 nomen
1491 2813 1816 2877 charitatis

274 2927 584 3010 accipitur
605 2925 809 3005 large,
836 2927 900 2988 et
923 2923 1176 3006 proprie
1210 2944 1225 2986 ε
1254 2921 1436 3003 large
1471 2920 1550 2985 ad
1583 2938 1814 3002 quam-

274 3052 552 3118 cumque
606 3031 1041 3107 dilectionem,
1091 3047 1238 3112 quae
1284 3029 1567 3093 multum
1624 3027 1819 3091 habet

272 3152 561 3214 amatum
603 3144 871 3210 charum
904 3166 920 3207 :
953 3148 1016 3208 et
1053 3142 1174 3208 ista
1219 3146 1424 3226 potest
1465 3161 1603 3207 esse
1636 3141 1815 3206 inor-

273 3254 508 3331 dinata,
539 3250 642 3318 vel
675 3250 964 3315 ordinata
998 3269 1017 3315 2
1048 3248 1183 3331 ipse
1219 3253 1437 3314 autem
1480 3247 1694 3330 objicit
1735 3248 1815 3313 de

272 3362 577 3426 charitate
602 3358 855 3443 proprie
880 3359 1159 3439 sumpta.

913 3550 1050 3596 DUB.
1095 3549 1187 3594 111.

701 3659 833 3710 Ante
862 3655 1036 3709 omnia
1061 3658 1257 3719 Deum,
1281 3660 1380 3709 etc.

355 3792 617 3859 Videtur
643 3791 713 3854 in
742 3789 863 3854 hac
886 3787 1283 3853 distinctione
1328 3785 1653 3867 Magister,
1683 3784 1813 3850 imo

274 3899 651 3968 Ambrosius
714 3914 851 3961 esse
909 3895 1298 3980 superfluus.
1347 3894 1561 3958 Primo
1582 3942 1602 3971 ‚
1660 3894 1816 3976 quia

277 4010 687 4094 Augustinus
725 4013 742 4048 ¹
805 4022 937 4070 non
989 4007 1324 4069 enumerat
1379 4003 1503 4067 nisi
1540 4005 1815 4086 quatuor

279 4118 553 4202 gradus;
583 4115 690 4181 bic
714 4116 930 4179 autem
951 4114 1286 4177 enumerat
1311 4129 1427 4175 sex
1467 4132 1481 4173 :
1528 4127 1686 4191 ergo
1712 4109 1813 4175 vi-

277 4227 496 4304 detur,
542 4222 599 4287 si
642 4221 1049 4304 Augustinus
1105 4236 1237 4283 non
1281 4222 1376 4284 est
1432 4216 1810 4295 diminutus,

278 4333 450 4418 quod
485 4332 605 4395 iste
648 4330 730 4393 sit
776 4327 1163 4412 superfluus.
1207 4325 1274 4389 Si
1317 4329 1392 4389 tu
1436 4324 1607 4389 dicas
1643 4324 1817 4406 quod

277 4440 402 4506 sub
427 4456 565 4505 uno
589 4438 860 4502 istorum
881 4435 1341 4512 membrorum,
1371 4432 1662 4499 videlicet
1693 4435 1814 4498 sub

276 4547 608 4614 dilectione
639 4543 940 4629 proximi,
971 4541 1381 4608 continentur
1422 4544 1699 4623 quatuor
1737 4539 1817 4605 de

273 4656 402 4720 illis
431 4653 758 4731 memhris,
785 4650 1136 4717 ostenditur
1160 4652 1336 4726 tunc,
1367 4646 1538 4731 quod
1584 4647 1669 4711 sit
1712 4648 1818 4712 di-

273 4763 587 4842 minutus,
618 4760 773 4843 quia
790 4758 1037 4823 dilectio
1048 4757 1330 4839 corporis
1344 4755 1546 4820 nostri
1574 4755 1665 4818 ibi
1683 4774 1817 4820 non

273 4869 596 4951 tangitur..
640 4866 823 4945 Item,
851 4866 1017 4932 sicut
1045 4862 1296 4946 gradus
1340 4862 1585 4928 suntin
1625 4861 1820 4927 dilec-

271 4978 447 5042 tione
473 4975 935 5058 proximorum,
966 4973 1056 5036 sic
1079 4971 1332 5037 videtur
1361 4989 1495 5035 esse
1525 4970 1593 5034 in
1630 4969 1817 5034 dilec-

269 5085 451 5149 tione
492 5082 634 5162 Dei‚
683 5081 837 5165 quia
871 5079 1150 5149 multum
1188 5077 1496 5143 debemus
1545 5077 1817 5160 diligere

274 5193 478 5259 Deum
504 5193 876 5268 creatorem,
907 5192 971 5253 et
986 5185 1263 5270 amplius
1285 5170 1730 5266 recreatorem,
1756 5184 1820 5250 et

340 5349 362 5384 ¹
389 5350 539 5416 Aug„
565 5349 625 5400 de
650 5347 793 5400 Doct.
821 5343 998 5394 christ.
1024 5343 1113 5395 lib.
1146 5345 1185 5405 Ι,
1209 5358 1254 5393 c.
1279 5353 1436 5406 xxm,
1463 5357 1515 5393 n.
1541 5346 1620 5396 22.

346 5425 409 5491 (a)
440 5425 580 5478 Edit.
608 5425 724 5476 Ven.
745 5419 1052 5489 implicatur.

3349 431 3468 494 647

1928 556 2213 621 maxime
2232 555 2725 636 glorificatorem
2757 580 2771 621 ε
2804 577 2963 641 ergo
3008 560 3468 628 insufficienter

1928 664 2209 746 assignat
2238 664 2479 745 gradus
2504 663 2876 731 dilectionis.
2901 667 3056 731 [tem
3081 670 3303 735 multae
3322 671 3468 736 aliae

1929 773 2080 835 sunt
2109 770 2524 847 conditiones,
2552 771 2621 834 in
2652 773 2886 855 quibus
2912 776 3204 840 membra
3238 776 3469 842 Christi

1927 877 2209 943 invicem
2246 880 2756 960 conjunguntur,
2806 884 3039 962 praeter
3112 884 3466 967 praedictas,

1929 983 2221 1050 videlicet
2241 983 2463 1047 relatio
2490 985 2710 1048 uxoris
2748 986 2830 1050 ad
2872 988 3128 1068 virum,
3177 989 3470 1072 discipuli

1928 1091 2009 1154 ad
2039 1090 2450 1171 magistrum,
2481 1091 2724 1155 domini
2764 1093 2845 1157 ad
2886 1112 3184 1176 servum,
3232 1096 3471 1162 subditi

1928 1198 2009 1262 ad
2038 1197 2414 1280 praelatum‚
2458 1216 2620 1281 quas
2664 1218 2887 1265 omnes
2929 1203 3163 1267 omittit
3187 1204 3470 1270 Ambro-

1928 1305 2096 1370 sius:
2124 1304 2378 1370 videtur
2416 1322 2574 1386 ergo
2617 1306 3069 1373 insufficienter
3113 1310 3470 1393 diligendo-

1930 1431 2079 1476 rum
2123 1411 2413 1476 ordinem
2447 1412 2793 1493 assignare.
2840 1414 3166 1493 Quaeritur
3205 1437 3364 1499 ergo
3391 1419 3469 1484 de

1928 1537 2211 1585 numero·
2234 1523 2298 1583 et
2321 1519 2699 1584 sufficientia
2724 1521 3010 1604 ipsorum
3036 1525 3383 1605 graduum.

2007 1626 2193 1709 Resp.
2224 1626 2572 1691 Dicendum
2600 1629 2793 1710 quod,
2836 1630 2999 1694 sicut
3038 1630 3279 1695 dictum
3320 1633 3464 1714 fuit,

1928 1733 2083 1797 ordo
2127 1733 2209 1797 ab
2243 1734 2610 1813 Augustino
2654 1736 3017 1818 assignatus
3061 1740 3318 1820 respicit
3365 1741 3470 1823 ip-

1926 1859 2066 1906 sam
2092 1841 2461 1905 charitatem
2489 1843 2842 1907 secundum
2864 1863 2973 1909 se:
3007 1846 3152 1910 ideo
3195 1848 3466 1913 attendi-

1926 1954 2035 2012 tur
2061 1948 2416 2013 secundum
2456 1950 2833 2032 principales
2879 1952 3265 2017 differentias
3290 1955 3465 2036 boni,

1926 2074 2075 2140 quse
2100 2058 2253 2119 sunt
2277 2057 2524 2120 bonum
2552 2076 2750 2139 supra
2775 2076 2915 2136 nOS,
2942 2064 3005 2124 et
3031 2059 3275 2124 bonum
3298 2062 3470 2130 intra

1926 2181 2068 2242 n05‚
2101 2168 2164 2227 et
2180 2166 2373 2245 juxta
2397 2182 2543 2241 nos,
2565 2169 2628 2228 et
2655 2165 2821 2229 infra
2864 2184 3005 2232 nos.
3037 2165 3203 2233 Ordo
3247 2173 3466 2236 autem

1926 2270 2246 2335 Ambrosii
2299 2270 2555 2353 respicit
2588 2271 2791 2354 ipsam
2840 2274 3234 2355 charitatem,
3275 2283 3467 2359 prout

1928 2378 2115 2442 estin
2142 2380 2373 2441 natura
2395 2396 2592 2460 quam
2618 2379 2840 2460 dirigit
2876 2384 2939 2444 et
2978 2382 3148 2463 regit
3180 2403 3195 2446 :
3229 2389 3294 2448 et
3322 2385 3464 2451 haec

1927 2501 2058 2548 non
2121 2486 2373 2548 tantum
2420 2485 2766 2550 attenditur
2821 2505 3014 2568 penes
3075 2489 3466 2558 differentias

1925 2591 2109 2667 boni,
2157 2591 2268 2655 sed
2314 2591 2507 2655 etiam
2551 2610 2746 2674 penes
2784 2595 3099 2660 rationem
3134 2600 3374 2682 proprii
3401 2604 3466 2666 et

1926 2699 2158 2778 alieni,
2211 2700 2557 2783 propinqui
2611 2704 2674 2764 et
2716 2704 2947 2766 remoti
2989 2725 3005 2768 z
3054 2708 3117 2768 et
3164 2707 3272 2771 hic
3310 2709 3466 2774 ordo

1926 2806 2387 2889 multiplicatur
2413 2807 2482 2870 in
2509 2826 2623 2872 sex
2651 2808 3061 2875 differentias.
3104 2811 3265 2878 Nam
3311 2814 3467 2881 cha-

1926 2916 2081 2980 ritas
2106 2919 2217 2978 aut
2261 2915 2516 2996 respicit
2562 2914 2808 2980 bonum
2852 2919 3244 3002 simpliciter,
3294 2923 3465 3005 quod

1925 3026 2022 3087 est
2046 3040 2376 3087 summum
2406 3023 2672 3102 bonum,
2701 3025 2877 3089 etsie
2901 3031 2996 3091 est
3036 3028 3285 3109 primus
3311 3048 3466 3111 gra-

1925 3130 2082 3209 dus3
2131 3135 2243 3194 aut
2283 3130 2536 3214 respicit
2576 3132 2820 3197 bonum
2866 3136 3220 3218 proprium,
3264 3140 3326 3202 et
3375 3139 3464 3204 sic

1924 3257 2153 3303 sumus
2177 3257 2328 3317 nos;
2360 3244 2474 3303 aut
2500 3239 2752 3322 respicit
2773 3241 3019 3307 bonum
3044 3242 3325 3308 alienum
3341 3292 3360 3323 ,
3389 3250 3467 3311 ut
3536 3232 3542 3238 ¹

1925 3349 2047 3414 sibi
2071 3352 2510 3431 conjunctum,
2543 3352 2606 3412 et
2632 3349 2721 3417 sic
2756 3351 3156 3435 quadruplex
3200 3358 3294 3418 est
3318 3372 3465 3435 gra-

1927 3456 2067 3535 duS,
2101 3456 2455 3522 secundum
2492 3456 2665 3537 quod
2707 3456 3109 3541 quadruplex
3142 3465 3236 3525 est
3280 3461 3460 3526 diffe-

1926 3564 2133 3630 rentia
2159 3565 2330 3629 modi
2356 3566 2816 3646 conjungendi.
2844 3565 2974 3630 Aut
3004 3567 3176 3631 enim
3194 3571 3289 3632 est
3305 3586 3463 3634 con-

1917 3657 2167 3756 junctio
2208 3672 2277 3735 in
2329 3676 2578 3736 naturae
2628 3673 3088 3754 conformitate,
3128 3677 3191 3738 et
3233 3675 3324 3740 sic
3370 3680 3464 3741 eet

1923 3780 2193 3847 ultimus
2219 3779 2480 3861 graduS‚
2509 3780 2623 3862 qui
2655 3780 3000 3845 attenditur
3025 3781 3095 3845 in
3131 3781 3463 3849 dilectione

1924 3888 2370 3965 inimicorum;
2402 3891 2513 3950 aut
2532 3887 2600 3950 in
2641 3892 2891 3952 naturae
2931 3888 3373 3955 conformitate
3398 3892 3463 3956 et

1925 3994 2420 4060 conversationis
2470 3993 2895 4059 familiaritate
2919 4043 2939 4075 ,
2985 3999 3050 4059 et
3093 3995 3183 4059 sic
3221 4000 3315 4060 est
3354 4015 3463 4079 pe·

1922 4101 2238 4175 nultimus
2265 4102 2408 4164 mod
2420 4118 2512 4181 αε,
2534 4101 2646 4183 qui
2666 4102 3010 4166 attenditur
3035 4103 3106 4167 in
3132 4102 3463 4170 dilectione

1923 4209 2417 4276 domesticorum
2434 4231 2451 4287 ;
2481 4208 2688 4273 autin
2715 4208 2846 4289 his,
2885 4213 2952 4274 et
2990 4215 3253 4293 propter
3293 4211 3456 4290 haic,

1923 4319 1995 4383 in
2031 4317 2367 4400 sanguinis
2410 4317 2883 4400 propinquitate
2902 4365 2923 4395 ‚
2983 4320 3048 4382 et
3098 4317 3220 4383 hoc
3257 4322 3465 4402 potest

1924 4443 2058 4491 esse
2106 4424 2440 4507 dupliciter
2483 4441 2500 4486 ε
2547 4427 2659 4488 aut
2694 4424 2763 4487 in
2807 4424 3238 4504 ascendendo,
3280 4426 3463 4490 etsie

1924 4537 2018 4598 est
2044 4532 2160 4596 filii
2188 4531 2268 4596 ad
2303 4535 2578 4614 patrem3
2625 4534 2738 4595 aut
2774 4531 2841 4594 in
2885 4531 3352 4613 descendend0‚
3400 4537 3466 4598 et

1924 4641 2014 4704 sic
2039 4642 2134 4703 &st
2160 4638 2355 4722 patris
2380 4637 2459 4701 ad
2487 4637 2696 4700 filium
2731 4659 2746 4702 ι
2775 4642 2836 4701 et
2875 4657 3070 4721 penes
3114 4640 3255 4704 haec
3294 4641 3462 4705 acci-

1923 4749 2189 4833 piuntur
2217 4746 2346 4812 duo
2369 4745 2609 4827 gradus
2634 4746 3014 4811 intermedii.
3047 4746 3126 4812 Et
3168 4749 3259 4812 sic
3297 4752 3470 4832 patet

1926 4874 2239 4922 numerus
2282 4857 2347 4918 et
2388 4853 2765 4918 sufficientia
2811 4855 3070 4920 illorum
3126 4873 3241 4920 sex
3305 4875 3467 4938 gra-

1926 4965 2167 5043 duum;
2218 4966 2392 5047 patet
2430 4963 2619 5027 etiam
2665 4962 2996 5027 dissolutio
3043 4964 3460 5045 objectorum.

1926 5074 2024 5138 Ad
2047 5071 2205 5136 illud
2230 5072 2403 5136 enim
2430 5069 2599 5152 quod
2630 5070 2731 5152 obj
2741 5069 2928 5134 icitur
2954 5070 3033 5134 de
3071 5069 3464 5151 Augustino,

1920 5184 2059 5265 jam
2085 5182 2257 5262 patet
2294 5176 2647 5259 responsio,
2682 5176 2836 5260 quia
2875 5177 3057 5242 aliter
3103 5178 3471 5259 assignatur

1928 5288 2083 5353 ordo
2110 5285 2588 5367 diligendorum
2618 5285 2699 5349 ab
2747 5285 3115 5368 Augustino
3128 5335 3147 5366 ,
3179 5286 3363 5353 aliter
3387 5288 3472 5353 ab

1931 5398 2291 5499 Ambrosie.
2323 5398 2420 5463 Ad
2445 5396 2605 5463 illud
2632 5397 2800 5482 quod
2826 5397 3122 5484 objicitur
3171 5399 3249 5465 de
3284 5399 3473 5469 dilec-
