4185 6288
421 3096 487 3140 Ad
507 3107 609 3150 opp.

659 466 779 530 uo

660 555 1139 668 ⁸2⁸¹:an
1174 599 1357 666 nobis
1394 599 1674 679 wicta,
1706 594 2207 680 etdeamquod

663 707 1003 775 adversum
1046 723 1165 773 nos
1211 709 1348 773 erat
1398 705 1888 789 chiroqraphum
1937 705 2201 784 decreti,

662 815 837 900 quod
863 821 1000 883 erat
1025 815 1422 883 contrarium
1450 815 1656 881 nobis.

741 923 899 988 Item
941 924 1064 988 boc
1102 923 1317 1006 ipsum
1352 922 1612 989 videtur
1654 921 2028 987 auctoritate
2065 921 2204 985 Au-

660 1032 903 1116 gustini
930 1035 955 1070 ²
980 1080 999 1109 ,
1045 1051 1242 1115 quam
1289 1031 1592 1114 Magister
1623 1031 1803 1115 ponit
1843 1030 1912 1094 in
1947 1030 2199 1093 littera:

668 1159 699 1196 α
726 1135 897 1200 Fuso
926 1135 1243 1217 sanguine
1265 1135 1402 1200 sine
1430 1133 1639 1218 culpa,
1673 1133 1973 1199 omnium
1991 1131 2205 1215 culpa-

658 1262 809 1310 rum
837 1242 1266 1326 chirographa
1291 1243 1493 1308 deleta
1520 1247 1690 1308 sunt.
1722 1265 1752 1302 n

741 1352 898 1417 Item
917 1399 939 1430 ,
968 1351 1187 1416 omnia
1222 1350 1450 1416 merita
1489 1354 1555 1414 et
1578 1350 1886 1415 demerita
1909 1350 2204 1415 scribun-

659 1467 768 1529 tur
795 1466 1029 1547 ajusto
1055 1462 1282 1527 Judice
1306 1511 1322 1539 ,
1375 1465 1562 1544 juxta
1588 1461 1743 1526 illud
1770 1462 1939 1544 quod
1974 1462 2205 1526 scribi-

659 1575 769 1635 tur
787 1572 848 1635 ⁸:
876 1570 1203 1636 Peccatum
1228 1568 1414 1636 Judoe
1438 1572 1748 1652 scriptum
1778 1574 1868 1636 est
1888 1570 2057 1652 stylo
2084 1571 2204 1651 fer-

661 1693 767 1745 reo
795 1678 871 1744 in
899 1693 1107 1759 unque
1148 1677 1593 1745 adamantino.
1625 1677 1745 1742 Sed
1778 1677 1984 1760 passio
2015 1676 2202 1742 Chri-

663 1785 740 1848 sti
773 1802 891 1848 nos
918 1784 1214 1850 liberavit
1242 1785 1322 1847 ab
1355 1785 1453 1847 ira
1479 1788 1754 1849 ventura
1783 1807 1798 1848 :
1831 1803 1991 1866 ergo
2028 1785 2197 1850 dele-

660 1891 758 1955 vit
783 1895 1147 1956 nostrarum
1175 1891 1508 1974 culparum
1548 1892 1995 1974 chirographa.

741 1996 899 2063 Item
917 2046 934 2076 ,
980 2001 1127 2063 ante
1172 1998 1521 2063 adventum
1562 1999 1792 2064 Christi
1834 2001 2024 2064 etiam
2061 2019 2204 2065 san-

659 2105 740 2169 cti
767 2108 976 2188 patres
1001 2109 1064 2168 et
1074 2105 1233 2187 justi
1248 2105 1698 2171 detinebantur
1718 2107 1786 2170 in
1807 2107 2007 2172 limbo
2035 2130 2049 2169 ε
2079 2109 2202 2173 hoc

660 2216 877 2275 autem
904 2230 1039 2276 non
1065 2216 1202 2276 erat
1225 2213 1351 2276 nisi
1377 2203 1635 2297 propter
1661 2218 1989 2297 peccatum
2016 2215 2197 2293 Adae,

658 2318 831 2400 quod
859 2324 1265 2401 praecoeserat
1295 2342 1311 2384 ι
1343 2338 1500 2401 ergo
1540 2326 1867 2403 peccatum
1896 2321 2055 2386 illud
2088 2323 2201 2388 ad-

657 2425 787 2491 huc
856 2427 1227 2492 remanebat
1271 2427 1341 2492 in
1398 2428 1707 2493 memoria
1768 2433 2075 2511 tanquam
2132 2429 2199 2493 in

659 2533 973 2615 scriptura
1005 2557 1019 2597 :
1056 2534 1165 2598 sed
1217 2539 1358 2617 post
1398 2535 1755 2617 passionem
1799 2534 2028 2600 Christi
2066 2553 2200 2601 non

659 2639 1151 2706 detinebantur:
1186 2660 1344 2723 ergo
1387 2642 1640 2707 videtur
1681 2643 1856 2724 quod
1885 2644 2201 2726 scriptura

655 2747 767 2811 illa
785 2797 804 2826 ,
830 2767 946 2831 per
974 2767 1172 2831 quam
1213 2749 1476 2831 obligati
1506 2750 1785 2829 fuerunt,
1815 2751 2020 2815 deleta
2048 2752 2188 2816 suit.

658 2852 871 2919 Restat
907 2874 1066 2940 ergo
1104 2857 1278 2939 quod
1318 2858 1606 2923 Christus
1643 2859 1711 2922 in
1758 2860 2053 2942 passione
2079 2879 2200 2924 sua

656 2960 891 3025 delevit
944 2963 1281 3045 culparum
1326 2969 1691 3029 nostrarum
1744 2967 2193 3050 chirographa.

736 3067 859 3132 Sed
884 3072 1106 3133 contra
1124 3091 1139 3134 ε
1160 3077 1219 3135 1.
1244 3070 1473 3135 Adhuc
1500 3076 1650 3136 sunt
1671 3072 1886 3156 aliqua
1913 3080 2187 3157 peccata,

655 3193 770 3259 per
816 3194 966 3258 quae
1011 3177 1301 3242 diabolus
1344 3179 1580 3243 detinet
1628 3180 1924 3245 homines
1972 3182 2077 3247 hic
2129 3188 2191 3248 et

654 3285 720 3348 in
769 3286 985 3351 futuro
1028 3287 1107 3350 ad
1153 3287 1387 3352 luenda
1435 3289 1742 3371 supplicia
1777 3314 1791 3353 ε
1825 3308 1986 3371 ergo
2012 3290 2065 3353 si
2095 3295 2192 3355 te·-

655 3398 893 3459 nentur
934 3399 1191 3479 propter
1244 3396 1515 3479 alicujus
1559 3397 1764 3479 culpae
1791 3400 2194 3480 memoriam,

654 3500 914 3564 videtur
964 3502 1136 3584 quod
1188 3521 1304 3585 per
1349 3504 1704 3586 passionem
1768 3505 1999 3570 Christi
2065 3527 2198 3572 non

653 3613 808 3672 sunt
830 3609 1037 3673 deleta
1062 3612 1356 3675 omnium
1382 3612 1719 3694 culparum
1738 3613 2192 3697 chirographa.

737 3720 800 3780 Ξ.
832 3716 989 3782 Item
1008 3765 1028 3796 ‚
1056 3718 1261 3783 deleta
1284 3724 1438 3783 sunt
1466 3720 1802 3802 culparum
1830 3725 2194 3788 nostrarum

657 3824 1087 3907 chirographa
1112 3843 1227 3907 per
1246 3827 1604 3907 passionem
1632 3827 1860 3892 Christi
1895 3852 1910 3893 :
1944 3829 2197 3895 videtur

656 3949 815 4013 ergo
839 3933 1010 4014 quod
1035 3934 1444 4015 superfluunt
1466 3935 1686 4000 omnia
1709 3935 1832 4000 alia
1858 3936 2144 4002 remedia
2173 3960 2186 4000 :

656 4038 830 4121 quod
857 4040 908 4102 si
936 4040 1058 4104 boc
1080 4047 1172 4104 est
1199 4041 1452 4120 falsum,
1488 4046 1701 4123 restat,
1731 4047 1848 4108 etc.

736 4150 798 4210 3.
831 4144 988 4211 Item
1007 4194 1024 4224 ‚
1055 4148 1504 4230 crucifigentes
1552 4150 1870 4215 Christum
1894 4198 1915 4229 ,
1945 4154 2010 4217 et
2044 4170 2197 4234 pas-

658 4253 901 4317 sionem
938 4257 1077 4337 ejus
1114 4260 1525 4339 procurantes
1540 4305 1558 4335 ‚
1609 4258 1677 4320 in
1724 4258 1862 4339 ipsa
1903 4259 2197 4341 passione

657 4362 943 4443 graviter
996 4366 1418 4445 peccaverunt
1457 4385 1473 4426 z
1526 4382 1685 4445 ergo
1756 4383 1885 4429 non
1938 4365 2194 4431 videtur

657 4472 828 4554 quod
873 4490 986 4554 per
1025 4473 1382 4563 passionem
1425 4475 1568 4556 ejus
1594 4474 1796 4539 deleta
1821 4475 1946 4538 sint
1971 4476 2196 4559 culpa-

658 4597 808 4641 rum
839 4583 1202 4644 nostrarum
1234 4580 1681 4664 chirographa,
1721 4582 1831 4647 sed
1856 4583 2067 4664 potius
2092 4584 2198 4648 in·

657 4685 891 4769 scripta
930 4690 994 4750 et
1025 4688 1345 4752 roborata.
1372 4687 1441 4751 Si
1468 4691 1540 4752 tu
1562 4688 1732 4752 dicas
1749 4738 1768 4767 ‚
1795 4690 1968 4772 quod
1995 4690 2199 4755 deleta

658 4792 919 4857 ruerunt
960 4797 1275 4875 quantum
1315 4793 1397 4858 ad
1436 4796 1739 4859 meritum
1792 4814 1907 4878 per
1955 4798 2196 4878 passio-

657 4917 849 4978 nem;
900 4904 1117 4964 contra
1164 4922 1180 4963 :
1222 4904 1472 4965 tantum
1521 4901 1766 4966 malum
1810 4903 1933 4967 fuit
1967 4905 2198 4969 occisio

658 5005 884 5072 Christi
904 5053 921 5083 ,
953 5011 1269 5089 quantum
1311 5008 1555 5072 bonum
1598 5009 1720 5073 fuit
1757 5010 1892 5074 vita
1917 5010 2146 5075 Christi
2177 5030 2193 5073 ε

657 5131 815 5194 ergo
841 5112 1084 5177 malitia
1122 5113 1544 5178 occidentium
1594 5117 1976 5198 aequabatur
2019 5119 2196 5183 solu-

658 5219 815 5285 tioni
870 5220 1056 5303 pretii
1089 5242 1105 5284 ε
1139 5238 1300 5303 ergo
1345 5242 1479 5288 non
1519 5223 1776 5290 videtur
1796 5272 1814 5304 ‚
1864 5225 2037 5308 quod
2079 5244 2197 5310 per

658 5324 1015 5409 passionem
1080 5325 1313 5392 Christi
1377 5331 1573 5411 possit
1624 5330 1942 5413 scriptura
1990 5332 2197 5416 culpae

656 5432 943 5516 ipmrum
967 5432 1185 5499 deleri.

1783 456 2406 527 SENTENTIARUM
2442 456 2594 524 mn.
2638 455 2744 523 111.

2392 597 2452 658 4.
2528 591 2685 658 Item
2751 591 3249 678 chirographum
3317 595 3551 663 decreti
3595 599 3710 662 aut
3761 599 3859 660 est

2312 702 2501 785 culpa
2525 749 2545 781 ,
2578 703 2690 765 aut
2735 719 2928 783 poena
2970 724 2986 765 ι
3021 702 3076 765 si
3101 703 3288 786 culpa
3308 739 3336 782 ,·
3362 721 3524 786 ergo
3565 702 3735 768 idem
3763 708 3858 768 est

2311 811 2520 876 delere
2546 810 3073 893 chirographum,
3102 816 3164 877 et
3186 813 3441 896 culpam
3464 835 3481 877 :
3503 830 3661 893 ergo
3689 811 3856 876 male

2312 920 2648 1002 distinguit
2676 919 3016 1002 Apostolus
3042 920 3210 986 inter
3230 922 3371 986 baec
3397 921 3546 999 du0,
3568 921 3851 986 dicens‘:

2312 1029 2579 1094 Bonam
2609 1026 2793 1093 nobis
2818 1027 3073 1108 delicta,
3106 1036 3165 1096 et
3191 1029 3407 1096 delens
3431 1029 3605 1112 quod
3631 1029 3856 1096 adver-

2310 1152 2454 1201 sum
2491 1151 2608 1201 nos
2638 1140 2777 1201 erat
2802 1135 3300 1220 chiroqraphum
3311 1157 3340 1218 ;
3365 1144 3418 1202 si
3449 1156 3660 1220 poena,
3700 1157 3852 1203 con-

2309 1245 2409 1307 tra
2439 1261 2456 1308 z
2487 1242 2990 1326 chirographum
3032 1245 3276 1328 obligat
3306 1268 3321 1309 ε
3352 1245 3464 1311 sed
3502 1263 3696 1328 poena
3721 1264 3853 1311 non

2310 1352 2552 1434 obligat
2581 1374 2596 1416 z
2629 1369 2785 1433 ergo
2829 1351 3086 1418 videtur
3129 1354 3304 1436 quod
3348 1353 3853 1437 chirographum

2308 1477 2440 1525 non
2483 1460 2681 1543 possit
2718 1463 2886 1526 stare
2929 1480 3047 1544 pro
3088 1480 3278 1545 poena
3300 1509 3319 1540 ,
3347 1462 3451 1527 vel
3494 1480 3611 1545 pro
3637 1462 3849 1546 culpa.

2310 1567 2380 1633 Si
2419 1586 2581 1650 ergo
2624 1568 2834 1650 passio
2877 1569 3105 1633 Christi
3149 1588 3281 1634 non
3329 1573 3426 1633 est
3464 1569 3587 1633 nisi
3631 1574 3854 1634 contra

2308 1677 2566 1760 culpam
2584 1726 2602 1756 ‚
2632 1678 2736 1742 vel
2770 1683 2989 1743 contra
3031 1696 3319 1760 poenam,
3354 1697 3468 1762 per
3496 1679 3849 1761 passionem

2310 1782 2538 1849 Christi
2567 1777 2699 1849 non
2730 1787 2970 1851 habent
2994 1786 3188 1851 deleri
3232 1787 3567 1870 culparum
3595 1792 3851 1853 nostra-

2307 1911 2456 1957 rum
2478 1893 2927 1976 chirographa.

2389 2003 2448 2063 5.
2474 1999 2497 2061 1
2504 2005 2654 2075 tem,
2672 2000 3175 2084 chirographum
3193 2000 3348 2065 illud
3364 2005 3478 2067 aut
3492 2001 3850 2067 habebatur

2308 2125 2348 2170 a
2375 2104 2527 2185 De0,
2557 2111 2672 2170 aut
2696 2125 2735 2170 a
2757 2108 2968 2184 nobis,
2998 2113 3110 2172 aut
3137 2127 3178 2172 a
3204 2108 3455 2173 diabolo
3492 2132 3507 2172 z
3548 2110 3603 2172 si
3628 2128 3669 2173 a
3696 2110 3842 2189 Dee,

2307 2215 2565 2280 videtur
2625 2217 2798 2297 quod
2871 2216 3069 2280 deleri
3140 2234 3273 2280 non
3347 2220 3593 2299 poterat
3629 2265 3647 2296 ,
3695 2219 3847 2300 quia

2307 2337 2346 2382 a
2372 2319 2551 2383 nullo
2578 2322 2783 2400 potest
2811 2319 3103 2402 superari
3139 2319 3366 2384 divina
3399 2319 3649 2401 justitia
3670 2368 3690 2398 ,
3730 2339 3848 2386 nec

2307 2425 2576 2507 infringi
2592 2426 2810 2490 divina
2823 2427 3168 2505 sententia3
3200 2427 3254 2490 si
3284 2446 3325 2491 a
3348 2427 3535 2494 nobis
3560 2427 3845 2494 habeba-

2305 2540 2436 2614 tur,
2466 2552 2628 2616 ergo
2652 2535 2912 2600 videtur
2939 2534 3111 2618 quod
3138 2554 3272 2599 non
3299 2538 3462 2601 esset
3505 2535 3842 2602 adversum

2261 2689 2272 2700 .
2304 2659 2450 2719 nos;
2473 2641 2589 2704 sia
2616 2641 2908 2721 diabolo,
2952 2644 3173 2705 contra
3215 2660 3232 2705 t
3273 2641 3564 2706 diabolus
3591 2643 3843 2711 nullum

2298 2753 2409 2833 jus
2434 2750 2815 2832 acquisierat
2864 2752 2934 2813 in
2973 2751 3160 2814 nobis
3204 2769 3222 2814 ε
3253 2769 3412 2832 ergo
3449 2751 3705 2817 nullum
3732 2753 3843 2819 ad-

2305 2875 2567 2922 versum
2593 2877 2708 2922 nos
2732 2857 3006 2921 habebat
3032 2857 3562 2941 chirographum.

2384 2971 2444 3030 6.
2489 2966 2669 3045 Item,
2701 2967 3018 3050 quaeritur
3039 2969 3232 3050 juxta
3257 2967 3380 3031 hoc
3397 2986 3546 3051 quae
3567 2968 3648 3033 sit
3673 2968 3845 3034 diffe-

2303 3074 2508 3138 rentia
2532 3074 2698 3137 inter
2723 3074 3226 3158 chirographum
3258 3074 3513 3154 decreti,
3548 3079 3613 3140 et
3637 3074 3843 3140 chiro-

2306 3181 2633 3263 graphum
2680 3181 2885 3263 culpae
2906 3229 2924 3260 ,
2955 3199 3106 3245 cum
3142 3199 3276 3246 uno
3315 3182 3578 3247 nomine
3629 3182 3843 3247 nomi-

2304 3291 2414 3351 net
2465 3288 2869 3369 Augustinus
2893 3334 2910 3364 ,
2965 3292 3029 3352 et
3073 3288 3199 3353 alio
3245 3288 3507 3353 nomine
3557 3290 3843 3355 nominet

2303 3395 2670 3477 Apostolus;
2711 3399 2772 3459 et
2804 3412 2951 3477 quae
2977 3395 3061 3459 sit
3093 3395 3201 3458 illa
3237 3395 3572 3478 scriptura,
3604 3401 3668 3461 et
3692 3415 3844 3479 qua-

2302 3501 2444 3565 liter
2484 3521 2598 3584 per
2641 3503 2999 3585 passionem
3051 3503 3280 3567 Christi
3311 3504 3509 3568 affixa
3535 3504 3618 3569 sit
3642 3504 3839 3573 cruci.

2835 3697 3290 3766 CONCLUSIO.

2306 3825 2552 3884 Christ-us
2585 3841 2687 3899 per
2720 3828 3024 3901 passionem
3057 3842 3211 3884 suam
3248 3827 3447 3885 delevit
3485 3831 3844 3906 dtiroprapha

2373 3918 2690 3989 culparum,
2717 3918 2850 3989 quia
2878 3932 2979 3989 per
3009 3918 3317 3989 passionem
3347 3933 3500 3974 suam
3527 3922 3846 3994 impetravit

2373 4006 2728 4061 remissionem
2753 4007 3035 4078 culparum
3062 4006 3246 4075 quoad
3266 4008 3535 4063 maculam
3552 4050 3572 4073 ,
3597 4013 3644 4065 et
3671 4010 3849 4081 quoad

2374 4100 2607 4152 reatum.

2383 4254 2568 4338 Resp.
2599 4254 2679 4319 ad
2701 4271 2846 4336 arg.
2876 4253 2971 4319 Ad
3003 4253 3457 4337 praedictorum
3478 4255 3841 4340 intelligen-

2301 4363 2458 4427 tiam
2484 4366 2581 4427 est
2601 4361 2977 4442 notandum,
3009 4362 3183 4445 quod
3209 4381 3419 4428 sermo
3446 4364 3563 4429 iste
3591 4370 3684 4429 est
3717 4384 3838 4431 me-

2303 4471 2689 4555 taphoricuS‚
2718 4488 2848 4552 quo
2870 4470 3120 4551 dicitur,
3151 4488 3266 4555 per
3292 4471 3656 4555 passionem
3673 4471 3844 4538 Chri·

2303 4579 2384 4643 sti
2434 4577 2631 4642 deleri
2682 4577 3115 4660 chirographa
3173 4576 3532 4660 culparum.
3604 4579 3844 4645 Dicitur
3930 4609 4072 4654 cm„-

2304 4685 2478 4751 enim
2498 4685 2998 4768 chirographum
3025 4703 3064 4748 a
3089 4683 3298 4750 chiros
3321 4686 3369 4759 ²,
3404 4686 3576 4768 quod
3592 4691 3686 4753 est
3709 4704 3839 4753 ma·
3867 4673 4073 4779 {222⁵}ss

2304 4809 2451 4871 nus,
2482 4796 2545 4857 et
2570 4792 2841 4875 graphia
2864 4792 2909 4871 ⁸,
2938 4791 3111 4874 quod
3154 4796 3252 4856 est
3284 4794 3633 4877 scriptura,
3659 4795 3842 4877 quasi
3865 4804 3996 4843 eunr-

2304 4900 2619 4982 scriptura
2662 4917 2862 4963 manu
2904 4899 3089 4963 facta.
3142 4897 3299 4976 Quae
3335 4905 3550 4965 autem
3579 4902 3664 4967 sit
3684 4903 3842 4966 scri-

2305 5012 2517 5092 ptura,
2570 5025 2720 5090 quae
2765 5007 2999 5072 dicitur
3047 5006 3554 5092 chirographum
3588 5011 3841 5090 decreti,

2304 5118 2370 5179 et
2387 5111 2893 5196 chirographum
2927 5113 3158 5196 culpae,
3187 5114 3616 5182 diversimode
3644 5119 3845 5200 potest

2372 5312 2388 5346 ¹
2407 5312 2676 5373 Coloss.,11,
2694 5313 2769 5362 14.
2783 5337 2842 5347 -
2854 5309 3358 5375 ’Aug.‚dePeccator-.
3373 5314 3542 5364 merit.
3557 5318 3608 5364 et
3626 5315 3834 5371 remiss„

2303 5385 2390 5436 lib.
2425 5385 2486 5443 ΙΙ,
2509 5398 2553 5434 e.
2585 5395 2714 5443 xxx,
2744 5396 2798 5435 u.
2829 5384 2907 5434 49.
2928 5384 3242 5445 -⁸Jerem.,
3271 5395 3401 5447 xvu,
3427 5391 3472 5437 ι.
3498 5410 3562 5429 --
3584 5386 3606 5423 ⁸
3634 5385 3835 5448 colcu„

2307 5470 2367 5522 11,
2394 5457 2467 5508 ss.
2489 5481 2549 5492 -
2571 5456 2591 5489 ὅ
2619 5458 2743 5521 χεὶρ,
2776 5456 2950 5521 χειρὸς.
2975 5480 3038 5493 -
3054 5455 3076 5491 ⁸
3092 5456 3269 5519 γραφὴ.
