4185 6288
1514 457 1894 529 msrmcr.
1936 459 2099 527 xlv.
3264 465 3386 529 293

230 596 340 677 qui
356 593 667 676 proeibant
709 601 770 662 et
803 593 1246 677 sequebantur,
1293 600 1368 662 ut
1393 597 1616 662 botrus
1666 597 1737 661 in
1842 599 1908 661 et
1926 613 2058 660 non
2085 595 2420 675 videbant3
2450 599 2785 681 sequentes
2804 615 2962 662 vero
2981 598 3379 680 atterebant,

228 702 457 784 palmite
482 703 586 768 vel
606 702 752 786 palo
778 703 1181 786 portabatur*
1209 704 1292 768 ab
1322 704 1738 770 antecedenti·
1844 707 1909 769 et
1955 708 2171 787 aperte
2216 704 2521 770 videbant
2569 728 2585 767 :
2628 705 2719 770 sic
2753 705 3265 773 similitudinarie
3312 707 3383 771 in

227 810 336 877 bus
357 815 410 876 et
434 811 883 894 sequentihus:
910 811 1018 878 sed
1047 815 1405 896 praeeuntes
1427 813 1735 891 ferebant,
1845 819 2168 903 proposito
2190 818 2681 900 intelligendum
2709 823 2824 883 est.

1270 1165 1955 1263 DSTINCTIO
2060 1168 2305 1264 XIV

220 1449 485 1508 QUOMODO
539 1451 724 1498 Vnam
767 1450 880 1499 SEU
923 1394 1161 1499 cnmsfl
1203 1449 1566 1499 mumulo
1610 1450 1957 1498 ORDINATUR
2002 1449 2084 1497 An
2136 1451 2416 1498 Nosrnau
2456 1450 2927 1500 nnnnmmloumt
2971 1449 3261 1506 QUANTUM
3299 1449 3380 1495 An

1169 1569 1610 1617 rnam'mnmnm
1663 1568 1953 1614 summu:
1994 1569 2407 1616 srecum‘rssn.

295 1801 413 1870 Hic
458 1803 668 1895 quaeri
722 1825 889 1894 opus
941 1810 1059 1888 est,
1118 1823 1270 1870 cum
1315 1801 1536 1869 anima
1587 1799 1829 1868 Christi
1882 1809 2046 1869 esset
2100 1802 2355 1893 sapiens
2401 1803 2721 1893 sapientia
2771 1803 3060 1892 gratuita
3084 1857 3101 1889 ,
3148 1812 3378 1875 utrum
3472 1833 3538 1903 Α).

216 1919 498 1988 habuerit
525 1918 911 2010 sapientiam
941 1917 1263 2010 aequalem
1305 1916 1465 2003 Deo,
1497 1916 1634 1986 sive
1670 1918 1968 1985 omnium
2007 1940 2229 1986 rerum
2271 1917 2606 1987 scientiam
2637 1919 2944 1988 habuerit
2979 1921 3083 1989 vel
3115 1922 3373 2009 habeat,
3434 1904 3589 1998 ἒζᾙῖῑ

3422 2017 3621 2060 habuerit

215 2036 272 2103 id
315 2043 429 2122 ast,
475 2044 706 2103 utrum
753 2034 978 2102 omnia
1016 2033 1197 2119 sciat,
1242 2056 1390 2125 quae
1433 2033 1608 2102 Deus
1643 2032 1783 2101 scit.
1833 2033 2243 2115 Quibusdam
2280 2034 2512 2125 placet,
2559 2035 2739 2127 quod
2793 2060 2912 2105 nec
2955 2060 3179 2128 parem
3224 2060 3375 2105 cum
3424 2080 3600 2134 mim,

215 2151 343 2220 Deo
389 2152 620 2220 habeat
662 2150 1026 2235 scientiam,
1069 2172 1189 2217 nec
1234 2148 1458 2218 omnia
1525 2149 1684 2217 sciat
1744 2172 1889 2242 quae
1943 2149 2138 2236 Deus,
2189 2150 2348 2243 quia
2386 2150 2456 2219 in
2504 2151 2693 2221 nullo
2740 2162 3036 2222 creatura
3079 2160 3381 2246 aequatur
3408 2143 3529 2247 ,ξω
3552 2154 3625 2198 P*

3458 2218 3622 2248 mcum

214 2267 506 2336 Creatori.
571 2267 739 2336 Cum
797 2288 952 2355 ergo
1007 2264 1227 2333 anima
1280 2265 1394 2332 illa
1449 2272 1747 2333 creatura
1790 2266 1908 2351 sit,
1949 2266 2017 2333 in
2061 2266 2251 2335 nullo
2303 2275 2609 2359 aequatur
2661 2267 3000 2338 Creatori:
3061 2291 3215 2358 ergo
3263 2291 3381 2338 nec
3408 2270 3622 2377 ,ξ’-ὐοῶἑῑ·

213 2383 276 2450 in
325 2385 657 2477 sapientia.
716 2382 865 2451 Non
916 2402 1071 2471 ergo
1123 2381 1318 2451 habet
1375 2381 1698 2473 aequalem
1750 2404 1901 2449 cum
1956 2381 2092 2450 Deo
2148 2382 2559 2474 sapientiam,
2626 2406 2743 2452 nec
2787 2385 2906 2452 scit
2957 2385 3182 2453 omnia
3226 2407 3376 2476 quae
3408 2398 3622 2452 *cinqu-

213 2500 398 2569 Deus.
425 2502 609 2590 Item,
645 2502 701 2569 si
733 2502 954 2571 anima
980 2502 1097 2570 illa
1123 2499 1442 2592 aequalem
1470 2498 1664 2566 habet
1710 2520 1861 2566 cum
1906 2497 2043 2567 Deo
2084 2498 2497 2588 sapientiam,
2542 2522 2678 2567 non
2707 2523 2862 2590 ergo
2892 2500 3066 2570 Deus
3093 2501 3164 2569 in
3194 2502 3378 2570 omni
3410 2460 3539 2504 Dm

211 2615 375 2685 hono
419 2617 731 2709 majorem
785 2618 980 2686 habet
1014 2615 1497 2701 sufficientiam,
1539 2638 1739 2707 quam
1779 2614 1921 2706 ejus
1963 2623 2283 2684 creatura.
2340 2616 2670 2684 inducunt
2720 2617 2917 2686 etiam
2969 2618 3385 2687 auctoritates

212 2732 283 2800 ad
327 2733 495 2802 idem
553 2733 989 2824 probandum.
1049 2733 1162 2801 Ait
1200 2732 1379 2800 enim
1432 2732 1757 2824 Propheta
1809 2755 1892 2800 ex
1941 2755 2220 2825 persona
2271 2733 2560 2803 hominis
2606 2736 2973 2827 assumpti·’
3006 2761 3021 2802 :
3055 2735 3387 2805 Mirabilis

206 2852 387 2938 sacta
418 2862 510 2917 est
533 2850 816 2918 scientia
846 2862 962 2917 tua
989 2873 1069 2917 ex
1095 2872 1225 2929 me,
1263 2862 1325 2916 et
1365 2872 1501 2916 non
1536 2862 1767 2941 potero
1805 2847 1900 2916 ad
1951 2872 2125 2916 eam.
2185 2850 2375 2932 Quod
2413 2874 2746 2943 exponens
2788 2851 3210 2922 Cassiodorus
3237 2852 3374 2921 ait:

217 2995 245 3031 α
287 2967 544 3036 Veritas
581 2966 889 3035 humanae
934 2964 1328 3033 conditionis
1369 2965 1775 3049 ostenditur,
1822 2964 1983 3057 quia
2033 2974 2411 3058 assumptus
2459 2967 2657 3036 homo
2702 2967 2947 3038 divinae
3000 2967 3377 3039 substantiae

215 3105 333 3153 non
378 3090 586 3174 potest
631 3082 883 3175 aequari
925 3082 1032 3151 vel
1076 3081 1145 3149 in
1196 3080 1489 3167 scientia,
1530 3080 1632 3149 vel
1685 3080 1757 3149 in
1808 3080 1961 3149 alio.
2009 3107 2044 3147 12
2079 3082 2435 3174 Apostolus
2479 3083 2676 3152 etiam
2719 3084 2859 3153 ait⁸
2895 3109 2910 3153 ε
2949 3088 3162 3157 Nemo
3206 3087 3392 3156 novit

216 3225 344 3294 quoe
368 3213 521 3270 sunt
547 3199 694 3283 Dei,
727 3199 861 3267 nisi
897 3199 1185 3291 Spiritus
1221 3198 1365 3280 Dei,
1415 3199 1528 3289 qm·
1568 3199 1742 3266 solus
1782 3211 2122 3267 scrutatur
2164 3200 2418 3287 omnia,
2467 3201 2672 3271 etiam
2705 3201 3046 3294 profunda
3081 3203 3226 3271 Dei.
3259 3203 3379 3271 His

216 3320 476 3413 aliisque
503 3317 811 3411 pluribus
855 3316 1221 3385 rationibus
1264 3323 1328 3384 et
1372 3314 1870 3384 auctoritatibus
1921 3315 2254 3401 nituntur,
2307 3316 2425 3407 qui
2470 3317 2761 3386 animam
2797 3317 3039 3386 Christi
3086 3325 3386 3387 asserunt

213 3458 320 3504 nec
372 3458 594 3527 parem
648 3456 802 3501 cum
855 3433 988 3501 Deo
1044 3432 1282 3500 habere
1336 3430 1699 3516 scientiam,
1758 3454 1879 3498 nec
1945 3431 2170 3499 omnia
2232 3432 2395 3500 scire
2445 3455 2597 3524 quae
2653 3432 2827 3502 Deus
2887 3434 3057 3503 scit:
3118 3434 3279 3526 quia
3329 3435 3384 3502 si

214 3554 420 3622 omnia
447 3553 565 3621 scit
591 3573 744 3644 quae
771 3550 970 3636 Deus,
999 3549 1121 3617 scit
1148 3571 1304 3649 ergo
1329 3571 1547 3616 creare
1579 3548 1906 3616 mundum
1943 3574 1960 3634 ;
1990 3548 2110 3615 scit
2140 3548 2340 3616 etiam
2382 3571 2601 3616 creare
2627 3549 2930 3639 seipsam.

289 3671 539 3753 Quibus
577 3668 1064 3760 respondentes,
1113 3665 1392 3735 dicimus
1432 3665 1721 3734 animam
1759 3665 1998 3734 Christi
2048 3687 2164 3757 per
2204 3664 2590 3757 sapientiam
2636 3665 2760 3734 sibi
2807 3667 3010 3756 gratis
3036 3667 3255 3736 datam
3306 3668 3376 3738 in
3433 3667 3623 3736 ,¹³⁸⁸1’012·

3407 3740 3471 3771 810

211 3787 416 3885 Yerbo
467 3787 631 3873 Dei,
689 3786 798 3854 cui
853 3784 1039 3853 unita
1093 3792 1228 3870 est,
1285 3783 1460 3852 unde
1513 3782 1710 3851 etiam
1764 3782 2044 3874 perfecte
2100 3780 2450 3870 intelligit,
2509 3781 2732 3851 omnia
2783 3782 2944 3851 scire
3000 3806 3146 3877 quae
3198 3784 3375 3852 Deus
3403 3743 3624 3897 ἓζξέευῗῖ-

211 3905 339 3992 scit,
365 3903 477 3973 sed
515 3926 652 3971 non
697 3902 919 3971 omnia
964 3923 1148 3993 posse
1192 3923 1339 3992 quae
1397 3907 1605 3992 potest
1650 3899 1874 3967 Deus:
1929 3920 2048 3967 nec
2094 3898 2187 3966 ita
2229 3898 2402 3966 clare
2448 3905 2512 3967 et
2556 3898 2895 3991 perspicue
2940 3901 3163 3969 omnia
3202 3901 3374 3992 capit
3402 3871 3624 3967 connixu

3492 3984 3579 4026 iiii

213 4135 334 4228 ipse
385 4162 402 4204 ι
461 4158 580 4204 nec
635 4143 732 4203 est
785 4135 939 4226 ejus
983 4135 1301 4226 sapientia
1357 4133 1629 4225 aequalis
1682 4133 2018 4224 sapientiae
2071 4133 2227 4219 Dei,
2280 4132 2439 4225 quia
2501 4132 2618 4202 illa
2673 4133 2883 4203 multo
2938 4143 3034 4203 est
3084 4133 3371 4225 dignior,

212 4252 594 4347 digniusque
645 4260 710 4321 et
763 4252 1109 4344 perfectius
1167 4251 1391 4320 omnia
1455 4249 1653 4342 capit,
1728 4271 1931 4341 quam
2005 4248 2189 4317 illius
2249 4249 2488 4317 animae
2553 4248 2895 4341 sapientia.
2961 4251 3137 4339 Ergo
3191 4259 3255 4320 et
3310 4250 3382 4318 in

209 4371 464 4440 scientia
504 4368 820 4460 majorem
874 4368 1071 4437 hahet
1109 4366 1575 4436 sufficientiam
1623 4365 1819 4448 Deus,
1869 4388 2071 4458 quam
2118 4365 2237 4433 illa
2282 4366 2503 4433 anima
2557 4387 2710 4456 quae
2754 4365 3017 4454 dignior
3061 4374 3158 4434 est
3200 4368 3388 4436 omni

209 4496 515 4555 creatura.
549 4483 727 4553 Illud
773 4505 928 4553 vero
970 4483 1268 4575 Apostoli
1305 4482 1482 4575 quod
1523 4482 1850 4550 inducunt
1882 4507 1898 4549 :
1937 4485 2151 4553 Nemo
2186 4482 2371 4550 novit
2409 4504 2553 4572 quoe
2590 4482 2716 4549 Dei
2751 4494 2929 4571 sunt,
2953 4482 3087 4549 nisi
3111 4482 3383 4574 spiritus

210 4605 346 4690 Dei,
376 4604 493 4696 qui
521 4602 704 4671 solus
730 4613 1068 4669 serutatur
1120 4601 1376 4685 omnia,
1430 4621 1550 4689 pro
1606 4597 1796 4666 nohis
1825 4598 2034 4683 facit3
2095 4620 2250 4665 mox
2296 4598 2474 4665 enim
2526 4597 2708 4665 addit
2762 4596 3161 4688 Apostolus*
3196 4624 3212 4665 ε
3247 4602 3384 4668 Nos
3450 4626 3453 4631 ⁴

205 4728 429 4791 ‘autem
483 4718 794 4812 spiritum
844 4716 973 4800 Dei
1025 4715 1334 4785 habemus
1387 4738 1413 4796 ‚·
1465 4722 1542 4781 ut
1592 4735 1710 4805 per
1758 4713 2094 4805 spiritum,
2149 4736 2349 4805 quem
2405 4712 2710 4796 hahebat,
2765 4712 2882 4780 Dei
2940 4714 3267 4805 profunda
3315 4735 3385 4782 se

213 4839 365 4907 scire
390 4835 779 4905 ostenderet.
813 4832 941 4902 Sed
983 4832 1204 4900 anima
1245 4831 1362 4899 illa
1412 4853 1550 4923 prae
1597 4829 1907 4898 omnibus
1947 4829 2254 4922 spiritum
2305 4829 2424 4897 Dei
2477 4828 2731 4910 habuit,
2794 4828 2902 4896 cui
2954 4828 3223 4920 spiritus
3250 4853 3383 4898 non

214 4964 299 5023 est
345 4954 537 5022 datus
582 4951 665 5021 ad
714 4971 1116 5037 mensuram,
1165 4956 1242 5016 ut
1284 4948 1374 5015 ait
1414 4947 1698 5015 Joannes
1743 4946 2184 5035 Evangelista.
2237 4944 2425 5013 Dona
2465 4966 2620 5033 ergo
2676 4943 2963 5035 Spiritus
3005 4946 3209 5013 sancti
3245 4946 3386 5016 sine

214 5094 518 5140 mensura
533 5069 799 5139 habuit:
832 5090 988 5157 ergo
1010 5073 1072 5134 et
1095 5064 1504 5158 sapientiam.
1533 5062 1772 5131 Omnia
1791 5086 1946 5151 ergo
1960 5062 2150 5131 scivit
2167 5061 2388 5130 anima
2406 5060 2545 5128 illa.
2571 5059 2645 5127 Si
2664 5059 2839 5127 enim
2858 5061 3157 5151 quaedam
3173 5062 3385 5153 scivit,

216 5188 509 5280 quaedam
551 5210 712 5273 non,
743 5194 901 5253 tunc
937 5206 1073 5252 non
1110 5183 1250 5251 sine
1288 5203 1598 5250 mensura
1655 5178 1989 5248 scientiam
2043 5177 2297 5246 habuit.
2363 5176 2491 5245 Sed
2524 5174 2665 5243 sine
2707 5196 3016 5244 mensura
3060 5178 3393 5248 scientiam

217 5304 475 5375 habuit:
511 5303 628 5373 scit
657 5324 814 5391 ergo
828 5301 1072 5369 omnia.
1103 5298 1497 5389 Fulgentius
1529 5297 1727 5366 etiam
1762 5299 1832 5365 in
1870 5318 2168 5365 sermone
2192 5292 2477 5387 quodam
2503 5293 2714 5361 multa
2734 5291 3012 5381 inducit,
3041 5296 3402 5397 quibusas·

281 5478 297 5512 ¹
326 5474 500 5538 Num„
531 5484 650 5537 xm,
673 5474 820 5524 24.--
847 5473 870 5506 ¹
891 5473 974 5522 Ps.
994 5480 1247 5531 cxxxviii,
1273 5471 1320 5520 6.
1340 5468 1483 5521 -⁸l
1512 5469 1653 5531 Cor..
1682 5479 1740 5532 ιι,
1773 5471 1850 5521 ιο.
1879 5493 1941 5507 -
1970 5467 1991 5504 ⁸
2016 5464 2169 5518 Ibid..
2195 5468 2268 5517 ¹2.
