4185 6288
1215 436 1407 504 DIST.
1450 435 1661 505 XXVI.
1708 437 1893 505 ΛΒΤ.
1940 439 1991 505 1.
2030 438 2330 517 QUAEST.
2378 442 2484 509 111.

339 567 399 626 2.
432 562 590 629 Item
625 564 834 631 virtus
873 585 1021 651 quse
1057 571 1153 633 est
1191 570 1478 636 medium
1522 572 1799 638 duarum

258 669 680 752 malitiarum,
712 678 807 737 est
831 675 1039 739 virtus
1063 677 1427 758 cardinalis,
1461 698 1589 744 non
1618 681 1798 745 theo·

252 778 466 860 logica
494 802 511 844 ε
548 783 657 844 sed
685 801 827 864 spes
854 788 949 847 est
976 785 1184 848 media
1221 786 1389 850 inter
1414 788 1574 851 duas
1615 789 1804 853 mali-

154 874 160 878 ’
252 885 397 961 tias,
430 887 723 953 videlicet
761 890 931 954 inter
976 892 1481 975 desperationem
1525 902 1586 960 et
1633 917 1800 978 prae·

253 994 686 1075 sumptionem
727 1019 743 1060 z
778 1017 935 1079 ergo
970 1019 1146 1083 spem
1192 1020 1321 1065 non
1363 1006 1457 1066 est
1501 1002 1802 1068 reducere

253 1101 335 1164 ad
364 1103 670 1169 virtutem
696 1105 1148 1189 theologicam,
1181 1110 1289 1175 sed
1322 1111 1534 1193 magis
1557 1112 1637 1176 ad
1662 1130 1804 1176 car-

253 1208 553 1274 dinalem.

338 1319 397 1380 3.
445 1316 602 1381 Item
638 1322 966 1386 consuevit
1005 1323 1341 1405 multiplex
1387 1344 1528 1408 spes
1572 1325 1801 1390 distin-

253 1423 400 1503 gui,
450 1425 738 1492 videlicet
775 1447 919 1511 spes
973 1433 1202 1511 veniae,
1247 1450 1389 1516 spes
1444 1434 1694 1514 gratiae,
1742 1440 1805 1499 et

253 1548 398 1612 spes
425 1532 653 1612 gloriae
688 1557 704 1600 ε
743 1537 851 1601 sed
883 1538 1071 1602 venia
1098 1543 1164 1604 et
1202 1541 1411 1621 gratia
1444 1546 1592 1605 sunt
1637 1543 1806 1605 bona

255 1637 547 1703 ordinata
580 1641 659 1704 ad
698 1643 933 1725 finem,
963 1646 1168 1711 virtus
1206 1651 1421 1712 autem
1466 1648 1806 1713 cardinalis

256 1746 541 1810 consistit
586 1749 752 1814 circa
794 1769 871 1815 ea
918 1771 1067 1835 quae
1122 1754 1393 1820 sunt'ad
1436 1756 1630 1819 finem
1681 1775 1699 1819 ε
1748 1755 1805 1820 si

256 1870 416 1933 ergo
443 1873 586 1937 spes
611 1859 898 1923 consistit
924 1861 1090 1925 circa
1113 1862 1286 1938 talia,
1310 1880 1455 1945 spes
1478 1867 1574 1926 est
1598 1863 1804 1927 virtus

256 1961 618 2041 cardinaliS,
651 1982 782 2029 non
810 1968 1187 2050 theologica.

340 2072 400 2133 4.
434 2068 590 2133 Item
619 2065 931 2138 sustinere
961 2078 1025 2139 et
1064 2080 1398 2158 expectare
1430 2079 1584 2141 sunt
1626 2082 1805 2142 actus

254 2175 769 2256 longanimitatis
815 2185 879 2244 et
931 2181 1253 2263 patientiae
1314 2200 1333 2246 t
1380 2183 1488 2246 sed
1549 2182 1805 2248 babitus

258 2282 704 2366 distinguntur
732 2305 846 2370 per
873 2291 1052 2352 actus
1074 2309 1090 2353 :
1114 2307 1271 2371 ergo
1299 2309 1448 2354 cum
1475 2296 1805 2372 expectare

256 2391 341 2454 sit
368 2394 661 2476 proprius
693 2400 872 2459 actus
910 2396 1115 2478 ipsius
1141 2398 1315 2481 spei,
1346 2400 1806 2481 longanimitas

258 2505 324 2562 et
350 2518 493 2582 spes
520 2506 671 2565 sunt
697 2502 953 2567 habitus
980 2504 1172 2568 iidem
1191 2553 1209 2585 ,
1241 2510 1305 2569 et
1329 2506 1396 2570 in
1421 2507 1641 2571 eodem
1689 2525 1808 2588 ge-

257 2623 415 2671 nere
455 2609 713 2673 virtutis
755 2610 995 2675 habent
1041 2613 1263 2694 reponi
1306 2636 1321 2676 ε
1367 2615 1476 2678 sed
1522 2615 1808 2695 longani-

257 2712 450 2777 mitas
474 2717 808 2798 reponitur
824 2719 945 2782 sub
970 2738 1208 2800 genere
1228 2721 1481 2785 virtutis
1500 2721 1809 2785 cardina-

261 2820 362 2896 lis,
387 2827 449 2885 et
474 2825 842 2905 assignatur
870 2846 1004 2892 esse
1035 2847 1175 2909 pars
1205 2829 1626 2894 fortitudinis:
1650 2848 1807 2911 ergo

259 2930 517 2995 videtur
544 2935 717 3016 quod
747 2935 885 3017 ipsa
918 2955 1063 3019 spes
1100 2937 1181 3000 sit
1204 2939 1411 3002 virtus
1438 2938 1798 3001 cardinalis,

345 3041 402 3101 5.
436 3037 593 3116 Item
628 3041 709 3105 ad
745 3043 1180 3107 fortitudinem
1212 3044 1596 3108 cardinalem
1625 3063 1809 3126 spec-

262 3147 358 3207 tat
394 3152 561 3211 reete
594 3149 885 3214 ordinare
920 3155 983 3215 et
1022 3151 1358 3216 fortificare
1385 3157 1605 3216 contra
1631 3152 1801 3216 affli-

263 3254 502 3335 gentia,
543 3262 606 3319 et
634 3254 874 3322 'contra
911 3259 1335 3323 deterrentia:
1369 3260 1479 3324 sed
1521 3279 1662 3342 spes
1708 3266 1802 3326 est

262 3360 674 3442 hujusmodi,
706 3365 860 3445 quia
893 3366 1041 3429 facit
1080 3364 1412 3430 hominem
1442 3366 1509 3430 in
1537 3367 1813 3432 tribula-

263 3468 438 3533 tione
465 3473 779 3552 gaudere,
809 3477 873 3536 et
897 3473 1188 3537 stabilem
1220 3493 1355 3538 esse
1385 3492 1404 3538 ε
1448 3494 1605 3557 ergo
1632 3474 1813 3540 vide-

264 3578 374 3640 tur
399 3579 570 3659 quod
606 3598 749 3663 spes
794 3580 876 3644 sit
914 3599 1060 3663 pars
1100 3581 1485 3646 fortitudInis
1515 3582 1812 3647 cardina-

262 3682 389 3748 lis:
424 3703 581 3768 ergo
623 3707 755 3753 non
782 3694 876 3753 est
902 3689 969 3753 in
1008 3707 1245 3771 genere
1285 3691 1541 3757 virtutis
1567 3693 1816 3757 theolo-

261 3807 451 3872 gicae.

816 3947 1269 4016 CONCLUSIO.

267 4075 400 4148 Spes
426 4078 572 4135 inter
597 4080 912 4154 theoloqicas
936 4086 1159 4141 virtutes
1186 4089 1262 4141 est
1280 4085 1609 4152 collocanda,
1642 4089 1693 4141 et
1717 4085 1811 4141 hoc

504 4174 618 4228 tam
644 4176 858 4230 ratione
882 4176 1106 4246 objecti,
1138 4191 1303 4247 quam
1328 4175 1577 4247 subjecti.

351 4332 537 4419 Resp.
594 4338 674 4402 ad
742 4356 883 4421 arg.
943 4340 1291 4405 Dicendum
1348 4339 1519 4422 quod
1574 4337 1815 4420 absque

270 4440 469 4506 dubio
496 4463 640 4527 spes
679 4451 773 4509 est
811 4446 881 4511 in
919 4464 1157 4527 genere
1196 4446 1453 4511 virtutis
1491 4444 1815 4525 theologi-

270 4565 388 4612 cae.
422 4548 602 4615 Ratio
641 4552 843 4635 hujus
873 4556 1152 4619 sumitur
1197 4571 1279 4618 ex
1321 4557 1499 4636 parte
1541 4552 1813 4633 objecti,

271 4660 337 4720 et
376 4675 457 4720 ex
503 4662 680 4740 parte
718 4662 1005 4742 subjecti.
1052 4661 1149 4725 Ex
1184 4665 1361 4743 parte
1402 4659 1660 4742 quidem
1706 4658 1817 4722 ob—

266 4763 442 4845 jecti,
464 4766 772 4846 quoniam
800 4772 960 4832 sicut
985 4769 1142 4832 fides
1168 4768 1239 4831 in
1266 4766 1578 4831 credendo
1606 4783 1818 4830 assen-

272 4868 352 4931 tit
378 4870 496 4953 ipsi
525 4871 653 4936 Deo
683 4878 756 4937 ut
782 4874 1042 4939 dictanti
1066 4893 1244 4954 vera,
1276 4874 1365 4938 sic
1392 4890 1534 4956 spes
1560 4872 1618 4937 ei
1644 4872 1813 4935 inni·

270 4976 431 5041 titur
458 4985 531 5043 ut
575 4982 966 5064 promittenti
996 5001 1258 5062 magna.
1292 4980 1467 5045 Unde
1492 4980 1657 5043 sicut
1695 4978 1817 5043 ob-

263 5085 509 5165 jectum
556 5088 757 5171 ipsius
803 5091 950 5155 fidei
969 5136 990 5169 ‚
1045 5090 1218 5173 quod
1260 5089 1457 5154 habet
1501 5089 1817 5152 rationem

267 5194 518 5275 motivi,
563 5200 659 5261 est
684 5198 837 5280 quid
864 5197 1253 5276 increatum,
1288 5196 1460 5280 quod
1491 5194 1660 5261 Deus
1684 5199 1814 5275 est,

265 5301 513 5368 ratione
565 5308 754 5389 quus
802 5307 995 5375 etiam
1035 5307 1195 5372 fides
1239 5306 1498 5388 ponitur
1559 5322 1695 5368 esse
1747 5303 1817 5366 in

270 5425 512 5490 genere
569 5394 823 5481 iirtutis
876 5416 1295 5499 theologicam
1344 5415 1435 5480 sic
1477 5413 1672 5479 etiam
1715 5410 1815 5477 ai-

3330 446 3452 509 573

1907 574 2181 639 cendum
2226 578 2321 639 est
2366 579 2431 640 et
2477 576 2966 659 intelligendum
3008 580 3087 642 de
3138 580 3271 661 ipsa
3315 598 3448 662 spe.

1909 680 2095 746 Sumi
2132 683 2323 745 etiam
2363 687 2564 765 potest
2603 684 2762 749 ratio
2809 704 2889 750 ex
2938 688 3115 766 parte
3160 685 3449 767 subjecti,

1908 788 2060 870 quia
2089 807 2240 851 cum
2269 788 2405 869 ipsa
2431 788 2647 853 anima
2674 792 3027 856 secundum
3056 793 3451 874 superiorem

1908 897 2131 960 faciem
2161 896 2493 960 reformari
2519 897 2751 962 habeat
2779 919 2891 980 per
2916 900 3182 964 virtutes
3211 901 3456 965 theolo-

1909 1003 2114 1083 gicaS,
2151 1008 2216 1066 et
2253 1022 2396 1084 spes
2434 1006 2515 1069 sit
2554 1024 2688 1070 una
2727 1007 2810 1070 ‘de
2844 1007 3193 1071 virtutibus
3222 1007 3456 1070 faciens

1910 1109 1988 1171 ad
2019 1110 2539 1174 reformationem
2577 1112 2882 1194 imaginis
2910 1118 2973 1177 et
3007 1114 3454 1196 perfectionem

1909 1216 2146 1280 animae
2191 1217 2545 1281 secundum
2587 1225 2830 1300 partem
2874 1221 3291 1304 superiorem,
3334 1240 3457 1284 ne-

1910 1342 2080 1387 cesse
2126 1329 2222 1387 est
2260 1343 2395 1387 esse
2446 1343 2624 1406 spem
2657 1326 2963 1391 virtutem
3006 1327 3452 1408 theologicam.

1910 1429 2087 1495 Unde
2134 1432 2675 1512 quemadmodum
2723 1433 2790 1496 in
2840 1435 3044 1517 patria
3095 1440 3221 1499 tres
3265 1440 3458 1501 erunt

1909 1538 2085 1602 dotes
2124 1539 2477 1603 secundum
2510 1543 2638 1603 tres
2676 1541 2912 1604 animae
2942 1541 3147 1621 vireS,
3179 1539 3457 1624 quarum

1911 1666 2043 1712 una
2108 1648 2479 1713 reformabit
2547 1653 2611 1713 et
2661 1650 3130 1714 consummabit
3173 1652 3456 1715 rationa-
3533 1685 3537 1692 ·

1910 1754 2074 1831 lem,
2104 1754 2397 1819 videlicet
2423 1755 2558 1838 ipsa
2600 1757 2805 1835 visio;
2847 1757 2970 1820 alia
2997 1757 3454 1838 concupiscibi-

1909 1860 2062 1937 lem,
2111 1861 2404 1946 videlicet
2464 1862 2752 1941 dilecti03
2802 1862 2985 1927 tertia
3031 1863 3408 1927 irascibilem
3436 1912 3453 1943 ,

1913 1968 2203 2033 videlicet
2242 1970 2376 2051 ipsa
2418 1971 2689 2051 perfecta
2730 1972 2974 2036 tentio:
3011 1971 3099 2034 sic
3138 1976 3201 2035 et
3241 1971 3311 2035 in
3352 1972 3460 2038 via

1911 2093 2165 2140 necesse
2203 2079 2296 2140 est
2341 2095 2577 2159 ponere
2618 2078 2785 2141 circa
2833 2078 3100 2142 virtutes
3139 2078 3459 2159 theologi-

1912 2200 2037 2260 eaS,
2070 2183 2304 2265 quibus
2355 2183 2530 2247 dotes
2572 2184 2809 2249 habent
2842 2186 3350 2268 correspondere.
3383 2184 3461 2249 Et

1912 2290 2001 2355 sic
2022 2296 2158 2354 tam
2185 2310 2268 2355 ex
2299 2297 2475 2374 parte
2503 2292 2796 2373 subjecti,
2821 2311 3016 2374 quam
3038 2312 3123 2356 ex
3149 2298 3325 2375 parte
3352 2293 3463 2368 ob-

1905 2398 2083 2478 Jecti,
2111 2398 2434 2478 colligitur
2466 2399 2632 2481 quod
2661 2418 2803 2480 spes
2836 2400 2958 2462 sub
2984 2398 3223 2481 'genere
3254 2399 3464 2464 virtu-

1913 2507 1997 2569 tis
2062 2505 2440 2586 theologicae
2506 2507 2690 2570 debet
2755 2508 3002 2590 reponi.
3057 2506 3462 2588 Theologicae

1913 2613 2088 2678 enim
2116 2613 2384 2676 virtutes
2410 2612 2610 2676 Deum
2654 2613 2895 2678 habent
2932 2632 3048 2696 pro
3079 2614 3324 2695 objecto
3343 2662 3364 2693 ‚
3396 2619 3458 2678 et

1914 2719 2312 2801 superiorem
2377 2723 2622 2800 partem
2688 2719 2924 2784 animae
2984 2706 3113 2802 pro
3150 2722 3456 2803 subjecto.

1916 2827 2345 2892 Concedendae
2381 2831 2532 2890 sunt
2571 2845 2733 2908 ergo
2773 2829 3072 2904 rationeS,
3121 2845 3268 2910 quae
3313 2834 3462 2893 sunt

1917 2935 1996 2999 ad
2022 2936 2208 2998 istam
2237 2938 2504 3016 partem.

2000 3046 2060 3105 1.
2109 3042 2205 3105 Ad
2255 3041 2414 3109 illud
2468 3059 2623 3107 vero
2667 3041 2838 3124 quod
2891 3041 3228 3124 objicitur,
3291 3044 3461 3125 quod

1919 3151 2087 3215 circa
2129 3155 2348 3214 actum
2390 3150 2524 3234 spei
2575 3150 2895 3231 contingit
2937 3151 3201 3233 reperiri
3253 3171 3463 3216 exces-

1920 3278 2086 3338 sum,
2119 3259 2458 3324 dicendum
2485 3258 2658 3340 quod
2691 3258 2860 3322 circa
2890 3264 3103 3324 actum
3130 3260 3263 3342 spei
3292 3278 3462 3325 nun-

1922 3386 2119 3450 quam
2161 3367 2479 3447 contingit
2517 3366 2782 3449 reperiri
2836 3385 3170 3432 excessum
3210 3374 3465 3452 propter

1923 3476 2319 3540 nimietatem
2378 3478 2442 3539 et
2501 3474 2924 3539 intensionem
2984 3476 3181 3556 ipsius
3243 3481 3460 3556 aetus,

1923 3600 2116 3647 nemo
2154 3582 2329 3645 enim
2379 3584 2582 3664 potest
2630 3582 2826 3645 nimis
2874 3585 3190 3649 confidere
3230 3585 3297 3648 in
3343 3585 3466 3650 Do-

1921 3690 2099 3770 mino
2135 3712 2152 3753 :
2182 3690 2290 3753 sed
2318 3690 2373 3752 si
2400 3688 2592 3753 habet
2624 3707 2977 3767 excessum,
3009 3691 3132 3755 hoc
3163 3698 3257 3755 est
3285 3711 3470 3776 prop-

1922 3803 2020 3864 ter
2059 3800 2376 3864 desectum
2422 3798 2699 3880 alicujus
2744 3799 3140 3876 conditioniS,
3172 3820 3318 3883 quae
3362 3820 3466 3866 re-

1923 3907 2206 3989 quiritur
2233 3907 2304 3971 in
2330 3908 2479 3970 actu
2505 3906 2820 3988 sperandi,
2852 3911 3073 3987 utpote
3101 3909 3179 3986 si,
3209 3909 3464 3991 neglec-

1922 4014 2005 4078 tis
2037 4012 2311 4091 meritiS‚
2340 4013 2605 4077 omnino
2643 4013 2976 4095 praesumit
3003 4014 3080 4078 de
3107 4015 3463 4080 misericor-

1923 4121 2028 4186 dia
2056 4120 2166 4184 Dei
2196 4139 2215 4184 ε
2246 4120 2355 4185 sed
2394 4119 2516 4185 hoc
2546 4138 2679 4184 non
2718 4120 2865 4184 facit
2893 4120 3096 4203 ipsam
3127 4140 3304 4204 spem
3330 4140 3465 4188 esse

1924 4227 1993 4291 in
2021 4245 2260 4309 genere
2292 4227 2550 4290 virtutis
2592 4227 2957 4307 cardinaliS,
2987 4230 3143 4310 quia
3175 4230 3345 4312 quod
3374 4231 3465 4295 di·

1924 4336 2092 4399 citur
2135 4334 2346 4398 virtus
2386 4334 2747 4423 theologica
2785 4334 3039 4400 differre
3073 4356 3114 4399 a
3160 4338 3467 4401 cardinali

1925 4444 1996 4507 in
2036 4441 2181 4523 hoc,
2214 4442 2386 4524 quod
2416 4459 2549 4505 non
2576 4446 2675 4506 est
2714 4442 2782 4505 in
2822 4442 3178 4524 theologica
3204 4446 3470 4527 reperiri

1925 4567 2287 4628 excessum,
2331 4549 2494 4611 sicut
2520 4548 2587 4611 in
2613 4548 2959 4624 cardinali,
2989 4550 3367 4631 intelligitur
3393 4550 3471 4615 de

1926 4654 2036 4719 illo
2081 4673 2366 4734 excessu,
2398 4654 2512 4737 qui
2556 4655 2815 4735 quidem
2857 4656 3142 4719 consistit
3183 4657 3252 4720 in
3295 4662 3474 4721 actus

1927 4761 2305 4840 intensione,
2336 4779 2468 4825 non
2494 4762 2571 4825 de
2594 4779 2693 4837 e0,
2725 4763 2834 4843 qui
2858 4762 3042 4825 estin
3069 4762 3298 4827 debitae
3327 4781 3475 4827 con·

1927 4868 2184 4933 ditionis
2196 4869 2560 4932 omissione.
2575 4867 2737 4931 Nam
2760 4869 3133 4950 hujusmodi
3150 4887 3468 4948 excessuS‚

1927 4979 2208 5041 secundo
2241 4977 2428 5041 modo
2469 4978 2713 5055 dictus,
2745 4978 3242 5059 repugnantiam
3281 4978 3474 5042 habet

1928 5102 2078 5149 cum
2119 5084 2298 5149 omni
2340 5084 2597 5148 virtute.
2645 5083 2903 5148 Primus
2931 5102 3085 5148 vero
3125 5102 3257 5151 non
3282 5084 3477 5149 habet

1928 5193 2424 5277 repugnantiam
2462 5210 2613 5257 cum
2636 5192 2875 5259 virtute
2902 5194 3261 5275 theologica
3276 5242 3294 5273 ,
3325 5212 3475 5276 quae

1926 5300 2121 5365 habet
2146 5300 2249 5382 obj
2257 5304 2467 5365 ectum
2502 5299 2829 5366 infinitum
2844 5349 2863 5379 ,
2892 5300 2981 5365 ita
3005 5301 3178 5384 quod
3202 5319 3326 5366 nec
3355 5318 3478 5384 po-

1928 5412 2052 5475 toet
2074 5409 2269 5474 nimis
2294 5409 2532 5490 amari,
2565 5427 2685 5474 nec
2712 5409 2905 5474 nimis
2942 5409 3287 5477 desiderari
3316 5432 3334 5477 ε
3366 5411 3479 5476 sed
