4185 6288
536 1177 647 1225 Ado
620 1187 724 1231 099·

1329 718 1683 799 QUAESTlo
1725 718 1774 784 1.

923 901 1019 957 An
1055 902 1311 957 creatum
1342 898 1693 955 irrationales
1731 899 1843 953 sint
1880 894 2166 969 diliqmdoe

1339 1004 1406 1044 w
1430 988 1755 1044 charitate&

861 1152 1083 1215 Utrum
1112 1168 1195 1216 ex
1222 1150 1524 1214 charitate
1552 1149 1893 1230 diligendae
1920 1149 2047 1211 sint
2072 1150 2315 1211 creatu·

777 1275 870 1323 rae
904 1257 1340 1336 irrationales3
1374 1262 1437 1321 et
1471 1257 1644 1339 quod
1670 1257 1783 1336 sic,
1811 1256 2107 1319 videtur³¹
2144 1254 2312 1318 ‚Di-

776 1367 931 1449 lim‘s
962 1368 1214 1444 omnia,
1245 1366 1546 1441 Domine,
1577 1370 1636 1429 et
1661 1363 1832 1429 nihil
1855 1363 2058 1429 odisti
2100 1376 2316 1426 eorum

775 1490 920 1556 ‹1²1ae
946 1475 1178 1554 fecisti.
1209 1472 1332 1537 Sed
1360 1473 1631 1535 charitas
1653 1472 1799 1534 facit
1825 1489 1941 1535 nos
1965 1468 2311 1534 conformi-

775 1586 873 1645 ter
897 1581 1162 1663 diligere
1190 1579 1315 1644 Deo
1349 1602 1364 1644 ι
1398 1597 1556 1659 ergo
1585 1579 1638 1641 si
1665 1579 1830 1642 Deus
1851 1626 1866 1655 ,
1894 1579 2007 1661 qni
2035 1581 2132 1640 est
2156 1576 2316 1640 cha-

775 1688 948 1765 ritaS,
996 1686 1208 1768 diligit
1252 1691 1572 1750 creaturas
1609 1685 2025 1764 irrationaleS,
2060 1683 2317 1746 videtur

776 1796 948 1878 quod
987 1800 1049 1859 et
1088 1794 1383 1858 homines
1424 1793 1798 1856 charitatem
1840 1792 2177 1869 hahenteS,
2209 1808 2317 1854 eas
2336 1864 2353 1884 ο

776 1919 859 1965 ex
885 1901 1186 1966 charitate
1214 1900 1485 1964 debeant
1506 1899 1793 1979 diligere.

856 2013 916 2072 2.
965 2005 1123 2071 Item
1162 2011 1470 2070 creaturae
1510 2006 1846 2071 rationales
1888 2022 1972 2069 ex
2011 2004 2316 2069 charitate

771 2115 1112 2197 diligendae
1159 2118 1339 2193 sunt,
1397 2118 1655 2197 propter
1698 2114 1821 2176 hoc
1858 2113 2028 2195 quod
2076 2112 2316 2177 habent

776 2223 1055 2305 aliquam
1083 2223 1192 2287 Dei
1217 2222 1696 2285 similitudinem
1727 2240 1743 2285 ε
1778 2221 1883 2284 sed
1913 2221 1979 2283 in
2008 2219 2317 2283 creaturis

775 2329 1245 2393 irrationalibus
1297 2328 1534 2393 relucet
1579 2327 1683 2391 Dei
1742 2325 2088 2390 similitudo
2110 2375 2125 2400 ,
2172 2325 2317 2389 licet

775 2437 996 2502 minus
1033 2438 1301 2519 perfecte
1326 2454 1521 2518 quam
1549 2436 1617 2497 in
1645 2434 1950 2499 creaturis
1983 2433 2311 2497 rationali·

777 2545 933 2623 bus3
965 2542 1204 2607 relucet
1227 2541 1403 2606 enim
1438 2541 1596 2605 Deus
1624 2540 1692 2603 in
1718 2541 1809 2604 eis
1833 2540 1996 2603 sicut
2023 2540 2094 2603 in
2118 2539 2314 2602 vesti-

776 2651 888 2734 gio
939 2672 955 2714 ε
1001 2667 1159 2732 ergo
1203 2649 1257 2712 si
1295 2648 1648 2712 similitudo
1688 2646 1798 2711 Dei
1844 2651 1937 2709 est
1984 2646 2143 2709 ratio
2177 2644 2316 2708 dili·

775 2759 1062 2842 gendiex
1083 2756 1406 2834 charitate,
1420 2755 1673 2819 videtur
1691 2753 1864 2836 quod
1889 2756 2135 2816 caeterae
2148 2769 2315 2815 crea-

776 2870 940 2929 turae
967 2861 1359 2927 irrationales
1377 2880 1459 2925 ex
1486 2861 1789 2925 charitate
1804 2859 2144 2940 diligenda!
2161 2860 2308 2923 sint.

856 2977 915 3037 3.
948 2969 1105 3035 Item
1131 2968 1674 3053 quemadmodum
1709 2966 1787 3029 ad
1816 2967 2008 3031 fidem
2041 2967 2313 3048 pertinet

769 3080 1028 3146 credere
1069 3079 1268 3144 Deum
1309 3095 1444 3142 esse
1484 3081 1831 3141 creatorem
1871 3079 2312 3140 creaturarum

776 3186 1222 3263 rationalium,
1273 3187 1358 3251 ita
1405 3186 1483 3250 ad
1528 3187 1731 3268 ipsam
1775 3187 2012 3265 spectat
2060 3183 2314 3248 credere

775 3294 986 3378 ipsum
1004 3312 1139 3359 esse
1166 3297 1511 3357 creatorem
1534 3291 2016 3356 irrationalium.
2047 3292 2126 3357 Et
2151 3292 2316 3357 sicut

776 3404 1126 3468 intellectus
1155 3406 1369 3466 noster
1393 3401 1716 3483 cognoscit
1741 3400 1946 3464 Deum
1971 3401 2037 3463 in
2061 3404 2312 3464 creatu·

774 3510 867 3574 ris
890 3527 1004 3593 per
1030 3514 1350 3573 creaturas
1390 3507 1750 3585 rationales,
1794 3506 1884 3570 ita
1905 3510 1971 3569 et
2010 3522 2127 3588 per
2153 3507 2314 3571 irra-

772 3617 1039 3683 tIonales
1056 3666 1073 3695 ,
1105 3618 1246 3681 licet
1273 3617 1485 3680 minus
1511 3616 1714 3697 plene.
1748 3615 1815 3679 Si
1838 3632 2000 3696 ergo
2026 3616 2185 3679 fides
2201 3663 2219 3693 ,
2251 3619 2315 3679 et

775 3725 1079 3807 cognitiO,
1120 3730 1182 3789 et
1206 3722 1652 3804 contemplatio
1679 3722 1882 3804 ipsius
1918 3722 2029 3786 Dci
2068 3722 2315 3786 indiffe-

774 3837 987 3898 renter
1021 3831 1275 3916 respicit
1298 3831 1468 3915 ipsas
1497 3834 1817 3895 creaturas
1845 3827 2181 3893 rationales
2204 3875 2222 3903 ,
2252 3833 2315 3893 et

776 3939 1167 4004 irrationales
1188 3988 1206 4018 ,
1255 3940 1395 4023 pari
1444 3939 1691 4003 ratione
1733 3937 1985 4001 videtur
2032 3937 2203 4019 quod
2253 3942 2317 4001 et

775 4046 916 4130 ipsa
955 4046 1232 4128 gratuita
1276 4045 1525 4110 dilectio
1574 4061 1592 4106 τ
1637 4062 1794 4126 ergo
1842 4045 2097 4109 videtur
2141 4046 2316 4128 quod

775 4153 1169 4220 irrationales
1195 4156 1502 4218 creaturae
1526 4170 1609 4216 ex
1631 4152 1931 4217 charitate
1958 4152 2143 4234 diligi
2171 4169 2314 4233 pos-

773 4260 925 4340 sint,
943 4279 1093 4325 cum
1119 4259 1391 4324 charitas
1414 4258 1506 4323 ita
1527 4263 1699 4323 amet
1724 4257 1946 4336 Deum,
1969 4258 2134 4324 sicut
2156 4259 2316 4323 fides

778 4367 992 4433 credit.

856 4477 920 4538 4.
950 4472 1108 4539 Item
1136 4473 1339 4538 virtus
1361 4476 1426 4537 et
1451 4472 1686 4537 vitium
1713 4472 1953 4536 habent
1978 4490 2115 4538 esse
2148 4474 2316 4538 circa

775 4580 948 4646 idem
977 4602 992 4644 ε
1025 4598 1185 4662 ergo
1221 4581 1386 4645 circa
1409 4579 1580 4662 quod
1604 4578 1798 4642 hahet
1834 4595 1971 4642 esse
1993 4597 2179 4643 amor
2215 4580 2313 4644 vi-

777 4688 974 4753 tiosus
993 4687 1276 4751 lihidinis
1299 4691 1364 4752 et
1391 4686 1771 4769 cupiditatis,
1802 4685 1970 4749 circa
1994 4686 2165 4751 idem
2197 4687 2317 4751 ha-

774 4793 880 4859 het
914 4811 1049 4860 esse
1083 4810 1266 4859 amor
1306 4793 1660 4876 gratuituS,
1710 4798 1773 4855 et
1804 4792 2124 4857 charitatis
2153 4816 2169 4856 ε
2206 4794 2314 4859 sed

773 4901 969 4966 homo
1030 4905 1236 4985 potest
1303 4901 1634 4966 libidinose
1689 4906 1758 4965 et
1809 4901 2035 4985 cupide
2099 4920 2315 4968 amare

773 5011 1093 5074 creaturas
1119 5008 1512 5073 irrationales
1550 5031 1565 5072 z
1595 5026 1759 5091 ergo
1785 5009 1926 5092 pari
1951 5010 2195 5074 ratione
2220 5010 2315 5073 vi·

831 5136 853 5169 ¹
875 5134 956 5195 Cf.
982 5133 1124 5183 Alex.
1152 5134 1379 5198 Mensis,
1409 5134 1570 5193 Cont,
1599 5148 1651 5197 p.
1681 5135 1771 5197 m,
1800 5135 1915 5184 coll.
1951 5146 2102 5197 axin,
2136 5139 2310 5198 art.t;

773 5207 826 5257 S.
842 5206 1046 5268 Thom.,
1074 5207 1205 5265 ll·ll,
1229 5221 1278 5269 q.
1301 5218 1422 5268 xxv,
1448 5211 1544 5256 art.
1562 5209 1622 5268 33
1649 5208 1780 5256 etlll
1805 5208 1965 5267 δοιώ,
1983 5208 2097 5256 dist.
2124 5219 2309 5266 xxviii,

772 5290 823 5341 q.
844 5289 881 5340 1,
898 5282 990 5326 art.
1013 5280 1061 5339 25
1082 5276 1208 5327 etde
1240 5278 1411 5337 Ver-it„
1435 5291 1486 5341 q.
1507 5288 1570 5340 11,
1593 5282 1687 5326 art.
1710 5280 1765 5340 7;
1784 5278 1995 5327 Richard
2021 5315 2038 5338 ,
2063 5280 2125 5326 ΙΙΙ
2155 5280 2268 5325 sen!

773 5346 887 5401 dist.
908 5358 1246 5413 xxv111,q.1v;
1267 5349 1447 5398 Thom.
1466 5351 1695 5414 Argent„
1719 5350 1784 5397 m
1805 5348 1964 5413 Sene„
1981 5349 2097 5399 dist.
2122 5360 2309 5400 xxviii.

2279 5316 2311 5341 .,
2422 5279 2443 5312 ¹
2468 5280 2607 5341 Sap„

1889 469 2507 539 SENTENTIARIJM
2546 471 2695 539 LIB.
2734 472 2844 540 III.

2424 608 2610 673 detur
2644 610 2816 693 quod
2866 611 2967 677 vir
2996 614 3216 695 justus
3254 632 3339 680 ex
3383 615 3694 684 charitate
3742 620 3957 688 haheat

2422 734 2529 781 eas
2556 716 2839 799 diligere.

2502 828 2561 887 5.
2594 825 2749 889 Item
2775 826 3004 908 aliquis
3031 826 3241 910 diligit
3268 829 3434 894 bona
3460 834 3862 915 temporalia,
3893 844 3957 902 ut

2422 950 2538 1014 per
2564 931 2674 994 illa
2710 934 2946 997 serviat
2990 934 3149 1014 Deo,
3177 938 3343 1001 sicut
3380 938 3482 1002 vir
3511 940 3736 1020 justus
3762 943 3957 1026 diligit

2421 1039 2842 1120 possessiones
2860 1087 2881 1118 ‚
2937 1045 3010 1105 ut
3060 1042 3249 1107 faciat
3306 1044 3743 1130 eleemosynas
3790 1070 3806 1114 ε
3861 1050 3960 1115 sed

2422 1150 2665 1210 constat
2708 1147 2879 1228 quod
2918 1149 3059 1212 talis
3106 1168 3288 1214 amor
3335 1157 3429 1216 est
3481 1173 3668 1218 amor
3712 1159 3963 1222 merito—

2423 1254 2559 1318 rius
2589 1275 2603 1316 :
2639 1253 2747 1318 sed
2776 1273 2957 1320 amor
2986 1258 3353 1323 meritorius
3383 1262 3672 1343 procedit
3708 1282 3785 1326 ex
3818 1263 3959 1327 cha-

2422 1361 2609 1425 ritate
2640 1379 2658 1424 :
2706 1380 2863 1443 ergo
2890 1363 3149 1429 videtur
3174 1367 3344 1448 quod
3395 1367 3547 1431 talia
3580 1368 3961 1436 irrationalia

2422 1465 2548 1530 sint
2574 1485 2655 1532 ex
2683 1469 2990 1534 charitate
3014 1471 3366 1553 diligenda.

2503 1574 2626 1639 Sed
2651 1581 2870 1641 contra
2899 1599 2915 1641 t
2961 1578 3363 1659 Augustinus
3387 1581 3538 1646 dicit
3573 1583 3646 1647 in
3693 1584 3855 1650 libro
3882 1585 3960 1651 De
3984 1606 4117 1647 rm:

2424 1683 2729 1748 Doctrina
2772 1683 3147 1752 Christiana
3186 1693 3233 1762 ⁸,
3278 1693 3340 1753 et
3367 1688 3644 1754 habetur
3674 1692 3744 1755 in
3768 1694 3961 1758 littera

2422 1791 2833 1873 praecedentis
2857 1792 3273 1858 distinctionis
3305 1816 3319 1857 :
3360 1819 3391 1856 α
3420 1793 3511 1859 Ea
3538 1798 3678 1862 sola
3704 1817 3789 1862 ex
3824 1800 3959 1863 cha·

2425 1897 2607 1962 ritate
2621 1903 2767 1962 sunt
2780 1898 3125 1982 diligenda,
3148 1920 3294 1984 quae
3320 1903 3661 1968 nobiscum
3682 1908 3962 1973 societate

2422 2005 2698 2086 quadam
2728 2007 3094 2072 referuntur
3113 2009 3180 2071 in
3206 2008 3431 2086 Deum,
3451 2011 3620 2076 sicut
3639 2019 3738 2077 αεὶ
3756 2015 3958 2094 homo,

2423 2115 2486 2174 et
2515 2113 2819 2194 angelus,
2851 2114 2955 2177 vel
2988 2132 3221 2197 corpus
3257 2120 3572 2182 nostrum.
3604 2143 3637 2179 n
3675 2120 3803 2186 Sed
3832 2123 3964 2187 talia

2425 2235 2553 2282 non
2578 2224 2727 2284 sunt
2752 2221 3138 2285 irrationalia
3168 2243 3184 2287 ε
3217 2240 3398 2305 ergo,
3429 2230 3554 2288 etc.

2505 2324 2662 2389 Item
2719 2328 3061 2411 principale
3109 2331 3430 2413 objectum
3491 2334 3829 2400 charitatis
3883 2344 3964 2402 oet

2425 2431 2670 2497 bonum
2714 2434 3093 2516 increatum,
3135 2455 3285 2501 cum
3331 2438 3606 2504 charitas
3647 2443 3729 2506 sit
3774 2445 3963 2507 virtus

2423 2539 2782 2622 theologica
2835 2561 2851 2607 :
2905 2562 3064 2625 ergo
3113 2563 3261 2608 cum
3320 2546 3597 2612 charitas
3647 2550 3839 2613 faciat
3886 2551 3963 2613 illi

2424 2643 2592 2711 bono
2619 2649 2966 2730 adhaerere,
2996 2657 3060 2716 et
3087 2653 3223 2735 ipso
3252 2653 3377 2718 frui
3397 2702 3414 2729 ,
3447 2654 3611 2717 nihil
3634 2656 3700 2718 in
3736 2656 3964 2720 mundo

2423 2752 2669 2835 diligit,
2699 2756 2821 2818 nisi
2862 2758 3030 2839 qnod
3058 2758 3167 2822 illo
3210 2760 3377 2823 hono
3411 2764 3641 2824 natum
3681 2767 3781 2825 est
3810 2763 3963 2836 frui,

2424 2865 2486 2925 et
2513 2860 2581 2924 in
2611 2861 2719 2925 illo
2741 2862 3086 2928 beatificari
3119 2888 3133 2928 :
3170 2866 3277 2930 sed
3305 2872 3617 2932 creaturae
3646 2870 3967 2934 irrationa-

2422 2965 2513 3031 les
2538 2986 2670 3032 non
2695 2976 2958 3051 possunt
2979 2972 3048 3034 in
3078 2972 3202 3036 Deo
3230 2974 3580 3038 beatificari
3612 2995 3817 3058 :ergo
3844 2995 3964 3041 non

2421 3079 2685 3158 possunt
2707 3093 2789 3140 ex
2816 3077 3121 3141 charitate
3140 3079 3346 3161 diligi.

2501 3181 2661 3246 Item
2689 3184 2964 3249 charitas
2990 3190 3087 3250 est
3120 3186 3457 3251 vinculum
3496 3192 3958 3280 connexionis:

2422 3308 2582 3371 ergo
2625 3291 2737 3355 illa
2763 3292 2898 3357 sola
2922 3298 3074 3357 sunt
3118 3299 3266 3359 nata
3295 3314 3378 3359 ex
3407 3296 3716 3363 charitate
3770 3300 3958 3380 diligi,

2423 3414 2571 3479 quae
2598 3416 2711 3480 per
2736 3400 3111 3465 charitatem
3140 3407 3408 3484 possunt
3430 3406 3595 3468 necti
3629 3427 3644 3469 :
3683 3408 3833 3470 talia
3851 3426 3960 3470 au-

2424 3509 2554 3568 tem
2602 3523 2734 3569 non
2761 3512 2912 3570 sunt
2937 3508 3062 3570 nisi
3107 3508 3245 3587 illa,
3288 3529 3437 3591 quae
3463 3516 3619 3575 sunt
3647 3519 3799 3578 nata
3840 3532 3960 3578 esse

2423 3612 2504 3676 de
2542 3613 2784 3677 unitate
2830 3616 3111 3697 corporis
3155 3615 3383 3680 Christi
3428 3640 3444 3682 :
3483 3619 3596 3683 sed
3646 3620 3799 3684 talia
3839 3639 3960 3685 non

2425 3722 2575 3782 sunt
2598 3720 2722 3782 nisi
2749 3721 3082 3786 rationalia
3113 3742 3130 3787 ε
3161 3740 3345 3803 erg0,
3375 3729 3493 3788 etc.

2506 3825 2664 3892 Item
2701 3828 2978 3892 nobilior
3019 3834 3115 3894 est
3156 3848 3338 3895 amor
3379 3831 3728 3912 charitatis,
3778 3853 3963 3917 quam

2425 3933 2506 3996 sit
2529 3951 2705 3999 amor
2734 3936 2980 3999 socialis
3019 3958 3035 4000 ε
3082 3937 3193 4001 sed
3220 3956 3403 4002 amor
3429 3940 3678 4004 socialis
3704 3960 3839 4005 non
3866 3960 3963 4024 po-

2426 4044 2547 4104 test
2576 4058 2737 4120 esse,
2780 4059 2899 4105 nec
2935 4043 3139 4124 debet,
3188 4045 3320 4107 nisi
3365 4052 3659 4128 respectu
3702 4050 3963 4113 rationa-

2424 4147 2587 4212 lium
2633 4153 3070 4214 creaturarum
3114 4168 3130 4213 ε
3180 4166 3337 4233 ergo
3376 4170 3495 4217 nec
3541 4170 3727 4220 amor
3771 4156 3963 4219 chari-

2426 4255 2591 4319 tatis,

2508 4360 2664 4425 Item
2691 4362 2799 4427 illa
2836 4364 2969 4428 sola
2994 4369 3145 4429 sunt
3173 4382 3255 4429 ex
3283 4366 3590 4432 charitate
3614 4370 3958 4452 diligenda,

2425 4485 2706 4551 quorum
2728 4470 2976 4534 dilectio
3010 4472 3326 4536 clauditur
3365 4477 3432 4537 et
3469 4477 3857 4556 exprimitur
3898 4479 3961 4540 in

2425 4578 2675 4642 duobus
2702 4578 3013 4642 mandatis
3044 4579 3364 4643 charitatis
3393 4600 3410 4644 τ
3452 4583 3562 4647 sed
3598 4584 3853 4649 dilectio
3878 4585 3961 4648 ir·

2426 4687 2831 4751 rationalium
2859 4705 2977 4752 nec
3002 4689 3391 4768 includitur,
3422 4709 3541 4754 nec
3585 4694 3964 4776 exprimitur

2426 4793 2498 4857 in
2520 4793 2643 4856 illis
2668 4793 2919 4858 duobus
2941 4795 3298 4859 mandatis.
3330 4814 3492 4879 ergo
3518 4798 3781 4863 videtur
3800 4800 3962 4883 quod

2425 4919 2605 4965 amor
2632 4902 2951 4966 charitatis
2974 4902 3052 4966 ad
3072 4907 3395 4967 creaturas
3423 4903 3823 4972 irrationales
3840 4922 3961 4970 non

2423 5007 2656 5073 haheat
2681 5008 2960 5072 extendi.
3296 5026 3307 5037 ·

2424 5220 2476 5269 q.
2512 5219 2545 5269 ι,
2567 5209 2664 5255 art.
2687 5206 2714 5254 3
2729 5219 2746 5266 3
2777 5204 2930 5254 Gahr.
2966 5204 3110 5268 Biel„
3142 5206 3203 5255 m
3230 5206 3393 5269 Sem„
3415 5208 3533 5257 dist.
3566 5218 3828 5274 xxvan.
3852 5221 3886 5259 ι.
3906 5234 3960 5244 -

2422 5362 2457 5398 n
2505 5351 2565 5398 22
2637 5288 2707 5337 xi,
2729 5279 2807 5327 25.
2828 5275 3163 5340 -⁸Aug.,de
3188 5277 3323 5326 Doct.
3352 5278 3669 5339 Christ.‚lib.
3699 5282 3796 5344 t,c.
3816 5291 3960 5331 xxm.
