4185 6288
363 1559 447 1610 'De

321 1645 373 1676 eo
393 1631 509 1684 quod

544 490 662 551 382
1642 481 2260 550 SENTENTIARUM
2299 479 2449 547 ΜΒ.
2494 478 2599 547 ΙΙΙ.

540 618 1050 690 immortalitatis
1073 618 1386 709 corporis,
1420 618 1534 687 sed
1561 618 1757 687 etiam
1799 617 2390 711 impassibilitatem
2427 619 2691 687 animae.
2721 617 2850 686 Per
2876 617 3039 709 quid
3063 622 3096 686 ’Ξ
3120 613 3251 688 Per
3280 619 3719 691 obedientiam

540 745 607 805 et
632 734 1038 805 voluntatem
1067 733 1444 825 perfectam,
1475 757 1673 825 quam
1708 756 1840 803 non
1868 743 2026 803 tunc
2048 733 2261 826 primo
2301 733 2559 821 habuit,
2605 757 2723 802 nec
2750 733 3066 825 majorem
3093 757 3246 803 cum
3273 736 3409 827 pati
3432 737 3627 828 coepit
3656 747 3724 806 et

544 851 736 921 mori.
768 849 1092 918 Obediens
1118 848 1321 936 enim,
1347 849 1670 940 perfectus
1697 858 1761 918 et
1786 849 2000 919 bonus
2039 851 2254 918 extitit
2292 850 2656 919 secundum
2686 849 3045 937 hominem,
3077 874 3159 919 ex
3185 874 3319 943 quo
3345 852 3475 921 fuit
3492 852 3713 923 homo.

539 967 790 1037 Habuit
815 989 971 1056 ergo
1000 966 1222 1033 anima
1246 965 1364 1033 illa
1391 965 1657 1057 aliquod
1686 966 1938 1035 bonum
1965 967 2034 1034 in
2063 989 2132 1035 se
2159 975 2304 1058 post
2346 975 2645 1051 mortem,
2678 965 2855 1057 quod
2882 990 3018 1035 non
3046 967 3282 1037 habuit
3307 976 3457 1037 ante
3483 975 3514 1038 ‘I
3543 969 3723 1039 Num
3846 995 3852 1002 ·

543 1105 699 1174 ergo
722 1083 972 1152 beatior
996 1082 1104 1152 vel
1134 1081 1367 1150 melior
1403 1081 1535 1150 fuit
1560 1105 1762 1173 quam
1807 1087 2007 1151 ante?
2055 1082 2249 1151 Absit
2290 1081 2469 1175 quod
2510 1083 2742 1151 melior
2784 1083 3024 1166 fuerit3
3080 1083 3240 1174 quia
3267 1106 3386 1152 nec
3413 1085 3719 1171 sanctior,

543 1222 664 1268 nec
688 1197 900 1289 gratia
924 1197 1347 1266 cumulatior.
1379 1196 1512 1265 Nec
1540 1197 1737 1266 etiam
1782 1197 2031 1267 beatior
2073 1196 2206 1266 fuit
2251 1197 2323 1266 in
2366 1197 2487 1267 Dei
2538 1198 3105 1290 contemplatione,
3138 1199 3209 1267 in
3236 1223 3371 1292 quo
3397 1201 3727 1293 praecipue

546 1314 883 1384 beatitudo
935 1313 1251 1382 consistit.
1300 1313 1521 1383 Potest
1575 1321 1793 1382 tamen
1838 1314 1967 1382 dici
2020 1314 2091 1381 in
2144 1313 2266 1383 hoc
2315 1314 2565 1383 beatior
2621 1314 2843 1400 fuisse,
2900 1315 3058 1407 quia
3100 1315 3184 1384 ab
3229 1317 3412 1385 omni
3465 1317 3729 1387 miseria

551 1430 889 1501 immunis.
921 1429 1022 1498 Ex
1047 1452 1180 1522 quo
1212 1429 1444 1522 nequit
1471 1428 1703 1497 inferri
1728 1428 2133 1521 simpliciter,
2176 1428 2357 1522 quod
2384 1429 2637 1498 beatior
2661 1430 2811 1500 fuit.
2842 1457 2876 1495 ι)

637 1547 770 1616 Nec
811 1553 1071 1616 tantum
1128 1545 1408 1635 gloriam
1456 1544 1998 1637 impassibilitatis
2064 1553 2130 1614 et
2194 1545 2705 1615 immortalitatis
2749 1546 3027 1631 meruit;
3070 1547 3183 1615 sed
3233 1548 3430 1617 etiam
3486 1548 3728 1618 meruit

310 1695 514 1749 scapnam
552 1663 784 1733 donari
807 1662 932 1731 sibi
959 1684 1200 1730 nomen
1223 1661 1401 1753 quod
1421 1669 1517 1730 est
1561 1684 1759 1754 super
1792 1684 1986 1731 omne
2032 1683 2300 1748 nomen,
2351 1661 2593 1731 scilicet
2629 1662 3224 1750 honorificentiam,
3254 1664 3434 1755 quod
3458 1673 3730 1734 vocatur

310 1763 373 1799 cst
410 1770 420 1798 ι
444 1756 527 1799 Do-

238 1843 257 1856 -.
310 1822 424 1862 navit
460 1819 524 1863 ini

336 1896 491 1926 nnnnn

313 1949 427 2002 quod
459 1954 525 1990 est

284 2063 481 2117 nnnnnn

330 4929 394 4968 An
420 4928 520 4970 Chri
530 4950 544 4960 ·

332 4992 420 5029 stus
457 4990 548 5032 sine

553 1784 749 1849 Deus.
799 1778 941 1847 Hoc
998 1784 1218 1846 tamen
1264 1798 1505 1846 nomen
1562 1785 1715 1846 ante
1771 1764 2047 1846 mortem
2095 1777 2380 1847 habuit.·
2410 1778 2659 1847 Habuit
2709 1775 2888 1848 enim
2938 1778 3061 1848 hoc
3113 1801 3355 1849 nomen
3407 1783 3606 1868 Deus,
3654 1781 3729 1849 in

554 1904 879 1989 quantum
905 1893 1081 1963 Dens
1105 1902 1202 1961 est
1226 1893 1311 1962 ab
1336 1900 1580 1962 aeterno
1608 1915 1724 1984 per
1749 1901 2056 1962 naturam
2089 1920 2109 1981 ;
2143 1893 2216 1962 in
2241 1902 2568 1986 quantum
2595 1916 2754 1964 vero
2779 1895 2978 1965 homo
3003 1897 3212 1965 factus
3236 1904 3357 1984 est,
3388 1897 3622 1966 habuit
3646 1920 3728 1966 ex

553 2149 818 2214 nomen,
851 2149 985 2196 non
1023 2126 1183 2212 Dec,
1229 2126 1389 2217 quia
1412 2125 1584 2195 illud
1627 2149 1869 2195 nomen
1915 2125 2168 2209 habuit,
2212 2149 2365 2195 cum
2404 2128 2476 2195 in
2519 2128 2732 2197 forma
2776 2128 2894 2196 Dei
2941 2135 3199 2198 tantum
3227 2137 3386 2199 erat.
3422 2129 3554 2216 Sed
3577 2153 3728 2200 cum

549 2243 837 2312 dicitur:
896 2246 1170 2333 Propter
1207 2241 1382 2333 quod
1422 2240 1616 2311 illum
1664 2243 2009 2326 exaltavit,
2072 2254 2137 2311 et
2192 2242 2468 2312 donavit
2515 2245 2619 2313 illi
2663 2267 2904 2314 nomen
2948 2245 3121 2337 quod
3168 2258 3264 2315 est
3306 2269 3500 2338 super
3538 2265 3736 2316 omne=

549 2381 811 2443 nomen,
847 2359 1003 2427 satis
1044 2366 1312 2451 apparet
1350 2365 1617 2451 propter
1657 2358 1818 2450 qnid
1865 2358 2274 2445 exaltaverit,
2322 2358 2392 2429 id
2428 2367 2547 2445 est,
2595 2369 2861 2453 propter
2901 2361 3363 2449 obedientiam,
3412 2372 3477 2431 et
3499 2362 3568 2431 in
3598 2386 3732 2455 qua

550 2477 764 2546 forma
787 2476 1111 2545 exaltatus
1149 2475 1254 2544 sit.
1289 2476 1366 2543 In
1393 2499 1526 2568 qua
1551 2475 1727 2544 enim
1755 2475 1969 2544 forma
2006 2475 2365 2545 crucifixus
2390 2484 2510 2563 est,
2541 2476 2613 2544 in
2640 2499 2718 2545 ea
2740 2476 3062 2544 exaltatus
3085 2484 3205 2564 est,
3238 2484 3302 2546 et
3327 2478 3399 2546 in
3432 2500 3508 2546 ea
3531 2478 3734 2549 dona-

551 2599 692 2662 tum
712 2600 807 2661 est
832 2592 893 2661 ei
910 2579 1150 2661 nomen
1177 2615 1194 2657 z
1226 2597 1290 2661 et
1313 2592 1397 2683 (α)
1420 2613 1574 2660 cum
1599 2590 1671 2659 in
1703 2591 1781 2681 (b)
1806 2590 1946 2682 ipsa
1963 2591 2176 2660 forma
2202 2592 2376 2660 servi
2399 2592 2778 2660 nominetur
2799 2592 3182 2682 unigenitus
3206 2592 3418 2662 Filius
3437 2593 3581 2681 Dei,
3610 2595 3734 2664 hoc

552 2708 655 2777 illi
678 2709 995 2778 donatum
1022 2716 1222 2777 estut
1266 2707 1547 2793 homini,
1592 2707 1771 2798 quod
1817 2706 1959 2798 jam
2000 2707 2284 2776 habebat
2321 2707 2496 2776 idem
2540 2699 2679 2799 ipse
2724 2707 2922 2777 Deus.
2969 2708 3108 2776 Hoc
3131 2730 3286 2797 ergo
3310 2732 3430 2801 per
3455 2710 3732 2800 gratiam

553 2824 819 2916 accepit,
851 2831 926 2892 ut
964 2823 1102 2915 ipse
1149 2844 1264 2892 ens
1313 2823 1510 2892 homo
1564 2822 1670 2891 vel
1727 2822 2084 2891 subsistens
2137 2823 2209 2891 in
2263 2823 2477 2893 forma
2527 2824 2725 2910 servi,
2776 2823 2846 2892 id
2901 2832 3018 2911 est,
3072 2823 3143 2893 in
3184 2825 3407 2894 anima
3424 2833 3490 2895 et
3512 2849 3731 2913 carne,
3753 2841 3770 2860 ‘

552 2941 932 3011 nominetur
959 2949 1025 3008 et
1049 2941 1133 3008 sit
1160 2940 1357 3008 Deus.
1391 2940 1517 3011 Sed
1561 2940 1898 3032 numquid
1947 2940 2070 3009 hoc
2110 2948 2269 3009 tunc
2313 2939 2554 3009 meruit
2580 2945 2612 3008 ‘t
2667 2960 2865 3031 supra
2894 2944 2917 2978 ¹
2943 2940 3120 3008 enim
3149 2940 3399 3010 dictum
3428 2950 3547 3028 est,
3579 2942 3737 3034 quia

553 3057 677 3127 hoc
708 3064 964 3127 tantum
992 3057 1244 3126 bonum
1271 3055 1469 3126 homo
1494 3055 1608 3124 ille
1637 3078 1771 3124 non
1799 3055 2062 3124 meruit.
2098 3054 2442 3137 Quomodo
2470 3077 2625 3146 ergo
2653 3054 2761 3123 hic
2787 3054 3030 3124 dicitur
3061 3080 3078 3123 ε
3129 3056 3408 3149 Propter
3433 3056 3739 3126 obedien-

555 3175 711 3244 tiam
741 3175 1058 3245 donatum
1084 3183 1180 3244 est
1205 3173 1268 3243 ei
1294 3173 1417 3243 hoc
1456 3196 1700 3242 nomen
1725 3178 1757 3241 ‘t
1806 3171 2186 3241 Secundum
2242 3179 2508 3265 tropum
2560 3171 2754 3241 illum
2798 3172 2868 3240 in
2899 3172 3240 3263 Scriptura
3266 3173 3737 3242 creberrimum

558 3290 682 3361 hoc
731 3290 1121 3383 capiendum
1173 3299 1294 3379 est,
1351 3312 1486 3381 qno
1540 3289 1781 3359 dicitur
1832 3311 1936 3357 res
1990 3287 2137 3356 fieri
2163 3339 2180 3374 ,
2242 3287 2508 3380 quando
2562 3288 2930 3357 innotescit.
2990 3288 3145 3357 Post
3197 3288 3737 3358 resurrectionem

557 3429 739 3494 vern,
796 3407 976 3500 quod
1026 3415 1177 3476 ante
1228 3415 1391 3494 erat,
1446 3408 1519 3475 in
1569 3405 1859 3474 evidenti
1932 3404 2219 3496 positum
2289 3411 2409 3491 est,
2487 3413 2563 3472 ut
2626 3405 2865 3473 scirent
2919 3404 3219 3472 homines
3274 3411 3338 3473 et
3383 3404 3732 3473 daemoneS.

556 3523 1146 3593 manifestationem
1172 3546 1329 3613 ergo
1357 3522 1540 3591 illius
1592 3520 1879 3591 nominis
1924 3518 2200 3590 donavit
2253 3520 2315 3588 ei
2368 3519 2543 3589 Deus
2591 3528 2737 3612 post
2788 3520 3363 3606 resurrectionem3
3416 3519 3529 3588 sed
3555 3519 3742 3588 illam

560 3640 805 3709 meruit
855 3662 972 3732 per
1022 3639 1459 3709 obedientiam
1511 3638 1829 3730 passionis
1851 3690 1870 3724 ‚
1952 3636 2071 3728 qui
2139 3658 2216 3705 eo
2287 3635 2466 3727 quod
2528 3634 2818 3705 obedivit
2868 3634 3173 3727 patiendo
3196 3688 3215 3719 ,
3273 3635 3593 3705 exaltatus
3647 3644 3745 3703 est

563 3756 987 3846 resurgendo,
1019 3764 1084 3824 et
1125 3778 1242 3847 per
1295 3756 1418 3824 hoc
1471 3755 1962 3825 manifestatum
2020 3760 2120 3821 est
2168 3773 2432 3820 nomen.
2492 3751 2632 3820 Hoc
2689 3751 2917 3822 eodem
2971 3761 3158 3843 tropo
3212 3774 3372 3820 usus
3424 3760 3521 3819 est
3546 3752 3742 3820 etiam

565 3872 886 3942 Dominus
935 3881 1080 3964 post
1130 3871 1672 3941 resurrectionem
1723 3870 1949 3938 dicens
1976 3875 1998 3910 ⁸
2029 3892 2047 3936 z
2078 3870 2263 3936 Data
2311 3880 2408 3936 est
2458 3866 2632 3936 mihi
2673 3867 2888 3936 omnis
2923 3879 3222 3961 potestas
3266 3867 3341 3934 in
3390 3868 3548 3935 coelo
3580 3866 3745 3935 etin

566 4002 742 4059 terra
773 4015 797 4057 .-
851 4010 987 4058 non
1043 3989 1221 4080 quod
1276 3996 1433 4057 tunc
1484 3987 1700 4080 primo
1753 3984 2122 4076 acceperit;
2179 3984 2290 4052 sed
2347 4006 2546 4075 quam
2592 3993 2743 4052 ante
2792 3982 3096 4070 habebat,
3156 3991 3313 4052 tunc
3339 3983 3748 4052 manifestata

564 4114 663 4175 est
689 4112 989 4198 potestas.
1019 4104 1344 4174 Caeterum
1392 4099 1823 4172 Ambrosius⁸
1869 4100 2027 4169 dicit
2084 4122 2326 4169 nomen
2368 4080 2540 4168 illud
2582 4100 2899 4168 donatum
2949 4122 3084 4168 esse
3111 4098 3270 4186 Deo,
3302 4121 3437 4168 non
3464 4098 3742 4184 homini,

566 4230 632 4291 et
673 4222 932 4291 videtur
972 4219 1334 4290 secundum
1379 4218 1734 4289 verborum
1775 4216 2192 4309 superficiem
2248 4215 2584 4308 oppositus
2637 4215 3054 4304 Augustinus
3084 4240 3104 4303 3
3146 4214 3258 4284 sed
3311 4214 3749 4305 intelligentia

565 4360 703 4409 non
728 4338 974 4425 obviat,
1012 4337 1163 4406 licet
1202 4336 1538 4405 diversum
1591 4334 1819 4425 sapiat.
1877 4333 2053 4402 Nam
2108 4332 2498 4401 Ambrosius
2555 4331 2636 4401 de
2688 4331 2976 4401 naturali
3018 4331 3370 4401 donatione
3402 4330 3469 4399 id
3499 4330 3748 4401 dictum

564 4453 899 4544 intelligit,
928 4476 1058 4546 qua
1096 4450 1485 4523 aeternaliter
1537 4450 1735 4519 Pater
1786 4448 2160 4539 generando
2207 4447 2382 4517 dedit
2433 4447 2605 4517 Filio
2658 4470 2899 4517 nomen
2950 4448 3128 4539 quod
3183 4455 3278 4517 est
3330 4470 3527 4538 super
3553 4469 3748 4517 omne

565 4591 833 4657 nomen,
866 4568 1107 4638 scilicet
1133 4592 1267 4638 esse
1295 4568 1505 4638 Deum
1541 4590 1658 4659 per
1683 4574 2019 4655 naturam,
2058 4564 2219 4657 quia
2262 4564 2495 4654 genuit
2536 4564 2619 4633 ab
2668 4572 2910 4635 aeterno
2952 4563 3201 4634 Filium
3230 4564 3504 4655 plenum
3531 4572 3596 4632 et
3619 4563 3749 4631 sibi

567 4686 891 4780 aequalem
919 4685 1131 4753 Deum
1164 4711 1182 4767 3
1213 4683 1391 4776 quod
1420 4691 1638 4752 tamen
1680 4705 1922 4751 nomen
1968 4681 2323 4773 Apostolus
2377 4689 2640 4772 propter
2686 4679 3001 4772 passionis
3027 4679 3463 4749 obedientiam
3491 4678 3750 4749 Christo

568 4803 887 4872 donatum
913 4801 1092 4871 dicit.
1125 4800 1255 4870 Sed
1281 4800 1612 4891 praemisso
1635 4798 1982 4868 locutionis
2018 4797 2219 4868 modo
2249 4797 2700 4889 accipiendum
2726 4805 2845 4865 est.

665 4917 737 4988 Si
780 4939 938 4988 vero
978 4917 1302 5010 quaeritur
1349 4925 1576 4985 utrum
1621 4916 1920 4985 Christus
1958 4915 2144 4985 illam
2192 4914 2702 4984 immortalitatis
2745 4922 2811 4982 et
2852 4913 3393 5007 impassibilitatis
3438 4913 3746 5004 gloriam,

331 5049 445 5091 omni
465 5062 553 5093 me-
577 5042 644 5103 et
666 5034 953 5106 nominis
985 5034 1106 5103 Dei
1149 5033 1763 5119 manifestationem,
1807 5032 1948 5100 sine
1986 5032 2173 5102 omni
2221 5030 2454 5099 merito
2494 5029 2732 5100 habere
2774 5030 3061 5121 potuerit
3092 5057 3110 5116 ;
3161 5052 3315 5100 sane
3355 5029 3486 5098 dici
3511 5036 3742 5121 potest,

353 5111 436 5153 rito
455 5111 533 5154 illa

362 5173 519 5215 habere
577 5152 736 5244 quia
758 5151 1119 5220 humanam
1143 5161 1448 5219 naturam
1493 5149 1586 5217 ita
1623 5147 1976 5239 gloriosam
2019 5146 2345 5239 suscipere
2391 5146 2627 5239 potuit,
2671 5147 2838 5216 sicut
2882 5147 2949 5216 in
2992 5144 3467 5217 resurrectione
3506 5144 3770 5232 extitit„

336 5234 533 5289 potuerit.

637 5323 652 5357 ¹
684 5326 833 5388 Aug,
853 5326 1012 5374 contr.
1035 5323 1322 5384 Maximin„
1350 5320 1437 5371 lib.
1470 5321 1509 5370 ΙΙ
1536 5321 1633 5381 (al.
1659 5320 1728 5383 Ι),
1760 5335 1802 5370 c.
1836 5332 1892 5381 V,
1920 5325 1971 5372 et
1991 5319 2076 5372 lib.
2108 5322 2168 5371 111
2199 5320 2300 5383 (al.
2330 5321 2426 5381 n),
2447 5333 2493 5368 c.
2521 5331 2579 5368 11.
2615 5317 2731 5368 vid.
2768 5319 2931 5371 Gloss.
2972 5318 3136 5369 ordin.
3170 5319 3234 5368 ad
3261 5318 3383 5369 illud
3411 5333 3422 5366 τ
3457 5319 3524 5367 Et
3549 5316 3752 5367 donavit

574 5392 659 5443 illi
679 5407 951 5445 nomen.-
973 5396 995 5427 ⁸
1014 5394 1139 5444 Dist.
1168 5391 1358 5442 v1.—⁸
1378 5391 1583 5451 naith„
1612 5402 1800 5449 xxvm,
1834 5395 1905 5442 ¹8.
1932 5418 1985 5430 --
2012 5391 2154 5443 ‘Sub
2188 5390 2397 5441 nomine
2423 5388 2703 5454 Ambrosii,
2735 5395 2911 5443 auctor
2937 5404 3124 5441 comm.
3155 5389 3210 5440 in
3240 5389 3406 5453 Epist.
3442 5389 3514 5438 ad
3535 5386 3748 5452 Philip..

576 5473 632 5526 11,
659 5467 708 5527 8,
730 5468 779 5516 9.
802 5491 863 5502 —
882 5466 949 5529 (α)
973 5464 1054 5513 ΔΙ.
1076 5468 1147 5513 ιιι.
1180 5488 1238 5497 -
1262 5460 1328 5524 (ὁ)
1347 5460 1479 5510 deese
1506 5461 1580 5512 in.
3703 5488 3712 5493 ·
