4185 6288
792 437 911 502 w·
1909 401 2533 506 summittitur
2573 437 2723 504 Lm.
2769 436 2876 503 111.

791 594 1037 655 omnes,
1089 571 1384 641 maxime
1424 585 1648 640 autem
1678 573 1770 640 ad
1810 572 2198 643 domesticos
2241 574 2430 664 fidei,
2464 575 2532 642 id
2562 584 2683 659 est,
2713 575 2793 641 ad
2823 572 3209 642 christianos
3240 596 3256 640 ε
3289 573 3596 643 omnibus
3623 576 3808 645 enim
3845 579 3975 669 pari

790 689 1137 758 dilectione
1165 690 1299 760 vita
1321 697 1572 758 aeterna
1595 689 1882 781 optanda
1909 698 2028 776 est,
2061 690 2182 759 etsi
2222 712 2357 758 non
2386 689 2695 759 omnibus
2719 687 2945 758 eadem
2975 697 3248 780 possunt
3272 688 3569 758 exhiberi
3611 692 3977 763 dilectionis

788 804 1036 892 officia3
1087 827 1234 897 quae
1262 806 1577 874 fratribus
1604 806 1886 884 maxime
1915 805 2522 888 sunt'exhibenda,
2571 806 2729 898 quia
2774 815 2930 872 sunt
2975 805 3102 871 sibi
3143 804 3424 884 invicem
3473 808 3813 896 membra,
3865 813 3975 902 qui

790 921 1034 990 habent
1058 922 1363 990 eumdem
1394 931 1672 1014 patrem,
1705 922 1949 990 scilicet
1976 923 2213 991 Deum.
2246 948 2281 987 n
2315 923 2432 990 His
2459 921 2738 1014 aliisque
2759 921 3151 988 testimoniis
3169 920 3573 1008 innituntur,
3604 926 3725 1015 qui
3754 926 3976 994 dicunt

788 1060 1015 1106 omnes
1056 1037 1354 1107 homines
1401 1038 1646 1130 pariter
1688 1037 2058 1128 diligendos
2102 1060 2238 1107 esse
2294 1037 2627 1107 charitatis
2686 1039 2959 1123 affectu,
3017 1037 3130 1105 sed
3186 1036 3257 1105 in
3302 1038 3517 1128 operis
3578 1038 3977 1111 exhibitione

789 1153 1166 1222 differenter
1199 1153 1312 1244 (a).

570 1273 762 1395 03:1³⁸
878 1269 1133 1350 Quibus
1155 1270 1377 1339 obviat
1402 1269 1568 1340 illud
1599 1281 1996 1363 praeceptum
2020 1271 2186 1361 legis
2211 1271 2291 1339 de
2318 1270 2668 1359 diligendis
2696 1270 3165 1363 parentibus.
3107 1271 3172 1310 ¹·
3156 1273 3473 1339 ·Honora
3488 1285 3767 1365 patrem
3798 1287 3977 1342 tuum

543 1416 676 1459 sum
751 1399 857 1454 et
883 1397 1194 1471 matrem,
1225 1397 1299 1456 ut
1326 1387 1415 1455 sis
1438 1387 1768 1478 lonqoevus
1794 1409 1987 1481 super
2013 1399 2287 1456 terram.
2335 1387 2422 1455 Ut
2466 1387 2626 1479 quid
2674 1387 2851 1454 enim
2888 1386 3255 1478 specialiter
3299 1387 3470 1455 illud
3516 1391 3980 1482 praeciperetur

557 1468 756 1513 mm
793 1501 873 1571 de
901 1503 1306 1595 parentibuS,
1336 1503 1462 1571 nisi
1499 1503 1733 1596 majori
1759 1503 2104 1573 dilectione
2149 1504 2364 1572 forent
2402 1502 2767 1592 diligendi?
2809 1501 2934 1570 Sed
2977 1502 3102 1570 hoc
3146 1502 3250 1571 illi
3296 1502 3714 1574 referendum
3756 1506 3980 1575 dicunt

790 1620 873 1688 ad
901 1619 1287 1689 exteriorem
1319 1619 1814 1704 exhibitionem,
1847 1620 1915 1687 in
1945 1644 2078 1711 qua
2106 1619 2525 1711 praeponendi
2554 1629 2731 1687 sunt.
2766 1618 2955 1687 Unde
2984 1622 3258 1687 Honora
3280 1671 3298 1705 ,
3331 1619 3537 1706 dixit,
3567 1643 3704 1690 non
3734 1623 3974 1714 Diliqe.

785 1734 1024 1804 Obviat
1068 1735 1262 1804 etiam
1309 1733 1512 1821 illud,
1562 1736 1739 1827 quod
1786 1734 2236 1826 Hieronymus
2282 1758 2474 1827 super
2510 1734 2924 1803 Ezechielem
2970 1735 3063 1803 ait
3096 1745 3119 1777 ³
3170 1758 3187 1802 z
3246 1760 3279 1799 «
3316 1734 3577 1803 Scilicet
3622 1745 3699 1805 ut
3753 1739 3977 1807 ordine

780 1849 1114 1920 charitatis
1145 1904 1162 1936 ,
1215 1851 1385 1920 sicut
1435 1850 1753 1942 scriptum
1805 1860 1949 1920 est:
2017 1851 2375 1919 ordinavit
2421 1853 2493 1919 in
2540 1874 2647 1918 me
2696 1850 3131 1933 charitatem,
3194 1861 3339 1941 post
3380 1853 3685 1921 omnium
3730 1863 3974 1945 patrem

779 1968 1017 2055 Deum,
1048 1968 1263 2036 carnis
1291 1989 1557 2058 quoque
1584 1976 1765 2058 pater
1795 1966 2139 2056 diligatur,
2172 1976 2237 2035 et
2264 1974 2495 2052 mater,
2526 1977 2591 2035 et
2617 1967 2800 2035 filius
2820 2021 2837 2054 ,
2869 1975 2932 2035 et
2960 1967 3102 2035 filia
3128 2018 3146 2051 ,
3198 1976 3261 2035 et
3304 1967 3541 2054 frater,
3585 1977 3652 2036 et
3688 1992 3896 2038 soror.
3933 1999 3965 2037 ι

775 2085 1164 2155 Ambrosius
1209 2105 1475 2177 quoque
1530 2083 1851 2172 diligendi
1895 2083 2268 2174 exprimens
2324 2084 2656 2170 ordinem,
2709 2106 2909 2175 super
2967 2084 3135 2152 illud
3203 2084 3638 2152 Canticorum
3692 2086 3972 2177 capitulo

773 2202 1084 2288 secundo,
1131 2202 1199 2269 id
1228 2209 1324 2270 est
1359 2229 1374 2270 :
1423 2199 1777 2268 Ordinavit
1827 2200 1897 2266 in
1942 2222 2049 2266 me
2091 2199 2523 2280 charitatem,
2584 2200 2677 2267 ait
2705 2198 2723 2232 ⁸
2758 2223 2774 2266 t
2811 2226 2845 2264 c<
2877 2199 3241 2267 Multorum
3285 2199 3568 2268 charitas
3606 2200 3970 2270 inordinata

773 2327 905 2387 est:
958 2316 1134 2409 quod
1184 2317 1255 2385 in
1296 2317 1513 2408 primo
1557 2323 1677 2400 est,
1731 2323 1988 2407 ponunt
2028 2315 2300 2383 tertium
2346 2315 2453 2383 vel
2503 2323 2844 2405 quartum.
2910 2314 3136 2383 Primo
3190 2314 3367 2382 Deus
3423 2315 3808 2403 diligendus
3856 2327 3964 2402 est,

773 2434 1059 2504 secundo
1087 2441 1410 2525 parentes,
1443 2432 1592 2500 inde
1619 2431 1768 2518 filii,
1802 2439 1946 2524 post
1973 2430 2347 2518 domestici,
2400 2431 2516 2522 qui
2557 2431 2609 2498 si
2658 2431 2818 2498 boni
2862 2438 3056 2514 sunt,
3104 2429 3296 2498 malis
3335 2429 3495 2499 filiis
3537 2434 3963 2524 praeponendi

772 2561 947 2621 sunt.
982 2550 1358 2619 Secundum
1387 2549 1510 2617 hoc
1541 2550 1608 2617 in
1646 2548 2004 2637 Evangelio
2031 2548 2114 2616 ad
2140 2547 2461 2639 cujusque
2490 2547 2906 2618 dilectionem
2948 2546 3290 2638 proprium
3336 2546 3527 2637 ponit
3575 2562 3600 2597 ⁸
3649 2571 3665 2615 ε
3726 2550 3967 2640 Diliqes

772 2667 1133 2737 Dominum
1159 2669 1369 2734 Deum
1400 2679 1586 2734 tuum
1617 2687 1697 2734 esc
1728 2677 1862 2733 toto
1892 2663 2085 2733 corde
2117 2676 2253 2751 tuo,
2285 2677 2350 2733 et
2379 2688 2459 2732 ex
2484 2664 2787 2733 omnibus
2814 2663 3061 2732 viribus
3094 2663 3245 2745 tuis,
3283 2676 3347 2731 et
3360 2664 3761 2756 proximum
3792 2679 3963 2734 tuum

770 2783 941 2852 sicut
969 2783 1270 2875 teipsum,
1323 2790 1386 2848 et
1436 2781 1741 2850 inimicos
1788 2804 1921 2849 non
1979 2804 2060 2849 ex
2117 2789 2252 2849 tota
2307 2780 2573 2870 virtute,
2635 2803 2755 2849 nec
2805 2781 2973 2848 sicut
3026 2780 3332 2871 teipsum,
3391 2780 3504 2849 sed
3557 2781 3959 2874 simpliciter.

770 2899 1031 2969 Sufficit
1056 2900 1233 2968 enim
1263 2898 1441 2990 quod
1492 2920 1601 2966 eos
1644 2898 2024 2987 diligimus,
2075 2906 2139 2966 et
2176 2920 2311 2966 non
2352 2897 2503 2966 odio
2547 2897 2890 2965 habemus,
2939 2923 2973 2961 π
3018 2896 3179 2964 Ecce
3224 2918 3307 2963 ex
3349 2897 3714 2987 praemissis
3758 2907 3963 2992 aperte

767 3015 1146 3085 insinuatur
1191 3037 1337 3108 quae
1381 3015 1452 3083 in
1487 3014 1723 3084 affectu
1766 3014 2100 3083 charitatis
2140 3014 2474 3082 distinctio
2521 3014 2606 3081 sit
2655 3012 2986 3099 habenda,
3037 3020 3113 3081 ut
3157 3013 3491 3082 differenti
3532 3014 3808 3100 affectu,
3840 3038 3963 3085 non

766 3131 910 3223 pari
936 3129 1234 3201 homines
1262 3130 1639 3219 diligamuS,
1672 3139 1736 3200 et
1763 3139 1914 3200 ante
1941 3129 2167 3200 omnia
2194 3129 2433 3217 Deum,
2468 3129 2755 3200 secundo
2800 3119 3161 3222 nosipsos,
3210 3129 3403 3199 tertio
3449 3139 3780 3222 parentes,
3815 3133 3961 3202 inde

764 3247 937 3316 filios
963 3255 1026 3316 et
1055 3247 1308 3334 fratreS,
1339 3256 1484 3339 post
1509 3247 1915 3333 domesticos,
1948 3247 2217 3315 demum
2259 3246 2565 3314 inimicos
2590 3244 2969 3336 diligamus
3012 3245 3142 3314 Sed
3189 3247 3509 3339 inquiunt
3553 3247 3680 3337 illi,
3714 3272 3863 3343 quae
3887 3250 3965 3318 de

766 3364 996 3433 ordine
1020 3363 1387 3457 dilectionis
1413 3386 1612 3455 supra
1639 3362 1974 3448 dicuntur,
2006 3384 2141 3431 esse
2170 3361 2510 3431 referenda
2535 3361 2617 3430 ad
2653 3384 2929 3453 operum
2957 3362 3456 3450 exhibitionem,
3484 3386 3636 3456 quae
3662 3365 3966 3434 differen-

766 3489 866 3550 ter
889 3478 1207 3572 proximis
1243 3478 1611 3548 exhibenda
1637 3488 1793 3548 sunt
1826 3502 1841 3546 ε
1876 3478 2090 3570 primo
2118 3478 2526 3569 parentibus,
2560 3477 2715 3546 inde
2743 3478 2927 3563 filiis,
2959 3488 3104 3570 post
3126 3474 3518 3565 domesticis,
3543 3482 3815 3550 demum
3840 3483 3967 3549 ini-

768 3595 992 3681 micis3
1043 3595 1257 3665 Deum
1303 3617 1460 3664 vero
1509 3604 1642 3663 tam
1690 3594 1952 3681 affectu,
2001 3617 2202 3686 quam
2250 3593 2550 3685 obsequii
2604 3593 3008 3663 exhibitione
3052 3604 3204 3663 ante
3248 3596 3472 3664 omnia
3521 3596 3961 3686 diligendum.

854 3712 1155 3793 Quorum
1181 3711 1377 3779 etiam
1404 3711 1714 3779 nonnulli
1744 3709 2018 3778 tradunt
2057 3710 2295 3777 affectu
2335 3709 2671 3778 charitatis
2706 3717 2967 3778 tantum
3015 3709 3348 3802 proximos
3386 3733 3522 3779 esse
3568 3711 3967 3803 diligendoS,

605 3891 690 3932 uod
766 3836 1091 3921 quantum
1121 3850 1242 3896 nos
1281 3829 1455 3919 ipsos
1480 3826 1846 3916 diligimus
1877 3825 2067 3907 Quod
2098 3825 2497 3895 confirmant
2526 3826 2910 3895 auctoritate
2938 3826 3335 3916 Augustini,
3384 3828 3504 3919 qui
3538 3828 3635 3896 ait
3657 3826 3680 3861 ⁸
3712 3855 3729 3897 :
3768 3857 3805 3895 ε
3831 3829 3972 3898 Nec

575 3952 707 4006 nlimq
766 3944 924 4012 illa
901 3968 1040 4037 jam
1070 3943 1343 4034 quaestio
1374 3950 1657 4027 moveat,
1685 3951 2011 4033 quantum
2036 3941 2371 4011 charitatis
2398 3943 2587 4011 fratri
2616 3943 2968 4011 debeamus
2994 3942 3407 4034 impendere,
3440 3953 3769 4036 quantum
3797 3947 3967 4016 Deo.

525 4028 1373 4153 {1212-1n0‹›mparabiliter
1398 4059 1549 4151 plus
1575 4059 1709 4126 Deo
1737 4082 1938 4149 quam
1980 4059 2215 4145 nobiS,
2261 4060 2449 4128 fratri
2488 4082 2645 4127 vero
2695 4066 3022 4152 quantum
3071 4059 3281 4128 nobis.
3330 4059 3465 4129 Nos
3509 4068 3734 4130 autem
3781 4072 3972 4132 tanto

523 4154 736 4246 Ἓηὶςο
768 4178 977 4267 magis
1015 4175 1400 4266 diligimuS,
1450 4180 1698 4267 quanto
1736 4174 1945 4263 magis
1983 4175 2325 4264 diligimus
2363 4175 2686 4246 Deum.»
2732 4176 2834 4245 Ex
2874 4176 2995 4246 hoc
3049 4184 3116 4245 et
3175 4176 3528 4268 praemissis
3572 4179 3976 4249 testimoniis

520 4270 713 4373 ‘'minii‘-
665 4278 733 4307 η’
767 4293 1122 4385 Augustini
1151 4300 1449 4361 asserunt
1474 4313 1700 4360 omnes
1727 4291 2025 4360 homines
2053 4292 2297 4384 pariter
2325 4316 2461 4361 esse
2489 4291 2857 4381 diligendos
2881 4316 2922 4361 a
2949 4292 3160 4377 nobb,
3211 4301 3276 4361 et
3321 4301 3581 4362 tantum
3629 4308 3973 4386 quantum

521 4397 693 4513 ὺῖξξω
662 4398 730 4439 ‘¹¹'
765 4433 907 4499 nos,
938 4410 1151 4480 Deum
1177 4419 1399 4479 autem
1427 4410 1778 4502 plusquam
1807 4431 1952 4495 noS‚
1983 4430 2220 4500 corpus
2246 4431 2404 4479 vero
2455 4418 2753 4478 nostrum
2792 4411 3015 4479 minus
3050 4434 3254 4502 quam
3298 4434 3418 4481 nos
3445 4411 3551 4480 vel
3596 4413 3972 4504 proximos.

544 4522 726 4564 “⁸⁶⁰¹¹²·
760 4528 891 4597 Nec
952 4527 1026 4597 in
1097 4529 1589 4597 enumeratione
1649 4527 1984 4619 praemissa
2029 4535 2317 4618 quatuor
2363 4525 2857 4616 diligendorum
2917 4528 3218 4597 ordinem
3267 4527 3589 4619 diligendi
3640 4528 3983 4620 assignari

756 4644 1010 4733 dicunt,
1043 4646 1155 4714 sed
1184 4651 1444 4715 tantum
1472 4666 1618 4737 queo
1643 4651 1800 4713 sunt
1826 4643 2188 4732 diligenda.

551 4798 705 4844 secun.
846 4760 1287 4854 Verum-quia
1313 4760 1647 4853 praemissa
1671 4760 1874 4831 verba
1917 4759 2251 4828 Ambrosii
2279 4760 2581 4828 ordinem
2622 4759 2941 4849 diligendi
2979 4760 3345 4829 secundum
3386 4761 3700 4830 affectum
3748 4765 3987 4854 magis

516 4862 731 4967 ,ιξῗξηυ
761 4904 962 4971 quam
1018 4877 1383 4947 secundum
1424 4876 1729 4946 effectum
1773 4873 2125 4965 diligenter
2165 4876 2578 4945 intuentibus
2623 4876 2945 4967 explicare
2972 4876 3310 4962 videntur,
3355 4900 3490 4946 non
3526 4878 3795 4947 indocte
3853 4880 3985 4949 alii

511 5000 577 5091 ,ξ
564 4988 628 5091 ⁸2¹⁴
641 4987 728 5091 ns(
760 4997 988 5064 dicunt
1040 5018 1175 5063 non
1230 4993 1424 5061 modo
1479 4993 1549 5060 in
1603 4991 2005 5061 exhibitione
2056 4992 2306 5084 operiS,
2378 4992 2491 5060 sed
2556 4993 2755 5061 etiam
2826 4992 2895 5060 in
2961 4992 3196 5061 affectu
3260 4992 3593 5062 charitatis
3653 4995 3986 5066 ordinem

512 5122 610 5228 ”g
614 5112 722 5215 ¹2¹¹·
755 5112 1163 5180 differentem
1220 5133 1354 5178 esse
1407 5120 1772 5194 statutum,
1849 5115 1923 5177 ut
1976 5117 2127 5178 ante
2181 5108 2404 5178 omnia
2457 5108 2813 5198 diligamus
2865 5108 3125 5195 Deum,
3178 5110 3467 5178 secundo
3534 5131 3701 5197 nos,
3762 5114 3989 5184 tertio

510 5246 556 5276 Su
562 5240 623 5278 ut.

822 5298 1034 5362 meod,
1053 5309 1141 5357 xx,
1169 5298 1428 5361 Νηλώ,
1459 5308 1507 5359 v,
1543 5300 1629 5359 16;
1660 5298 2115 5358 Mott.,xv,4.-¹
2138 5299 2298 5361 Hier„
2333 5298 2561 5350 Comma
2545 5300 2597 5347 r‘n
2620 5296 2818 5357 Ezech„
2850 5308 2989 5360 κων,
3019 5299 3177 5346 2⁴.-
3193 5296 3216 5332 ⁸
3237 5296 3535 5355 Ambr.‚vel
3560 5298 3989 5365 Ambrosioeter,

751 5372 804 5422 in
824 5370 990 5422 Gloss.
1022 5367 1190 5418 ordin.
1221 5367 1274 5416 in
1320 5381 1432 5431 cap.
1461 5379 1503 5418 11
1536 5367 1713 5430 Caum
1758 5368 1917 5433 orig„
1945 5369 2086 5420 hom.
2119 5381 2185 5431 ιι,
2216 5368 2341 5419 ibid.
2370 5395 2433 5408 -
2455 5368 2477 5402 ⁸
2512 5370 2717 5432 March„
2745 5380 2873 5431 xm,
2898 5371 2978 5418 39.
2997 5367 3097 5405 -ῑ
3122 5368 3275 5431 Aug„
3299 5367 3362 5416 de
3391 5367 3595 5431 Triuia,
3615 5370 3707 5420 lib.
3740 5373 3901 5437 Vnt,
3932 5389 3984 5425 e.

751 5453 864 5505 vm,
882 5453 939 5490 n.
967 5440 1044 5488 ¹2.
1069 5462 1133 5475 —
1156 5439 1218 5499 (o)
1251 5437 1335 5487 ΔΙ.
1362 5437 1719 5489 differentiam.
