4185 6288
1248 510 1440 578 DIST.
1485 510 1649 577 vm.
1696 508 1877 577 ΛΒΤ.
1922 510 1973 575 1.
2014 509 2319 589 QUAEST.
2362 510 2442 575 11.

370 657 426 717 ³.
451 649 608 716 Item
647 652 830 714 actus
854 652 920 713 et
962 647 1247 732 operatio
1291 666 1422 713 non
1449 647 1835 713 terminatur

300 759 411 823 nisi
436 757 516 822 ad
538 757 661 821 hoc
698 756 940 840 aliquid
969 778 984 820 ε
1017 774 1176 837 ergo
1204 756 1257 818 si
1285 755 1407 819 hoc
1429 755 1670 838 aliquid
1700 773 1834 819 non

297 865 431 929 dicit
455 868 781 943 naturam,
814 862 923 927 sed
957 863 1170 945 potius
1200 862 1621 945 hypostasim,
1652 862 1832 927 vide-

302 972 580 1056 turquod
607 971 901 1035 humana
926 973 1158 1035 natura
1182 970 1251 1033 in
1288 969 1535 1034 Christo
1560 988 1690 1035 non
1716 968 1832 1035 de-

298 1081 428 1145 beat
451 1081 580 1145 dici
602 1083 777 1158 nata,
798 1096 918 1142 nec
948 1081 1272 1160 concepta.

364 1191 426 1251 4.
471 1186 631 1251 Item
669 1186 961 1251 humana
1003 1188 1235 1249 natura
1260 1183 1412 1248 dicit
1449 1183 1643 1249 simul
1693 1203 1822 1249 car·

298 1312 436 1359 nem
461 1299 527 1358 et
549 1294 840 1357 animam
873 1312 891 1356 ε
923 1292 1032 1358 sed
1058 1293 1225 1358 sicut
1252 1310 1399 1357 caro
1434 1295 1530 1356 est
1554 1309 1668 1373 per
1688 1309 1833 1375 pro-

293 1392 698 1485 pagationem
717 1448 735 1478 ,
762 1399 852 1465 ita
899 1404 962 1465 et
988 1400 1203 1463 anima
1240 1417 1355 1483 per
1403 1399 1830 1465 creationem:

295 1527 441 1591 ergo
466 1510 635 1575 sicut
658 1508 799 1573 haec
819 1527 951 1573 non
982 1509 1318 1591 recipitur,
1351 1506 1523 1591 quod
1547 1507 1837 1573 humana

295 1621 517 1681 natura
538 1616 612 1679 in
641 1615 888 1681 Christo
918 1621 1106 1680 exeat
1130 1616 1200 1679 in
1241 1635 1376 1681 oese
1406 1635 1521 1699 per
1568 1616 1835 1681 creatio-

297 1742 461 1801 nem,
493 1725 585 1787 ita
613 1741 744 1787 non
770 1722 957 1787 debet
977 1723 1259 1803 concedi,
1296 1724 1468 1806 quod
1495 1728 1679 1789 exeat
1722 1741 1837 1808 per

296 1830 773 1914 generationem
804 1851 820 1893 ε
851 1847 1012 1912 ergo
1061 1848 1194 1895 non
1239 1831 1494 1896 videtur
1538 1832 1680 1896 haec
1728 1831 1835 1895 ad-

296 1939 597 2003 mittenda
626 1960 642 2002 :
688 1962 718 1999 α
740 1935 1041 2002 Humana
1066 1942 1297 2003 natura
1312 1943 1409 2004 est
1433 1944 1605 2004 nata.
1641 1964 1670 1997 »

836 2124 1289 2191 CONCLUSIO.

296 2273 601 2329 Humanam
627 2273 887 2326 naturam
908 2284 1014 2326 esse
1052 2275 1241 2325 natam
1267 2268 1332 2327 de
1371 2271 1601 2342 Vimine
1627 2271 1833 2329 affinit-

368 2364 543 2426 timus,
574 2366 688 2417 nam
713 2363 931 2417 ratione
948 2363 1135 2432 partis
1172 2363 1552 2428 comtimtivoe,
1599 2366 1712 2420 ttcm
1737 2378 1835 2419 ra-

370 2453 508 2506 tione
522 2451 708 2523 partis
727 2449 1057 2522 mbjectivoe.

373 2579 554 2662 Raep.
584 2579 667 2643 ad
694 2597 835 2661 arg.
872 2577 971 2642 Ad
998 2577 1451 2661 praedictorum
1478 2578 1839 2662 intelligen-

293 2688 445 2752 tiam
480 2689 574 2751 est
620 2685 976 2750 notandum
994 2733 1013 2765 ,
1056 2686 1229 2768 quod
1279 2685 1569 2750 humana
1611 2690 1841 2752 natura

297 2795 627 2878 dupliciter
653 2798 860 2878 potest
910 2791 1109 2876 accipi
1141 2811 1162 2857 ε
1203 2812 1339 2858 uno
1379 2794 1569 2859 modo
1595 2796 1840 2860 ratione

294 2903 571 2986 partium
615 2900 1175 2978 constituentium;
1205 2900 1331 2964 alio
1378 2901 1568 2965 modo
1593 2901 1839 2967 ratione

293 3010 513 3075 formae
540 3008 904 3074 communis
940 3006 1385 3090 consequentis
1425 3012 1629 3072 totum
1662 3027 1838 3074 com-

295 3117 572 3200 positum
607 3135 625 3180 :
657 3119 721 3180 et
762 3117 1035 3198 utroque
1079 3113 1270 3179 modo
1320 3117 1417 3179 est
1461 3132 1693 3180 verum
1742 3116 1841 3181 di-

296 3245 454 3301 cere,
487 3224 660 3308 quod
694 3224 989 3287 'humana
1039 3227 1274 3287 natura
1313 3225 1410 3287 est
1449 3230 1777 3305 assumpta
1802 3244 1843 3290 a

296 3331 519 3398 Verb0.
550 3332 795 3399 Verum
807 3338 902 3395 est
930 3332 1109 3397 enim
1135 3331 1309 3415 quod
1334 3332 1679 3413 assumpsit
1708 3351 1842 3396 car·

294 3459 438 3506 nem
456 3446 519 3506 et
546 3441 833 3506 animam
866 3462 882 3504 ε
930 3458 1159 3504 verum
1188 3443 1284 3504 est
1307 3440 1501 3505 etiam
1544 3439 1717 3522 quod
1744 3459 1842 3504 as-

294 3551 564 3634 sumpsit
584 3550 863 3614 sormam
890 3554 1385 3632 consequentem
1434 3548 1844 3632 compositio-

295 3676 461 3739 nem,
495 3657 791 3722 videlicet
815 3656 1301 3721 humanitatem.
1322 3655 1603 3738 Utroque
1651 3655 1843 3720 etiam

299 3767 749 3849 praedictorum
779 3764 1120 3829 modorum
1138 3764 1451 3846 contingit
1478 3764 1687 3827 dicere
1718 3764 1845 3828 hu-

299 3890 554 3937 manam
582 3875 885 3936 naturam
901 3871 977 3936 de
998 3871 1263 3954 Virgine
1282 3891 1299 3935 z
1316 3889 1464 3935 nam
1483 3873 1537 3934 si
1559 3872 1848 3937 humana

299 3987 528 4046 natura
573 3980 822 4045 dicatur
863 3980 1285 4062 compositum
1314 4027 1331 4059 ,
1364 3980 1487 4043 hoc
1516 3979 1705 4044 modo
1730 3999 1845 4064 po-

301 4090 415 4151 taet
436 4085 703 4152 concedi
742 4085 915 4168 quod
945 4086 1026 4149 sit
1067 4090 1218 4150 nata
1245 4086 1323 4150 de
1367 4085 1671 4168 Virgine,
1712 4097 1847 4151 no'n

302 4196 543 4259 ratione
570 4194 790 4272 totius,
807 4193 915 4257 sed
934 4193 1153 4277 partis,
1180 4193 1417 4258 scilicet
1439 4194 1668 4271 carnis,
1699 4212 1846 4277 quae

302 4302 366 4365 in
392 4306 581 4368 utero
610 4299 900 4382 Virginis
925 4306 1228 4384 concepta
1278 4301 1423 4379 fuit,
1454 4306 1517 4365 et
1549 4320 1630 4367 ex
1666 4306 1848 4367 utero

304 4411 583 4494 Virginis
613 4410 949 4493 producta;
1005 4409 1060 4473 si
1091 4427 1247 4473 vero
1290 4412 1521 4473 natura
1561 4409 1849 4474 humana

304 4519 549 4584 dicatur
575 4519 785 4582 forma
810 4515 1171 4580 communis
1220 4533 1615 4599 consequens
1641 4521 1847 4582 totum

304 4626 750 4712 compositum,
777 4625 869 4688 sic
894 4623 1152 4689 concedi
1180 4627 1382 4706 potest
1410 4625 1583 4706 quod
1636 4624 1850 4689 adhuc

305 4735 421 4801 fuit
443 4738 600 4800 nata
622 4734 695 4797 in
722 4731 989 4810 Christo,
1017 4750 1149 4796 non
1182 4732 1425 4797 ratione
1451 4731 1573 4811 sui,
1607 4733 1714 4796 sed
1743 4751 1846 4799 ra-

306 4843 473 4908 tione
525 4842 837 4926 suppositi
885 4842 957 4906 in
996 4859 1128 4925 quo
1193 4840 1389 4905 hahet
1439 4840 1737 4922 existere,
1787 4844 1851 4906 et

307 4951 495 5017 etiam
547 4950 620 5015 in
659 4967 792 5034 quo
835 4948 1027 5015 hahet
1097 4946 1530 5030 multiplicari.
1587 4946 1852 5031 Propter

308 5060 472 5141 quod
500 5059 692 5128 etiam
723 5056 875 5124 dicit
902 5054 1326 5140 Philosophus
1346 5052 1391 5135 ⁴,
1422 5056 1593 5139 quod
1621 5059 1854 5121 natura

308 5168 373 5234 in
422 5169 842 5255 productione
890 5167 1034 5233 talis
1081 5167 1308 5232 formae
1366 5165 1608 5234 occulte
1662 5165 1854 5232 habet

310 5280 549 5363 operari
585 5301 603 5343 ε
636 5275 1010 5362 generando
1055 5274 1233 5341 enim
1270 5274 1452 5339 hunc
1493 5273 1847 5357 hominem,

366 5437 819 5566 tAriztgtrngss'c„
844 5436 936 5488 lib.
954 5439 996 5501 i,
1015 5438 1154 5488 cont.
1177 5436 1273 5498 863
1302 5433 1601 5499 metaphys„
1627 5434 1717 5488 m».
1739 5436 1851 5500 ιιι,

300 5518 481 5567 conti
622 5518 643 5566 ι
686 5546 703 5563 .

3369 505 3487 567 18⁷

1942 648 2212 728 generat
2259 645 2614 711 hominem.
2672 643 2777 710 Sic
2827 658 2986 724 ergo
3011 639 3488 706 concedendum

1943 758 2038 818 est
2066 752 2422 818 humanam
2446 756 2747 817 naturam
2764 751 2835 814 in
2852 749 3098 816 Christo
3112 752 3327 812 natam
3353 765 3491 812 esse

1941 864 2021 929 de
2053 863 2314 945 Virgine
2342 862 2643 927 utrolibet
2656 860 3102 944 praedictorum
3122 858 3484 922 modorum.

1945 969 2067 1035 Sed
2094 988 2227 1036 uno
2259 971 2447 1036 modo
2475 969 2708 1035 dicitur
2729 986 2862 1033 esse
2886 971 3035 1031 nata
3062 966 3310 1031 ratione
3334 984 3490 1049 par-

1952 1077 2479 1144 tisconstitutivae
2497 1095 2611 1161 per
2632 1074 3070 1159 synecdochen
3086 1095 3104 1152 ;
3121 1073 3246 1139 alio
3273 1073 3486 1153 modo,

1957 1183 2204 1249 ratione
2265 1184 2462 1268 partis
2502 1183 2872 1266 subjectivae
2886 1229 2904 1261 ,
2963 1185 3027 1245 et
3079 1180 3168 1245 sic
3211 1179 3490 1263 quodam

1960 1291 2152 1357 modo
2178 1310 2293 1374 per
2320 1291 2631 1356 accidens.
2690 1289 3114 1357 Concedendae
3156 1291 3309 1352 sunt
3331 1305 3490 1369 ergo

1943 1399 2220 1465 rationes
2265 1400 2345 1464 ad
2374 1400 2543 1464 hanc
2569 1401 2815 1482 partem
2843 1396 3152 1473 inductae,
3189 1395 3334 1459 licet
3371 1394 3490 1458 ali-

1943 1525 2088 1586 quae
2111 1525 2338 1572 earum
2363 1506 2706 1590 procedant
2731 1502 3085 1587 sophistice.

2028 1620 2086 1678 1.
2117 1614 2212 1677 Ad
2241 1612 2400 1678 illud
2418 1613 2590 1696 quod
2613 1612 2928 1695 objicitur,
2953 1611 3124 1694 quod
3146 1610 3364 1677 divina
3374 1628 3492 1676 na-

1943 1726 2091 1786 tura
2129 1721 2200 1785 in
2250 1721 2496 1787 Christo
2524 1739 2653 1785 non
2706 1724 2802 1784 est
2828 1723 2977 1783 nata
2995 1768 3013 1798 ,
3044 1737 3203 1801 ergo
3227 1737 3345 1783 nec
3372 1718 3492 1784 hu-

1944 1848 2171 1908 mana;
2205 1828 2547 1894 dicendum
2593 1828 2762 1911 quod
2807 1845 2937 1891 non
2962 1830 3057 1891 est
3085 1826 3318 1903 simile,
3341 1827 3493 1910 quia

1944 1937 2163 2003 divina
2189 1945 2422 2002 natura
2449 1956 2578 2000 non
2604 1935 3063 2017 multiplicatur
3092 1935 3182 2009 ‘tin
3208 1936 3495 2018 supposi-

1945 2046 2050 2126 tis,
2101 2046 2212 2110 sed
2240 2050 2337 2111 est
2380 2063 2513 2109 una
2538 2044 2608 2107 in
2633 2048 3005 2125 generante,
3039 2046 3105 2107 et
3132 2043 3351 2123 genito
3385 2061 3400 2105 ε
3431 2047 3495 2108 et

1944 2152 2087 2217 ideo
2131 2170 2265 2217 non
2330 2150 2555 2234 recipit
2604 2149 2994 2215 vocabulum
3028 2149 3490 2214 distinctivum.

1945 2260 2187 2326 Natura
2212 2279 2365 2325 vero
2419 2260 2705 2324 humana
2752 2258 3158 2341 multiplicari
3201 2259 3394 2323 hahet
3430 2263 3496 2324 et

1946 2368 2296 2451 plurificari
2342 2367 2416 2431 in
2470 2369 2731 2450 parente
2749 2415 2767 2445 ,
2818 2371 2880 2429 et
2931 2366 3106 2449 prole
3154 2384 3171 2429 t
3199 2366 3353 2430 hinc
3399 2371 3495 2431 est

1946 2475 2120 2558 quod
2176 2475 2508 2556 generatio
2561 2475 2628 2539 in
2676 2474 2914 2538 divinis
2971 2473 3353 2538 terminatur
3412 2474 3494 2539 ad

1947 2599 2284 2664 personam
2303 2603 2320 2659 ;
2340 2582 2408 2645 in
2436 2582 2741 2646 creaturis
2764 2599 2893 2645 non
2918 2580 3128 2645 solum
3151 2579 3232 2643 ad
3272 2598 3490 2663 perso-

1947 2707 2125 2767 nam,
2146 2707 2379 2753 verum
2418 2688 2613 2754 etiam
2644 2688 2724 2751 ad
2753 2692 3075 2752 naturam.

2028 2800 2068 2859 2
2094 2800 2158 2860 et
2176 2800 2235 2859 3.
2268 2797 2366 2861 Ad
2392 2796 2552 2859 illud
2597 2813 2752 2858 vero
2778 2793 2950 2876 quod
2978 2793 3296 2875 objicitur,
3324 2794 3496 2876 quod

1948 2904 2279 2985 generatio
2307 2903 2686 2969 terminatur
2709 2902 2787 2967 ad
2815 2920 2930 2966 ens
2957 2902 3369 2985 completum,
3398 2902 3497 2967 di-

1950 3009 2228 3074 cendum
2257 3010 2429 3093 quod
2449 3027 2678 3074 verum
2705 3015 2800 3073 est
2822 3028 2936 3092 per
2963 3027 3030 3073 se
3064 3015 3129 3073 et
3173 3008 3495 3092 primum3

1951 3137 2032 3184 ex
2050 3118 2173 3183 hoc
2195 3122 2415 3184 tamen
2438 3136 2573 3184 non
2589 3118 2880 3201 sequitur
2902 3116 3075 3200 quod
3096 3116 3177 3181 ad
3202 3120 3500 3181 naturam

1949 3244 2082 3291 non
2104 3226 2301 3309 possit
2324 3226 2684 3303 terminari,
2714 3226 2823 3291 sed
2850 3226 3024 3309 quod
3040 3244 3174 3290 non
3193 3226 3499 3290 termina-

1949 3337 2057 3397 tur
2089 3334 2572 3416 circumscripta
2621 3334 2948 3416 hypostasi
3005 3356 3020 3398 z
3057 3339 3140 3408 ,et
3168 3333 3293 3398 hoc
3345 3334 3498 3417 qui-

1949 3440 2098 3506 dem
2124 3458 2358 3505 verum
2392 3445 2487 3505 est
2517 3463 2533 3506 :
2563 3444 2626 3504 et
2672 3459 2781 3523 per
2823 3439 2946 3506 hoc
2979 3444 3151 3524 patet
3177 3441 3500 3525 responsio

1952 3548 2031 3612 ad
2061 3567 2357 3631 sequens,

2032 3661 2094 3720 4.
2132 3656 2230 3722 Ad
2274 3657 2431 3721 illud
2481 3657 2652 3739 quod
2691 3655 2917 3721 ultimo
2954 3656 3276 3738 objicitur,
3330 3656 3502 3739 quod

1954 3763 2172 3829 anima
2198 3765 2332 3829 exit
2366 3766 2435 3829 in
2470 3783 2606 3829 esse
2657 3782 2772 3847 per
2818 3765 3227 3841 creationem,
3281 3765 3504 3829 dicen-

1956 3874 2115 3939 dum
2143 3873 2317 3956 quod
2338 3873 2457 3938 etsi
2480 3874 2615 3937 sola
2640 3891 2789 3955 pars
2807 3873 3088 3938 hominis
3107 3874 3497 3954 traducatur,

1956 3981 2249 4046 videlicet
2276 3999 2445 4057 carc,
2473 3980 2894 4045 nihilominus
2933 3985 3153 4046 tamen
3186 3985 3359 4046 totus
3383 3983 3506 4047 ho-

1957 4108 2066 4154 mo
2108 4090 2338 4153 dicitur
2384 4088 2560 4152 nasci
2587 4094 2652 4153 et
2696 4090 3013 4171 generari,
3050 4106 3165 4171 pro
3214 4107 3293 4154 eo
3331 4092 3506 4172 quod

1956 4196 2228 4260 intentio
2256 4200 2505 4260 naturae
2559 4215 2693 4261 non
2722 4198 3102 4262 terminatur
3128 4198 3210 4263 ad
3236 4198 3504 4263 alteram

1958 4307 2202 4385 partem
2235 4322 2347 4385 per
2375 4322 2464 4383 se,
2496 4305 2607 4368 sed
2648 4309 2841 4385 prout
2868 4304 3062 4368 habet
3092 4305 3405 4387 conjungi
3445 4309 3508 4370 et

1959 4409 2177 4492 pertici
2215 4428 2298 4474 ex
2340 4410 2559 4474 altera.
2587 4410 2665 4474 Et
2688 4411 2831 4475 ideo
2854 4416 3026 4476 totus
3051 4412 3246 4475 homo
3272 4412 3507 4477 dicitur

1960 4522 2173 4597 natus,
2194 4519 2491 4601 quamvis
2515 4521 2770 4582 tantum
2803 4536 2886 4582 ex
2921 4520 3119 4583 altera
3159 4524 3338 4602 parte
3371 4523 3509 4583 tra-

1959 4625 2268 4689 ducatur:
2300 4644 2431 4689 non
2457 4625 2633 4690 enim
2658 4625 2932 4691 intendit
2955 4627 3152 4691 homo
3195 4644 3507 4709 generare

1960 4751 2245 4813 carnem,
2282 4734 2391 4798 sed
2435 4733 2787 4797 hominem.
2846 4732 2916 4798 Si
2963 4752 3119 4800 vero
3163 4733 3501 4817 quaeritur,

1959 4859 2161 4924 quare
2188 4858 2318 4905 non
2344 4840 2579 4905 dicitur
2603 4841 2782 4905 exire
2811 4841 2878 4904 in
2906 4859 3040 4905 esse
3086 4857 3198 4923 per
3237 4842 3504 4907 creatio-

1962 4966 2138 5028 nem,
2208 4947 2373 5012 sicut
2429 4965 2543 5030 per
2607 4948 3109 5029 generationem,
3165 4948 3507 5014 dicendum

1962 5053 2134 5139 quod
2197 5053 2527 5136 generatio
2578 5073 2708 5119 non
2774 5054 3053 5120 excludit
3121 5056 3506 5122 creationem

1962 5160 2467 5244 praeambulam3
2512 5162 2747 5227 creatio
2787 5179 2968 5241 vem,
2999 5180 3150 5227 cum
3176 5161 3258 5226 sit
3300 5181 3384 5227 ex
3410 5163 3508 5227 ni-

1961 5268 2118 5347 hilo,
2161 5268 2354 5332 aliam
2395 5268 2677 5333 excludit
2719 5269 3225 5351 productionem,
3271 5288 3505 5335 secun-

1961 5378 2120 5445 dum
2149 5378 2322 5461 quod
2364 5376 2515 5442 dicit
2562 5378 2925 5461 proximam
2966 5383 3030 5444 et
3068 5379 3505 5446 immediatam

1964 5485 2363 5560 eductionem
2393 5489 2726 5560 creaturan.
