4185 6288
505 1174 717 1221 Pudnu.

1256 724 1614 805 QUAESTlo
1651 724 1758 788 111.

748 891 844 950 An
885 891 1081 948 Πανία
1139 892 1201 944 in
1241 884 1471 944 καηιάα
1512 886 1944 957 sanctificatione
1978 884 2046 954 (a)
2094 881 2288 937 ablato

1098 980 1271 1049 meru
1317 974 1584 1050 peccandi
1614 977 1866 1048 potentia
1891 972 1931 1029 ¹.

829 1143 1057 1209 Utrum
1077 1141 1148 1205 in
1169 1139 1449 1204 secunda
1468 1140 1549 1221 (a)
1570 1136 2064 1203 sanctificatione
2079 1134 2291 1199 ablata

744 1252 935 1318 ruerit
974 1250 1057 1315 ab
1094 1267 1172 1314 ea
1215 1248 1514 1332 peccandi
1559 1244 1880 1329 potentia;
1926 1248 1992 1308 et
2036 1243 2291 1307 videtur

743 1358 917 1443 quod
942 1357 1034 1422 sic
1073 1356 1330 1438 :primo
1367 1371 1481 1436 per
1523 1351 1960 1426 Ambrosium,
2008 1351 2077 1413 in
2125 1349 2290 1412 libro

745 1466 827 1533 de
860 1463 1255 1547 viminum
1282 1461 1477 1527 beatoe
1511 1459 1852 1542 Virginis*
1873 1480 1899 1522 .·
1935 1481 1965 1517 α
1991 1454 2293 1539 Impossi-

745 1575 872 1641 bile
909 1574 1032 1637 fuit
1065 1576 1328 1636 uterum
1368 1567 1671 1650 Virginis,
1702 1584 1897 1650 quem
1938 1565 2137 1629 Filius
2180 1558 2291 1629 Dei

746 1680 1161 1749 inhabitando
1178 1677 1593 1751 consecravit,
1610 1676 1834 1740 alienae
1854 1673 2102 1757 copulae
2120 1672 2288 1737 coitu

748 1790 1067 1858 incestari.
1097 1810 1129 1848 ιο
1161 1786 1283 1852 Sed
1306 1783 1534 1848 similis
1556 1783 1720 1847 ratio
1750 1781 1869 1845 fuit
1894 1780 1972 1844 de
2010 1780 2151 1843 aliis
2178 1797 2293 1860 ge-

748 1898 1012 1964 neribus
1057 1897 1462 1979 peccatorum
1518 1912 1536 1955 ι
1598 1906 1757 1971 ergo
1807 1887 2063 1952 videtur
2122 1887 2294 1969 quod

753 2007 930 2072 nullo
973 2004 1098 2069 alio
1146 2000 1384 2086 peccati
1437 2017 1675 2082 genere
1725 1997 1934 2081 potuit
1983 1995 2293 2060 maculari

751 2118 894 2198 post
914 2110 1389 2194 conceptionem
1413 2107 1560 2172 Filii
1588 2107 1720 2171 Dei.

833 2221 991 2286 item
1017 2217 1413 2301 vituperium
1446 2218 1610 2280 oeset
1643 2212 1887 2279 Christo
1907 2259 1925 2291 ,
1952 2210 2006 2276 si
2035 2210 2298 2274 haberet

752 2332 1024 2393 matrem
1069 2323 1481 2408 peccatricem
1535 2343 1553 2386 ε
1605 2322 1662 2386 si
1717 2338 1877 2402 ergo
1926 2319 2176 2384 Christo
2226 2317 2295 2380 in

753 2435 934 2501 nullo
961 2438 1164 2518 potest
1204 2432 1342 2495 fleri
1388 2428 1775 2495 contumelia
1791 2476 1813 2508 ‚
1840 2428 2096 2492 videtur
2123 2425 2297 2509 quod

754 2547 896 2628 post
929 2542 1130 2625 ipsius
1166 2539 1642 2622 conceptionem
1689 2538 1759 2600 in
1800 2538 1988 2601 beata
2027 2535 2297 2618 Virgine

753 2669 884 2716 non
907 2647 1189 2733 potuerit
1209 2664 1346 2712 esse
1368 2645 1577 2728 culpa.

839 2758 1019 2835 ltem,
1046 2755 1100 2819 si
1125 2755 1310 2820 beata
1326 2753 1527 2835 Virgo
1554 2753 1764 2836 potuit
1790 2769 2069 2835 peccare,
2092 2751 2303 2834 potuit

759 2867 830 2932 in
859 2869 1113 2949 peccato
1156 2879 1563 2946 perseverare
1610 2879 1630 2924 ι
1666 2877 1827 2941 ergo
1867 2860 2075 2942 potuit
2118 2859 2301 2923 dam-

758 2972 899 3037 nari
933 2992 950 3035 :
979 2970 1034 3035 si
1061 2988 1220 3051 ergo
1261 2967 1527 3033 Matrem
1555 2967 1696 3047 Dei,
1725 2971 1789 3030 et
1816 2966 2131 3047 Reginam
2169 2984 2302 3030 εω-

759 3080 972 3146 lorum
1006 3079 1073 3141 in
1118 3078 1368 3141 inferno
1396 3075 1688 3141 damnari
1733 3074 1997 3138 omnino
2039 3077 2138 3137 est
2176 3072 2302 3136 im-

762 3187 1084 3271 pombile,
1116 3204 1275 3267 ergo
1301 3189 1366 3248 et
1389 3185 1547 3249 illud
1573 3203 1655 3248 ex
1681 3202 1812 3267 quo
1838 3185 2158 3267 sequitur,
2188 3183 2305 3246 sci-

761 3294 906 3359 licet
931 3295 1054 3359 hoc
1080 3294 1252 3377 quod
1276 3293 1538 3374 ponitur
1561 3292 1767 3374 ipsam
1794 3311 1977 3375 posse
2005 3311 2299 3375 peccare:

762 3420 942 3484 ergo,
968 3406 1089 3466 etc.

850 3509 1002 3573 ltem
1048 3507 1306 3589 dignior
1351 3508 1471 3573 fuit
1519 3507 1719 3572 Mater
1764 3505 1991 3572 Christi
2039 3528 2122 3574 ex
2181 3509 2304 3574 hoc

764 3618 935 3702 quod
965 3616 1165 3681 Mater
1191 3616 1299 3681 Dei
1341 3616 1564 3680 effecta
1592 3620 1714 3695 est,
1745 3634 1943 3698 quam
1970 3616 2052 3680 sit
2076 3617 2307 3701 aliquis

764 3723 1037 3806 angelus
1063 3724 1130 3787 in
1157 3724 1356 3789 coelo:
1379 3724 1434 3787 si
1460 3741 1621 3805 ergo
1644 3723 1859 3806 angeli
1886 3724 2037 3788 boni
2064 3726 2136 3788 in
2156 3743 2304 3807 gra-

766 3831 856 3902 tia
898 3835 1050 3895 sunt
1082 3833 1474 3911 confirmati,
1518 3833 1722 3897 multo
1754 3834 1964 3914 magis
2001 3838 2064 3897 et
2110 3833 2306 3898 Mater

765 3937 872 4002 Dei
906 3960 921 4002 :
952 3956 1133 4019 ergo,
1162 3943 1279 4003 etc.

863 4045 982 4109 Sed
1039 4050 1259 4109 contra
1305 4052 1335 4109 ¹
1371 4051 1445 4110 ⁸:
1505 4048 1706 4113 Tuam
1753 4048 1965 4129 ipsius
2017 4049 2307 4115 animam

765 4152 1186 4234 pertransibit
1251 4153 1511 4234 alodius
1528 4172 1557 4234 ;
1619 4153 1743 4218 hoc
1804 4156 2079 4219 verbum
2140 4159 2304 4219 trac-

766 4264 910 4330 tans
960 4258 1384 4323 Damascenus
1438 4259 1588 4323 dicit
1609 4265 1632 4299 ⁸
1679 4281 1696 4323 ε
1752 4282 1783 4318 α
1825 4259 2114 4337 Dolores,
2145 4280 2307 4344 quos

766 4365 964 4449 Virgo
988 4368 1220 4448 effugit
1244 4368 1517 4450 pariens,
1538 4368 1657 4432 hos
1681 4369 1749 4431 in
1768 4369 1992 4432 Christi
2017 4369 2307 4451 passione

763 4474 1102 4554 sustinuit,
1152 4476 1240 4539 ita
1282 4475 1455 4557 quod
1510 4475 1763 4556 gladius
1818 4476 2104 4539 animam
2167 4479 2309 4558 ejus

763 4581 1194 4663 pertransivit.
1242 4603 1274 4641 ιο
1322 4580 1494 4662 Ergo
1560 4582 1759 4664 ipsius
1808 4583 2027 4645 anima
2070 4583 2189 4646 fuit
2237 4582 2307 4646 in

764 4686 992 4752 Christi
1031 4689 1320 4772 passione
1347 4689 1633 4765 turbata,
1668 4697 1730 4753 et
1757 4692 1846 4754 ita
1880 4690 2250 4772 perturbata
2287 4708 2303 4752 ε

761 4773 815 4856 si
840 4813 999 4875 ergo
1026 4796 1231 4878 potuit
1274 4795 1630 4878 perturbari
1650 4846 1667 4874 ‚
1698 4797 1954 4861 videtur
1981 4796 2154 4879 quod
2186 4815 2307 4879 po·

762 4901 885 4963 tuit
908 4901 987 4965 ad
1012 4902 1259 4965 veniale
1284 4901 1588 4988 pertrahi.

836 5011 895 5071 Ξ.
955 5007 1113 5072 llem
1170 5009 1575 5091 Augustinus
1610 5017 1669 5090 ⁸,
1710 5014 1785 5077 in
1842 5012 2307 5085 Ouoestionibus

831 5172 849 5207 ¹
873 5172 956 5236 Cf.
987 5172 1128 5223 Alex.
1168 5175 1363 5239 Alens„
1407 5190 1458 5240 p.
1491 5178 1577 5241 ΙΙΙ,
1609 5192 1657 5242 q.
1702 5189 1778 5240 ιι,
1820 5179 2013 5229 memb.
2044 5182 2094 5243 3,
2123 5184 2217 5229 art.
2253 5185 2302 5243 ¹3

763 5247 818 5296 S.
837 5244 1042 5307 Thom.,
1058 5259 1108 5308 p.
1131 5245 1217 5310 m,
1234 5260 1287 5309 q.
1308 5259 1449 5311 xxw,
1466 5252 1564 5300 art.
1585 5253 1645 5313 65
1666 5255 1718 5301 et
1735 5250 1882 5310 Quol.
1898 5253 1946 5313 5,
1970 5252 2031 5302 V.
2051 5263 2121 5315 νι,
2140 5256 2234 5301 art.
2250 5255 2304 5314 ¹3

764 5321 817 5366 et
865 5316 928 5365 ΙΙΙ
978 5317 1134 5380 Sem„
1184 5318 1301 5369 dist.
1361 5332 1444 5384 ιιι,
1493 5334 1546 5385 q.
1591 5325 1644 5385 ⁴,
1686 5325 1782 5372 art.
1827 5326 1875 5386 2,
1918 5323 1984 5373 ad
2023 5326 2091 5386 ἧς
2134 5322 2304 5386 AEgid.

761 5389 933 5452 Rom„
955 5388 1018 5438 ΙΙΙ
1050 5388 1211 5448 Seni„
1246 5389 1364 5440 dist.
1392 5402 1470 5453 ιιι,
1497 5393 1991 5456 q.1v;Richardus‚
2025 5395 2089 5444 ΙΙΙ
2123 5395 2305 5458 Sent..,

762 5458 880 5514 dist.
906 5471 984 5519 ιιι,
1008 5473 1061 5524 q.
1085 5471 1166 5522 1v;
1190 5460 1372 5513 Thom.
1400 5465 1631 5528 argent,
1664 5465 1725 5514 ΙΙΙ
1755 5466 1913 5526 sent„
1933 5465 2050 5517 dist.
2079 5478 2161 5531 ιιι,
2185 5481 2238 5532 q.
2266 5479 2301 5531 1,

1845 451 2470 523 sssN'rssN'mmtm
2508 450 2658 517 Lm.
2702 448 2811 516 111.

2400 588 2567 655 Novi
2591 594 2651 654 et
2686 587 2932 653 Veteris
2972 584 3390 659 Testamenti,
3430 578 3932 646 uoetamfflud:

2414 697 2611 761 Tuam
2637 696 2849 776 ipsius
2875 693 3165 758 animam
3185 688 3604 773 pertransibit
3639 685 3890 770 qtadim
3911 706 3936 749 .·

2414 828 2445 864 <a
2462 805 2788 881 Animam,
2803 801 2915 877 ait,
2939 800 3035 863 sie
3055 799 3162 863 hic
3185 798 3408 880 utique
3430 795 3743 876 signavit,
3768 792 3936 876 quod

2404 912 2624 986 Maria,
2656 928 2769 992 per
2796 925 2995 991 quam
3031 912 3289 987 gestum
3313 908 3412 968 est
3437 902 3818 985 mysterium
3840 900 3937 963 in·

2402 1017 2808 1093 carnationiS,
2837 1014 3179 1088 dubitaret,
3203 1029 3336 1075 non
3361 1015 3573 1073 tamen
3604 1008 3674 1071 in
3698 1007 3938 1072 dubita-

2398 1126 2572 1189 tione
2601 1124 3023 1206 permaneret.
3044 1141 3076 1177 »
3096 1120 3164 1183 si
3182 1137 3341 1200 ergo
3363 1121 3698 1200 postquam
3718 1115 3940 1197 genuit

2402 1236 2639 1300 Filium
2683 1233 2817 1311 Dei,
2847 1232 3053 1315 potuit
3095 1231 3388 1295 dubitare
3422 1229 3493 1293 in
3529 1228 3694 1307 fide,
3740 1225 3939 1309 potuit

2402 1359 2683 1425 peccare.

2481 1453 2542 1512 3.
2575 1447 2732 1512 ltem
2758 1446 3038 1529 potentia
3065 1443 3375 1509 moriendi
3399 1442 3810 1524 consequitur
3831 1458 3940 1524 po-

2404 1555 2668 1620 tentiam
2712 1554 3014 1637 peccandi
3058 1575 3075 1618 ς
3122 1554 3232 1618 sed
3278 1553 3463 1617 beata
3505 1550 3710 1633 Virgo
3753 1549 3944 1614 Maria

2404 1665 2547 1745 post
2572 1661 3045 1745 conceptionem
3073 1660 3239 1725 mori
3281 1659 3488 1742 potuit
3521 1680 3542 1723 ε
3572 1676 3733 1740 ergo
3770 1657 3942 1721 vide-

2403 1773 2512 1833 tur
2541 1769 2711 1851 quod
2740 1786 3001 1851 peccare
3025 1769 3255 1851 potuit.

2485 1880 2547 1939 4.
2605 1874 2764 1939 item
2809 1875 3185 1958 impotentia
3232 1873 3530 1958 peccandi
3583 1875 3825 1956 spectat
3866 1870 3945 1936 ad

2403 1988 2642 2047 statum
2689 1983 3243 2067 comprehensoris
3286 2001 3305 2046 ε
3345 1981 3455 2045 sed
3498 1981 3687 2044 beata
3722 1978 3942 2060 Virgo,

2405 2110 2486 2156 ex
2515 2092 2639 2157 hoe
2662 2092 2834 2176 quod
2861 2091 3097 2155 Filium
3125 2090 3234 2154 Dei
3257 2088 3508 2171 genuit,
3542 2104 3679 2151 non
3703 2091 3801 2150 est
3831 2104 3945 2168 po-

2406 2200 2528 2264 sita
2548 2204 2731 2264 extra
2752 2205 2991 2265 statum
3010 2198 3273 2265 viatoris
3293 2216 3311 2261 :
3332 2214 3490 2278 ergo
3507 2194 3766 2258 videtur
3782 2192 3948 2276 quod

2405 2325 2539 2372 non
2565 2307 2648 2371 sit
2672 2308 2731 2372 ei
2757 2306 2967 2372 ablata
2992 2304 3291 2389 peccandi
3327 2303 3629 2387 potentia.

2953 2560 3407 2628 CONCLUSIO.

2409 2749 2656 2806 Gloriosa
2690 2750 2859 2820 Virqo
2882 2753 3005 2822 post
3024 2752 3163 2807 Filii
3194 2751 3291 2806 Da·
3318 2752 3716 2821 conceptionem
3742 2762 3951 2821 peccam

2479 2855 2588 2896 non
2610 2843 2826 2911 potuit,
2860 2856 2968 2896 non
2989 2846 3218 2914 propter
3244 2842 3479 2915 alicujus
3500 2842 3765 2913 potentio
3788 2840 3949 2894 amis·

2479 2930 2683 2985 sionem
2699 2969 2720 2998 ‚
2756 2929 2849 2985 sod
2866 2935 3092 3001 propter
3120 2933 3383 3001 potentioe
3408 2932 3471 2985 in
3500 2930 3634 2985 bono
3674 2932 3950 2999 confirma-

2485 3021 2711 3090 tionem,
2741 3023 2794 3075 et
2819 3019 3058 3088 defectus
3084 3019 3440 3076 oblationum.

2489 3178 2675 3262 Raep.
2712 3178 2793 3242 ad
2819 3197 2961 3260 arg.
3004 3178 3357 3243 Dicendum
3385 3177 3559 3261 quod
3586 3179 3661 3243 in
3690 3177 3954 3243 secunda

2411 3286 2905 3350 sanctificatione
2929 3302 3063 3348 non
3091 3289 3346 3349 tantum
3371 3285 3493 3349 ruit
3532 3285 3685 3350 data
3715 3284 3954 3366 Virgini

2413 3394 2623 3474 gratia
2644 3394 3075 3473 sanctificam,
3104 3393 3214 3457 sed
3240 3393 3432 3456 etiam
3460 3392 3676 3474 gratia
3700 3393 3770 3456 in
3794 3393 3955 3455 bono
4008 3421 4016 3427 ·

2413 3502 2803 3565 confirmans
2838 3506 2946 3566 :et
2967 3500 3111 3579 hoc,
3146 3500 3302 3583 quia
3327 3499 3461 3564 filio
3499 3517 3617 3564 suo
3660 3500 3816 3564 adeo
3839 3499 3956 3562 fuit

2414 3613 2778 3691 conjuncta,
2807 3612 2883 3673 ut
2912 3608 3092 3672 nullo
3117 3608 3308 3672 modo
3333 3609 3730 3690 permitteret
3754 3626 3894 3672 eam
3918 3625 3957 3671 a

2413 3717 2620 3798 seipso
2683 3717 3088 3798 sequestrari.
3142 3716 3410 3798 Propter
3474 3717 3656 3799 quod
3702 3716 3955 3782 notandi

2413 3827 2565 3886 sunt
2588 3823 2829 3902 gradus
2850 3822 3218 3887 divinorum
3249 3823 3732 3887 beneficiorum.
3761 3822 3955 3888 Chris·

2413 3940 2519 4000 tus
2548 3935 2759 4014 enim,
2788 3935 2905 4016 qui
2930 3934 3051 3998 fuit
3092 3933 3366 3999 Sanctus
3405 3934 3789 3999 Sanctorum
3809 3983 3828 4013 ,
3859 3933 3954 3997 fa-

2415 4043 2715 4107 cultatem
2742 4043 2971 4106 habuit
2993 4043 3233 4106 vitandi
3274 4061 3468 4107 omne
3494 4037 3827 4125 peecatum
3845 4089 3866 4121 ,
3894 4046 3954 4105 et

2415 4153 2982 4236 impossibilitatem
3032 4153 3467 4217 committendi
3510 4153 3771 4236 aliquod
3814 4169 3951 4236 pec·

2415 4265 2654 4324 catum.
2684 4261 2811 4324 Alii
2829 4279 2987 4326 vero
3014 4261 3132 4325 filii
3158 4261 3500 4325 hominum
3522 4260 3952 4327 difficultatem

2414 4366 2652 4431 hahent
2678 4366 2758 4431 ad
2785 4367 3120 4432 vitandum
3149 4372 3507 4450 peccatum,
3538 4372 3603 4431 et
3626 4367 3953 4432 necessita-

2414 4479 2546 4538 tem
2570 4474 2650 4538 ad
2678 4476 3205 4540 committendum
3226 4496 3244 4555 3
3273 4479 3337 4540 et
3362 4477 3485 4541 hoc
3505 4476 3769 4559 quidem
3792 4492 3955 4539 com-

2415 4581 2573 4664 petit
2617 4584 2917 4647 omnihus
2961 4584 3281 4665 generatis
3322 4583 3402 4647 de
3448 4600 3659 4647 massa
3698 4578 3947 4665 peceati.

2416 4689 2517 4755 Ab
2543 4689 2666 4754 hac
2690 4708 2849 4771 ergo
2874 4708 3084 4754 massa
3105 4691 3373 4754 liberata
3399 4690 3521 4755 fuit
3536 4689 3738 4770 Virgo
3765 4687 3954 4754 Maria

2415 4796 2483 4860 in
2520 4795 2726 4878 prima
2751 4798 3278 4878 sanctificatione,
3306 4797 3569 4861 liberata
3607 4797 3801 4861 etiam
3838 4792 3954 4858 ruit

2415 4902 2484 4968 in
2510 4904 2828 4969 secunda:
2852 4904 3056 4969 sedin
3083 4905 3289 4987 prima
3308 4904 3431 4968 fuit
3456 4903 3799 4968 conformis
3819 4900 3952 4966 aliis

2415 5011 2815 5075 sanctificatis
2832 5058 2850 5089 ,
2880 5012 2949 5074 in
2976 5012 3253 5077 secunda
3287 5029 3443 5077 vero
3488 5012 3650 5075 sacta
3677 5013 3774 5074 est
3806 5025 3948 5072 con·

2415 5181 2513 5229 art.
2547 5182 2594 5231 4.
2616 5205 2676 5218 -
2697 5181 2722 5215 ¹
2744 5179 2943 5245 Amba,
2962 5181 3023 5229 de
3055 5181 3219 5231 Instit.
3256 5180 3397 5245 Vin-9.
3417 5184 3465 5230 et
3500 5178 3740 5245 Vx'rqint‘t.
3762 5177 3945 5237 uario,

2416 5263 2465 5299 c.
2505 5262 2577 5314 v1,
2611 5265 2665 5300 n.
2696 5253 2856 5302 ιι-
2884 5253 3066 5313 ⁸Luc.,
3103 5263 3165 5313 11,
3201 5254 3281 5301 25.
3306 5252 3403 5288 -δ
3438 5253 3698 5310 Damaso„
3736 5248 3797 5299 de
3833 5246 3949 5297 Fide

2417 5322 2622 5373 orthod.
2642 5359 2658 5381 ,
2694 5324 2786 5375 lib.
2815 5325 2903 5388 lv,
2933 5338 2981 5374 e.
3012 5335 3101 5375 xv.
3124 5348 3185 5359 —
3203 5319 3225 5358 ⁸
3253 5323 3362 5373 lmo
3387 5328 3584 5384 auctor,
3614 5320 3843 5388 quisquis
3870 5317 3946 5369 ille

2418 5393 2501 5456 sit,
2528 5394 2710 5456 Quart.
2740 5398 2836 5446 oet.
2866 5399 2916 5446 et
2945 5408 3075 5455 nov„
3104 5394 3254 5457 Test„
3284 5408 3335 5459 q.
3367 5406 3555 5457 Lunx,
3585 5394 3723 5446 inter
3748 5403 3942 5460 operas.

2418 5466 2703 5533 Augustini.
2725 5495 2786 5505 —
2805 5467 2874 5532 (a)
2895 5468 3023 5522 Edit.
3054 5468 3182 5518 Ven.
3207 5468 3587 5533 siqnifieatione.
