4185 6288
785 439 905 504 5¹18

785 571 1729 658 nonpotestsubessefalsum:
1759 586 2062 654 ergonec
2089 568 2329 635 fideiin

785 700 915 749 via.

868 790 1058 865 Item,
1089 787 1254 853 sicut
1278 805 1348 852 se
1380 785 1575 851 babet
1597 784 1872 851 charitas
1912 783 1992 849 ad
2038 784 2287 849 bonum
2306 830 2327 863 ,

786 898 878 962 ita
927 914 996 962 se
1035 896 1229 961 habet
1263 895 1426 962 fides
1463 894 1544 959 ad
1569 910 1803 961 verum
1832 915 1851 960 :
1905 892 2016 959 sed
2055 890 2332 957 charitas

788 1018 1128 1086 nunquam
1168 1004 1407 1086 appetit
1430 1002 1556 1066 nisi
1601 1002 1848 1068 bonum
1892 1023 1909 1064 ε
1959 1014 2120 1082 ergo
2176 997 2334 1063 fides

788 1126 1128 1193 nunquam
1176 1110 1325 1174 facit
1366 1109 1625 1174 credere
1668 1108 1793 1173 nisi
1840 1124 2122 1173 verum:
2173 1122 2332 1187 ergo

790 1216 938 1281 fidei
963 1233 1097 1282 non
1120 1215 1337 1280 subest
1358 1213 1612 1280 salsum.
1893 1234 1899 1243 ·

871 1319 1030 1385 item
1055 1318 1214 1384 fides
1239 1317 1500 1383 assentit
1525 1316 1755 1401 primae
1780 1317 2031 1384 veritati
2075 1316 2336 1400 propter

789 1445 857 1491 se
896 1429 959 1491 et
997 1440 1191 1509 super
1233 1423 1452 1490 omnia
1475 1424 1546 1488 in
1579 1423 1894 1489 credendo
1929 1445 1945 1489 ε
1977 1423 2086 1487 sed
2126 1421 2338 1505 prima

789 1534 1026 1600 veritas
1075 1550 1209 1598 non
1256 1536 1462 1616 potaet
1498 1532 1560 1598 ei
1612 1532 1847 1597 dictare
1886 1531 2008 1596 nisi
2053 1546 2285 1597 verum
2315 1546 2334 1593 ε

792 1659 952 1723 ergo
995 1641 1134 1724 ipsa
1170 1658 1302 1704 non
1344 1643 1553 1725 potest
1605 1639 1910 1706 assentire
1960 1639 2088 1705 nisi
2126 1654 2282 1703 vero
2316 1657 2333 1700 ε

792 1765 951 1830 ergo
976 1747 1098 1830 ipsi
1123 1763 1254 1813 non
1281 1750 1485 1830 potest
1508 1746 1768 1812 subesse
1792 1746 1918 1810 nisi
1943 1762 2199 1812 verum.

875 1854 1036 1920 ltem
1063 1855 1451 1937 cuicumque
1474 1854 1824 1937 cognitioni
1847 1855 2065 1919 subest
2080 1852 2337 1932 falsum,

794 1961 905 2028 illa
929 1963 1210 2045 cognitio
1236 1962 1448 2046 potius
1472 1966 1567 2027 est
1592 1960 1986 2046 principium
2022 1959 2336 2041 deceptio-

794 2071 917 2149 nis,
942 2088 1138 2153 quam
1160 2069 1642 2135 illuminationis
1673 2087 1692 2133 ε
1723 2067 1834 2134 sed
1858 2068 2016 2133 fides
2055 2070 2153 2132 est
2189 2066 2342 2129 illu-

795 2177 1063 2244 minatio
1084 2178 1342 2260 mentis,
1363 2178 1528 2243 sicut
1542 2177 1695 2243 dicit
1715 2176 2123 2259 Augustinus
2143 2196 2161 2240 ε
2182 2191 2342 2257 ergo

796 2284 947 2351 fidei
973 2285 1207 2351 falsum
1231 2304 1363 2350 non
1386 2288 1591 2368 potest
1617 2283 1897 2349 subesse.

879 2392 1041 2461 Item
1084 2394 1293 2458 virtus
1342 2396 1437 2457 eat
1479 2391 1710 2457 certior
1759 2390 1938 2456 omni
1973 2393 2111 2455 arte
2148 2392 2341 2472 atque

798 2500 1059 2567 scientia
1091 2517 1108 2562 ε
1137 2498 1249 2564 sed
1272 2500 1551 2564 scientiae
1563 2517 1697 2563 non
1717 2500 1922 2582 potest
1946 2498 2204 2561 subesse
2220 2496 2337 2562 fal-

742 2644 746 2648 >
799 2625 947 2673 sum
979 2630 995 2674 ε
1028 2607 1083 2672 si
1108 2625 1270 2690 ergo
1294 2607 1451 2671 fides
1468 2606 1679 2674 virtus
1702 2610 1818 2686 est,
1846 2605 2128 2682 videtur,
2156 2606 2276 2668 etc.

878 2713 1038 2779 item
1060 2713 1220 2780 fides
1239 2730 1388 2797 quae
1413 2713 1711 2779 innititur
1736 2711 2065 2796 principiis
2131 2710 2342 2774 scien-

797 2822 1036 2887 tiarum
1057 2870 1076 2900 ‚
1105 2839 1237 2885 non
1277 2825 1485 2904 potest
1525 2819 1843 2886 falsificari
1873 2840 1890 2883 t
1934 2836 2096 2900 ergo
2138 2816 2343 2883 multo

800 2928 1012 3011 magis
1038 2928 1147 2994 illa
1167 2976 1187 3006 ‚
1214 2946 1363 3012 quae
1408 2927 1707 2993 innititur
1740 2926 2054 3011 principio
2100 2924 2339 3010 princi·

801 3034 1055 3119 piorum
1085 3053 1105 3100 2
1142 3039 1210 3099 et
1251 3035 1391 3100 haec
1430 3036 1530 3100 est
1565 3033 1724 3099 fides
1766 3032 2075 3098 catholica
2114 3053 2131 3097 ι
2186 3049 2343 3115 ergo

798 3139 983 3208 nullo
1009 3142 1201 3208 modo
1225 3146 1431 3225 potest
1457 3142 1519 3207 ei
1545 3141 1804 3207 subesse
1828 3140 2084 3205 falsum.

1343 3380 1794 3450 CONCLUSIO.

800 3561 957 3619 Fidei
987 3574 1095 3616 non
1121 3558 1299 3630 potest
1323 3555 1527 3613 subesse
1558 3555 1789 3626 salsum,
1821 3558 1954 3626 quia
1993 3571 2101 3612 non
2123 3561 2348 3628 possunt

870 3649 1033 3708 simia
1057 3654 1203 3705 stare
1230 3646 1452 3715 salsitas
1479 3647 1541 3701 in
1568 3646 1796 3718 credito,
1827 3650 1876 3703 et
1904 3647 2111 3703 veritas
2138 3648 2199 3702 in
2234 3661 2347 3702 cre-

872 3741 1051 3807 dente,
1081 3741 1194 3795 sive
1217 3739 1280 3793 in
1300 3735 1422 3807 tide.

882 3903 1069 3985 Resp.
1101 3899 1180 3965 ad
1210 3917 1356 3982 arg.
1404 3895 1751 3962 Dicendum
1779 3896 1951 3978 quod
1976 3913 2127 3961 cum
2166 3895 2351 3960 habi-

801 4015 909 4078 tus
933 4008 1082 4075 fidei
1104 4008 1311 4092 ipsam
1338 4008 1620 4071 mentem
1655 4003 1976 4070 illuminet
2013 4004 2096 4068 ad
2135 4022 2351 4071 assen-

803 4117 1095 4183 tiendum
1120 4112 1375 4180 veritati
1402 4111 1656 4177 creditae
1682 4111 2038 4176 secundum
2065 4111 2350 4176 illustra-

804 4226 1046 4290 tionem
1075 4221 1315 4290 divinae
1340 4218 1762 4304 praescientiae
1789 4268 1807 4299 ‚
1837 4222 1901 4283 et
1925 4218 2162 4283 divinae
2187 4234 2351 4301 prae-

804 4330 1085 4399 scientiae
1111 4347 1244 4394 non
1269 4328 1465 4412 possit
1481 4326 1738 4392 subesse
1760 4325 2020 4405 falsum,
2043 4326 2198 4408 quia
2213 4327 2351 4410 ipsa

807 4457 938 4505 non
964 4440 1170 4522 potest
1181 4436 1521 4515 falsificari,
1534 4452 1791 4500 neceoee
1811 4436 1907 4498 est
1921 4450 2159 4518 ponere
2177 4435 2350 4516 quod

806 4547 930 4631 ipsi
955 4545 1206 4611 habitui
1228 4544 1378 4610 fidei
1401 4561 1519 4608 nec
1541 4541 1774 4608 falsum
1801 4542 2027 4621 subsit,
2056 4560 2175 4606 nec
2201 4542 2353 4608 sub·

808 4672 945 4720 esse
1014 4653 1230 4736 possit.
1302 4649 1852 4729 Quemadmodum
1915 4650 2087 4715 enim
2135 4648 2354 4715 divina

808 4761 1232 4847 praescientia,
1258 4778 1407 4843 quae
1434 4778 1520 4825 ex
1544 4759 1736 4824 rebus
1762 4777 1895 4824 non
1922 4759 2185 4842 pendet,
2213 4775 2352 4824 cer-

807 4870 1051 4936 tissime
1076 4868 1404 4950 cognoscit
1426 4883 1563 4932 non
1583 4867 1794 4932 solum
1818 4884 1895 4932 ea
1908 4884 2057 4949 quae
2078 4870 2354 4932 ventura

809 4979 963 5043 sunt
985 4974 1374 5057 necessarie,
1400 4974 1511 5040 sed
1536 4974 1732 5041 etiam
1760 4975 2196 5057 contingentia
2217 5024 2238 5056 ,
2265 4975 2355 5040 ita

811 5084 984 5168 quod
1023 5084 1192 5148 circa
1228 5100 1306 5147 ea
1348 5081 1553 5165 decipi
1602 5099 1736 5148 non
1776 5085 1982 5166 potest
1999 5129 2016 5159 ‚
2072 5081 2239 5147 sicut
2282 5081 2354 5145 in

811 5190 1024 5275 primo
1056 5189 1220 5256 libro
1253 5191 1583 5254 ostensum
1608 5187 1766 5268 fuit;
1795 5187 1887 5253 sic
1909 5192 1976 5253 et
1998 5188 2179 5268 fides,
2206 5206 2352 5271 quae

813 5299 1168 5384 cognitioni
1210 5299 1448 5366 divinae
1488 5299 1904 5384 praescientiae
1947 5300 2269 5383 innititur,
2315 5319 2355 5366 a

813 5427 945 5495 qua
980 5389 1175 5474 etiam
1223 5405 1622 5472 illuminatur
1645 5411 1710 5472 et
1731 5406 2064 5491 dirigitur,
2114 5413 2354 5476 certam

1880 416 2515 501 ssmEmAnm'i
2554 430 2704 498 Lm.
2749 430 2855 496 ιιι.
2911 505 2917 511 ,

2432 566 2869 634 credulitatem
2893 572 2959 634 et
2978 568 3514 635 illuminationem
3540 568 3738 635 habet
3767 567 3847 633 de
3871 567 3977 631 fu-

2434 675 2597 742 turis
2637 676 2831 742 etiam
2875 675 3431 760 contingentibue3
3473 677 3566 742 ita
3606 673 3788 759 quod
3832 671 3942 738 iila
3960 721 3979 751 ,

2435 786 2751 867 quantum
2802 785 2899 849 est
2946 783 3026 848 de
3051 801 3153 863 se,
3197 785 3469 867 possunt
3507 800 3648 849 non
3688 779 3976 855 evenire3

2436 889 2593 956 fides
2617 891 2832 957 tamen
2852 906 2972 955 nec
2994 894 3200 975 potest
3218 889 3426 974 decipi
3450 939 3471 971 ,
3499 907 3623 955 nec
3646 891 3860 973 potest
3882 904 3983 952 er-

2438 1014 2600 1063 rare.
2633 995 2814 1063 Sicut
2836 996 3015 1071 enim
3036 997 3117 1062 de
3141 1015 3221 1062 eo
3239 1046 3260 1078 ‚
3296 996 3470 1081 quod
3496 996 3877 1080 praescitum
3900 998 3991 1058 est

2438 1105 2699 1171 evenire
2734 1122 2774 1169 a
2815 1103 2944 1170 Deo
2960 1152 2982 1184 ,
3026 1103 3286 1170 concedi
3327 1107 3535 1188 potest
3559 1104 3739 1188 quod
3776 1103 3993 1186 ipsum

2439 1210 2826 1295 impossibile
2848 1211 2931 1276 sit
2954 1227 3090 1276 non
3116 1210 3376 1276 evenire
3401 1210 3473 1274 in
3497 1229 3567 1275 se
3589 1215 3657 1276 et
3680 1209 3990 1289 absolute3

2440 1336 2572 1383 non
2597 1321 2933 1384 esttamen
2958 1317 3403 1401 compossibile
3429 1333 3582 1383 cum
3603 1316 3995 1400 praevisione

2442 1426 2546 1491 sui
2585 1425 2879 1509 oppositi,
2907 1426 3062 1508 quia
3087 1423 3229 1490 haec
3253 1425 3386 1491 duo
3409 1442 3548 1490 non
3590 1428 3866 1508 possunt
3907 1425 3991 1488 si·

2443 1531 2584 1597 mul
2612 1535 2813 1611 stare,
2843 1532 3021 1615 quod
3057 1531 3223 1598 Deus
3243 1531 3609 1615 praeviderit
3648 1548 3871 1595 unum
3886 1580 3910 1610 ‚
3939 1536 3999 1595 et

2442 1639 2614 1722 quod
2641 1638 2893 1703 eveniat
2920 1638 3287 1722 oppositum
3304 1686 3323 1720 ,
3354 1643 3508 1703 tunc
3536 1638 3716 1704 enim
3751 1636 4000 1702 fallere-

2445 1750 2553 1812 tur
2579 1746 2796 1811 divina
2845 1746 3246 1829 praescientia
3275 1769 3292 1811 ε
3334 1764 3452 1830 per
3500 1746 3683 1812 hunc
3727 1745 3998 1811 modum

2444 1852 2940 1935 intelligendum
2964 1854 3155 1919 estin
3180 1870 3443 1919 assensu
3465 1852 3659 1930 fidei,
3688 1852 3871 1935 qnod
3896 1852 3998 1915 in-

2446 1958 2673 2025 nititur
2728 1960 2963 2025 divinae
3017 1961 3410 2045 praevisioni.
3457 1959 3641 2026 Unde
3696 1960 3999 2043 quamvis

2447 2068 2756 2132 creditum
2782 2068 3165 2152 contingens
3198 2068 3271 2133 in
3306 2086 3377 2133 se
3415 2066 3616 2150 possit
3661 2083 3799 2131 non
3851 2083 4001 2131 eve-

2446 2172 2590 2239 nire
2605 2222 2627 2254 ,
2670 2174 2814 2239 haec
2848 2178 3070 2241 tamen
3112 2175 3246 2242 duo
3297 2192 3434 2240 non
3482 2177 3757 2259 possunt
3807 2172 4001 2236 simul

2447 2286 2616 2347 stare
2642 2328 2660 2360 ‚
2688 2281 2860 2365 quod
2885 2301 3018 2349 non
3042 2283 3331 2360 eveniat,
3366 2286 3432 2348 et
3472 2281 3650 2365 quod
3688 2281 3774 2344 sit
3799 2278 3998 2344 credi·

2448 2393 2613 2453 tum.
2658 2387 2738 2453 Et
2776 2392 3113 2472 propterea
3158 2388 3639 2455 concedendum
3686 2392 3790 2452 est
3831 2387 4002 2470 quod

2449 2495 2597 2560 fidei
2641 2514 2774 2560 non
2808 2499 3012 2578 potest
3050 2497 3308 2561 subesse
3350 2494 3585 2562 falsum
3607 2541 3626 2571 ‚
3669 2494 3828 2577 quia
3874 2512 4001 2558 non

2449 2607 2716 2686 possunt
2762 2602 2955 2667 simul
2996 2607 3166 2667 stare
3205 2602 3443 2667 salsitas
3487 2602 3559 2665 in
3607 2601 3849 2667 credito
3868 2649 3892 2680 ,
3940 2606 4001 2666 et

2452 2709 2687 2775 veritas
2721 2711 2791 2775 in
2817 2710 3145 2789 credente,
3174 2710 3313 2775 sive
3338 2709 3409 2772 in
3449 2709 3595 2774 tide.
3649 2707 3730 2773 Et
3770 2725 3998 2773 conce-

2450 2819 2675 2885 dendae
2700 2822 2854 2885 sunt
2876 2817 3153 2883 rationes
3173 2832 3323 2900 quae
3349 2817 3503 2880 sunt
3523 2816 3607 2880 ad
3634 2815 3829 2879 istam
3852 2833 4000 2898 pas.

2450 2932 2605 2994 tem.

2534 3042 2592 3101 1.
2624 3035 2723 3100 Ad
2747 3033 2907 3099 illud
2934 3049 3096 3115 ergo
3121 3032 3297 3116 quod
3322 3029 3628 3113 oincitur
3652 3030 3722 3095 in
3745 3034 3995 3095 contra·

2452 3140 2627 3205 rium
2644 3187 2663 3220 ,
2701 3137 2876 3222 quod
2907 3135 3300 3219 quicumque
3333 3134 3551 3199 subest
3580 3134 3993 3216 contingens,

2452 3251 2659 3331 potest
2681 3246 2936 3312 subesse
2958 3244 3215 3324 falsum,
3232 3243 3388 3326 quia
3412 3260 3607 3307 omne
3622 3242 3999 3324 contingens

2454 3360 2656 3441 potest
2695 3373 2831 3420 esse
2872 3353 3105 3418 falsum
3120 3401 3141 3434 ,
3187 3350 3706 3434 respondendum
3750 3354 3843 3416 est
3888 3369 3999 3434 per

2455 3461 3033 3543 interemptionem,
3061 3458 3215 3542 quia
3238 3458 3478 3523 divinae
3501 3456 3875 3541 praevisioni
3888 3476 3998 3522 su-

2456 3574 2635 3639 besse
2677 3575 2881 3655 potest
2913 3587 3147 3637 verum
3176 3568 3559 3651 contingens
3573 3615 3593 3648 ‚
3640 3567 3877 3633 falsum
3902 3571 3995 3632 ta-

2456 3698 2608 3746 men
2661 3680 2918 3745 subesse
2958 3695 3093 3743 non
3153 3680 3359 3761 potest
3395 3698 3411 3740 ε
3464 3675 3776 3758 praevidet
3826 3675 3996 3740 enirn

2457 3786 2623 3852 Deus
2643 3802 2801 3851 vera
2820 3785 3257 3867 contingentia
3277 3805 3296 3863 ;
3329 3782 3438 3848 sed
3465 3785 3687 3846 tamen
3706 3780 3819 3846 illa
3850 3797 3998 3863 quae

2457 3893 2788 3978 praevidet,
2815 3910 3155 3976 nunquam
3176 3894 3331 3956 sunt
3353 3889 3512 3955 falsa
3542 3910 3559 3954 t
3590 3893 3656 3954 et
3693 3888 3859 3953 sicut
3880 3888 3993 3952 boc

2458 4001 2653 4067 habet
2686 3999 3054 4064 instantiam
3083 4000 3154 4064 in
3184 3998 3405 4064 divina
3448 3996 3955 4081 praecognitione
3975 4044 3993 4071 ‚

2459 4111 2550 4175 sic
2574 4108 2731 4173 etin
2762 4105 3225 4172 illuminatione
3251 4123 3400 4189 quae
3436 4105 3518 4168 ab
3562 4122 3641 4168 ea
3681 4101 3995 4186 prooedit,

2461 4217 2667 4300 qualis
2688 4218 2784 4281 est
2807 4214 3063 4279 habitus
3086 4213 3266 4294 fidei,
3295 4213 3459 4277 sicut
3482 4210 3864 4294 praedictum
3885 4214 3995 4274 est.

2540 4329 2602 4389 2.
2633 4324 2731 4388 Ad
2758 4321 2917 4387 illud
2944 4323 3118 4405 quod
3141 4321 3439 4404 objicitur
3459 4367 3478 4398 ,
3521 4320 3699 4404 quod
3745 4319 3998 4384 habitus

2462 4430 2887 4514 cognoscendi
2921 4429 3106 4495 debet
3129 4429 3514 4495 conformari
3535 4427 3659 4512 ipsi
3684 4427 4004 4511 cognosci·

2461 4539 2596 4619 bili,
2625 4538 2966 4604 dicendum
2989 4534 3165 4620 quod
3189 4536 3360 4602 istud
3385 4535 3580 4614 habet
3619 4536 3957 4601 veritatem
3975 4584 3993 4614 ‚

2461 4646 2719 4731 quando
2743 4645 3003 4709 habitus
3029 4631 3456 4726 cognoscendi
3479 4642 3717 4726 pendet
3739 4643 3822 4708 ab
3868 4643 4000 4726 ipso

2462 4751 2873 4835 cognoscibili
2891 4751 3248 4816 secundum
3256 4750 3649 4840 exigentiam
3666 4751 3737 4813 in
3751 4748 4001 4834 proprio

2462 4880 2723 4946 genere,
2751 4862 2915 4927 sicut
2930 4863 3025 4926 est
3047 4859 3311 4925 scientia
3330 4857 3638 4942 acquisita
3653 4856 4000 4924 secundum

2463 4992 2684 5041 causas
2708 4979 2773 5039 et
2795 4973 3072 5039 rationes
3094 4972 3469 5049 inferiores3
3516 4969 3627 5034 scd
3658 4969 3741 5034 de
3787 4987 3863 5035 eo
3900 4986 4002 5051 ge-

2461 5101 2616 5149 nere
2641 5081 3026 5165 cognitionis
3039 5130 3060 5161 ,
3089 5080 3265 5165 quod
3304 5096 3439 5144 non
3464 5078 3698 5164 pendet
3743 5078 3828 5144 ab
3872 5079 4001 5162 ipsa

2464 5209 2536 5257 re
2561 5189 2840 5273 cognita,
2872 5207 3010 5254 non
3032 5190 3130 5253 est
3154 5203 3406 5252 necesse
3430 5186 3608 5270 quod
3643 5186 3997 5251 conforme-

2462 5302 2572 5366 tur
2602 5298 2724 5383 ipsi
2768 5296 3178 5381 cognoscibili
3215 5293 3574 5361 secundum
3610 5293 3995 5378 exigentiam

2464 5407 2565 5472 sui
2589 5406 2657 5471 in
2684 5424 2775 5487 se,
2799 5405 2910 5472 sed
2953 5404 3301 5471 secundum
3343 5402 3743 5482 exigentiam
3794 5401 3895 5466 sui
3928 5401 3992 5465 in
