4185 6288
1620 467 1995 539 ms'rlNcr.
2041 469 2232 537 xxn.

703 627 1113 697 EXPOSITIO
1153 627 1482 696 TEXTUS.

541 780 638 832 Hic
663 779 907 847 queritur
933 782 1105 831 utrum
1130 779 1185 830 in
1209 778 1298 831 illo
1324 778 1523 843 triduo,
1549 780 1649 830 etc.

403 930 611 1015 Supra
640 931 777 1011 egit
802 930 1107 1013 Magister
1138 931 1218 995 de
1260 929 1656 1014 separatione
1700 928 1865 993 facta

321 1038 396 1105 in
440 1042 646 1105 morte
687 1039 957 1121 Christi;
989 1039 1057 1103 in
1084 1039 1208 1103 hac
1234 1056 1388 1103 vero
1415 1041 1593 1121 parte
1627 1035 1763 1117 agit
1789 1036 1869 1099 de

322 1148 858 1232 consequentibus
897 1147 979 1212 ad
1016 1146 1503 1230 separationem.
1549 1141 1869 1209 Dividitur

321 1260 539 1320 autem
577 1275 726 1339 pars
771 1256 889 1320 ista
932 1255 1005 1319 in
1041 1259 1170 1319 tres
1213 1257 1423 1337 partes
1444 1302 1462 1333 ,
1493 1253 1561 1317 in
1589 1270 1867 1336 quarum

320 1363 531 1446 prima
557 1362 827 1445 inquirit
847 1361 1148 1445 Magister
1168 1365 1389 1427 utrum
1417 1362 1706 1427 Christus
1729 1363 1869 1429 fue-

320 1470 405 1535 rit
447 1464 643 1535 homo
681 1469 749 1532 in
788 1469 1039 1549 triduo;
1085 1470 1154 1533 in
1211 1469 1488 1534 secunda
1528 1488 1722 1550 vero,
1755 1473 1868 1549 ubi

319 1578 512 1642 fuerit
558 1577 624 1641 in
664 1576 773 1642 illo
809 1576 1045 1656 triduo,
1087 1575 1222 1641 ibi:
1252 1577 1374 1643 Hic
1415 1580 1758 1661 quaeritur,
1805 1582 1874 1648 si

324 1683 621 1751 Christus
644 1686 719 1751 in
745 1690 980 1762 mortc,·
1018 1682 1090 1746 in
1120 1683 1306 1747 tertia
1331 1702 1510 1764 vero,
1544 1686 1623 1751 ad
1659 1690 1869 1771 majo·

319 1809 460 1856 rem
505 1791 1014 1875 explanationem
1042 1840 1059 1870 ,
1092 1789 1356 1873 inquirit
1395 1794 1614 1855 utrum
1641 1811 1869 1861 conce-

320 1897 606 1963 dandum
651 1897 735 1961 sit
774 1896 957 1961 illum
998 1896 1327 1962 hominem
1364 1897 1761 1964 descendisse
1791 1901 1870 1967 de

321 2004 505 2083 coelo,
533 2004 621 2069 ibi
651 2024 669 2070 t
699 2004 865 2071 Solet
878 2006 1072 2072 ctiam
1096 2006 1328 2087 quaeri,
1363 2006 1426 2071 si
1451 1993 1871 2090 cbnqruenter

319 2107 458 2173 'dici
478 2112 710 2190 potest,
742 2110 864 2172 etc.
899 2106 1115 2172 Prima
1147 2126 1316 2190 pars,
1351 2107 1422 2171 in
1449 2127 1578 2190 qua
1605 2109 1873 2194 inquirit

320 2219 547 2280 utrum
573 2214 859 2280 Christus
887 2216 952 2279 in
974 2214 1187 2281 triduo
1215 2216 1409 2280 fuerit
1436 2216 1667 2298 homo,
1699 2219 1872 2285 divi-

316 2322 492 2387 ditur
535 2323 605 2385 in
643 2322 804 2387 duas
846 2325 1092 2405 partes,
1124 2322 1194 2386 in
1219 2341 1500 2405 quarum
1528 2326 1736 2408 prima
1763 2347 1873 2410 op·

324 2430 623 2511 ponitur;
668 2429 736 2493 in
781 2429 1062 2494 secunda
1104 2429 1425 2512 dissolvit,
1459 2431 1594 2497 ibi:
1633 2434 1872 2507 Quibus

321 2536 798 2620 respondemus,
828 2540 988 2620 quia
1009 2539 1157 2604 licet
1177 2538 1383 2619 hom0,
1412 2544 1533 2605 etc.
1580 2542 1874 2608 Secunda

319 2659 478 2709 vero
522 2662 670 2727 pars
711 2645 1095 2728 principalis,
1139 2647 1208 2710 in
1250 2665 1380 2730 qua
1434 2648 1704 2733 inquirit
1758 2651 1873 2716 ubi

320 2749 515 2815 fuerit
540 2749 650 2816 illo
699 2751 950 2832 triduo,
998 2754 1292 2818 similiter
1330 2754 1522 2820 habet
1569 2757 1750 2838 duaS,
1801 2759 1872 2823 in

320 2875 601 2939 quarum
614 2859 824 2942 prima
837 2859 1107 2942 inquirit
1147 2860 1259 2926 ubi
1293 2862 1486 2927 fuerit
1511 2866 1872 2931 secundum

320 2964 826 3044 humanitatem;
867 2967 935 3031 in
963 2968 1246 3034 secunda
1274 2988 1432 3034 vero
1458 2970 1727 3054 inquirit
1755 2975 1864 3038 ubi

318 3073 513 3137 fuerit
568 3074 921 3139 mcundum
974 3076 1076 3141 sui
1128 3077 1541 3159 totalitatem,
1577 3079 1666 3144 ibi
1722 3102 1736 3146 :
1783 3084 1875 3149 Et

320 3183 542 3264 utique
586 3187 754 3250 totus
791 3183 1006 3250 eodem
1039 3191 1308 3269 tempore
1332 3194 1492 3269 erat,
1519 3193 1639 3255 etc.
1667 3189 1872 3280 Simi-

320 3289 466 3354 liter
493 3290 678 3355 tertia
702 3309 870 3374 parS,
892 3292 961 3356 in
985 3311 1117 3376 qua
1134 3294 1405 3378 inquirit
1431 3300 1652 3361 utrum
1674 3295 1873 3362 Filius

323 3396 608 3462 hominis
657 3399 1049 3466 descenderit
1097 3402 1176 3467 de
1228 3403 1409 3480 coelo,
1474 3404 1664 3469 habet
1712 3406 1875 3472 duas

328 3508 564 3586 partes,
594 3505 665 3568 in
698 3524 977 3589 quarum
1017 3509 1227 3591 prima
1252 3511 1671 3593 quaestionem
1699 3531 1874 3596 prae·

322 3609 558 3674 dictam
585 3610 1004 3692 determinat3
1040 3615 1108 3678 in
1139 3617 1416 3683 secunda
1444 3619 1874 3700 praedetermi·

322 3720 479 3780 nata
511 3716 579 3780 in
623 3719 805 3782 totali
844 3715 1022 3802 parte
1057 3721 1180 3786 ista
1223 3723 1522 3807 epilogat,
1551 3727 1638 3790 ibi
1671 3747 1689 3792 ι
1722 3728 1873 3794 Hoec

321 3822 403 3888 dc
434 3825 721 3907 corriqia
746 3826 1158 3896 calceamenti
1200 3829 1537 3914 dominici,
1561 3838 1680 3898 etc.
1717 3834 1874 3912 Quae

321 3931 585 4013 quidem
610 3950 758 4014 pars
783 3933 983 4000 dividi
1010 3937 1218 4021 potuit
1253 3944 1472 4004 contra
1507 3945 1707 4006 totam
1735 3960 1875 4025 par·

321 4041 453 4103 tem
500 4040 963 4130 prtecedentem
999 4065 1018 4123 ;
1070 4044 1179 4109 sed
1232 4046 1354 4109 sub
1402 4047 1542 4111 aliis
1590 4049 1874 4131 partibus

322 4145 783 4227 comprehensa
845 4148 965 4213 ruit
1023 4150 1103 4215 ad
1164 4151 1491 4217 vitandam
1546 4154 1874 4221 divisionis

324 4252 792 4319 confusionem.

994 4428 1133 4476 DUB.
1173 4430 1219 4477 1.
1273 4455 1276 4459 >

477 4533 588 4585 Lux
615 4547 752 4585 verm
777 4533 1041 4600 sapientire
1070 4537 1388 4591 illuminabat
1410 4539 1687 4591 infernum.
1719 4495 1725 4502 ·

404 4683 669 4750 Videtur
706 4686 830 4751 boc
866 4706 1004 4753 esse
1050 4689 1282 4754 falsum
1304 4737 1322 4769 ,
1353 4690 1534 4775 quia,
1564 4692 1729 4759 sicut
1757 4694 1871 4760 ob-

322 4793 591 4858 scuritas
620 4801 941 4878 repugnat
982 4798 1141 4862 coelo
1182 4817 1487 4884 empyreo
1503 4848 1523 4882 ,
1561 4802 1652 4867 sic
1683 4802 1875 4867 lumi·

323 4901 565 4967 nositas
591 4908 913 4986 repugnat
936 4906 1224 4972 inferno:
1256 4908 1424 4972 sicut
1447 4926 1606 4992 ergo
1632 4910 1872 4976 coelum

324 5024 707 5092 empyreum
754 5028 1095 5093 nunquam
1140 5014 1335 5079 habet
1384 5016 1713 5081 obscurari
1735 5065 1754 5094 ,
1783 5018 1874 5083 sic

324 5113 581 5180 videtur
606 5117 777 5200 quod
809 5117 1099 5184 infernus
1124 5140 1462 5206 nunquam
1484 5122 1717 5190 habeat
1731 5125 1874 5191 illu-

322 5221 585 5288 minari.
639 5223 812 5291 Item
882 5226 1167 5294 damnati
1234 5231 1596 5297 debuerunt
1654 5251 1872 5299 carere

323 5330 504 5394 omni
534 5332 992 5416 consolatione,
1033 5340 1099 5401 et
1134 5338 1420 5406 maxime
1444 5340 1873 5408 consolatione

321 5452 475 5520 quae
512 5442 609 5505 est
643 5440 713 5506 in
766 5444 1030 5526 aspectu
1074 5441 1237 5511 lucis
1281 5450 1544 5520 aeternae
1574 5469 1593 5516 t
1631 5467 1791 5535 ergo
1815 5448 1871 5515 si

3403 474 3525 538 457

1979 604 2102 672 lux
2144 605 2253 672 illa
2290 605 2632 691 corporalis
2660 622 2794 672 non
2823 609 2982 685 erat,
3012 606 3167 690 quia
3199 607 3338 673 sine
3379 624 3519 674 cor·

1979 730 2137 797 pore
2179 714 2263 779 ad
2302 713 2552 779 inferna
2594 714 2936 796 descendit,
2964 714 3073 779 sed
3100 714 3311 797 magis
3334 713 3521 798 spiri-

1978 820 2192 898 tualiS,
2211 820 2471 888 videtur
2494 821 2665 905 quod
2693 822 2760 885 in
2786 822 3039 888 inferno
3064 822 3370 889 irradiare
3387 840 3522 889 non

1978 929 2223 996 debeat.

2058 1039 2244 1122 Resp.
2259 1039 2609 1105 Dicendum
2624 1039 2795 1123 quod
2820 1056 3000 1105 secus
3026 1041 3121 1104 est
3146 1038 3223 1104 de
3250 1036 3517 1103 irradia-

1977 1146 2151 1211 tione
2188 1147 2350 1212 lucis
2392 1147 2769 1227 materialiS,
2811 1150 2875 1211 et
2917 1146 3079 1210 lucis
3119 1144 3467 1227 spiritualis
3498 1167 3517 1211 t

1978 1270 2133 1319 nam
2175 1253 2501 1319 irradiatio
2526 1253 2687 1319 lucis
2713 1253 3059 1318 materialis
3087 1254 3388 1317 immutat
3412 1253 3521 1318 vi·-

1978 1379 2123 1427 sum
2152 1361 2566 1441 naturaliter;
2596 1359 2919 1426 irradiatio
2949 1378 3103 1426 vero
3134 1360 3297 1425 lucis
3332 1360 3522 1444 spiri-

1977 1468 2170 1532 tualis
2188 1467 2490 1532 immutat
2514 1466 2899 1533 voluntarie.
2932 1465 3110 1532 Unde
3135 1467 3356 1533 nullus
3378 1486 3523 1532 eam

1978 1574 2173 1654 videt,
2203 1574 2327 1638 nisi
2355 1574 2461 1638 cui
2489 1591 2557 1638 se
2584 1574 2859 1638 ostendit
2881 1572 3262 1638 voluntarie.
3285 1573 3364 1639 Et
3380 1574 3522 1641 ideo

1979 1680 2095 1746 lux
2122 1682 2242 1745 ista
2268 1680 2596 1764 splendere
2622 1680 2855 1747 dicitur
2881 1682 2949 1745 in
2977 1681 3225 1746 inferno
3249 1686 3312 1747 et
3333 1683 3524 1747 infer-

1977 1805 2140 1853 num
2186 1788 2579 1853 illuminasse
2599 1835 2617 1867 ‚
2655 1788 2809 1871 quia
2851 1788 3098 1871 aliquos
3142 1787 3221 1852 de
3272 1788 3522 1854 inferno

1978 1890 2363 1970 irradiabat;
2426 1908 2561 1955 non
2614 1895 2832 1957 tamen
2885 1910 3110 1957 omnes
3126 1940 3173 1970 ,.
3203 1892 3354 1976 quia
3405 1909 3523 1956 nec

1978 2016 2204 2064 omnes
2232 1997 2486 2063 volebat
2520 1998 2904 2078 illuminare,
2930 2017 3049 2064 nec
3074 2017 3298 2065 omnes
3325 1999 3521 2064 habe-

1978 2099 2135 2172 bant
2181 2107 2400 2172 oculos
2459 2105 2988 2191 proportionales.
3032 2106 3131 2171 Ad
3166 2105 3325 2172 illud
3367 2122 3523 2170 vero

1979 2214 2151 2299 quod
2195 2214 2491 2297 obiicitur
2529 2214 2609 2279 de
2635 2214 2794 2280 coelo
2822 2231 3150 2299 empyreo,
3179 2211 3522 2278 dicendum

1979 2323 2152 2406 quod
2195 2340 2324 2406 non
2352 2325 2447 2386 est
2475 2321 2682 2386 simile
2713 2344 2728 2385 :
2768 2321 3072 2406 quamvis
3100 2320 3275 2386 enim
3302 2320 3385 2385 sit
3408 2320 3527 2384 bo·

1980 2446 2140 2493 num
2187 2428 2451 2493 omnino
2496 2427 2979 2511 impermixtum
3022 2427 3192 2491 malo
3214 2475 3233 2505 ,
3262 2444 3396 2490 non
3426 2430 3526 2490 ta-

1980 2557 2132 2604 men
2159 2542 2403 2622 oportet
2429 2538 2600 2622 quod
2622 2539 2704 2604 sit
2732 2539 2976 2604 malum
3004 2538 3270 2604 omnino
3292 2537 3523 2622 imper·

1981 2647 2263 2713 mixtum
2301 2647 2491 2711 bono.
2533 2646 2611 2711 Et
2650 2649 2985 2730 propterea
3029 2646 3289 2711 decebat
3315 2647 3522 2710 Deum

1981 2771 2112 2831 eoS,
2161 2753 2273 2836 qui
2313 2754 2498 2819 erant
2535 2752 2604 2816 in
2644 2752 2943 2833 tenebris,
2969 2750 3359 2831 illuminare,
3392 2769 3526 2816 non

1980 2867 2197 2927 tamen
2232 2878 2370 2940 eos,
2403 2860 2514 2943 qui
2553 2863 2737 2924 erant
2760 2859 2829 2923 in
2855 2858 3126 2939 lumine,
3155 2858 3520 2924 obscurare.

2618 3095 2758 3143 DUB.
2801 3095 2872 3141 11.

2291 3244 2474 3311 Utique
2502 3246 2640 3296 totus
2667 3243 2721 3293 in
2748 3242 2934 3294 eodem
2962 3244 3213 3308 tempore.

2061 3397 2195 3464 Hoc
2218 3399 2472 3464 videtur
2487 3394 2744 3477 falsum,
2764 3397 2919 3481 quia
2938 3401 3053 3463 aut
3078 3398 3222 3478 hoc,
3242 3398 3414 3481 quod
3432 3401 3528 3462 est

1981 3513 2149 3575 tolus
2164 3556 2185 3587 ,
2212 3509 2485 3573 refertur
2530 3506 2612 3572 ad
2654 3510 2952 3571 naturam
2968 3554 2986 3586 ,
3018 3509 3135 3570 aut
3191 3505 3272 3570 ad
3316 3523 3530 3589 perso-

1981 3632 2136 3679 nam
2173 3638 2188 3681 :
2221 3616 2302 3681 ad
2348 3619 2648 3681 naturam
2689 3633 2820 3679 non
2843 3662 2861 3692 ,
2893 3614 3047 3697 quia
3095 3613 3382 3679 Christus
3435 3632 3532 3678 se·

1981 3727 2268 3791 cundum
2309 3731 2508 3791 totam
2553 3728 2854 3791 naturam
2898 3743 3033 3790 non
3073 3728 3210 3790 erat
3240 3725 3433 3789 simul
3461 3725 3532 3790 in

1981 3834 2140 3899 coelo
2184 3839 2248 3898 et
2284 3834 2352 3899 in
2390 3833 2674 3912 infern03
2719 3834 2773 3897 si
2814 3832 2894 3897 ad
2932 3850 3290 3916 personam,
3322 3832 3530 3897 adhuc

1981 3943 2236 4006 videtur
2261 3941 2517 4021 falsum,
2549 3941 2701 4025 quia
2730 3959 2924 4025 supra
2946 3988 2963 4017 ,
2991 3940 3138 4005 dist.
3171 3958 3262 4017 vx,
3289 3940 3531 4004 dictum

1982 4050 2274 4134 estquod
2308 4067 2580 4133 persona
2604 4047 2832 4115 Christi
2861 4047 3265 4130 componitur
3290 4065 3374 4112 ex
3408 4045 3531 4111 tri-

1981 4159 2104 4223 bus
2137 4156 2505 4221 substantiis
2534 4159 2597 4222 et
2624 4155 2877 4221 duabus
2906 4155 3178 4235 naturis,
3213 4159 3275 4219 et
3297 4157 3393 4220 est
3422 4152 3533 4219 illa

1982 4264 2354 4347 compositio
2423 4263 2883 4348 inexplicabilis
2934 4281 2953 4327 :
3009 4279 3167 4343 ergo
3238 4262 3293 4326 si
3358 4263 3532 4326 totus

1982 4369 2268 4437 Christus
2301 4375 2438 4437 erat
2473 4371 2545 4436 in
2570 4370 2742 4436 coelo
2769 4370 2928 4435 etin
2960 4369 3245 4446 inferno,
3272 4367 3533 4434 videtur

1981 4481 2155 4564 quod
2193 4479 2321 4545 illae
2348 4479 2494 4545 duae
2522 4482 2773 4544 naturae
2804 4478 2997 4542 simul
3026 4480 3235 4542 essent
3272 4475 3341 4540 in
3370 4475 3531 4540 coelo

1981 4591 2045 4653 et
2094 4589 2161 4653 in
2183 4569 2432 4652 inferno
2465 4606 2484 4653 t
2515 4585 2685 4670 quod
2704 4584 2935 4650 falsum
2949 4587 3044 4649 est
3061 4587 3126 4648 et
3148 4582 3528 4649 absurdum.

1982 4697 2141 4761 Item
2177 4720 2192 4762 :
2225 4695 2657 4760 Differentiam
2683 4692 2982 4759 convenit
3007 4689 3324 4772 assignari
3358 4690 3527 4754 inter

1981 4804 2104 4869 hoc
2132 4802 2418 4885 signum,
2449 4801 2663 4870 Omne.
2697 4804 2762 4865 et
2780 4799 2903 4864 hoc
2946 4797 3247 4879 signum,
3282 4795 3529 4874 Totum,

1981 4911 2136 4994 quia
2181 4925 2361 4977 omne
2405 4906 2725 4972 distribuit
2760 4923 2875 4989 pro
2904 4902 3197 4988 partibus
3222 4902 3534 4986 subjecti-

1980 5019 2105 5098 vis,
2136 5022 2202 5082 et
2221 5023 2419 5085 totum
2443 5035 2560 5100 pro
2583 5013 2870 5098 partibus
2889 5012 3309 5094 integralibus
3334 5034 3349 5076 ε
3373 5028 3533 5092 ergo

1982 5126 2038 5189 si
2078 5125 2364 5190 Christus
2422 5141 2558 5188 non
2598 5121 2874 5186 habebat
2922 5123 3134 5204 partes
3184 5119 3533 5201 integrales

1981 5235 2105 5300 nisi
2132 5233 2485 5299 secundum
2513 5232 2872 5298 humanam
2897 5232 3219 5307 naturam,
3254 5244 3403 5292 cum
3431 5225 3532 5290 di-

1982 5343 2149 5408 citur
2171 5341 2344 5425 quod
2374 5343 2549 5406 totus
2587 5337 2874 5404 Christus
2910 5337 3036 5402 fuit
3077 5337 3147 5400 in
3175 5334 3334 5401 coelo
3372 5337 3437 5400 et
3460 5334 3531 5399 in

1981 5449 2232 5517 inierno
2250 5497 2273 5532 ,
2321 5448 2687 5534 implicatur
2734 5447 2858 5513 hoc
2902 5444 2983 5512 de
3022 5443 3267 5510 Christo
3293 5459 3532 5511 secun-
