4185 6288
732 424 853 487 656

731 563 1009 633 nostros;
1034 556 1165 619 imo
1186 554 1397 635 magis
1417 552 1627 633 diligit
1644 557 1891 617 nostros
1917 556 2266 636 proximos,

729 664 783 728 si
827 665 957 729 sint
999 663 1289 727 meliores
1332 661 1517 753 nobis
1553 678 1763 741 :ergo
1805 662 2063 726 videtur
2099 662 2271 743 quod

728 773 1081 837 secundum
1106 771 1396 835 ordinem
1423 769 1748 832 charitatis
1775 768 1919 851 plus
1950 769 2148 834 debeo
2172 771 2266 835 di·

729 879 930 960 ligere
975 878 1346 960 proximum
1374 925 1391 954 ‚
1435 893 1632 957 quam
1677 894 1782 938 me
1823 877 2056 957 ipsum.
2090 876 2156 941 Si
2198 882 2271 941 tu

728 987 898 1050 dicas
940 986 1112 1068 quod
1138 984 1304 1048 Deus
1330 1001 1459 1047 non
1487 983 1661 1060 vult,
1692 984 1864 1064 quod
1912 985 2269 1048 conforme·

730 1109 877 1153 mus
907 1090 1305 1154 voluntatem
1346 1091 1630 1153 nostram
1664 1088 1780 1152 sibi
1819 1089 1886 1151 in
1915 1089 2037 1153 hoc
2058 1138 2076 1168 ,
2107 1090 2272 1172 obji-

728 1199 893 1262 citur
920 1202 1141 1261 contra
1176 1197 1327 1273 hoc,
1358 1195 1528 1277 quod
1567 1195 1734 1259 Deus
1760 1195 1904 1259 vult
1940 1196 2112 1278 quod
2154 1212 2273 1259 nos

730 1305 939 1386 magis
970 1303 1398 1367 desideremus
1442 1301 1751 1365 honorem
1796 1319 1989 1365 suum
2016 1349 2036 1380 ‚
2072 1320 2271 1383 quam

727 1410 1137 1475 commodum
1170 1409 1500 1491 proprium
1527 1408 1708 1471 :vult
1731 1409 1921 1472 etiam
1948 1410 2119 1491 quod
2144 1427 2273 1471 ma-

727 1520 831 1599 gis
857 1535 1151 1581 amemus
1174 1520 1236 1579 et
1262 1517 1692 1598 appretiemur
1719 1514 1876 1578 illud
1893 1562 1912 1591 ,
1945 1515 2118 1597 quod
2143 1532 2273 1579 ma·

729 1627 831 1707 gis
854 1631 950 1689 est
967 1624 1317 1689 amandum
1334 1626 1398 1686 et
1415 1622 1902 1704 appretiandum
1924 1642 1940 1684 :
1968 1622 2076 1686 sed
2101 1622 2273 1686 salus

727 1735 989 1795 centum
1027 1731 1392 1794 animarum
1429 1729 1641 1809 magis
1677 1729 1824 1792 facit
1850 1729 1930 1793 ad
1959 1728 2272 1793 honorem

729 1838 876 1917 Dei,
907 1841 973 1902 et
996 1836 1210 1917 magis
1246 1835 1657 1918 appretianda
1699 1840 1827 1913 est,
1858 1852 2056 1916 quam
2102 1835 2274 1900 salus

727 1946 920 2008 unius
947 1945 1182 2008 animae
1214 1961 1230 2006 ε
1261 1943 1314 2005 si
1356 1959 1515 2022 ergo
1546 1943 1807 2006 nomine
1848 1943 2126 2024 proximi
2165 1942 2272 2004 in-

727 2051 1039 2131 telligitur
1065 2049 1273 2114 omnis
1315 2048 1543 2128 hom0‚
1573 2048 1832 2112 videtur
1872 2048 2044 2130 quod
2090 2066 2273 2112 amor

728 2159 1008 2241 proximi
1036 2157 1502 2240 praeponendus
1541 2156 1624 2220 sit
1653 2157 1857 2220 amori
1894 2157 2019 2220 sui.
2049 2155 2130 2220 Et
2153 2155 2273 2221 hoc

727 2267 1146 2329 confirmatur
1184 2283 1297 2346 per
1342 2264 1498 2327 illud
1543 2264 1718 2345 quod
1757 2263 1908 2328 dicit
1934 2263 2275 2345 Apostolus

728 2372 808 2437 ad
829 2372 1148 2436 Romanos
1171 2373 1190 2407 ¹
1228 2393 1243 2433 :
1286 2369 1596 2452 Optabam
1620 2372 1792 2436 enim
1816 2386 1925 2452 eqo
1953 2373 2089 2451 ipse
2119 2387 2273 2437 ana·

728 2479 942 2545 thema
968 2494 1096 2544 esse
1120 2495 1163 2543 a
1194 2478 1436 2543 Christo
1463 2492 1577 2559 pro
1602 2477 1918 2557 fratribus
1945 2478 2131 2554 mei-9,
2158 2477 2276 2557 qm·

727 2593 881 2652 sunt
936 2585 1194 2667 coqnau‘
1245 2585 1373 2649 mei
1419 2583 1765 2650 secundum
1810 2599 2069 2649 carnem
2091 2631 2111 2659 ,
2159 2584 2276 2664 qui

731 2700 924 2765 sunt.
960 2697 1082 2756 etc.

1284 2818 1712 2906 CONCLUSlO.

728 3000 896 3055 Amor
915 2998 1110 3054 salutis
1125 2999 1366 3069 proprioe
1379 2993 1747 3067 proeserendus
1774 2997 1851 3049 est
1876 2995 2052 3049 amori
2077 2993 2277 3048 salutis

800 3089 1042 3161 pro-rimi
1062 3127 1082 3157 ‚
1128 3083 1566 3158 quemadmodum
1613 3086 1779 3138 etiam
1818 3083 2095 3138 naturalis
2128 3084 2275 3137 ratio

798 3179 992 3234 dictat.

811 3340 997 3422 Resp.
1032 3339 1110 3403 ad
1139 3356 1284 3418 arg.
1322 3335 1671 3400 Dicendum
1706 3333 1880 3415 quod
1921 3333 2274 3397 secundum

730 3448 1020 3512 ordinem
1080 3443 1407 3509 charitatis
1463 3460 1646 3506 amor
1700 3440 1925 3505 salutis
1995 3440 2272 3523 propriae

730 3552 1199 3637 praeponendus
1235 3556 1332 3616 est
1360 3549 1564 3614 amori
1611 3548 1833 3612 salutis
1877 3547 2102 3612 alienae
2121 3596 2140 3626 ,
2167 3565 2273 3611 se-

731 3661 1016 3723 eundum
1075 3659 1248 3740 quod
1298 3657 1702 3723 auctoritates
1745 3654 2125 3719 Sanctorum
2169 3654 2274 3717 in·

729 3771 944 3830 nuunt
974 3766 1338 3843 manileste,
1367 3770 1431 3829 et
1466 3764 1818 3827 secundum
1863 3762 2056 3825 etiam
2099 3762 2273 3844 quod

730 3878 1036 3937 consonat
1068 3876 1134 3935 et
1160 3872 1353 3934 dictat
1383 3870 1705 3952 judicium
1744 3868 2009 3933 rationis
2034 3873 2227 3933 rectae
2249 3917 2270 3949 ‚

731 3986 795 4044 et
820 3980 1158 4043 instinctus
1180 3982 1453 4042 naturae.
1481 3975 1660 4040 Ratio
1679 3978 1894 4039 autem
1913 3976 2114 4059 hujus
2139 3984 2267 4040 est:

730 4088 1037 4170 quoniam
1059 4083 1569 4167 unumquodque
1596 4081 1739 4165 plus
1765 4083 2003 4165 appetit
2031 4083 2272 4164 perfec-

732 4195 970 4257 tionem
1012 4193 1083 4255 in
1127 4192 1368 4273 seipso,
1405 4206 1603 4272 quam
1646 4188 1716 4252 in
1764 4207 1883 4253 suo
1928 4189 2125 4252 simili
2159 4210 2173 4253 ε
2210 4195 2274 4255 et

729 4300 1060 4383 quodlibet
1090 4298 1339 4381 pondus
1363 4295 1508 4378 plus
1533 4294 1733 4360 trahit
1757 4312 1987 4376 corpus
2003 4342 2021 4372 ‚
2043 4295 2113 4358 in
2140 4313 2272 4378 quo

729 4413 823 4471 est
845 4455 865 4486 ‚
907 4407 988 4469 ad
1038 4407 1233 4468 situm
1280 4402 1404 4466 sibi
1448 4401 1764 4481 debitum,
1813 4420 2011 4484 quam
2060 4403 2274 4467 trahat

728 4513 904 4579 aliud
941 4530 1171 4594 corpus
1212 4510 1332 4573 sibi
1360 4526 1690 4573 annexum
1721 4526 1738 4571 ε
1770 4508 1921 4572 hinc
1965 4513 2060 4572 est
2098 4510 2271 4592 quod

728 4624 1003 4688 charitas
1053 4639 1168 4704 per
1219 4620 1399 4703 prius
1460 4617 1773 4682 desiderat
1823 4615 2023 4681 Deum
2084 4617 2272 4682 nobis

729 4730 946 4808 uniri,
976 4728 1132 4792 etin
1165 4727 1347 4789 nobis
1382 4724 1700 4798 habitare,
1730 4726 1796 4786 et
1819 4741 1936 4786 nos
1961 4724 2029 4786 in
2058 4724 2272 4807 ipsum

728 4839 932 4902 Deum
965 4836 1221 4901 tendere
1241 4882 1259 4912 ,
1299 4838 1363 4897 et
1399 4833 1467 4895 in
1507 4830 1643 4914 ipso
1679 4830 2005 4912 quiescere
2021 4880 2042 4910 ,
2071 4851 2268 4915 quam

729 4950 986 5031 appetat
1012 4946 1080 5009 in
1122 4945 1336 5027 aliquo
1368 4942 1494 5006 alio
1524 4940 1637 5023 qui
1679 4941 2012 5006 nobiscum
2038 4942 2272 5008 habeat

728 5055 1011 5138 aliquam
1073 5051 1574 5116 similitudinem.
1639 5048 2066 5115 Concedendae
2119 5057 2272 5117 sunt

727 5164 934 5244 igitur
960 5164 1236 5228 rationes
1262 5160 1661 5225 ostendentes
1681 5207 1699 5237 ‚
1752 5161 1924 5241 quod
1953 5160 2023 5225 in
2046 5162 2269 5228 ordine

728 5270 1054 5335 charitatis
1112 5269 1450 5353 praefertur
1498 5266 1750 5331 dilectio
1797 5267 1902 5330 sui
1948 5268 2270 5334 dilectioni

792 5396 811 5431 ¹
837 5396 991 5459 Rom„
1022 5407 1096 5457 ix,
1124 5397 1152 5443 8
1171 5398 1224 5444 et
1247 5407 1355 5458 neq.
1378 5394 1477 5432 -2
1499 5391 1712 5458 Philip„
1735 5404 1755 5443 1
1773 5428 1791 5456 ,
1821 5395 1899 5444 23.

1855 416 2477 484 SENTENTlAntm
2519 417 2667 482 Lm.
2707 417 2814 483 m.

2381 554 2580 635 ipsius
2606 551 2905 636 proximi.
2940 549 3018 616 Et
3057 550 3257 635 hujus
3298 549 3567 632 signum
3602 554 3744 629 est,
3771 551 3912 632 qnia

2381 660 2470 723 illi
2499 660 3056 742 reprehenduntur
3082 661 3147 721 et
3173 657 3347 722 stulti
3373 661 3782 739 reputantur,
3808 659 3916 741 qni

2380 768 2652 831 salutem
2694 767 3016 850 propriam
3043 764 3427 846 negligunt,
3464 770 3538 828 ut
3578 768 3919 846 procurent

2379 874 2675 938 alienam.
2708 874 2919 955 Ilujus
2956 873 3147 936 etiam
3190 871 3459 951 signum
3503 876 3635 946 oet,
3679 871 3835 953 quia
3867 871 3919 934 si

2380 964 2576 1045 horno
2604 999 2687 1044 ex
2733 980 3037 1044 charitate
3083 978 3338 1043 deberet
3376 977 3649 1058 diligere
3694 978 3920 1059 proxi-

2380 1105 2565 1151 mum
2606 1091 2921 1169 quantum
2967 1085 3280 1167 seipsum,
3310 1084 3399 1148 ita
3425 1084 3600 1167 quod
3640 1089 3807 1149 esset
3832 1085 3919 1149 ibi

2379 1195 2748 1259 omnimoda
2799 1194 3161 1276 aequalitas,
3194 1194 3334 1274 jam
3380 1192 3541 1256 duos
3594 1192 3919 1275 proximos

2379 1300 2636 1365 deberet
2677 1301 2943 1381 diligere
2988 1301 3056 1362 in
3097 1298 3323 1381 duplo,
3352 1316 3551 1380 quam
3594 1298 3914 1380 seipsum,

2380 1413 2444 1471 et
2470 1413 2596 1471 tres
2625 1409 2691 1471 in
2718 1408 2906 1490 triplo
2926 1455 2945 1482 ‚
2975 1410 3040 1470 et
3067 1406 3159 1469 sic
3184 1406 3452 1469 ulterius
3477 1405 3912 1471 ascendendo:

2379 1515 2550 1599 quod
2595 1517 2663 1580 in
2705 1517 2882 1580 nullo
2924 1515 3199 1579 habente
3242 1514 3620 1578 charitatem
3654 1514 3916 1597 reperiri

2380 1623 2736 1704 contingit,
2765 1627 3363 1706 quantumcumque
3391 1622 3694 1703 perfecto.

2463 1737 2522 1795 ¹.
2554 1730 2655 1795 Ad
2697 1731 2853 1794 illud
2896 1729 3070 1812 quod
3109 1729 3319 1812 primo
3358 1729 3663 1810 objicitur
3689 1776 3708 1806 ‚
3752 1729 3918 1811 quod

2381 1839 2655 1902 charitas
2700 1856 2831 1901 non
2873 1837 3106 1920 quaerit
3142 1852 3293 1918 quae
3334 1855 3453 1899 sua
3481 1839 3677 1914 sunt,
3707 1836 3919 1901 dicen-

2381 1945 2537 2009 dum
2581 1944 2754 2026 quod
2783 1959 2973 2009 suum
3008 1944 3176 2007 idem
3220 1946 3317 2006 est
3345 1942 3515 2025 quod
3535 1947 3919 2026 proprium.-

2380 2051 2719 2134 proprium
2742 2054 2959 2114 autem
2981 2066 3270 2131 quaerere
3286 2048 3410 2113 hoc
3424 2055 3521 2113 est
3541 2049 3913 2132 dupliciter:

2382 2177 2516 2223 uno
2533 2158 2745 2236 modo,
2763 2161 2955 2239 prout
2969 2157 3307 2238 proprium
3337 2155 3567 2220 dicitur
3592 2175 3746 2221 cum
3771 2174 3923 2239 prae·

2382 2264 2643 2341 cisione,
2668 2269 2733 2328 et
2756 2265 2847 2326 sic
2868 2263 3150 2328 excludit
3174 2264 3419 2328 bonum
3444 2280 3793 2328 commune
3810 2311 3834 2341 ‚
3856 2267 3916 2327 et

2382 2373 2451 2436 in
2481 2372 2590 2436 illo
2624 2371 2815 2435 modo
2857 2376 3038 2435 sonat
3081 2371 3150 2433 in
3181 2371 3412 2435 vitium
3432 2418 3451 2447 ,
3481 2375 3546 2434 et
3571 2371 3922 2435 secundum

2382 2480 2567 2543 istam
2608 2479 3040 2560 acceptionem
3084 2478 3416 2540 consuevit
3457 2476 3581 2541 dici
3598 2525 3617 2553 ,
3648 2479 3825 2560 quod
3848 2479 3917 2542 li·

2383 2587 2533 2652 bido
2561 2591 2657 2650 est
2693 2604 2877 2650 amor
2902 2585 3055 2650 boni
3086 2585 3328 2667 proprii
3358 2607 3373 2646 :
3406 2589 3470 2648 et
3496 2591 3824 2667 quantum
3850 2585 3921 2650 ad

2383 2696 2558 2758 hunc
2585 2694 2847 2758 modum
2876 2693 3026 2757 dicit
3050 2692 3390 2775 Apostolus
3432 2687 3609 2774 quo'd
3655 2692 3923 2758 charitas

2384 2821 2515 2866 non
2540 2803 2773 2884 quaerit
2799 2820 2946 2884 quse
2971 2818 3090 2864 sua
3115 2804 3285 2864 sunt.
3302 2799 3445 2864 Alio
3474 2800 3670 2864 modo
3693 2801 3922 2865 dicitur

2383 2909 2612 2974 bonum
2621 2910 2978 2991 proprium,
2994 2908 3241 2971 bonum
3257 2907 3433 2989 quod
3442 2908 3720 2990 pertinet
3731 2909 3814 2974 ad
3826 2928 3917 2987 se,

2383 3017 2471 3080 ita
2491 3018 2663 3100 quod
2690 3017 2760 3080 in
2787 3017 3074 3099 appetitu
3104 3014 3275 3078 illius
3300 3015 3452 3078 boni
3480 3015 3787 3080 voluntas
3813 3035 3921 3080 nec

2383 3128 2708 3206 repugnat
2746 3123 2983 3188 divinae
3014 3121 3359 3202 voluntati,
3391 3140 3512 3187 nec
3556 3122 3922 3206 praejudicat

2382 3232 2712 3296 communi
2740 3231 3000 3295 utilitati
3018 3279 3035 3309 ‚
3062 3230 3227 3294 sicut
3244 3236 3340 3294 est
3358 3231 3680 3313 appetitus
3705 3230 3921 3295 salutis

2382 3343 2659 3424 propriae
2684 3344 2787 3404 :et
2812 3340 2933 3403 isto
2958 3338 3148 3402 modo
3174 3335 3383 3419 diligit
3408 3338 3554 3420 quis
3576 3357 3649 3404 se
3673 3356 3760 3403 ex
3781 3338 3919 3404 cha·

2382 3447 2569 3512 ritate
2601 3469 2617 3511 :
2651 3450 2715 3511 et
2740 3446 2833 3509 sic
2859 3444 3218 3528 accipiendo
3245 3463 3376 3508 non
3414 3448 3617 3525 negat
3646 3445 3915 3526 Aposto-

2380 3555 2484 3619 lus
2513 3554 2672 3637 quin
2698 3554 2893 3619 homo
2929 3570 3044 3635 per
3068 3552 3438 3617 charitatem
3485 3550 3712 3614 debeat
3751 3549 3918 3633 quod

2383 3680 2576 3726 suum
2598 3666 2691 3726 est
2711 3678 3022 3743 quaerere,
3050 3678 3200 3724 cum
3224 3659 3490 3740 ipsemet
3508 3666 3767 3740 cuperet
3790 3656 3918 3723 dis-

2382 3769 2586 3850 solvi‚·
2615 3775 2675 3835 et
2703 3784 2835 3834 esse
2858 3784 3004 3834 cum
3036 3768 3312 3844 Christo,
3347 3766 3510 3830 sicut
3535 3765 3774 3831 dicitur
3793 3767 3841 3830 ¹.

2460 3882 2523 3941 2.
2556 3876 2654 3941 Ad
2698 3875 2856 3939 illud
2900 3874 3072 3957 quod
3109 3873 3407 3955 objicitur
3425 3919 3442 3948 ‚
3476 3872 3653 3955 quod
3690 3890 3914 3936 secun·

2381 3983 2540 4049 dum
2564 3983 2861 4048 divinum
2901 3981 3278 4045 mandatum
3320 3980 3504 4044 debet
3545 3979 3750 4043 homo
3774 3979 3915 4043 dili·

2384 4109 2538 4173 gere
2587 4091 2958 4174 proximum
3006 4089 3172 4153 sicut
3215 4088 3497 4170 seipsum
3518 4134 3539 4165 ‚
3580 4085 3918 4151 dicendum

2382 4197 2554 4280 quod
2569 4198 2738 4263 sicut
2758 4213 2890 4259 non
2911 4200 3006 4259 est
3027 4199 3179 4259 nota
3194 4195 3486 4277 perfectae
3509 4193 3915 4275 aequalitatis,

2381 4304 2518 4367 sive
2546 4301 3210 4379 commensurationis3
3242 4300 3350 4365 sed
3386 4318 3705 4382 expressae
3742 4299 3921 4364 simi·

2381 4412 2688 4491 litudiniS,
2715 4429 2863 4494 quae
2889 4412 2960 4474 in
2982 4412 3104 4475 hoc
3124 4411 3496 4488 attenditur,
3524 4409 3702 4492 quod
3728 4410 3922 4475 homo

2381 4519 2569 4585 debet
2594 4520 2864 4601 diligere
2904 4519 3285 4602 proximum
3318 4518 3400 4581 ad
3438 4517 3599 4581 illud
3632 4517 3917 4595 bonum,

2380 4628 2462 4691 ad
2514 4626 2687 4707 quod
2728 4625 2945 4708 diligit
2995 4626 3275 4708 seipsum
3300 4671 3318 4697 ,
3357 4628 3421 4688 et
3466 4628 3613 4706 post
3652 4623 3922 4690 salutem

2380 4734 2703 4817 propriam
2731 4733 2894 4797 nihil
2920 4736 3171 4796 tantum
3204 4731 3390 4795 debet
3413 4729 3774 4796 desiderare
3790 4780 3810 4810 ‚
3838 4732 3923 4794 si-

2381 4847 2492 4906 cut
2511 4841 2782 4907 salutem
2810 4840 3087 4905 alienam
3109 4859 3126 4903 z
3152 4843 3216 4902 et
3233 4838 3375 4902 ideo
3402 4856 3536 4902 non
3565 4838 3739 4903 valet
3764 4837 3923 4903 illud

2379 4950 2551 5031 quod
2578 4948 2900 5031 objicitur,
2924 4947 3097 5029 quod
3123 4945 3416 5010 similiter
3456 4943 3644 5009 debet
3685 4943 3810 5008 dici
3852 4944 3922 5007 in

2381 5056 2679 5121 mandato
2706 5055 2814 5120 illo
2832 5103 2849 5134 ,
2879 5054 3051 5137 quod
3077 5053 3303 5135 diligat
3330 5051 3733 5135 proximum,
3755 5050 3922 5116 sicut

2381 5163 2609 5229 Deum.

2464 5277 2525 5335 3.
2566 5270 2666 5334 Ad
2690 5268 2846 5333 illud
2886 5267 3060 5351 quod
3102 5266 3402 5348 objicitur
3430 5265 3510 5330 de
3543 5264 3925 5330 auctoritate

2382 5376 2705 5459 Gregorii,
2732 5375 2905 5459 quod
2936 5374 3210 5440 charitas
3258 5372 3468 5457 magis
3505 5372 3762 5457 proprie
3807 5392 3929 5445 or-1
