4185 6288
747 391 870 457 528

749 527 834 591 cit
858 531 1078 592 tamen
1105 526 1186 591 ad
1214 526 1523 608 majorem
1547 528 1728 590 actus
1752 526 1899 592 fidei
1925 527 2293 611 puritatem.

754 634 984 700 Purius
1027 633 1202 699 enim
1249 633 1513 717 apostoli
1562 635 1720 698 moti
1757 640 1909 701 sunt
1942 639 2122 699 motu
2149 634 2299 700 fidei

752 746 816 807 et
840 748 1021 808 motu
1074 742 1426 807 dilectionis
1476 743 1541 804 in
1588 742 1911 807 Christum
1959 747 2103 826 post
2157 745 2299 824 ejus

753 867 1089 913 ascensum
1114 895 1134 928 ,
1190 846 1295 914 vel
1345 849 1707 914 abscessum
1728 897 1745 928 ,
1803 867 1999 931 quam
2040 850 2109 913 in
2158 851 2301 931 ejus

752 957 1114 1040 praesentia.
1184 954 1262 1020 Et
1310 953 1618 1020 Dominus
1671 956 1887 1037 magis
1939 954 2159 1020 laudat
2211 956 2298 1018 fl-

751 1063 899 1129 dem
955 1081 1182 1129 eorum
1204 1068 1222 1103 ¹
1260 1111 1278 1143 ,
1327 1064 1445 1145 qui
1482 1079 1612 1130 non
1646 1062 1973 1142 viderunt,
2003 1069 2064 1129 et
2090 1062 2298 1130 credi-

751 1167 1007 1249 derunt,
1054 1188 1253 1253 quam
1298 1170 1489 1234 fldem
1530 1170 1814 1235 Thomae.
1860 1169 1937 1233 Et
1971 1168 2042 1233 B.
2077 1167 2303 1234 Petrus

753 1277 823 1341 in
861 1261 1071 1360 prima
1110 1277 1445 1353 canonica,
1474 1297 1615 1361 cap.
1644 1297 1713 1355 V,
1743 1277 2148 1343 commendat
2166 1296 2295 1354 eos,

753 1384 864 1467 qui
914 1384 1234 1449 Christum
1288 1403 1418 1448 non
1466 1385 1810 1465 viderunt,
1840 1389 1906 1449 et
1961 1387 2178 1449 tamen
2231 1385 2301 1447 in

754 1509 908 1556 eum
956 1492 1382 1556 crediderunt.
1416 1490 1494 1556 Et
1520 1494 1643 1557 hoc
1669 1497 1764 1556 est
1799 1493 1969 1577 quod
2015 1493 2157 1559 vult
2191 1492 2302 1557 illa

755 1597 971 1664 Glossa
1004 1598 1210 1663 dicere
1229 1646 1251 1678 ,
1285 1599 1454 1681 quod
1486 1598 1734 1666 Domini
1762 1599 2049 1664 absentia
2075 1617 2299 1683 eorpo-

755 1705 906 1769 ralis
948 1705 1183 1769 faceret
1221 1704 1300 1770 ad
1348 1705 1493 1770 fidei
1550 1707 2018 1788 promotionem
2050 1728 2067 1771 ε
2109 1711 2173 1771 et
2219 1724 2303 1770 ex

757 1810 880 1875 hoc
919 1829 1054 1876 non
1097 1812 1388 1894 sequitur
1414 1813 1589 1896 quod
1616 1814 1961 1896 corporalis
1987 1813 2153 1878 visio
2181 1813 2303 1878 tol-

756 1918 846 1983 lat
872 1918 1077 2002 ipsam
1100 1920 1316 1986 fldem.

838 2031 900 2090 2.
935 2026 1033 2091 Ad
1060 2027 1219 2091 illud
1244 2028 1413 2110 quod
1441 2027 1653 2109 primo
1679 2028 1974 2110 objicitur
1990 2028 2068 2091 de
2087 2032 2304 2093 aucto·

759 2132 943 2197 ritate
969 2133 1317 2215 Augustini
1347 2137 1413 2197 et
1439 2132 1749 2215 Gregorii,
1772 2134 2116 2198 dicendum
2130 2133 2303 2216 quod

759 2242 958 2308 verba
1008 2241 1362 2323 Augustini
1406 2246 1471 2305 et
1511 2240 1801 2323 Gregorii
1851 2246 2003 2305 sunt
2063 2241 2298 2306 intelli-

760 2347 972 2429 genda
1010 2366 1124 2431 per
1153 2367 1267 2414 se:
1297 2348 1472 2431 quod
1507 2349 1682 2413 enim
1716 2348 1949 2414 dicitur
1980 2348 2138 2414 fides
2163 2367 2301 2416 esse

759 2454 837 2520 de
864 2473 995 2519 non
1026 2455 1479 2538 apparentibus
1515 2459 1579 2519 et
1615 2473 1748 2520 non
1774 2456 1930 2520 visis
1947 2504 1966 2534 ‚
1996 2455 2121 2519 hoc
2146 2455 2302 2521 dici-

760 2568 888 2643 tur,
919 2563 1072 2645 quia
1097 2562 1254 2627 fides
1280 2563 1360 2627 de
1381 2562 1505 2625 illis
1521 2563 1614 2626 est
1639 2562 1995 2627 secundum
2023 2580 2167 2627 eam
2193 2580 2304 2627 na·

759 2675 997 2751 turam,
1027 2671 1377 2736 seeundum
1401 2688 1597 2753 quam
1616 2687 1746 2735 non
1773 2676 2105 2754 apparent,
2138 2674 2202 2736 et
2227 2688 2304 2735 eo

757 2779 896 2863 ipso
921 2782 1016 2843 est
1040 2778 1119 2844 de
1145 2776 1296 2860 ipsis
1325 2795 1475 2860 quae
1503 2795 1630 2840 non
1658 2781 1990 2859 apparent,
2008 2777 2167 2861 quia
2191 2795 2299 2842 se·

758 2885 1046 2949 eundum
1088 2882 1329 2967 aliquid
1357 2884 1459 2946 sui
1486 2883 1684 2947 latent
1717 2900 1736 2947 ε
1772 2885 1882 2949 sed
1910 2902 1991 2948 ex
2018 2884 2143 2949 hoe
2173 2902 2304 2949 non

759 2990 1150 3069 excluditur,
1187 2989 1350 3072 quin
1383 2990 1565 3072 quasi
1606 3008 1720 3072 per
1756 2991 2045 3055 accidens
2085 2996 2150 3056 et
2192 3009 2305 3074 per

760 3097 1318 3164 concomitantiam
1343 3102 1551 3181 posset
1576 3097 1721 3179 dici,
1751 3098 1923 3181 quod
1945 3098 2104 3165 fides
2128 3098 2211 3163 sit
2225 3099 2304 3165 de

759 3205 1082 3289 aliquibus
1103 3222 1250 3287 quae
1276 3211 1606 3288 apparent,
1637 3224 1754 3289 pro
1781 3225 1857 3271 eo
1889 3208 2062 3289 quod
2090 3224 2305 3271 unum

760 3318 825 3378 et
856 3312 1048 3392 idem,
1087 3312 1250 3377 sicut
1273 3313 1454 3396 prius
1480 3316 1807 3378 ostensum
1836 3317 1953 3393 est,
1983 3318 2190 3395 potest
2214 3314 2301 3378 si·

760 3419 899 3485 mul
926 3437 1256 3502 apparere,
1286 3424 1350 3484 et
1374 3419 1592 3486 latere.

838 3531 902 3591 3.
931 3526 1028 3591 Ad
1060 3525 1218 3590 illud
1243 3526 1415 3609 quod
1441 3526 1765 3608 oincitur,
1795 3526 1967 3610 quod
2001 3526 2165 3592 visio
2188 3545 2305 3610 pa-

760 3633 902 3697 triae
937 3618 1099 3696 tollit
1136 3631 1333 3697 fldem
1365 3631 1740 3712 divinitatis,
1766 3633 2110 3699 dicendum
2133 3634 2305 3718 quod

759 3759 893 3805 non
916 3744 1012 3804 est
1046 3739 1275 3818 simile,
1302 3759 1420 3823 pro
1446 3759 1523 3805 eo
1552 3740 1722 3825 quod
1747 3742 1910 3807 visio
1937 3742 2161 3825 patriae
2188 3759 2305 3807 ex-

760 3846 958 3913 cludit
990 3866 1183 3912 omne
1231 3849 1536 3931 aenigma,
1568 3854 1631 3913 et
1673 3850 1879 3915 aufert
1917 3867 2178 3914 omnem
2207 3849 2305 3913 la·
2340 3873 2357 3901 ο

757 3955 1023 4019 tentiam
1055 3977 1072 4019 ε
1103 3973 1238 4021 non
1272 3956 1361 4021 sic
1397 3956 1558 4021 visio
1583 3957 1708 4023 viae
1741 3979 1756 4022 ε
1788 3959 2083 4041 quamvis
2126 3958 2304 4022 enim

756 4062 1047 4128 Christus
1103 4066 1437 4146 appareret
1491 4067 1810 4146 quantum
1853 4062 1934 4127 ad
1999 4066 2305 4128 naturam

754 4168 1141 4249 humanam,
1172 4169 1408 4235 latebat
1451 4173 1667 4236 tamen
1696 4172 2016 4253 quantum
2043 4169 2123 4234 ad
2149 4187 2303 4254 per·

754 4295 1003 4343 sonam.
1044 4275 1225 4343 Unde
1239 4324 1257 4355 ,
1302 4276 1550 4343 Christo
1603 4277 2059 4358 demonstrato,
2104 4276 2303 4341 istum

754 4385 886 4471 pati
929 4387 1066 4451 erat
1113 4383 1330 4450 visum
1388 4388 1453 4449 et
1517 4384 1832 4449 credItum
1860 4402 1879 4448 z
1909 4383 2127 4448 visum
2152 4429 2173 4462 ‚
2235 4384 2304 4448 in

754 4495 1072 4576 quantum
1080 4488 1554 4557 demonstrabat
1573 4491 1979 4575 suppositum
1998 4490 2306 4556 humanae

755 4604 1049 4679 naturae3
1079 4596 1189 4663 sed
1211 4598 1545 4678 creditum,
1575 4597 1645 4661 in
1674 4602 1990 4680 quantum
2015 4597 2305 4663 demons-

756 4707 967 4772 trabat
1015 4722 1387 4789 personam,
1442 4705 1584 4770 sive
1628 4702 2024 4788 hypostasim
2064 4705 2304 4772 divinae

757 4817 1036 4879 naturae.

834 4924 898 4988 4.
910 4922 1009 4988 Ad
1024 4917 1183 4986 illud
1199 4920 1373 5004 quod
1396 4917 1697 5003 objicitur
1719 4916 1972 5001 ultimo,
1982 4920 2157 5004 quod
2173 4939 2307 4988 cre-

756 5025 904 5094 dere
931 5032 1029 5093 est
1052 5026 1305 5094 difficile
1341 5030 1405 5094 et
1437 5025 1882 5095 voluntarium
1901 5074 1923 5109 ‚
1960 5028 2304 5097 dicendum

820 5202 839 5235 ¹
864 5203 1029 5263 loom,
1057 5212 1146 5263 xx,
1171 5202 1250 5251 29.
1267 5225 1330 5239 —
1352 5202 1372 5236 ²
1399 5202 1482 5265 Cf.
1506 5201 1650 5251 Alex.
1672 5200 1869 5265 Alens„
1894 5215 1946 5265 p.
1980 5202 2061 5267 ΙΙΙ,
2081 5219 2134 5269 q.
2152 5215 2302 5272 LXVI,

758 5272 948 5323 memb.
978 5273 1007 5320 7
1023 5307 1043 5334 ,
1062 5268 1160 5320 art.
1186 5274 1240 5336 43
1263 5277 1317 5324 et
1338 5271 1502 5333 Cont„
1531 5287 1583 5338 p.
1616 5271 1851 5336 ¹11,e011.
1881 5285 2077 5338 nnn,
2107 5280 2198 5327 art.
2232 5281 2260 5329 5
2283 5292 2302 5342 3

824 5364 890 5426 (a)
917 5361 1068 5426 vala.
1100 5364 1153 5412 in
1178 5363 1313 5414 vobis
1337 5380 1439 5430 epe.
1459 5392 1521 5406 -
1549 5368 1618 5430 (b)
1643 5366 1783 5418 Edit.
1821 5366 1986 5420 Vener.
2014 5368 2137 5420 fide.

1783 385 2413 457 SENTENTIARUM
2450 388 2601 456 Lm.
2646 389 2752 456 111.

2406 524 2576 608 quod
2627 525 2792 591 visio
2849 526 3196 611 corporalis
3220 572 3239 606 ,
3310 524 3476 588 sicut
3529 524 3773 588 dictum
3819 529 3949 601 est,

2406 633 2561 714 quia
2613 651 2745 698 non
2797 634 2960 699 tollit
3014 633 3358 711 latentiam,
3417 630 3562 695 ideo
3605 648 3741 694 non
3789 629 3949 692 tollit

2406 739 2895 819 difficultatem3
2961 759 3080 805 nee
3153 739 3316 806 tollit
3388 737 3731 803 arbitrium
3793 736 3957 799 libe-

2407 855 2557 903 rum
2603 857 2688 903 ex
2715 857 2791 904 ea
2815 842 3014 922 parte,
3063 858 3146 905 ex
3171 858 3302 921 qua
3346 837 3519 902 latet.
3571 834 3730 900 Cum
3782 834 3957 899 enim

2406 945 2558 1009 dicit
2585 945 2761 1028 quod
2788 963 2924 1011 non
2940 950 3035 1012 est
3050 945 3327 1024 difficile,
3347 961 3469 1008 nec
3486 942 3954 1020 voluntarium,

2407 1052 2661 1116 credere
2685 1052 2857 1135 quod
2883 1053 3029 1136 quis
3054 1053 3249 1132 videt,
3280 1051 3627 1116 dicendum
3652 1050 3825 1133 quod
3851 1067 3958 1114 ve-

2407 1177 2554 1223 rum
2581 1165 2674 1225 est
2698 1162 3053 1227 secundum
3074 1163 3139 1227 id
3165 1162 3335 1245 quod
3356 1161 3570 1227 videt:
3603 1160 3715 1226 sed
3741 1164 3960 1224 tamen

2406 1271 2577 1331 totus
2618 1268 2902 1335 Christus
2938 1269 3293 1334 secundum
3325 1286 3587 1333 omnem
3623 1267 3726 1331 sui
3769 1271 3958 1330 natu·

2407 1392 2548 1439 ram
2573 1375 2802 1441 visioni
2829 1395 2960 1441 non
2988 1377 3397 1459 subjacebat:
3433 1378 3496 1441 et
3519 1377 3687 1454 ide0,
3718 1374 3963 1438 ratione

2407 1482 2579 1547 illius
2635 1488 2883 1549 naturae
2942 1489 3006 1549 et
3049 1501 3368 1568 personae,
3415 1483 3863 1548 voluntarium
3903 1486 3966 1545 et

2407 1588 2658 1654 difficile
2712 1593 2848 1654 erat
2901 1590 3156 1655 credere
3191 1614 3205 1655 :
3236 1591 3415 1655 facile
3443 1591 3618 1654 euim
3649 1592 3786 1653 erat
3825 1606 3963 1652 cre-

2407 1695 2557 1761 dere
2641 1698 2812 1779 quod
2896 1697 3001 1761 ille
3079 1698 3278 1762 homo
3336 1702 3662 1780 pateretur
3696 1744 3716 1775 ‚
3810 1695 3915 1759 his
3937 1744 3956 1773 ,

2408 1804 2524 1885 qui
2580 1803 2883 1869 videbant
2938 1804 3261 1869 Christum
3326 1805 3457 1887 pati
3534 1826 3550 1868 :
3616 1804 3727 1869 sed
3794 1803 3963 1867 diffl-

2409 1910 2722 1975 cillimum
2759 1915 2895 1976 erat
2921 1912 3176 1976 credere
3220 1912 3389 1995 quod
3431 1911 3601 1976 Deus
3644 1916 3810 1976 esset
3853 1911 3962 1994 qui

2408 2022 2767 2100 pateretur3
2812 2037 2931 2083 nec
2985 2019 3107 2085 hoc
3176 2019 3475 2084 credebat
3526 2019 3779 2102 aliquis,
3838 2019 3963 2082 nisi

2409 2123 2521 2206 qui
2560 2125 2846 2204 volebat,
2879 2129 2942 2190 et
2981 2143 3174 2208 quem
3199 2126 3582 2191 illuminatio
3617 2126 3768 2191 fidei
3788 2127 3965 2208 adju·

2409 2232 2620 2296 vabat.
3411 2235 3420 2244 “

2951 2455 3313 2534 QUAESTIO
3356 2457 3437 2522 11.

2503 2632 2596 2686 An
2621 2630 2749 2701 fidas
2773 2633 2848 2687 sit
2872 2631 2935 2688 aa
2962 2631 3082 2705 his,
3112 2633 3176 2690 de
3202 2633 3398 2705 quibus
3423 2634 3649 2691 habetur
3673 2637 3857 2708 opinio

2988 2721 3298 2793 probabilis
3327 2718 3367 2778 ¹.

2490 2874 2720 2943 Utrum
2754 2879 2912 2944 fides
2936 2880 3019 2946 sit
3044 2881 3122 2945 de
3147 2881 3275 2962 his,
3312 2883 3390 2947 de
3421 2883 3658 2966 quibus
3686 2884 3959 2952 habetur
3986 2915 4138 2960 ra..

2409 2985 2625 3067 opinio
2650 2988 3014 3070 probabilis;
3049 2993 3113 3054 et
3137 2991 3308 3072 quod
3331 2992 3443 3069 sic,
3469 2992 3768 3058 videtur⁸
3804 2993 3958 3060 :Pa-

2409 3093 2546 3160 rati
2595 3094 2774 3161 omni
2800 3097 3090 3178 poscenti
3119 3096 3378 3165 reddere
3416 3102 3731 3171 rationem
3757 3100 3835 3168 de
3858 3118 3958 3182 ea,

2409 3217 2553 3282 quoe
2575 3209 2669 3268 est
2710 3204 2785 3268 in
2810 3203 3016 3284 nobi-3,
3044 3204 3175 3287 fide
3201 3210 3260 3271 et
3304 3221 3414 3288 spe
3447 3208 3556 3289 (α).
3620 3208 3747 3272 Sed
3798 3210 3960 3274 ratio

2410 3308 2753 3390 probabilis
2790 3314 2884 3374 aet
2916 3313 3290 3394 generativa
3315 3314 3639 3397 opinionis
3669 3334 3687 3379 ε
3718 3316 3772 3379 si
3800 3335 3959 3398 ergo

2408 3415 2567 3480 fides
2620 3418 3003 3500 compatitur
3049 3438 3271 3485 seeum
3326 3422 3724 3504 probabilem
3774 3425 3957 3489 ratio·

2409 3539 2595 3601 nem,
2638 3526 3022 3607 compatitur
3074 3543 3233 3609 ergo
3275 3530 3340 3591 et
3372 3528 3773 3611 probabilem
3817 3529 3955 3612 opi-

2408 3630 2692 3695 nionem.

2489 3736 2649 3802 Item
2677 3738 2899 3805 Petrus
2924 3740 3437 3824 archiepiscopus
3476 3742 3945 3811 Ravennensis:

2418 3865 2450 3906 α
2477 3842 2619 3910 Non
2645 3850 2738 3911 est
2763 3850 2981 3912 tutum
3019 3851 3274 3915 credere
3319 3850 3458 3916 sine
3485 3851 3751 3917 ratione.
3781 3874 3813 3911 n
3843 3851 3957 3916 Er-

2410 3969 2498 4032 go
2539 3951 2703 4017 ratio
2741 3953 3092 4036 probabilis
3135 3956 3283 4020 facit
3308 3955 3389 4020 ad
3412 3956 3565 4022 fidei
3593 3958 3953 4035 utilitatem,

2409 4062 2474 4123 et
2498 4059 2903 4125 securitatem
2930 4079 2948 4126 :
2979 4062 3034 4126 si
3060 4081 3219 4145 ergo
3248 4064 3464 4146 opinio
3501 4066 3800 4147 generari
3838 4066 3955 4131 ha-

2408 4166 2516 4230 het
2540 4185 2622 4231 ex
2649 4167 2964 4250 probabili
2990 4170 3256 4251 ratione,
3284 4170 3566 4252 videtur,
3597 4177 3716 4238 etc.

2489 4272 2648 4340 Item
2674 4274 2916 4341 donum
2946 4276 3251 4357 scientiae,
3289 4280 3350 4341 et
3373 4276 3750 4356 intellectus,
3780 4282 3846 4343 et
3863 4297 3954 4343 sa-

2407 4382 2700 4466 pientiae,
2752 4380 2948 4447 simul
2982 4386 3188 4466 potest
3224 4388 3392 4451 stare
3434 4403 3587 4450 cum
3627 4386 3751 4451 fide
3784 4404 3806 4451 ι
3844 4387 3950 4452 sed

2407 4490 2581 4574 quod
2614 4490 2955 4569 credimus,
2982 4490 3287 4558 debemus
3327 4493 3682 4559 auctoritati
3711 4515 3728 4574 3
3785 4494 3953 4578 quod

2409 4596 2832 4679 intelligimus
2847 4645 2871 4678 ‚
2912 4597 3219 4665 debemus
3253 4600 3486 4665 rationi
3517 4621 3535 4663 ε
3570 4620 3724 4684 ergo
3752 4603 3953 4668 ratio-

2345 4792 2348 4795 *
2407 4705 2643 4772 cinatio
2686 4710 2891 4789 potest
2939 4706 3136 4772 simul
3182 4712 3351 4774 stare
3397 4727 3550 4775 cum
3603 4709 3728 4775 fide
3780 4730 3798 4775 z
3845 4710 3951 4775 sed

2408 4831 2560 4878 cum
2584 4831 2996 4897 quocumque
3017 4817 3141 4881 stat
3169 4815 3516 4898 probabilis
3536 4812 3948 4894 ratiocinatio,

2407 4926 2533 4989 stat
2554 4924 2751 4991 etiam
2771 4928 2836 4990 et
2858 4926 3078 5010 opinio
3109 4946 3128 4991 ε
3157 4945 3336 5009 ergo,
3365 4931 3487 4994 etc.

2488 5030 2647 5098 Item
2691 5032 2980 5099 doctrina
3011 5032 3354 5117 theologiae
3400 5036 3527 5102 stat
3558 5034 3749 5103 simul
3793 5054 3941 5104 cum

2405 5140 2555 5220 fide,
2578 5157 2732 5206 cum
2754 5140 2838 5207 sit
2860 5141 3014 5207 fidei
3045 5141 3122 5226 (b)
3149 5144 3562 5227 explicativa‚
3593 5151 3666 5215 et
3686 5145 3853 5214 circa
3876 5165 3952 5213 ea

2410 5306 2464 5355 S.
2487 5302 2737 5366 Thomas,
2778 5302 2928 5365 ΙΙ-ΙΙ,
2958 5302 3076 5354 dist..
3123 5314 3267 5368 xxw,
3305 5320 3359 5371 q.
3396 5318 3457 5369 11,
3478 5313 3579 5360 art.
3609 5313 3664 5371 ες
3695 5309 3953 5370 menard„

2411 5374 2475 5426 ΙΙΙ
2496 5374 2656 5438 Sene„
2678 5373 2795 5424 dist.
2824 5385 2966 5438 xxxv,
2994 5388 3047 5439 q.
3073 5386 3144 5425 vr.
3165 5375 3308 5426 ...⁸1
3338 5377 3500 5440 petr..
3523 5390 3606 5445 m,
3643 5384 3719 5434 ¹5.
