4185 6288
523 4864 724 4908 Denomi·

758 493 880 555 {M

751 626 1105 692 secundum
1143 626 1563 689 substantiam
1609 648 1627 688 :
1678 629 1742 689 et
1782 624 1891 687 hic
1933 621 2166 688 modus
2205 620 2296 685 di-

753 733 958 812 cendi,
1014 732 1160 797 licet
1211 731 1552 814 aliquando
1598 732 1776 795 visus
1818 729 2006 794 ruerit
2060 728 2296 792 habere

752 839 1069 924 opinionis
1115 839 1656 922 probabilitatem,
1702 837 2031 902 manifeste
2078 839 2296 899 tamen

750 951 921 1031 patet
947 947 1184 1011 habere
1213 947 1281 1009 in
1306 966 1374 1010 se
1394 947 1628 1011 erroris
1645 948 2092 1010 temeritatem.
2117 941 2295 1007 Unde

751 1060 815 1121 et
862 1054 969 1118 illa
1020 1054 1205 1118 tertia
1256 1054 1494 1137 opinio,
1553 1069 1702 1135 quae
1749 1051 1964 1135 posuit
2014 1051 2160 1127 hoc,
2216 1049 2298 1112 ab

751 1161 1113 1227 Alexandro
1168 1160 1500 1243 reprobata
1561 1164 1656 1224 est
1676 1208 1695 1239 ,
1768 1177 1887 1223 nec
1947 1157 2292 1232 immerite,

749 1269 906 1353 quia
942 1268 1193 1332 veritati
1232 1268 1405 1332 illius
1462 1267 1726 1331 unionis
1766 1268 2113 1348 repugnat.
2163 1262 2297 1327 Hoc

748 1376 923 1440 enim
949 1376 1099 1439 dicit
1123 1375 1281 1440 fides
1306 1378 1500 1449 recta,
1530 1374 1703 1457 quod
1729 1374 1949 1438 divina
1975 1377 2209 1436 natura
2235 1375 2300 1434 et

749 1483 1039 1548 humana
1075 1482 1278 1546 unitae
1321 1486 1469 1545 sunt
1508 1482 1576 1545 in
1625 1499 1824 1545 unam
1880 1496 2219 1562 personam
2275 1501 2290 1543 ε

750 1607 910 1672 ergo
952 1589 1118 1653 Deus
1158 1588 1387 1653 dicitur
1433 1589 1511 1653 de
1552 1588 1802 1652 Christo
1862 1592 2171 1670 tanquam
2218 1588 2298 1652 de

750 1698 1009 1780 proprio
1056 1697 1407 1779 supposito,
1455 1702 1519 1760 et
1567 1697 1763 1761 homo
1807 1696 2122 1760 similiter.
2174 1695 2298 1760 Sed

751 1805 947 1869 homo
963 1850 981 1882 ,
1014 1821 1165 1868 cum
1208 1802 1590 1885 praedicatur
1628 1802 1709 1867 de
1753 1802 1968 1885 aliquo
2013 1802 2178 1865 sicut
2219 1803 2297 1866 de

751 1911 1010 1994 proprio
1045 1910 1370 1993 supposito
1394 1956 1412 1983 ,
1454 1910 1948 1974 substantialiter
1983 1910 2299 1991 praedica-

750 2022 883 2096 tur,
912 2021 976 2082 et
1003 2016 1219 2098 signat
1245 2018 1459 2099 ipsum
1486 2016 1565 2080 de
1605 2034 1736 2099 quo
1762 2016 1997 2080 dicitur
2022 2035 2158 2080 esse
2182 2016 2300 2079 ali-

752 2143 949 2209 quam
977 2124 1399 2188 substantiam
1441 2139 1459 2183 :
1490 2126 1553 2187 et
1589 2123 1733 2187 ideo
1760 2140 1845 2186 ex
1889 2122 2038 2187 fidei
2065 2122 2298 2186 funda-

752 2236 973 2297 mento
996 2232 1350 2296 necessario
1376 2231 1689 2312 sequitur,
1721 2230 1898 2312 quod
1937 2230 2018 2293 sit
2056 2229 2299 2312 aliquid

746 2338 1106 2402 secundum
1144 2337 1315 2421 quod
1366 2338 1585 2401 homo.
1617 2336 1796 2401 Unde
1830 2337 2109 2400 rationes
2139 2356 2297 2400 con-

748 2444 1047 2510 cedendae
1074 2449 1248 2523 sunt,
1275 2462 1424 2528 quae
1452 2444 1534 2509 ad
1559 2444 1682 2509 hoc
1708 2444 2127 2508 inducuntur.

832 2559 861 2616 1
910 2557 974 2618 et
1007 2557 1069 2616 2.
1139 2553 1237 2617 Ad
1280 2552 1435 2616 illud
1480 2552 1653 2635 quod
1692 2552 1991 2634 oinoitur
2030 2553 2100 2614 in
2143 2569 2299 2615 con-

749 2659 1022 2724 trarium
1063 2660 1141 2723 de
1181 2659 1554 2723 auctoritate
1605 2657 1888 2737 Apostoli
1929 2661 1994 2720 et
2026 2658 2298 2740 Augus-

748 2765 892 2845 tini,
926 2768 1067 2848 jam
1112 2770 1286 2849 patet
1332 2765 1658 2849 responsio
1699 2784 1780 2830 ex
1826 2765 1928 2827 his
1967 2782 2119 2848 quae
2159 2769 2298 2848 jam

747 2872 918 2938 dicta
967 2878 1137 2937 sunt.
1189 2871 1351 2937 Nam
1408 2874 1522 2937 etsi
1569 2873 1765 2936 homo
1809 2872 2042 2936 habeat
2079 2872 2299 2955 aliquo

748 2983 935 3062 pacto
988 2979 1253 3044 modum
1305 2980 1563 3045 habitus
1584 3026 1601 3055 ,
1653 2997 1783 3042 non
1838 2983 2054 3043 tamen
2108 2979 2300 3044 habet

748 3087 1039 3152 omnino,
1092 3085 1264 3151 Licet
1331 3087 1504 3151 enim
1574 3086 1941 3151 humanitas
2001 3087 2300 3152 adveniat

742 3197 885 3278 jam
915 3194 1250 3278 completo,
1294 3195 1714 3259 nihilominus
1754 3194 2300 3258 substantificatur

750 3302 820 3365 in
848 3301 956 3365 illo
1002 3307 1311 3384 tanquam
1354 3302 1426 3365 in
1461 3302 1720 3384 proprio
1772 3319 1891 3364 suo
1941 3302 2295 3382 supposito,

747 3408 904 3491 quia
932 3407 1042 3472 Dei
1068 3405 1296 3486 Filius,
1334 3410 1449 3492 qui
1488 3413 1583 3474 est
1622 3407 2023 3490 suppositum
2062 3407 2298 3472 divinae

748 3519 1000 3580 naturae
1035 3534 1151 3598 per
1191 3520 1490 3581 naturam
1512 3564 1528 3592 ,
1576 3516 1720 3580 fecit
1768 3533 1837 3579 se
1893 3516 2298 3599 suppositum

746 3622 1054 3688 humanae
1078 3626 1330 3688 naturae
1374 3642 1487 3705 per
1512 3624 1818 3706 gratiam.

829 3734 889 3795 3.
926 3730 1025 3796 Ad
1053 3731 1213 3795 illud
1231 3730 1402 3813 quod
1432 3730 1733 3811 objicitur
1746 3779 1764 3809 ,
1803 3730 1977 3813 quod
2012 3729 2300 3794 accidens

746 3842 844 3901 est
873 3838 1043 3919 quod
1092 3837 1350 3902 advenit
1382 3840 1521 3919 jam
1561 3838 1875 3920 completo
1895 3886 1912 3918 ‚
1957 3836 2297 3902 dicendum

749 3945 927 4027 quod
970 3945 1087 4009 etsi
1122 3944 1509 4008 assimiletur
1544 3945 1614 4007 in
1652 3944 1776 4008 boc
1811 3944 1984 4027 quod
2041 3944 2300 4010 advenit

741 4054 881 4134 jam
909 4052 1246 4134 complete,
1282 4069 1414 4115 non
1448 4055 1661 4115 tamen
1689 4051 1979 4128 omnin0‚
2010 4051 2165 4132 quia
2192 4070 2298 4115 ac-

748 4159 962 4223 cidens
989 4159 1252 4222 omnino
1281 4158 1526 4239 adjacet
1565 4157 1760 4220 etiam
1788 4157 2205 4234 extrinsecus,
2237 4162 2300 4221 et

746 4265 898 4331 dicit
916 4265 1181 4330 modum
1202 4264 1602 4342 adhaerendi3
1628 4264 1738 4328 sed
1760 4264 2045 4328 humana
2067 4269 2300 4329 natura

746 4374 840 4438 sic
862 4372 1119 4437 advenit
1163 4372 1253 4436 illi
1289 4390 1577 4454 personae
1594 4419 1614 4451 ,
1660 4371 1834 4454 quod
1876 4389 2008 4436 non
2054 4372 2302 4452 adjacet

748 4481 1149 4546 extrinsecus
1195 4502 1212 4545 ε
1258 4499 1379 4546 nec
1420 4481 1573 4547 dicit
1610 4481 1878 4545 modum
1915 4479 2297 4560 inhaerendi,

746 4589 858 4653 sed
893 4588 1097 4672 ipsius
1135 4589 1493 4671 hypostasis
1534 4589 1958 4654 substantiam
1998 4593 2061 4653 et
2101 4592 2296 4652 natu-

746 4711 914 4760 ram.

829 4807 893 4869 4.
930 4802 1028 4868 Ad
1053 4803 1211 4868 illud
1235 4802 1407 4885 quod
1448 4803 1826 4885 opponitur,
1864 4802 2037 4885 quod
2065 4803 2303 4885 praedi-

559 4926 680 4969 „2210
751 4914 936 4975 catur
953 4910 1450 4988 denominative,
1479 4909 1820 4975 dicendum
1859 4910 2030 4991 quod
2069 4910 2304 4992 praedi-

527 4987 716 5106 ³212?
754 5016 918 5081 catio
981 5016 1462 5081 denominativa
1553 5013 1754 5100 potest
1824 5034 1961 5081 esse
2023 5022 2303 5100 quatuor

753 5122 960 5187 modis
990 5144 1006 5187 ε
1036 5142 1153 5206 per
1178 5124 1446 5190 modum
1472 5125 1896 5201 inhaerentiae,
1924 5130 1999 5191 ut
2026 5144 2177 5190 cum
2205 5128 2301 5193 di·

753 5231 921 5294 citur
952 5251 967 5293 z
1007 5231 1184 5297 «Iste
1217 5238 1313 5298 est
1337 5234 1564 5312 albus;
1593 5254 1624 5294 n
1654 5252 1767 5315 per
1792 5235 2059 5299 modum
2087 5239 2303 5301 trans-

753 5336 1127 5403 mutationis
1150 5387 1168 5417 ,
1210 5345 1287 5405 ut
1334 5358 1486 5405 cum
1536 5339 1766 5405 dicitur
1808 5363 1824 5404 ε
1880 5364 1911 5401 α
1939 5341 2168 5408 Petrus
2209 5349 2305 5409 est

751 5442 1126 5525 dealbatus3
1171 5467 1203 5508 a
1258 5464 1375 5531 per
1415 5449 1684 5514 modum
1733 5449 2186 5533 possessionis,
2233 5458 2307 5517 ut

1831 472 1840 482 ’
1863 482 2489 553 ΒΕΝΤΕΝΤΙᾸΒΠΜ
2527 481 2680 545 mn.
2725 479 2836 544 111.

2399 635 2554 683 eum
2576 615 2850 681 dicitur:
2888 636 2920 674 α
2947 613 3187 678 Asinus
3208 613 3566 694 Soa-atis„
3600 617 3935 695 etpermo·

2401 725 2558 790 dnm
2605 721 2864 786 unionis
2884 769 2903 797 ,
2958 726 3036 784 ut
3079 739 3228 785 cum
3272 721 3550 785 dicitur:
3608 741 3641 780 ι
3677 719 3935 784 Ferrum

2402 831 2709 913 ignitum,
2740 850 2773 889 a
2805 827 2871 892 id
2894 832 2988 891 est
3010 828 3154 909 igni
3181 828 3465 903 unitum,
3496 832 3598 892 et:
3637 849 3669 887 α
3710 826 3938 908 Corpus

2403 939 2784 1010 animatum,
2802 958 2833 994 n
2861 934 2925 998 id
2943 938 3038 998 est
3055 935 3291 999 animae
3312 935 3596 998 unitum.
3616 933 3773 999 Cum
3790 952 3936 1014 ergo

2402 1044 2637 1110 dicitur
2668 1065 2684 1108 :
2726 1065 2757 1104 ι
2781 1041 3155 1107 Praedicatio
3199 1041 3677 1106 denominativa
3718 1044 3811 1105 est
3845 1059 3940 1104 ac·

2403 1152 2690 1230 cidentis,
2710 1174 2741 1211 n
2776 1148 3118 1214 dicendum
3136 1149 3309 1230 quod
3321 1166 3552 1213 verum
3566 1152 3682 1226 oet,
3699 1147 3940 1230 qnando

2403 1265 2499 1323 est
2539 1277 2655 1340 per
2694 1258 2962 1323 modum
3002 1255 3402 1334 inbaerentis;
3450 1273 3582 1319 non
3618 1257 3829 1319 autem
3854 1258 3942 1318 est

2403 1384 2632 1431 verum
2653 1412 2671 1441 ,
2702 1365 2758 1428 si
2799 1381 3051 1446 semper
3083 1362 3482 1443 intelligatur
3522 1363 3600 1427 de
3647 1362 3943 1444 praedica-

2404 1474 2579 1538 tione
2605 1471 3086 1535 denominativa
3124 1467 3480 1533 secundum
3515 1469 3672 1534 alios
3711 1468 3939 1532 modos.

2406 1579 2567 1644 Cum
2596 1582 2813 1642 autem
2838 1577 3070 1641 dicitur
3102 1598 3118 1639 ι
3158 1600 3189 1637 α
3218 1575 3504 1640 Christus
3526 1580 3621 1640 est
3647 1575 3946 1639 humana-

2405 1692 2509 1750 tus
2525 1733 2543 1762 ,
2596 1706 2628 1745 ι»
2703 1702 2834 1748 non
2903 1688 3000 1747 est
3056 1684 3144 1746 ibi
3207 1682 3573 1765 praedicatio
3639 1700 3755 1764 per
3807 1698 3945 1745 mo-

2404 1795 2565 1860 dum
2622 1792 2997 1858 inhaerentis
3018 1839 3038 1866 ,
3101 1790 3212 1855 sed
3282 1809 3398 1873 per
3453 1789 3722 1854 modum
3771 1788 3946 1852 unio-

2405 1907 2508 1968 nis
2559 1910 2623 1968 et
2682 1903 3011 1968 relationis
3065 1920 3083 1966 ε
3150 1907 3215 1966 et
3275 1902 3418 1965 ideo
3480 1918 3612 1965 non
3662 1899 3944 1981 sequitur

2405 2013 2578 2095 quod
2603 2012 2892 2081 humana
2916 2014 3148 2075 natura
3186 2008 3271 2071 sit
3305 2008 3598 2073 accidens
3632 2022 3651 2071 ε
3696 2024 3815 2069 nec
3850 2022 3943 2068 se·

2406 2120 2628 2202 quitur
2652 2136 2736 2182 ex
2764 2119 2907 2195 boc,
2938 2116 3111 2199 quod
3138 2133 3412 2197 persona
3451 2113 3672 2179 divina
3700 2112 3782 2176 sit
3807 2129 3946 2175 mu-

2406 2229 2538 2290 tata
2558 2272 2575 2301 ,
2604 2224 2761 2307 quia
2796 2224 3095 2306 quamvis
3124 2222 3397 2286 mutatio
3423 2220 3716 2286 absoluta
3745 2218 3815 2283 in
3843 2236 3945 2282 ac-

2406 2333 2652 2397 cidente
2740 2332 3028 2397 absoluto
3115 2333 3313 2411 ponat
3387 2326 3811 2391 mutationem
3882 2324 3948 2389 in

2407 2444 2717 2526 subjecto,
2755 2440 3144 2508 introductio
3169 2446 3384 2505 tamen
3408 2438 3612 2521 ipsius
3634 2434 3951 2501 relationis

2408 2548 2478 2613 in
2507 2569 2643 2615 esse
2671 2555 2881 2633 potest
2908 2568 3042 2614 esse
3074 2566 3157 2614 ex
3184 2548 3538 2611 mutatione
3562 2546 3731 2610 tacta
3763 2543 3833 2608 in
3870 2543 3953 2608 al-

2405 2662 2544 2723 tero
2569 2664 2882 2722 extremo.

2490 2768 2549 2827 5.
2573 2763 2668 2828 Ad
2683 2764 2840 2827 illud
2857 2762 3031 2846 quod
3045 2761 3369 2845 objicitur,
3386 2760 3559 2843 quod
3571 2758 3952 2846 impoaeibile

2406 2876 2503 2936 est
2528 2871 2782 2935 diversa
2801 2887 3044 2952 genera
3061 2868 3394 2952 praedicari
3420 2868 3499 2933 de
3515 2868 3747 2934 eodem
3777 2868 3954 2934 subs-

2407 2979 2773 3057 tantialiter,
2806 2977 3152 3042 dicendum
3170 2976 3345 3059 quod
3363 2993 3596 3040 verum
3620 2981 3721 3040 est
3737 2976 3815 3041 de
3840 2974 3954 3039 illis

2408 3086 2756 3169 generibus
2775 3134 2793 3166 ,
2865 3103 3014 3169 quae
3078 3087 3317 3152 habent
3377 3084 3846 3168 oppositionem
3896 3085 3956 3149 et

2408 3195 2881 3260 distinctionem
2900 3242 2918 3271 ,
2945 3196 3110 3259 sicut
3151 3199 3300 3257 sunt
3338 3211 3583 3276 genera
3603 3199 3954 3260 creatarum
3983 3199 3990 3206 '

2409 3321 2627 3368 rerum
2659 3326 2673 3366 :
2706 3321 2840 3367 non
2867 3304 2958 3366 sic
2987 3307 3203 3367 autem
3232 3306 3327 3365 aet
3352 3302 3431 3366 de
3454 3301 3681 3366 divina
3707 3306 3950 3378 natura,

2409 3414 2473 3474 et
2498 3411 2785 3476 bumana
2817 3435 2833 3475 :
2865 3411 3018 3494 quia
3049 3428 3203 3475 cum
3242 3409 3531 3473 humana
3570 3410 3654 3473 sit
3693 3408 3952 3474 omnino

2408 3519 2741 3601 passibilis,
2776 3521 2933 3584 etin
2958 3520 3329 3584 omnimoda
3365 3518 3760 3597 obedientia,
3801 3514 3954 3581 nibil

2407 3626 2673 3708 impedit
2698 3626 2872 3709 quod
2910 3625 3198 3690 humana
3240 3630 3473 3688 natura
3513 3628 3580 3688 et
3613 3624 3837 3689 divina
3868 3623 3953 3686 sic

2408 3738 2794 3798 concurrant
2837 3734 2910 3798 in
2966 3751 3166 3798 unam
3220 3748 3562 3816 personam
3582 3779 3601 3810 ,
3660 3731 3832 3814 quod
3884 3730 3957 3793 de

2408 3840 2630 3904 eadem
2652 3858 2923 3922 persona
2942 3840 3323 3922 praedicetur
3341 3838 3508 3902 Deus
3522 3836 3956 3912 essentialiter,

2408 3951 2473 4013 et
2498 3964 2612 4029 per
2637 3950 2967 4024 naturam,
2994 3949 3058 4008 et
3081 3945 3160 4009 de
3185 3944 3296 4008 illa
3328 3944 3552 4008 eadem
3583 3943 3960 4027 praedicetur

2409 4056 2606 4120 homo
2633 4053 3046 4118 essentialiter
3076 4056 3336 4136 propter
3364 4053 3682 4116 unionem
3717 4049 3961 4134 gratui-

2399 4167 2564 4242 tam,
2591 4179 2707 4244 per
2732 4178 2927 4243 quam
2956 4159 3126 4224 Deus
3140 4207 3159 4240 ,
3187 4159 3352 4223 sicut
3395 4160 3605 4241 potuit
3644 4165 3712 4224 et
3734 4158 3952 4236 voluit,

2409 4288 2478 4334 se
2501 4269 2648 4332 fecit
2674 4268 3078 4350 suppositum
3115 4271 3367 4330 naturae
3401 4266 3715 4331 humanae
3745 4288 3762 4330 τ
3793 4261 3955 4347 quod

2403 4375 2670 4457 quidem
2698 4374 2788 4438 sic
2814 4373 2935 4438 fuit
2955 4373 3074 4437 sibi
3096 4373 3297 4453 facile,
3329 4372 3495 4437 sicut
3516 4374 3704 4438 facile
3725 4377 3821 4436 est
3842 4370 3956 4434 ho-

2411 4481 2571 4545 mini
2600 4480 2719 4545 sibi
2743 4479 3200 4544 indumentum
3246 4497 3546 4544 sumere:
3585 4480 3724 4545 imo
3761 4477 3956 4543 multo

2410 4588 2677 4668 facilius,
2708 4589 2764 4652 si
2793 4586 3227 4653 consideretur
3258 4590 3401 4669 ejus
3440 4606 3704 4653 summa
3741 4591 3956 4672 poten·

2411 4698 2522 4774 tia,
2549 4701 2614 4762 et
2639 4701 2951 4763 creaturae
2977 4696 3358 4762 obedientia.

2492 4808 2554 4868 6.
2589 4804 2688 4869 Ad
2712 4805 2870 4869 illud
2905 4803 3078 4886 quod
3118 4803 3456 4886 objicitur,
3494 4801 3675 4886 quod
3711 4801 3875 4867 Deus
3900 4800 3958 4864 et

2412 4912 2609 4978 homo
2655 4912 2893 4976 habent
2924 4911 3213 4976 diversas
3259 4908 3706 4989 diffinitiones,
3747 4908 3956 4973 dicen·

2413 5022 2572 5087 dum
2611 5020 2785 5103 quod
2819 5036 2952 5084 non
2989 5023 3144 5084 sunt
3181 5017 3478 5094 diversae,
3509 5016 3600 5081 ita
3626 5016 3806 5099 quod
3832 5029 3956 5078 non

2414 5131 2658 5213 possint
2685 5144 3066 5192 concurrere
3103 5126 3175 5191 in
3202 5123 3611 5209 suppositum
3634 5140 3877 5200 unum,
3906 5119 3955 5182 si

2416 5237 2581 5302 Deus
2607 5237 2812 5300 facere
2839 5234 2993 5299 velit
3037 5233 3217 5313 illud,
3260 5250 3378 5316 pro
3422 5250 3499 5297 eo
3539 5233 3717 5314 quod
3763 5229 3954 5297 multo

2417 5344 2628 5426 magis
2654 5343 2887 5426 pendet
2910 5345 2974 5407 et
2999 5341 3245 5424 indiget
3268 5339 3556 5404 humana
3583 5343 3819 5404 natura
3839 5350 3958 5401 res-

2415 5455 2604 5538 pectu
2647 5449 2886 5515 divinae
2925 5464 3241 5532 personae,
3283 5463 3482 5529 quam
3510 5443 3776 5528 aliquod
3802 5441 3952 5510 acci·
