<?xml version="1.0" encoding="UTF-8"?>
<!DOCTYPE html PUBLIC "-//W3C//DTD XHTML 1.0 Transitional//EN"
    "http://www.w3.org/TR/xhtml1/DTD/xhtml1-transitional.dtd">
<html xmlns="http://www.w3.org/1999/xhtml" xml:lang="en" lang="en">
 <head>
  <title>
</title>
<meta http-equiv="Content-Type" content="text/html;charset=utf-8" />
  <meta name='ocr-system' content='tesseract 3.04.00' />
  <meta name='ocr-capabilities' content='ocr_page ocr_carea ocr_par ocr_line ocrx_word'/>
</head>
<body>
  <div class='ocr_page' id='page_1' title='image "./srecardinalissb01cargoog_0202.png"; bbox 0 0 4185 6288; ppageno 0'>
   <div class='ocr_carea' id='block_1_1' title="bbox 463 3300 652 3357">
    <p class='ocr_par' dir='ltr' id='par_1_1' title="bbox 463 3300 652 3357">
     <span class='ocr_line' id='line_1_1' title="bbox 463 3300 652 3357; baseline -0.016 -10"><span class='ocrx_word' id='word_1_1' title='bbox 463 3300 532 3347; x_wconf 71' lang='lat' dir='ltr'><em>u</em></span> <span class='ocrx_word' id='word_1_2' title='bbox 546 3310 652 3357; x_wconf 72' lang='lat' dir='ltr'><strong>opp.</strong></span> 
     </span>
    </p>
   </div>
   <div class='ocr_carea' id='block_1_2' title="bbox 704 452 830 516">
    <p class='ocr_par' dir='ltr' id='par_1_2' title="bbox 704 452 830 516">
     <span class='ocr_line' id='line_1_2' title="bbox 704 452 830 516; baseline 0.016 -2"><span class='ocrx_word' id='word_1_3' title='bbox 704 452 830 516; x_wconf 72' lang='lat'><strong>180</strong></span> 
     </span>
    </p>
   </div>
   <div class='ocr_carea' id='block_1_3' title="bbox 691 584 2253 2494">
    <p class='ocr_par' dir='ltr' id='par_1_3' title="bbox 692 584 2237 775">
     <span class='ocr_line' id='line_1_3' title="bbox 692 584 2237 663; baseline -0.002 -13"><span class='ocrx_word' id='word_1_4' title='bbox 692 584 817 663; x_wconf 86' lang='lat' dir='ltr'><strong>nis,</strong></span> <span class='ocrx_word' id='word_1_5' title='bbox 843 590 958 651; x_wconf 90' lang='lat' dir='ltr'><strong>ant</strong></span> <span class='ocrx_word' id='word_1_6' title='bbox 982 585 1060 651; x_wconf 90' lang='lat' dir='ltr'><strong>de</strong></span> <span class='ocrx_word' id='word_1_7' title='bbox 1086 584 1246 653; x_wconf 88' lang='lat' dir='ltr'><strong>Filio</strong></span> <span class='ocrx_word' id='word_1_8' title='bbox 1271 586 1381 652; x_wconf 89' lang='lat' dir='ltr'><strong>Dei</strong></span> <span class='ocrx_word' id='word_1_9' title='bbox 1410 609 1425 652; x_wconf 76' lang='grc' dir='ltr'>ι</span> <span class='ocrx_word' id='word_1_10' title='bbox 1457 587 1568 653; x_wconf 86' lang='lat' dir='ltr'><strong>sed</strong></span> <span class='ocrx_word' id='word_1_11' title='bbox 1605 604 1738 653; x_wconf 92' lang='lat' dir='ltr'><strong>non</strong></span> <span class='ocrx_word' id='word_1_12' title='bbox 1777 587 1857 652; x_wconf 90' lang='lat' dir='ltr'><strong>de</strong></span> <span class='ocrx_word' id='word_1_13' title='bbox 1882 585 2045 652; x_wconf 84' lang='lat' dir='ltr'><strong>Filio</strong></span> <span class='ocrx_word' id='word_1_14' title='bbox 2074 585 2188 650; x_wconf 90' lang='lat' dir='ltr'><strong>Dei</strong></span> <span class='ocrx_word' id='word_1_15' title='bbox 2220 605 2237 648; x_wconf 81' lang='lat' dir='ltr'><strong>t</strong></span> 
     </span>
     <span class='ocr_line' id='line_1_4' title="bbox 693 692 1486 775; baseline 0.005 -19"><span class='ocrx_word' id='word_1_16' title='bbox 693 709 852 775; x_wconf 88' lang='lat' dir='ltr'><strong>ergo</strong></span> <span class='ocrx_word' id='word_1_17' title='bbox 879 693 957 757; x_wconf 87' lang='lat' dir='ltr'><strong>de</strong></span> <span class='ocrx_word' id='word_1_18' title='bbox 992 692 1152 758; x_wconf 86' lang='lat' dir='ltr'><strong>Filio</strong></span> <span class='ocrx_word' id='word_1_19' title='bbox 1182 695 1486 760; x_wconf 87' lang='lat' dir='ltr'><strong>hominis.</strong></span> 
     </span>
    </p>

    <p class='ocr_par' dir='ltr' id='par_1_4' title="bbox 691 800 2248 1313">
     <span class='ocr_line' id='line_1_5' title="bbox 777 800 2248 870; baseline 0 -6"><span class='ocrx_word' id='word_1_20' title='bbox 777 800 933 865; x_wconf 84' lang='lat' dir='ltr'>Item</span> <span class='ocrx_word' id='word_1_21' title='bbox 995 802 1061 865; x_wconf 91' lang='lat' dir='ltr'><strong>in</strong></span> <span class='ocrx_word' id='word_1_22' title='bbox 1127 802 1343 867; x_wconf 85' lang='lat' dir='ltr'><strong>Glossa</strong></span> <span class='ocrx_word' id='word_1_23' title='bbox 1364 805 1385 840; x_wconf 84' lang='lat'>¹</span> <span class='ocrx_word' id='word_1_24' title='bbox 1439 826 1456 868; x_wconf 79' lang='lat' dir='ltr'><strong>t</strong></span> <span class='ocrx_word' id='word_1_25' title='bbox 1511 827 1544 865; x_wconf 75' lang='grc' dir='ltr'><strong>α</strong></span> <span class='ocrx_word' id='word_1_26' title='bbox 1590 803 2083 870; x_wconf 83' lang='lat' dir='ltr'><strong>Praedestinatus</strong></span> <span class='ocrx_word' id='word_1_27' title='bbox 2151 805 2248 865; x_wconf 89' lang='lat' dir='ltr'><strong>est</strong></span> 
     </span>
     <span class='ocr_line' id='line_1_6' title="bbox 691 896 2246 992; baseline -0.001 -20"><span class='ocrx_word' id='word_1_28' title='bbox 691 906 914 986; x_wconf 73' lang='grc'>165115,</span> <span class='ocrx_word' id='word_1_29' title='bbox 965 910 1039 973; x_wconf 87' lang='lat' dir='ltr'><strong>ut</strong></span> <span class='ocrx_word' id='word_1_30' title='bbox 1085 910 1199 992; x_wconf 92' lang='lat' dir='ltr'><strong>qui</strong></span> <span class='ocrx_word' id='word_1_31' title='bbox 1241 910 1498 975; x_wconf 84' lang='lat' dir='ltr'><strong>futurus</strong></span> <span class='ocrx_word' id='word_1_32' title='bbox 1542 916 1678 976; x_wconf 85' lang='lat' dir='ltr'><strong>erat</strong></span> <span class='ocrx_word' id='word_1_33' title='bbox 1722 896 1788 974; x_wconf 82' lang='lat' dir='ltr'><strong>in</strong></span> <span class='ocrx_word' id='word_1_34' title='bbox 1837 929 2027 975; x_wconf 87' lang='lat' dir='ltr'><strong>carne</strong></span> <span class='ocrx_word' id='word_1_35' title='bbox 2070 908 2246 971; x_wconf 82' lang='lat' dir='ltr'><strong>filius</strong></span> 
     </span>
     <span class='ocr_line' id='line_1_7' title="bbox 692 1012 2245 1092; baseline 0.001 -12"><span class='ocrx_word' id='word_1_36' title='bbox 692 1012 916 1092; x_wconf 82' lang='lat' dir='ltr'><strong>David,</strong></span> <span class='ocrx_word' id='word_1_37' title='bbox 944 1019 1106 1080; x_wconf 88' lang='lat' dir='ltr'><strong>esset</strong></span> <span class='ocrx_word' id='word_1_38' title='bbox 1131 1015 1201 1080; x_wconf 91' lang='lat' dir='ltr'><strong>in</strong></span> <span class='ocrx_word' id='word_1_39' title='bbox 1227 1016 1469 1081; x_wconf 84' lang='lat' dir='ltr'><strong>virtute</strong></span> <span class='ocrx_word' id='word_1_40' title='bbox 1498 1018 1669 1082; x_wconf 80' lang='lat' dir='ltr'><strong>filius</strong></span> <span class='ocrx_word' id='word_1_41' title='bbox 1699 1018 1831 1083; x_wconf 91' lang='lat' dir='ltr'><strong>Dei.</strong></span> <span class='ocrx_word' id='word_1_42' title='bbox 1854 1039 1885 1077; x_wconf 70' lang='grc' dir='ltr'><strong>ι)</strong></span> <span class='ocrx_word' id='word_1_43' title='bbox 1915 1016 2038 1081; x_wconf 89' lang='lat' dir='ltr'><strong>Sed</strong></span> <span class='ocrx_word' id='word_1_44' title='bbox 2061 1015 2245 1081; x_wconf 72' lang='lat' dir='ltr'><strong>Iesus</strong></span> 
     </span>
     <span class='ocr_line' id='line_1_8' title="bbox 692 1121 2246 1207; baseline -0.001 -21"><span class='ocrx_word' id='word_1_45' title='bbox 692 1121 983 1187; x_wconf 88' lang='lat' dir='ltr'><strong>nominat</strong></span> <span class='ocrx_word' id='word_1_46' title='bbox 1025 1123 1209 1188; x_wconf 90' lang='lat' dir='ltr'><strong>illum</strong></span> <span class='ocrx_word' id='word_1_47' title='bbox 1250 1125 1583 1189; x_wconf 87' lang='lat' dir='ltr'><strong>hominem</strong></span> <span class='ocrx_word' id='word_1_48' title='bbox 1636 1145 1653 1189; x_wconf 72' lang='grc' dir='ltr'><strong><em>ε</em></strong></span> <span class='ocrx_word' id='word_1_49' title='bbox 1700 1142 1858 1207; x_wconf 87' lang='lat' dir='ltr'><strong>ergo</strong></span> <span class='ocrx_word' id='word_1_50' title='bbox 1899 1124 2097 1187; x_wconf 91' lang='lat' dir='ltr'><strong>homo</strong></span> <span class='ocrx_word' id='word_1_51' title='bbox 2143 1121 2246 1185; x_wconf 86' lang='lat' dir='ltr'><strong>iile</strong></span> 
     </span>
     <span class='ocr_line' id='line_1_9' title="bbox 694 1230 1824 1313; baseline 0.004 -20"><span class='ocrx_word' id='word_1_52' title='bbox 694 1233 789 1293; x_wconf 88' lang='lat' dir='ltr'><strong>est</strong></span> <span class='ocrx_word' id='word_1_53' title='bbox 813 1230 1298 1313; x_wconf 65' lang='lat' dir='ltr'><strong>praedestinatus</strong></span> <span class='ocrx_word' id='word_1_54' title='bbox 1326 1249 1462 1297; x_wconf 87' lang='lat' dir='ltr'><strong>esse</strong></span> <span class='ocrx_word' id='word_1_55' title='bbox 1491 1232 1662 1296; x_wconf 85' lang='lat' dir='ltr'><strong>filius</strong></span> <span class='ocrx_word' id='word_1_56' title='bbox 1691 1231 1824 1297; x_wconf 88' lang='lat' dir='ltr'><strong>Dei.</strong></span> 
     </span>
    </p>

    <p class='ocr_par' dir='ltr' id='par_1_5' title="bbox 693 1334 2252 2153">
     <span class='ocr_line' id='line_1_10' title="bbox 776 1334 2249 1421; baseline -0.001 -21"><span class='ocrx_word' id='word_1_57' title='bbox 776 1334 933 1401; x_wconf 89' lang='lat' dir='ltr'><strong>Item</strong></span> <span class='ocrx_word' id='word_1_58' title='bbox 953 1342 1195 1421; x_wconf 89' lang='lat' dir='ltr'><strong>quanto</strong></span> <span class='ocrx_word' id='word_1_59' title='bbox 1222 1341 1427 1421; x_wconf 89' lang='lat' dir='ltr'><strong>major</strong></span> <span class='ocrx_word' id='word_1_60' title='bbox 1454 1343 1550 1404; x_wconf 89' lang='lat' dir='ltr'><strong>est</strong></span> <span class='ocrx_word' id='word_1_61' title='bbox 1575 1340 1804 1421; x_wconf 89' lang='lat' dir='ltr'><strong>gratia,</strong></span> <span class='ocrx_word' id='word_1_62' title='bbox 1836 1342 2010 1402; x_wconf 88' lang='lat' dir='ltr'><strong>tanto</strong></span> <span class='ocrx_word' id='word_1_63' title='bbox 2041 1337 2249 1418; x_wconf 83' lang='lat' dir='ltr'><strong>major</strong></span> 
     </span>
     <span class='ocr_line' id='line_1_11' title="bbox 695 1442 2249 1528; baseline 0.001 -24"><span class='ocrx_word' id='word_1_64' title='bbox 695 1443 1048 1508; x_wconf 90' lang='lat' dir='ltr'><strong>secundum</strong></span> <span class='ocrx_word' id='word_1_65' title='bbox 1098 1446 1271 1509; x_wconf 88' lang='lat' dir='ltr'><strong>illam</strong></span> <span class='ocrx_word' id='word_1_66' title='bbox 1312 1446 1498 1511; x_wconf 86' lang='lat' dir='ltr'><strong>debet</strong></span> <span class='ocrx_word' id='word_1_67' title='bbox 1542 1447 1778 1510; x_wconf 90' lang='lat' dir='ltr'><strong>attendi</strong></span> <span class='ocrx_word' id='word_1_68' title='bbox 1834 1442 2249 1528; x_wconf 84' lang='lat' dir='ltr'><strong>praedestina-</strong></span> 
     </span>
     <span class='ocr_line' id='line_1_12' title="bbox 694 1550 2249 1636; baseline 0.001 -23"><span class='ocrx_word' id='word_1_69' title='bbox 694 1550 785 1615; x_wconf 85' lang='lat' dir='ltr'><strong>tio</strong></span> <span class='ocrx_word' id='word_1_70' title='bbox 819 1572 835 1616; x_wconf 72' lang='grc' dir='ltr'><strong><em>ε</em></strong></span> <span class='ocrx_word' id='word_1_71' title='bbox 869 1550 982 1617; x_wconf 80' lang='lat' dir='ltr'><strong>sed</strong></span> <span class='ocrx_word' id='word_1_72' title='bbox 1007 1552 1217 1633; x_wconf 87' lang='lat' dir='ltr'><strong>gratia</strong></span> <span class='ocrx_word' id='word_1_73' title='bbox 1241 1553 1519 1629; x_wconf 78' lang='lat' dir='ltr'><strong>unioniS‚</strong></span> <span class='ocrx_word' id='word_1_74' title='bbox 1556 1573 1670 1636; x_wconf 90' lang='lat' dir='ltr'><strong>per</strong></span> <span class='ocrx_word' id='word_1_75' title='bbox 1698 1571 1894 1636; x_wconf 90' lang='lat' dir='ltr'><strong>quam</strong></span> <span class='ocrx_word' id='word_1_76' title='bbox 1919 1552 2115 1616; x_wconf 90' lang='lat' dir='ltr'><strong>homo</strong></span> <span class='ocrx_word' id='word_1_77' title='bbox 2144 1550 2249 1614; x_wconf 82' lang='lat' dir='ltr'><strong>ine</strong></span> 
     </span>
     <span class='ocr_line' id='line_1_13' title="bbox 693 1655 2248 1742; baseline -0.001 -21"><span class='ocrx_word' id='word_1_78' title='bbox 693 1655 899 1721; x_wconf 71' lang='lat' dir='ltr'><strong>factus</strong></span> <span class='ocrx_word' id='word_1_79' title='bbox 927 1660 1022 1721; x_wconf 84' lang='lat' dir='ltr'><strong>est</strong></span> <span class='ocrx_word' id='word_1_80' title='bbox 1048 1657 1158 1722; x_wconf 88' lang='lat' dir='ltr'><strong>Dei</strong></span> <span class='ocrx_word' id='word_1_81' title='bbox 1180 1658 1376 1738; x_wconf 82' lang='lat' dir='ltr'><strong>filius,</strong></span> <span class='ocrx_word' id='word_1_82' title='bbox 1402 1660 1685 1724; x_wconf 85' lang='lat' dir='ltr'><strong>maxima</strong></span> <span class='ocrx_word' id='word_1_83' title='bbox 1710 1660 1853 1738; x_wconf 87' lang='lat' dir='ltr'><strong>fuit,</strong></span> <span class='ocrx_word' id='word_1_84' title='bbox 1881 1676 2027 1742; x_wconf 86' lang='lat' dir='ltr'><strong>quae</strong></span> <span class='ocrx_word' id='word_1_85' title='bbox 2055 1658 2248 1721; x_wconf 89' lang='lat' dir='ltr'><strong>simul</strong></span> 
     </span>
     <span class='ocr_line' id='line_1_14' title="bbox 695 1763 2249 1848; baseline 0.001 -21"><span class='ocrx_word' id='word_1_86' title='bbox 695 1763 768 1827; x_wconf 93' lang='lat' dir='ltr'><strong>in</strong></span> <span class='ocrx_word' id='word_1_87' title='bbox 792 1782 861 1828; x_wconf 90' lang='lat' dir='ltr'><strong>se</strong></span> <span class='ocrx_word' id='word_1_88' title='bbox 887 1764 1200 1829; x_wconf 80' lang='lat' dir='ltr'>continuit</span> <span class='ocrx_word' id='word_1_89' title='bbox 1231 1768 1508 1848; x_wconf 82' lang='lat' dir='ltr'><strong>gratiam</strong></span> <span class='ocrx_word' id='word_1_90' title='bbox 1545 1773 1609 1831; x_wconf 92' lang='lat' dir='ltr'><strong>et</strong></span> <span class='ocrx_word' id='word_1_91' title='bbox 1635 1767 1911 1848; x_wconf 85' lang='lat' dir='ltr'><strong>gloriam</strong></span> <span class='ocrx_word' id='word_1_92' title='bbox 1946 1789 1960 1829; x_wconf 94' lang='lat'>:</span> <span class='ocrx_word' id='word_1_93' title='bbox 1994 1766 2047 1829; x_wconf 89' lang='lat' dir='ltr'><strong>si</strong></span> <span class='ocrx_word' id='word_1_94' title='bbox 2088 1783 2249 1847; x_wconf 89' lang='lat' dir='ltr'><strong>ergo</strong></span> 
     </span>
     <span class='ocr_line' id='line_1_15' title="bbox 695 1870 2251 1956; baseline -0.001 -19"><span class='ocrx_word' id='word_1_95' title='bbox 695 1870 894 1937; x_wconf 89' lang='lat' dir='ltr'><strong>homo</strong></span> <span class='ocrx_word' id='word_1_96' title='bbox 921 1872 1237 1955; x_wconf 70' lang='lat' dir='ltr'><strong>praevisus</strong></span> <span class='ocrx_word' id='word_1_97' title='bbox 1281 1879 1374 1938; x_wconf 82' lang='lat' dir='ltr'><strong>est</strong></span> <span class='ocrx_word' id='word_1_98' title='bbox 1410 1875 1583 1938; x_wconf 83' lang='lat' dir='ltr'><strong>filius</strong></span> <span class='ocrx_word' id='word_1_99' title='bbox 1626 1874 1732 1938; x_wconf 89' lang='lat' dir='ltr'><strong>Dei</strong></span> <span class='ocrx_word' id='word_1_100' title='bbox 1776 1893 1910 1938; x_wconf 90' lang='lat' dir='ltr'><strong>esse</strong></span> <span class='ocrx_word' id='word_1_101' title='bbox 1953 1892 2068 1956; x_wconf 85' lang='lat' dir='ltr'><strong>per</strong></span> <span class='ocrx_word' id='word_1_102' title='bbox 2107 1891 2251 1955; x_wconf 87' lang='lat' dir='ltr'><strong>gra-</strong></span> 
     </span>
     <span class='ocr_line' id='line_1_16' title="bbox 697 1974 2252 2065; baseline 0 -22"><span class='ocrx_word' id='word_1_103' title='bbox 697 1978 853 2043; x_wconf 86' lang='lat' dir='ltr'><strong>tiam</strong></span> <span class='ocrx_word' id='word_1_104' title='bbox 887 1979 1097 2060; x_wconf 78' lang='lat' dir='ltr'><strong>illam,</strong></span> <span class='ocrx_word' id='word_1_105' title='bbox 1125 1981 1379 2046; x_wconf 87' lang='lat' dir='ltr'><strong>videtur</strong></span> <span class='ocrx_word' id='word_1_106' title='bbox 1420 1983 1594 2064; x_wconf 92' lang='lat' dir='ltr'><strong>quod</strong></span> <span class='ocrx_word' id='word_1_107' title='bbox 1639 1974 2120 2065; x_wconf 75' lang='lat' dir='ltr'><strong>praedestinatus</strong></span> <span class='ocrx_word' id='word_1_108' title='bbox 2159 1985 2252 2044; x_wconf 91' lang='lat' dir='ltr'><strong>est</strong></span> 
     </span>
     <span class='ocr_line' id='line_1_17' title="bbox 697 2087 1191 2153; baseline 0.002 -1"><span class='ocrx_word' id='word_1_109' title='bbox 697 2105 835 2153; x_wconf 87' lang='lat' dir='ltr'><strong>esse</strong></span> <span class='ocrx_word' id='word_1_110' title='bbox 858 2087 1031 2153; x_wconf 85' lang='lat' dir='ltr'><strong>filius</strong></span> <span class='ocrx_word' id='word_1_111' title='bbox 1057 2087 1191 2153; x_wconf 88' lang='lat' dir='ltr'><strong>Dei.</strong></span> 
     </span>
    </p>

    <p class='ocr_par' dir='ltr' id='par_1_6' title="bbox 700 2194 2253 2494">
     <span class='ocr_line' id='line_1_18' title="bbox 780 2194 2252 2280; baseline 0.001 -20"><span class='ocrx_word' id='word_1_112' title='bbox 780 2194 936 2261; x_wconf 89' lang='lat' dir='ltr'><strong>Item</strong></span> <span class='ocrx_word' id='word_1_113' title='bbox 984 2197 1453 2280; x_wconf 70' lang='lat' dir='ltr'><strong>praedestinatio</strong></span> <span class='ocrx_word' id='word_1_114' title='bbox 1502 2215 1633 2260; x_wconf 91' lang='lat' dir='ltr'><strong>non</strong></span> <span class='ocrx_word' id='word_1_115' title='bbox 1684 2196 2053 2261; x_wconf 79' lang='lat' dir='ltr'><strong>attribuitur</strong></span> <span class='ocrx_word' id='word_1_116' title='bbox 2094 2195 2252 2261; x_wconf 90' lang='lat' dir='ltr'><strong>Filio</strong></span> 
     </span>
     <span class='ocr_line' id='line_1_19' title="bbox 702 2302 2252 2386; baseline -0.003 -17"><span class='ocrx_word' id='word_1_117' title='bbox 702 2302 812 2369; x_wconf 91' lang='lat' dir='ltr'><strong>Dei</strong></span> <span class='ocrx_word' id='word_1_118' title='bbox 830 2308 1090 2386; x_wconf 88' lang='lat' dir='ltr'><strong>propter</strong></span> <span class='ocrx_word' id='word_1_119' title='bbox 1115 2304 1638 2382; x_wconf 82' lang='lat' dir='ltr'><strong>antecessionem,</strong></span> <span class='ocrx_word' id='word_1_120' title='bbox 1660 2320 1810 2384; x_wconf 75' lang='lat' dir='ltr'><strong>quae</strong></span> <span class='ocrx_word' id='word_1_121' title='bbox 1830 2303 2090 2385; x_wconf 89' lang='lat' dir='ltr'><strong>quidem</strong></span> <span class='ocrx_word' id='word_1_122' title='bbox 2119 2321 2252 2366; x_wconf 90' lang='lat' dir='ltr'><strong>non</strong></span> 
     </span>
     <span class='ocr_line' id='line_1_20' title="bbox 700 2410 2253 2494; baseline 0 -20"><span class='ocrx_word' id='word_1_123' title='bbox 700 2412 998 2475; x_wconf 88' lang='lat' dir='ltr'><strong>convenit</strong></span> <span class='ocrx_word' id='word_1_124' title='bbox 1026 2410 1187 2474; x_wconf 85' lang='lat' dir='ltr'><strong>Filio</strong></span> <span class='ocrx_word' id='word_1_125' title='bbox 1214 2411 1324 2475; x_wconf 91' lang='lat' dir='ltr'><strong>Dei</strong></span> <span class='ocrx_word' id='word_1_126' title='bbox 1347 2413 1699 2477; x_wconf 90' lang='lat' dir='ltr'><strong>secundum</strong></span> <span class='ocrx_word' id='word_1_127' title='bbox 1725 2411 1898 2494; x_wconf 89' lang='lat' dir='ltr'><strong>quod</strong></span> <span class='ocrx_word' id='word_1_128' title='bbox 1925 2412 2091 2475; x_wconf 91' lang='lat' dir='ltr'><strong>Deus</strong></span> <span class='ocrx_word' id='word_1_129' title='bbox 2108 2434 2124 2489; x_wconf 90' lang='lat'>;</span> <span class='ocrx_word' id='word_1_130' title='bbox 2144 2411 2253 2474; x_wconf 90' lang='lat' dir='ltr'><strong>sed</strong></span> 
     </span>
    </p>
   </div>
   <div class='ocr_carea' id='block_1_4' title="bbox 701 2518 2261 2603">
    <p class='ocr_par' dir='ltr' id='par_1_7' title="bbox 701 2518 2261 2603">
     <span class='ocr_line' id='line_1_21' title="bbox 701 2518 2261 2603; baseline -0.001 -19"><span class='ocrx_word' id='word_1_131' title='bbox 701 2518 844 2584; x_wconf 83' lang='lat' dir='ltr'><strong>talis</strong></span> <span class='ocrx_word' id='word_1_132' title='bbox 895 2520 1245 2584; x_wconf 82' lang='lat' dir='ltr'><strong>antecessio</strong></span> <span class='ocrx_word' id='word_1_133' title='bbox 1297 2520 1461 2585; x_wconf 88' lang='lat' dir='ltr'><strong>bene</strong></span> <span class='ocrx_word' id='word_1_134' title='bbox 1507 2522 1806 2603; x_wconf 88' lang='lat' dir='ltr'><strong>competit</strong></span> <span class='ocrx_word' id='word_1_135' title='bbox 1856 2520 2105 2584; x_wconf 89' lang='lat' dir='ltr'><strong>homini</strong></span> <span class='ocrx_word' id='word_1_136' title='bbox 2161 2538 2261 2583; x_wconf 88' lang='lat' dir='ltr'><strong>se·</strong></span> 
     </span>
    </p>
   </div>
   <div class='ocr_carea' id='block_1_5' title="bbox 695 2626 2258 3137">
    <p class='ocr_par' dir='ltr' id='par_1_8' title="bbox 695 2626 2258 3137">
     <span class='ocr_line' id='line_1_22' title="bbox 701 2626 2254 2708; baseline -0.001 -18"><span class='ocrx_word' id='word_1_137' title='bbox 701 2626 986 2690; x_wconf 90' lang='lat' dir='ltr'><strong>cundum</strong></span> <span class='ocrx_word' id='word_1_138' title='bbox 1036 2626 1212 2708; x_wconf 91' lang='lat' dir='ltr'><strong>quod</strong></span> <span class='ocrx_word' id='word_1_139' title='bbox 1256 2627 1452 2691; x_wconf 92' lang='lat' dir='ltr'><strong>homo</strong></span> <span class='ocrx_word' id='word_1_140' title='bbox 1502 2645 1519 2690; x_wconf 90' lang='lat'><strong>:</strong></span> <span class='ocrx_word' id='word_1_141' title='bbox 1576 2645 1735 2708; x_wconf 88' lang='lat' dir='ltr'><strong>ergo</strong></span> <span class='ocrx_word' id='word_1_142' title='bbox 1790 2632 1959 2691; x_wconf 83' lang='lat' dir='ltr'><strong>recte</strong></span> <span class='ocrx_word' id='word_1_143' title='bbox 1997 2627 2254 2690; x_wconf 84' lang='lat' dir='ltr'><strong>videtur</strong></span> 
     </span>
     <span class='ocr_line' id='line_1_23' title="bbox 695 2732 2255 2815; baseline 0 -18"><span class='ocrx_word' id='word_1_144' title='bbox 695 2733 868 2815; x_wconf 88' lang='lat' dir='ltr'><strong>quod</strong></span> <span class='ocrx_word' id='word_1_145' title='bbox 913 2735 1230 2815; x_wconf 80' lang='lat' dir='ltr'><strong>competat</strong></span> <span class='ocrx_word' id='word_1_146' title='bbox 1270 2733 1393 2796; x_wconf 87' lang='lat' dir='ltr'><strong>sibi</strong></span> <span class='ocrx_word' id='word_1_147' title='bbox 1443 2732 1911 2815; x_wconf 63' lang='lat' dir='ltr'><strong>praedestinatio</strong></span> <span class='ocrx_word' id='word_1_148' title='bbox 1956 2755 1971 2797; x_wconf 75' lang='grc' dir='ltr'>ε</span> <span class='ocrx_word' id='word_1_149' title='bbox 2005 2750 2164 2815; x_wconf 88' lang='lat' dir='ltr'><strong>ergo</strong></span> <span class='ocrx_word' id='word_1_150' title='bbox 2198 2734 2255 2797; x_wconf 89' lang='lat' dir='ltr'><strong>si</strong></span> 
     </span>
     <span class='ocr_line' id='line_1_24' title="bbox 698 2840 2256 2921; baseline -0.001 -17"><span class='ocrx_word' id='word_1_151' title='bbox 698 2856 829 2904; x_wconf 89' lang='lat' dir='ltr'><strong>non</strong></span> <span class='ocrx_word' id='word_1_152' title='bbox 873 2844 1125 2905; x_wconf 86' lang='lat' dir='ltr'><strong>tantum</strong></span> <span class='ocrx_word' id='word_1_153' title='bbox 1175 2840 1362 2904; x_wconf 90' lang='lat' dir='ltr'><strong>datur</strong></span> <span class='ocrx_word' id='word_1_154' title='bbox 1411 2840 1503 2903; x_wconf 87' lang='lat' dir='ltr'><strong>ini</strong></span> <span class='ocrx_word' id='word_1_155' title='bbox 1546 2840 1794 2904; x_wconf 91' lang='lat' dir='ltr'><strong>homini</strong></span> <span class='ocrx_word' id='word_1_156' title='bbox 1836 2840 2046 2920; x_wconf 87' lang='lat' dir='ltr'><strong>gratia</strong></span> <span class='ocrx_word' id='word_1_157' title='bbox 2069 2888 2088 2920; x_wconf 87' lang='lat'><strong>,</strong></span> <span class='ocrx_word' id='word_1_158' title='bbox 2142 2857 2256 2921; x_wconf 88' lang='lat' dir='ltr'><strong>per</strong></span> 
     </span>
     <span class='ocr_line' id='line_1_25' title="bbox 698 2947 2258 3030; baseline -0.001 -20"><span class='ocrx_word' id='word_1_159' title='bbox 698 2964 897 3029; x_wconf 87' lang='lat' dir='ltr'><strong>quam</strong></span> <span class='ocrx_word' id='word_1_160' title='bbox 934 2948 1016 3010; x_wconf 91' lang='lat' dir='ltr'><strong>sit</strong></span> <span class='ocrx_word' id='word_1_161' title='bbox 1058 2948 1282 3012; x_wconf 88' lang='lat' dir='ltr'><strong>beatus</strong></span> <span class='ocrx_word' id='word_1_162' title='bbox 1303 2995 1322 3026; x_wconf 92' lang='lat'>,</span> <span class='ocrx_word' id='word_1_163' title='bbox 1366 2947 1474 3011; x_wconf 91' lang='lat' dir='ltr'><strong>sed</strong></span> <span class='ocrx_word' id='word_1_164' title='bbox 1518 2947 1710 3012; x_wconf 90' lang='lat' dir='ltr'><strong>etiam</strong></span> <span class='ocrx_word' id='word_1_165' title='bbox 1760 2966 1875 3029; x_wconf 92' lang='lat' dir='ltr'><strong>per</strong></span> <span class='ocrx_word' id='word_1_166' title='bbox 1923 2966 2122 3030; x_wconf 91' lang='lat' dir='ltr'><strong>quam</strong></span> <span class='ocrx_word' id='word_1_167' title='bbox 2173 2947 2258 3009; x_wconf 88' lang='lat' dir='ltr'><strong>sit</strong></span> 
     </span>
     <span class='ocr_line' id='line_1_26' title="bbox 697 3051 2240 3137; baseline -0.001 -20"><span class='ocrx_word' id='word_1_168' title='bbox 697 3051 870 3117; x_wconf 81' lang='lat' dir='ltr'><strong>filius</strong></span> <span class='ocrx_word' id='word_1_169' title='bbox 897 3053 1030 3130; x_wconf 89' lang='lat' dir='ltr'><strong>Dei,</strong></span> <span class='ocrx_word' id='word_1_170' title='bbox 1052 3054 1304 3118; x_wconf 90' lang='lat' dir='ltr'><strong>videtur</strong></span> <span class='ocrx_word' id='word_1_171' title='bbox 1329 3055 1499 3137; x_wconf 92' lang='lat' dir='ltr'><strong>quod</strong></span> <span class='ocrx_word' id='word_1_172' title='bbox 1528 3054 1670 3119; x_wconf 83' lang='lat' dir='ltr'><strong>haec</strong></span> <span class='ocrx_word' id='word_1_173' title='bbox 1696 3055 1777 3118; x_wconf 90' lang='lat' dir='ltr'><strong>sit</strong></span> <span class='ocrx_word' id='word_1_174' title='bbox 1804 3054 2240 3118; x_wconf 87' lang='lat' dir='ltr'><strong>concedenda:</strong></span> 
     </span>
    </p>
   </div>
   <div class='ocr_carea' id='block_1_6' title="bbox 690 3159 2246 3244">
    <p class='ocr_par' dir='ltr' id='par_1_9' title="bbox 690 3159 2246 3244">
     <span class='ocr_line' id='line_1_27' title="bbox 690 3159 2246 3244; baseline 0.003 -26"><span class='ocrx_word' id='word_1_175' title='bbox 690 3181 741 3238; x_wconf 55' lang='grc' dir='ltr'><strong>Ἴαι</strong></span> <span class='ocrx_word' id='word_1_176' title='bbox 771 3159 976 3225; x_wconf 86' lang='lat' dir='ltr'><strong>Homo</strong></span> <span class='ocrx_word' id='word_1_177' title='bbox 998 3165 1094 3226; x_wconf 89' lang='lat' dir='ltr'><strong>est</strong></span> <span class='ocrx_word' id='word_1_178' title='bbox 1115 3162 1620 3244; x_wconf 80' lang='lat' dir='ltr'><strong>praedestinatUS,</strong></span> <span class='ocrx_word' id='word_1_179' title='bbox 1653 3165 1724 3226; x_wconf 88' lang='lat' dir='ltr'><strong>ut</strong></span> <span class='ocrx_word' id='word_1_180' title='bbox 1751 3163 1830 3224; x_wconf 86' lang='lat' dir='ltr'><strong>sit</strong></span> <span class='ocrx_word' id='word_1_181' title='bbox 1861 3162 2031 3226; x_wconf 84' lang='lat' dir='ltr'><strong>filius</strong></span> <span class='ocrx_word' id='word_1_182' title='bbox 2058 3161 2192 3225; x_wconf 90' lang='lat' dir='ltr'><strong>Dei.</strong></span> <span class='ocrx_word' id='word_1_183' title='bbox 2215 3185 2246 3222; x_wconf 66' lang='grc' dir='ltr'><strong>υ</strong></span> 
     </span>
    </p>
   </div>
   <div class='ocr_carea' id='block_1_7' title="bbox 780 3266 2256 3351">
    <p class='ocr_par' dir='ltr' id='par_1_10' title="bbox 780 3266 2256 3351">
     <span class='ocr_line' id='line_1_28' title="bbox 780 3266 2256 3351; baseline 0.002 -22"><span class='ocrx_word' id='word_1_184' title='bbox 780 3266 897 3329; x_wconf 87' lang='lat' dir='ltr'><strong>Sed</strong></span> <span class='ocrx_word' id='word_1_185' title='bbox 925 3272 1147 3332; x_wconf 85' lang='lat' dir='ltr'><strong>contra</strong></span> <span class='ocrx_word' id='word_1_186' title='bbox 1176 3287 1193 3331; x_wconf 70' lang='grc' dir='ltr'>ε</span> <span class='ocrx_word' id='word_1_187' title='bbox 1228 3275 1287 3333; x_wconf 84' lang='grc'>1.</span> <span class='ocrx_word' id='word_1_188' title='bbox 1339 3268 1406 3333; x_wconf 92' lang='lat' dir='ltr'><strong>Si</strong></span> <span class='ocrx_word' id='word_1_189' title='bbox 1429 3269 1626 3333; x_wconf 89' lang='lat' dir='ltr'><strong>homo</strong></span> <span class='ocrx_word' id='word_1_190' title='bbox 1648 3273 1744 3332; x_wconf 90' lang='lat' dir='ltr'><strong>est</strong></span> <span class='ocrx_word' id='word_1_191' title='bbox 1770 3268 2256 3351; x_wconf 72' lang='lat' dir='ltr'><strong>praedestinatus</strong></span> 
     </span>
    </p>
   </div>
   <div class='ocr_carea' id='block_1_8' title="bbox 699 3372 2253 3542">
    <p class='ocr_par' dir='ltr' id='par_1_11' title="bbox 699 3372 2253 3542">
     <span class='ocr_line' id='line_1_29' title="bbox 700 3372 2253 3458; baseline 0.003 -22"><span class='ocrx_word' id='word_1_192' title='bbox 700 3388 836 3436; x_wconf 84' lang='lat' dir='ltr'><strong>esse</strong></span> <span class='ocrx_word' id='word_1_193' title='bbox 872 3372 1043 3437; x_wconf 79' lang='lat' dir='ltr'><strong>filius</strong></span> <span class='ocrx_word' id='word_1_194' title='bbox 1080 3374 1213 3453; x_wconf 90' lang='lat' dir='ltr'><strong>Dei,</strong></span> <span class='ocrx_word' id='word_1_195' title='bbox 1247 3394 1406 3457; x_wconf 89' lang='lat' dir='ltr'><strong>ergo</strong></span> <span class='ocrx_word' id='word_1_196' title='bbox 1448 3374 1650 3439; x_wconf 88' lang='lat' dir='ltr'><strong>Filius</strong></span> <span class='ocrx_word' id='word_1_197' title='bbox 1694 3375 1805 3440; x_wconf 89' lang='lat' dir='ltr'><strong>Dei</strong></span> <span class='ocrx_word' id='word_1_198' title='bbox 1848 3379 1945 3440; x_wconf 87' lang='lat' dir='ltr'><strong>est</strong></span> <span class='ocrx_word' id='word_1_199' title='bbox 1984 3376 2253 3458; x_wconf 86' lang='lat' dir='ltr'><strong>praedes-</strong></span> 
     </span>
     <span class='ocr_line' id='line_1_30' title="bbox 699 3473 2249 3542; baseline 0.002 -5"><span class='ocrx_word' id='word_1_200' title='bbox 699 3473 938 3538; x_wconf 86' lang='lat' dir='ltr'><strong>tinatus</strong></span> <span class='ocrx_word' id='word_1_201' title='bbox 976 3494 1111 3541; x_wconf 90' lang='lat' dir='ltr'><strong>esse</strong></span> <span class='ocrx_word' id='word_1_202' title='bbox 1152 3477 1325 3542; x_wconf 84' lang='lat' dir='ltr'><strong>filius</strong></span> <span class='ocrx_word' id='word_1_203' title='bbox 1369 3477 1480 3542; x_wconf 87' lang='lat' dir='ltr'><strong>Dei</strong></span> <span class='ocrx_word' id='word_1_204' title='bbox 1526 3478 1681 3542; x_wconf 89' lang='lat' dir='ltr'><strong>:sed</strong></span> <span class='ocrx_word' id='word_1_205' title='bbox 1726 3478 1866 3541; x_wconf 83' lang='lat' dir='ltr'><strong>haec</strong></span> <span class='ocrx_word' id='word_1_206' title='bbox 1911 3483 2006 3540; x_wconf 88' lang='lat' dir='ltr'><strong>est</strong></span> <span class='ocrx_word' id='word_1_207' title='bbox 2051 3478 2249 3541; x_wconf 85' lang='lat' dir='ltr'><strong>falsa:</strong></span> 
     </span>
    </p>
   </div>
   <div class='ocr_carea' id='block_1_9' title="bbox 698 3583 2259 5384">
    <p class='ocr_par' dir='ltr' id='par_1_12' title="bbox 698 3583 2256 3882">
     <span class='ocr_line' id='line_1_31' title="bbox 698 3583 2256 3669; baseline 0.003 -25"><span class='ocrx_word' id='word_1_208' title='bbox 698 3599 860 3663; x_wconf 91' lang='lat' dir='ltr'><strong>ergo</strong></span> <span class='ocrx_word' id='word_1_209' title='bbox 887 3587 952 3646; x_wconf 88' lang='lat' dir='ltr'><strong>et</strong></span> <span class='ocrx_word' id='word_1_210' title='bbox 988 3583 1126 3664; x_wconf 85' lang='lat' dir='ltr'><strong>illa,</strong></span> <span class='ocrx_word' id='word_1_211' title='bbox 1159 3603 1240 3648; x_wconf 78' lang='lat' dir='ltr'><strong>ex</strong></span> <span class='ocrx_word' id='word_1_212' title='bbox 1268 3604 1399 3667; x_wconf 89' lang='lat' dir='ltr'><strong>qua</strong></span> <span class='ocrx_word' id='word_1_213' title='bbox 1436 3586 1726 3668; x_wconf 90' lang='lat' dir='ltr'><strong>sequitur</strong></span> <span class='ocrx_word' id='word_1_214' title='bbox 1759 3604 1775 3648; x_wconf 88' lang='lat'><strong>:</strong></span> <span class='ocrx_word' id='word_1_215' title='bbox 1807 3585 2094 3669; x_wconf 85' lang='lat' dir='ltr'><strong>sequitur</strong></span> <span class='ocrx_word' id='word_1_216' title='bbox 2132 3604 2256 3649; x_wconf 89' lang='lat' dir='ltr'><strong>au-</strong></span> 
     </span>
     <span class='ocr_line' id='line_1_32' title="bbox 701 3692 2253 3777; baseline 0.003 -26"><span class='ocrx_word' id='word_1_217' title='bbox 701 3693 830 3753; x_wconf 87' lang='lat' dir='ltr'><strong>tem</strong></span> <span class='ocrx_word' id='word_1_218' title='bbox 855 3702 938 3755; x_wconf 79' lang='lat' dir='ltr'><strong>ex</strong></span> <span class='ocrx_word' id='word_1_219' title='bbox 965 3692 1086 3756; x_wconf 90' lang='lat' dir='ltr'><strong>hac</strong></span> <span class='ocrx_word' id='word_1_220' title='bbox 1118 3716 1132 3756; x_wconf 91' lang='lat'>:</span> <span class='ocrx_word' id='word_1_221' title='bbox 1176 3717 1207 3753; x_wconf 74' lang='grc' dir='ltr'>α</span> <span class='ocrx_word' id='word_1_222' title='bbox 1243 3693 1450 3758; x_wconf 89' lang='lat' dir='ltr'><strong>Homo</strong></span> <span class='ocrx_word' id='word_1_223' title='bbox 1478 3698 1574 3758; x_wconf 92' lang='lat' dir='ltr'><strong>est</strong></span> <span class='ocrx_word' id='word_1_224' title='bbox 1601 3694 2089 3777; x_wconf 74' lang='lat' dir='ltr'><strong>praedestinatus</strong></span> <span class='ocrx_word' id='word_1_225' title='bbox 2116 3710 2253 3756; x_wconf 87' lang='lat' dir='ltr'><strong>esse</strong></span> 
     </span>
     <span class='ocr_line' id='line_1_33' title="bbox 701 3796 1494 3882; baseline 0.004 -21"><span class='ocrx_word' id='word_1_226' title='bbox 701 3796 872 3861; x_wconf 82' lang='lat' dir='ltr'><strong>filius</strong></span> <span class='ocrx_word' id='word_1_227' title='bbox 897 3798 1008 3862; x_wconf 90' lang='lat' dir='ltr'><strong>Dei</strong></span> <span class='ocrx_word' id='word_1_228' title='bbox 1038 3818 1055 3864; x_wconf 73' lang='grc' dir='ltr'><strong><em>ε</em></strong></span> <span class='ocrx_word' id='word_1_229' title='bbox 1084 3823 1115 3860; x_wconf 71' lang='lat' dir='ltr'><strong>n</strong></span> <span class='ocrx_word' id='word_1_230' title='bbox 1152 3819 1343 3882; x_wconf 90' lang='lat' dir='ltr'><strong>ergo,</strong></span> <span class='ocrx_word' id='word_1_231' title='bbox 1373 3804 1494 3866; x_wconf 87' lang='lat' dir='ltr'><strong>etc.</strong></span> 
     </span>
    </p>

    <p class='ocr_par' dir='ltr' id='par_1_13' title="bbox 702 3904 2259 4953">
     <span class='ocr_line' id='line_1_34' title="bbox 785 3904 2252 3989; baseline 0.001 -19"><span class='ocrx_word' id='word_1_232' title='bbox 785 3909 844 3970; x_wconf 75' lang='grc' dir='ltr'><strong>Ξ.</strong></span> <span class='ocrx_word' id='word_1_233' title='bbox 878 3904 1035 3970; x_wconf 91' lang='lat' dir='ltr'><strong>Item</strong></span> <span class='ocrx_word' id='word_1_234' title='bbox 1083 3908 1552 3989; x_wconf 85' lang='lat' dir='ltr'><strong>praedestinatio</strong></span> <span class='ocrx_word' id='word_1_235' title='bbox 1592 3924 1722 3969; x_wconf 92' lang='lat' dir='ltr'><strong>non</strong></span> <span class='ocrx_word' id='word_1_236' title='bbox 1751 3911 1846 3971; x_wconf 86' lang='lat' dir='ltr'><strong>est</strong></span> <span class='ocrx_word' id='word_1_237' title='bbox 1875 3907 1998 3970; x_wconf 91' lang='lat' dir='ltr'><strong>nisi</strong></span> <span class='ocrx_word' id='word_1_238' title='bbox 2036 3924 2252 3989; x_wconf 88' lang='lat' dir='ltr'><strong>perso-</strong></span> 
     </span>
     <span class='ocr_line' id='line_1_35' title="bbox 705 4014 2257 4096; baseline 0.001 -19"><span class='ocrx_word' id='word_1_239' title='bbox 705 4030 810 4077; x_wconf 79' lang='lat' dir='ltr'><strong>nae</strong></span> <span class='ocrx_word' id='word_1_240' title='bbox 856 4036 871 4078; x_wconf 74' lang='grc' dir='ltr'>ε</span> <span class='ocrx_word' id='word_1_241' title='bbox 917 4032 1073 4094; x_wconf 86' lang='lat' dir='ltr'><strong>ergo</strong></span> <span class='ocrx_word' id='word_1_242' title='bbox 1117 4014 1171 4078; x_wconf 89' lang='lat' dir='ltr'><strong>si</strong></span> <span class='ocrx_word' id='word_1_243' title='bbox 1212 4015 1408 4079; x_wconf 89' lang='lat' dir='ltr'><strong>homo</strong></span> <span class='ocrx_word' id='word_1_244' title='bbox 1454 4019 1550 4078; x_wconf 92' lang='lat' dir='ltr'><strong>est</strong></span> <span class='ocrx_word' id='word_1_245' title='bbox 1595 4014 2080 4096; x_wconf 74' lang='lat' dir='ltr'><strong>praedestinatus</strong></span> <span class='ocrx_word' id='word_1_246' title='bbox 2123 4032 2257 4079; x_wconf 88' lang='lat' dir='ltr'><strong>esse</strong></span> 
     </span>
     <span class='ocr_line' id='line_1_36' title="bbox 707 4121 2259 4206; baseline 0.001 -22"><span class='ocrx_word' id='word_1_247' title='bbox 707 4122 879 4185; x_wconf 83' lang='lat' dir='ltr'><strong>filius</strong></span> <span class='ocrx_word' id='word_1_248' title='bbox 922 4121 1053 4201; x_wconf 90' lang='lat' dir='ltr'><strong>Dei,</strong></span> <span class='ocrx_word' id='word_1_249' title='bbox 1104 4123 1319 4206; x_wconf 89' lang='lat' dir='ltr'><strong>aliqua</strong></span> <span class='ocrx_word' id='word_1_250' title='bbox 1338 4140 1636 4204; x_wconf 75' lang='lat' dir='ltr'><strong>persona</strong></span> <span class='ocrx_word' id='word_1_251' title='bbox 1676 4126 1768 4186; x_wconf 90' lang='lat' dir='ltr'><strong>est</strong></span> <span class='ocrx_word' id='word_1_252' title='bbox 1815 4121 2259 4203; x_wconf 83' lang='lat' dir='ltr'><strong>praedestinata</strong></span> 
     </span>
     <span class='ocr_line' id='line_1_37' title="bbox 706 4227 2259 4311; baseline 0.001 -21"><span class='ocrx_word' id='word_1_253' title='bbox 706 4245 841 4290; x_wconf 87' lang='lat' dir='ltr'><strong>esse</strong></span> <span class='ocrx_word' id='word_1_254' title='bbox 867 4227 1040 4292; x_wconf 79' lang='lat' dir='ltr'><strong>fillus</strong></span> <span class='ocrx_word' id='word_1_255' title='bbox 1066 4228 1199 4292; x_wconf 91' lang='lat' dir='ltr'><strong>Dei.</strong></span> <span class='ocrx_word' id='word_1_256' title='bbox 1230 4230 1362 4294; x_wconf 81' lang='lat' dir='ltr'><strong>Aut</strong></span> <span class='ocrx_word' id='word_1_257' title='bbox 1388 4247 1547 4309; x_wconf 91' lang='lat' dir='ltr'><strong>ergo</strong></span> <span class='ocrx_word' id='word_1_258' title='bbox 1576 4247 1848 4311; x_wconf 87' lang='lat' dir='ltr'><strong>persona</strong></span> <span class='ocrx_word' id='word_1_259' title='bbox 1877 4234 2109 4308; x_wconf 87' lang='lat' dir='ltr'><strong>creata,</strong></span> <span class='ocrx_word' id='word_1_260' title='bbox 2145 4233 2259 4292; x_wconf 87' lang='lat' dir='ltr'><strong>aut</strong></span> 
     </span>
     <span class='ocr_line' id='line_1_38' title="bbox 705 4332 2257 4417; baseline 0.003 -23"><span class='ocrx_word' id='word_1_261' title='bbox 705 4332 1018 4398; x_wconf 87' lang='lat' dir='ltr'><strong>increata:</strong></span> <span class='ocrx_word' id='word_1_262' title='bbox 1043 4335 1152 4399; x_wconf 89' lang='lat' dir='ltr'><strong>sed</strong></span> <span class='ocrx_word' id='word_1_263' title='bbox 1179 4353 1312 4399; x_wconf 93' lang='lat' dir='ltr'><strong>non</strong></span> <span class='ocrx_word' id='word_1_264' title='bbox 1341 4352 1610 4416; x_wconf 89' lang='lat' dir='ltr'><strong>persona</strong></span> <span class='ocrx_word' id='word_1_265' title='bbox 1632 4339 1863 4410; x_wconf 87' lang='lat' dir='ltr'><strong>creata,</strong></span> <span class='ocrx_word' id='word_1_266' title='bbox 1885 4338 2037 4417; x_wconf 91' lang='lat' dir='ltr'><strong>quia</strong></span> <span class='ocrx_word' id='word_1_267' title='bbox 2063 4336 2257 4399; x_wconf 90' lang='lat' dir='ltr'><strong>talem</strong></span> 
     </span>
     <span class='ocr_line' id='line_1_39' title="bbox 704 4441 2250 4525; baseline 0.001 -21"><span class='ocrx_word' id='word_1_268' title='bbox 704 4459 837 4504; x_wconf 92' lang='lat' dir='ltr'><strong>non</strong></span> <span class='ocrx_word' id='word_1_269' title='bbox 866 4446 963 4505; x_wconf 88' lang='lat' dir='ltr'><strong>est</strong></span> <span class='ocrx_word' id='word_1_270' title='bbox 990 4443 1267 4525; x_wconf 87' lang='lat' dir='ltr'><strong>reperire</strong></span> <span class='ocrx_word' id='word_1_271' title='bbox 1297 4443 1362 4505; x_wconf 92' lang='lat' dir='ltr'><strong>in</strong></span> <span class='ocrx_word' id='word_1_272' title='bbox 1390 4441 1635 4523; x_wconf 81' lang='lat' dir='ltr'><strong>Christo</strong></span> <span class='ocrx_word' id='word_1_273' title='bbox 1673 4464 1687 4504; x_wconf 75' lang='lat' dir='ltr'><strong>t</strong></span> <span class='ocrx_word' id='word_1_274' title='bbox 1731 4460 1888 4523; x_wconf 89' lang='lat' dir='ltr'><strong>ergo</strong></span> <span class='ocrx_word' id='word_1_275' title='bbox 1926 4443 2206 4507; x_wconf 81' lang='lat' dir='ltr'><strong>increata</strong></span> <span class='ocrx_word' id='word_1_276' title='bbox 2237 4465 2250 4506; x_wconf 74' lang='grc' dir='ltr'><strong><em>ε</em></strong></span> 
     </span>
     <span class='ocr_line' id='line_1_40' title="bbox 703 4548 2257 4631; baseline 0.002 -20"><span class='ocrx_word' id='word_1_277' title='bbox 703 4549 811 4612; x_wconf 89' lang='lat' dir='ltr'><strong>sed</strong></span> <span class='ocrx_word' id='word_1_278' title='bbox 842 4567 1128 4631; x_wconf 82' lang='lat' dir='ltr'><strong>personae</strong></span> <span class='ocrx_word' id='word_1_279' title='bbox 1160 4549 1458 4612; x_wconf 69' lang='lat' dir='ltr'><strong>increatae</strong></span> <span class='ocrx_word' id='word_1_280' title='bbox 1484 4566 1615 4611; x_wconf 91' lang='lat' dir='ltr'><strong>non</strong></span> <span class='ocrx_word' id='word_1_281' title='bbox 1652 4548 1951 4613; x_wconf 82' lang='lat' dir='ltr'><strong>convenit</strong></span> <span class='ocrx_word' id='word_1_282' title='bbox 1978 4550 2257 4631; x_wconf 77' lang='lat' dir='ltr'><strong>praedes-</strong></span> 
     </span>
     <span class='ocr_line' id='line_1_41' title="bbox 702 4656 2258 4741; baseline 0.001 -21"><span class='ocrx_word' id='word_1_283' title='bbox 702 4656 893 4720; x_wconf 89' lang='lat' dir='ltr'><strong>tinari</strong></span> <span class='ocrx_word' id='word_1_284' title='bbox 921 4679 936 4720; x_wconf 79' lang='lat' dir='ltr'><strong>t</strong></span> <span class='ocrx_word' id='word_1_285' title='bbox 970 4675 1126 4738; x_wconf 88' lang='lat' dir='ltr'><strong>ergo</strong></span> <span class='ocrx_word' id='word_1_286' title='bbox 1159 4657 1413 4721; x_wconf 84' lang='lat' dir='ltr'><strong>videtur</strong></span> <span class='ocrx_word' id='word_1_287' title='bbox 1438 4656 1608 4738; x_wconf 88' lang='lat' dir='ltr'><strong>quod</strong></span> <span class='ocrx_word' id='word_1_288' title='bbox 1649 4675 1778 4720; x_wconf 92' lang='lat' dir='ltr'><strong>non</strong></span> <span class='ocrx_word' id='word_1_289' title='bbox 1809 4657 2036 4721; x_wconf 88' lang='lat' dir='ltr'><strong>debeat</strong></span> <span class='ocrx_word' id='word_1_290' title='bbox 2063 4659 2258 4741; x_wconf 86' lang='lat' dir='ltr'><strong>recipi</strong></span> 
     </span>
     <span class='ocr_line' id='line_1_42' title="bbox 702 4764 2259 4848; baseline 0.001 -20"><span class='ocrx_word' id='word_1_291' title='bbox 702 4766 1044 4848; x_wconf 73' lang='lat' dir='ltr'><strong>praedictus</strong></span> <span class='ocrx_word' id='word_1_292' title='bbox 1086 4783 1296 4830; x_wconf 88' lang='lat' dir='ltr'><strong>sermo</strong></span> <span class='ocrx_word' id='word_1_293' title='bbox 1335 4765 1483 4842; x_wconf 87' lang='lat' dir='ltr'><strong>iste,</strong></span> <span class='ocrx_word' id='word_1_294' title='bbox 1533 4764 1766 4837; x_wconf 85' lang='lat' dir='ltr'><strong>scilicet</strong></span> <span class='ocrx_word' id='word_1_295' title='bbox 1807 4788 1821 4827; x_wconf 74' lang='grc' dir='ltr'><strong><em>ε</em></strong></span> <span class='ocrx_word' id='word_1_296' title='bbox 1860 4788 1891 4825; x_wconf 74' lang='grc' dir='ltr'>α</span> <span class='ocrx_word' id='word_1_297' title='bbox 1918 4764 2126 4830; x_wconf 89' lang='lat' dir='ltr'><strong>Homo</strong></span> <span class='ocrx_word' id='word_1_298' title='bbox 2164 4770 2259 4830; x_wconf 91' lang='lat' dir='ltr'><strong>est</strong></span> 
     </span>
     <span class='ocr_line' id='line_1_43' title="bbox 703 4869 1769 4953; baseline -0.005 -16"><span class='ocrx_word' id='word_1_299' title='bbox 703 4874 1186 4953; x_wconf 66' lang='lat' dir='ltr'><strong>praedestinatus</strong></span> <span class='ocrx_word' id='word_1_300' title='bbox 1212 4890 1347 4937; x_wconf 85' lang='lat' dir='ltr'><strong>esse</strong></span> <span class='ocrx_word' id='word_1_301' title='bbox 1374 4870 1545 4935; x_wconf 84' lang='lat' dir='ltr'><strong>fliius</strong></span> <span class='ocrx_word' id='word_1_302' title='bbox 1576 4869 1709 4934; x_wconf 88' lang='lat' dir='ltr'><strong>Dei.</strong></span> <span class='ocrx_word' id='word_1_303' title='bbox 1739 4892 1769 4930; x_wconf 74' lang='grc' dir='ltr'><strong>ι)</strong></span> 
     </span>
    </p>

    <p class='ocr_par' dir='ltr' id='par_1_14' title="bbox 702 4979 2257 5384">
     <span class='ocr_line' id='line_1_44' title="bbox 783 4979 2257 5064; baseline -0.001 -19"><span class='ocrx_word' id='word_1_304' title='bbox 783 4984 843 5045; x_wconf 85' lang='lat'><strong>3.</strong></span> <span class='ocrx_word' id='word_1_305' title='bbox 875 4979 1033 5045; x_wconf 91' lang='lat' dir='ltr'><strong>Item</strong></span> <span class='ocrx_word' id='word_1_306' title='bbox 1060 4982 1450 5064; x_wconf 85' lang='lat' dir='ltr'><strong>quicumque</strong></span> <span class='ocrx_word' id='word_1_307' title='bbox 1476 4984 1571 5043; x_wconf 87' lang='lat' dir='ltr'><strong>est</strong></span> <span class='ocrx_word' id='word_1_308' title='bbox 1594 4979 2081 5060; x_wconf 84' lang='lat' dir='ltr'><strong>praedestinatus</strong></span> <span class='ocrx_word' id='word_1_309' title='bbox 2096 5029 2114 5060; x_wconf 90' lang='lat'>,</span> <span class='ocrx_word' id='word_1_310' title='bbox 2139 4999 2257 5044; x_wconf 92' lang='lat' dir='ltr'><strong>an-</strong></span> 
     </span>
     <span class='ocr_line' id='line_1_45' title="bbox 702 5086 2254 5171; baseline 0.001 -20"><span class='ocrx_word' id='word_1_311' title='bbox 702 5089 930 5153; x_wconf 84' lang='lat' dir='ltr'><strong>tecedit</strong></span> <span class='ocrx_word' id='word_1_312' title='bbox 953 5090 1111 5154; x_wconf 85' lang='lat' dir='ltr'><strong>illud</strong></span> <span class='ocrx_word' id='word_1_313' title='bbox 1133 5090 1213 5153; x_wconf 90' lang='lat' dir='ltr'><strong>ad</strong></span> <span class='ocrx_word' id='word_1_314' title='bbox 1235 5087 1406 5171; x_wconf 91' lang='lat' dir='ltr'><strong>quod</strong></span> <span class='ocrx_word' id='word_1_315' title='bbox 1429 5086 1915 5169; x_wconf 77' lang='lat' dir='ltr'><strong>praedestinatur</strong></span> <span class='ocrx_word' id='word_1_316' title='bbox 1940 5092 2254 5170; x_wconf 87' lang='lat' dir='ltr'><strong>tempore,</strong></span> 
     </span>
     <span class='ocr_line' id='line_1_46' title="bbox 703 5196 2255 5276; baseline 0.001 -18"><span class='ocrx_word' id='word_1_317' title='bbox 703 5200 816 5259; x_wconf 87' lang='lat' dir='ltr'><strong>aut</strong></span> <span class='ocrx_word' id='word_1_318' title='bbox 840 5202 1073 5260; x_wconf 87' lang='lat' dir='ltr'><strong>natura</strong></span> <span class='ocrx_word' id='word_1_319' title='bbox 1103 5218 1119 5260; x_wconf 72' lang='grc' dir='ltr'>ε</span> <span class='ocrx_word' id='word_1_320' title='bbox 1151 5198 1259 5260; x_wconf 90' lang='lat' dir='ltr'><strong>sed</strong></span> <span class='ocrx_word' id='word_1_321' title='bbox 1287 5196 1483 5258; x_wconf 90' lang='lat' dir='ltr'><strong>homo</strong></span> <span class='ocrx_word' id='word_1_322' title='bbox 1510 5212 1629 5257; x_wconf 90' lang='lat' dir='ltr'><strong>nec</strong></span> <span class='ocrx_word' id='word_1_323' title='bbox 1655 5198 1968 5276; x_wconf 86' lang='lat' dir='ltr'><strong>tempore,</strong></span> <span class='ocrx_word' id='word_1_324' title='bbox 1995 5215 2112 5259; x_wconf 86' lang='lat' dir='ltr'><strong>nec</strong></span> <span class='ocrx_word' id='word_1_325' title='bbox 2144 5216 2255 5260; x_wconf 88' lang='lat' dir='ltr'><strong>na-</strong></span> 
     </span>
     <span class='ocr_line' id='line_1_47' title="bbox 703 5300 2256 5384; baseline 0.001 -17"><span class='ocrx_word' id='word_1_326' title='bbox 703 5303 854 5367; x_wconf 76' lang='lat' dir='ltr'><strong>tura</strong></span> <span class='ocrx_word' id='word_1_327' title='bbox 907 5303 1216 5367; x_wconf 85' lang='lat' dir='ltr'><strong>antecedit</strong></span> <span class='ocrx_word' id='word_1_328' title='bbox 1268 5300 1504 5367; x_wconf 89' lang='lat' dir='ltr'><strong>Filium</strong></span> <span class='ocrx_word' id='word_1_329' title='bbox 1564 5301 1669 5364; x_wconf 89' lang='lat' dir='ltr'><strong>Dei</strong></span> <span class='ocrx_word' id='word_1_330' title='bbox 1725 5325 1737 5364; x_wconf 91' lang='lat'>:</span> <span class='ocrx_word' id='word_1_331' title='bbox 1791 5320 1950 5384; x_wconf 91' lang='lat' dir='ltr'><strong>ergo</strong></span> <span class='ocrx_word' id='word_1_332' title='bbox 1997 5303 2256 5368; x_wconf 84' lang='lat' dir='ltr'><strong>videtur</strong></span> 
     </span>
    </p>
   </div>
   <div class='ocr_carea' id='block_1_10' title="bbox 774 5423 2245 5491">
    <p class='ocr_par' dir='ltr' id='par_1_15' title="bbox 774 5423 2245 5491">
     <span class='ocr_line' id='line_1_48' title="bbox 774 5423 2245 5491; baseline -0.002 -13"><span class='ocrx_word' id='word_1_333' title='bbox 774 5428 788 5462; x_wconf 87' lang='lat'><strong>¹</strong></span> <span class='ocrx_word' id='word_1_334' title='bbox 818 5428 893 5478; x_wconf 78' lang='lat' dir='ltr'><strong>Ex</strong></span> <span class='ocrx_word' id='word_1_335' title='bbox 921 5428 1238 5491; x_wconf 67' lang='lat' dir='ltr'><strong>Augustino,</strong></span> <span class='ocrx_word' id='word_1_336' title='bbox 1264 5425 1324 5476; x_wconf 81' lang='lat' dir='ltr'><strong>de</strong></span> <span class='ocrx_word' id='word_1_337' title='bbox 1346 5423 1584 5475; x_wconf 74' lang='lat' dir='ltr'><strong>Proedest.</strong></span> <span class='ocrx_word' id='word_1_338' title='bbox 1615 5426 1867 5480; x_wconf 57' lang='lat' dir='ltr'><strong>Sanctam,</strong></span> <span class='ocrx_word' id='word_1_339' title='bbox 1893 5442 1940 5478; x_wconf 88' lang='lat' dir='ltr'><strong>c.</strong></span> <span class='ocrx_word' id='word_1_340' title='bbox 1963 5438 2051 5490; x_wconf 81' lang='lat' dir='ltr'><strong>xv,</strong></span> <span class='ocrx_word' id='word_1_341' title='bbox 2079 5441 2135 5478; x_wconf 89' lang='lat' dir='ltr'><strong>n.</strong></span> <span class='ocrx_word' id='word_1_342' title='bbox 2165 5429 2245 5477; x_wconf 81' lang='lat'><strong>³1.</strong></span> 
     </span>
    </p>
   </div>
   <div class='ocr_carea' id='block_1_11' title="bbox 1810 445 2778 518">
    <p class='ocr_par' dir='ltr' id='par_1_16' title="bbox 1810 445 2778 518">
     <span class='ocr_line' id='line_1_49' title="bbox 1810 445 2778 518; baseline -0.003 0"><span class='ocrx_word' id='word_1_343' title='bbox 1810 445 2432 518; x_wconf 80' lang='lat' dir='ltr'><strong>SENTENTIARUM</strong></span> <span class='ocrx_word' id='word_1_344' title='bbox 2473 450 2625 517; x_wconf 88' lang='lat' dir='ltr'><strong>LIB.</strong></span> <span class='ocrx_word' id='word_1_345' title='bbox 2669 450 2778 516; x_wconf 91' lang='lat'>111.</span> 
     </span>
    </p>
   </div>
   <div class='ocr_carea' id='block_1_12' title="bbox 2354 585 3916 2168">
    <p class='ocr_par' dir='ltr' id='par_1_17' title="bbox 2357 585 3900 669">
     <span class='ocr_line' id='line_1_50' title="bbox 2357 585 3900 669; baseline 0.006 -20"><span class='ocrx_word' id='word_1_346' title='bbox 2357 585 2526 667; x_wconf 87' lang='lat' dir='ltr'><strong>quod</strong></span> <span class='ocrx_word' id='word_1_347' title='bbox 2568 603 2778 651; x_wconf 90' lang='lat' dir='ltr'><strong>sermo</strong></span> <span class='ocrx_word' id='word_1_348' title='bbox 2804 586 3145 669; x_wconf 70' lang='lat' dir='ltr'><strong>praedictus</strong></span> <span class='ocrx_word' id='word_1_349' title='bbox 3170 605 3302 652; x_wconf 93' lang='lat' dir='ltr'><strong>non</strong></span> <span class='ocrx_word' id='word_1_350' title='bbox 3352 587 3578 655; x_wconf 88' lang='lat' dir='ltr'><strong>debeat</strong></span> <span class='ocrx_word' id='word_1_351' title='bbox 3615 594 3900 659; x_wconf 86' lang='lat' dir='ltr'><strong>concedi.</strong></span> 
     </span>
    </p>

    <p class='ocr_par' dir='ltr' id='par_1_18' title="bbox 2354 693 3916 2168">
     <span class='ocr_line' id='line_1_51' title="bbox 2438 693 3905 783; baseline 0.007 -27"><span class='ocrx_word' id='word_1_352' title='bbox 2438 697 2499 756; x_wconf 71' lang='lat'><strong>4.</strong></span> <span class='ocrx_word' id='word_1_353' title='bbox 2548 693 2736 771; x_wconf 86' lang='lat' dir='ltr'><strong>Item,</strong></span> <span class='ocrx_word' id='word_1_354' title='bbox 2785 712 2934 758; x_wconf 91' lang='lat' dir='ltr'><strong>cum</strong></span> <span class='ocrx_word' id='word_1_355' title='bbox 2981 694 3260 759; x_wconf 88' lang='lat' dir='ltr'><strong>dicitur:</strong></span> <span class='ocrx_word' id='word_1_356' title='bbox 3299 694 3560 762; x_wconf 75' lang='lat' dir='ltr'><strong>«Homo</strong></span> <span class='ocrx_word' id='word_1_357' title='bbox 3608 704 3702 763; x_wconf 90' lang='lat' dir='ltr'><strong>est</strong></span> <span class='ocrx_word' id='word_1_358' title='bbox 3734 718 3905 783; x_wconf 82' lang='lat' dir='ltr'><strong>prae-</strong></span> 
     </span>
     <span class='ocr_line' id='line_1_52' title="bbox 2354 798 3907 889; baseline 0.006 -27"><span class='ocrx_word' id='word_1_359' title='bbox 2354 798 2705 865; x_wconf 88' lang='lat' dir='ltr'><strong>destinatus</strong></span> <span class='ocrx_word' id='word_1_360' title='bbox 2730 818 2866 864; x_wconf 90' lang='lat' dir='ltr'><strong>esse</strong></span> <span class='ocrx_word' id='word_1_361' title='bbox 2890 801 3062 865; x_wconf 83' lang='lat' dir='ltr'><strong>filius</strong></span> <span class='ocrx_word' id='word_1_362' title='bbox 3095 801 3227 880; x_wconf 87' lang='lat' dir='ltr'><strong>Dei,</strong></span> <span class='ocrx_word' id='word_1_363' title='bbox 3255 826 3287 863; x_wconf 74' lang='grc' dir='ltr'><strong>ι)</strong></span> <span class='ocrx_word' id='word_1_364' title='bbox 3324 808 3436 869; x_wconf 88' lang='lat' dir='ltr'><strong>aut</strong></span> <span class='ocrx_word' id='word_1_365' title='bbox 3459 805 3581 869; x_wconf 91' lang='lat' dir='ltr'><strong>hoc</strong></span> <span class='ocrx_word' id='word_1_366' title='bbox 3608 806 3907 889; x_wconf 86' lang='lat' dir='ltr'><strong>intelligi-</strong></span> 
     </span>
     <span class='ocr_line' id='line_1_53' title="bbox 2354 908 3907 991; baseline 0.008 -23"><span class='ocrx_word' id='word_1_367' title='bbox 2354 910 2461 970; x_wconf 88' lang='lat' dir='ltr'><strong>tur</strong></span> <span class='ocrx_word' id='word_1_368' title='bbox 2509 908 2864 973; x_wconf 90' lang='lat' dir='ltr'><strong>secundum</strong></span> <span class='ocrx_word' id='word_1_369' title='bbox 2900 908 3075 991; x_wconf 92' lang='lat' dir='ltr'><strong>quod</strong></span> <span class='ocrx_word' id='word_1_370' title='bbox 3119 909 3351 988; x_wconf 86' lang='lat' dir='ltr'><strong>homo,</strong></span> <span class='ocrx_word' id='word_1_371' title='bbox 3401 917 3512 976; x_wconf 90' lang='lat' dir='ltr'><strong>aut</strong></span> <span class='ocrx_word' id='word_1_372' title='bbox 3556 915 3907 980; x_wconf 87' lang='lat' dir='ltr'><strong>secundum</strong></span> 
     </span>
     <span class='ocr_line' id='line_1_54' title="bbox 2356 1012 3908 1100; baseline 0.006 -24"><span class='ocrx_word' id='word_1_373' title='bbox 2356 1012 2527 1094; x_wconf 91' lang='lat' dir='ltr'><strong>quod</strong></span> <span class='ocrx_word' id='word_1_374' title='bbox 2558 1013 2724 1078; x_wconf 87' lang='lat' dir='ltr'><strong>Deus</strong></span> <span class='ocrx_word' id='word_1_375' title='bbox 2756 1036 2771 1076; x_wconf 74' lang='grc' dir='ltr'>ε</span> <span class='ocrx_word' id='word_1_376' title='bbox 2807 1033 2940 1078; x_wconf 91' lang='lat' dir='ltr'><strong>non</strong></span> <span class='ocrx_word' id='word_1_377' title='bbox 2975 1017 3333 1080; x_wconf 87' lang='lat' dir='ltr'><strong>secundum</strong></span> <span class='ocrx_word' id='word_1_378' title='bbox 3360 1019 3534 1100; x_wconf 92' lang='lat' dir='ltr'><strong>quod</strong></span> <span class='ocrx_word' id='word_1_379' title='bbox 3564 1020 3758 1097; x_wconf 75' lang='lat' dir='ltr'><strong>Deus,</strong></span> <span class='ocrx_word' id='word_1_380' title='bbox 3785 1022 3908 1086; x_wconf 89' lang='lat' dir='ltr'><strong>hoc</strong></span> 
     </span>
     <span class='ocr_line' id='line_1_55' title="bbox 2356 1121 3907 1210; baseline 0.007 -27"><span class='ocrx_word' id='word_1_381' title='bbox 2356 1125 2598 1184; x_wconf 90' lang='lat' dir='ltr'><strong>constat</strong></span> <span class='ocrx_word' id='word_1_382' title='bbox 2643 1143 2658 1184; x_wconf 73' lang='grc' dir='ltr'>ι</span> <span class='ocrx_word' id='word_1_383' title='bbox 2702 1139 2860 1202; x_wconf 86' lang='lat' dir='ltr'><strong>ergo</strong></span> <span class='ocrx_word' id='word_1_384' title='bbox 2905 1121 3288 1204; x_wconf 80' lang='lat' dir='ltr'><strong>inteiligitur</strong></span> <span class='ocrx_word' id='word_1_385' title='bbox 3333 1127 3689 1192; x_wconf 90' lang='lat' dir='ltr'><strong>secundum</strong></span> <span class='ocrx_word' id='word_1_386' title='bbox 3737 1130 3907 1210; x_wconf 90' lang='lat' dir='ltr'><strong>quod</strong></span> 
     </span>
     <span class='ocr_line' id='line_1_56' title="bbox 2356 1226 3907 1318; baseline 0.007 -28"><span class='ocrx_word' id='word_1_387' title='bbox 2356 1226 2551 1292; x_wconf 87' lang='lat' dir='ltr'><strong>homo</strong></span> <span class='ocrx_word' id='word_1_388' title='bbox 2583 1249 2598 1292; x_wconf 74' lang='grc' dir='ltr'>ε</span> <span class='ocrx_word' id='word_1_389' title='bbox 2647 1230 2757 1293; x_wconf 89' lang='lat' dir='ltr'><strong>sed</strong></span> <span class='ocrx_word' id='word_1_390' title='bbox 2797 1230 3190 1313; x_wconf 85' lang='lat' dir='ltr'><strong>quicumque</strong></span> <span class='ocrx_word' id='word_1_391' title='bbox 3235 1238 3329 1296; x_wconf 87' lang='lat' dir='ltr'><strong>est</strong></span> <span class='ocrx_word' id='word_1_392' title='bbox 3369 1253 3548 1298; x_wconf 91' lang='lat' dir='ltr'><strong>nunc</strong></span> <span class='ocrx_word' id='word_1_393' title='bbox 3582 1235 3907 1318; x_wconf 83' lang='lat' dir='ltr'><strong>praedesti-</strong></span> 
     </span>
     <span class='ocr_line' id='line_1_57' title="bbox 2356 1336 3907 1424; baseline 0.006 -27"><span class='ocrx_word' id='word_1_394' title='bbox 2356 1339 2574 1413; x_wconf 76' lang='lat' dir='ltr'><strong>natuS,</strong></span> <span class='ocrx_word' id='word_1_395' title='bbox 2605 1336 2686 1399; x_wconf 89' lang='lat' dir='ltr'><strong>ab</strong></span> <span class='ocrx_word' id='word_1_396' title='bbox 2727 1339 2968 1401; x_wconf 87' lang='lat' dir='ltr'><strong>aeterno</strong></span> <span class='ocrx_word' id='word_1_397' title='bbox 3013 1338 3135 1402; x_wconf 86' lang='lat' dir='ltr'><strong>fuit</strong></span> <span class='ocrx_word' id='word_1_398' title='bbox 3161 1339 3648 1421; x_wconf 68' lang='lat' dir='ltr'><strong>praedestinatus</strong></span> <span class='ocrx_word' id='word_1_399' title='bbox 3676 1365 3691 1405; x_wconf 92' lang='lat'><strong>:</strong></span> <span class='ocrx_word' id='word_1_400' title='bbox 3725 1361 3907 1424; x_wconf 87' lang='lat' dir='ltr'><strong>ergo,</strong></span> 
     </span>
     <span class='ocr_line' id='line_1_58' title="bbox 2358 1443 3908 1532; baseline 0.006 -27"><span class='ocrx_word' id='word_1_401' title='bbox 2358 1443 2713 1507; x_wconf 90' lang='lat' dir='ltr'><strong>secundum</strong></span> <span class='ocrx_word' id='word_1_402' title='bbox 2740 1445 2911 1525; x_wconf 90' lang='lat' dir='ltr'><strong>quod</strong></span> <span class='ocrx_word' id='word_1_403' title='bbox 2938 1444 3156 1523; x_wconf 89' lang='lat' dir='ltr'><strong>homo,</strong></span> <span class='ocrx_word' id='word_1_404' title='bbox 3186 1446 3311 1509; x_wconf 80' lang='lat' dir='ltr'><strong>fuit</strong></span> <span class='ocrx_word' id='word_1_405' title='bbox 3345 1448 3426 1511; x_wconf 88' lang='lat' dir='ltr'><strong>ab</strong></span> <span class='ocrx_word' id='word_1_406' title='bbox 3450 1453 3694 1514; x_wconf 60' lang='lat' dir='ltr'><strong>aeterno</strong></span> <span class='ocrx_word' id='word_1_407' title='bbox 3740 1468 3908 1532; x_wconf 83' lang='lat' dir='ltr'><strong>prae-</strong></span> 
     </span>
     <span class='ocr_line' id='line_1_59' title="bbox 2359 1551 3909 1637; baseline 0.005 -23"><span class='ocrx_word' id='word_1_408' title='bbox 2359 1551 2708 1614; x_wconf 89' lang='lat' dir='ltr'><strong>destinatus</strong></span> <span class='ocrx_word' id='word_1_409' title='bbox 2734 1568 2869 1615; x_wconf 87' lang='lat' dir='ltr'><strong>esse</strong></span> <span class='ocrx_word' id='word_1_410' title='bbox 2899 1551 3069 1615; x_wconf 79' lang='lat' dir='ltr'><strong>filius</strong></span> <span class='ocrx_word' id='word_1_411' title='bbox 3096 1552 3204 1616; x_wconf 90' lang='lat' dir='ltr'><strong>Dei</strong></span> <span class='ocrx_word' id='word_1_412' title='bbox 3239 1577 3252 1617; x_wconf 91' lang='lat'>:</span> <span class='ocrx_word' id='word_1_413' title='bbox 3285 1555 3393 1618; x_wconf 88' lang='lat' dir='ltr'><strong>sed</strong></span> <span class='ocrx_word' id='word_1_414' title='bbox 3422 1555 3539 1619; x_wconf 82' lang='lat' dir='ltr'><strong>iste</strong></span> <span class='ocrx_word' id='word_1_415' title='bbox 3566 1558 3909 1637; x_wconf 87' lang='lat' dir='ltr'><strong>terminus,</strong></span> 
     </span>
     <span class='ocr_line' id='line_1_60' title="bbox 2360 1656 3906 1745; baseline 0.006 -25"><span class='ocrx_word' id='word_1_416' title='bbox 2360 1656 2577 1735; x_wconf 82' lang='lat' dir='ltr'><strong>homo,</strong></span> <span class='ocrx_word' id='word_1_417' title='bbox 2636 1658 2939 1739; x_wconf 87' lang='lat' dir='ltr'><strong>supponit</strong></span> <span class='ocrx_word' id='word_1_418' title='bbox 2986 1677 3102 1740; x_wconf 90' lang='lat' dir='ltr'><strong>pro</strong></span> <span class='ocrx_word' id='word_1_419' title='bbox 3144 1661 3346 1726; x_wconf 89' lang='lat' dir='ltr'><strong>verbo</strong></span> <span class='ocrx_word' id='word_1_420' title='bbox 3393 1662 3469 1727; x_wconf 91' lang='lat' dir='ltr'><strong>de</strong></span> <span class='ocrx_word' id='word_1_421' title='bbox 3516 1665 3840 1745; x_wconf 67' lang='lat' dir='ltr'><strong>praeterito</strong></span> <span class='ocrx_word' id='word_1_422' title='bbox 3893 1688 3906 1729; x_wconf 75' lang='grc' dir='ltr'>ε</span> 
     </span>
     <span class='ocr_line' id='line_1_61' title="bbox 2360 1765 3915 1855; baseline 0.006 -28"><span class='ocrx_word' id='word_1_423' title='bbox 2360 1782 2520 1846; x_wconf 88' lang='lat' dir='ltr'><strong>ergo</strong></span> <span class='ocrx_word' id='word_1_424' title='bbox 2546 1765 2854 1846; x_wconf 82' lang='lat' dir='ltr'><strong>supponit</strong></span> <span class='ocrx_word' id='word_1_425' title='bbox 2878 1784 2995 1848; x_wconf 86' lang='lat' dir='ltr'><strong>pro</strong></span> <span class='ocrx_word' id='word_1_426' title='bbox 3019 1769 3381 1848; x_wconf 64' lang='lat' dir='ltr'><strong>praeterito:</strong></span> <span class='ocrx_word' id='word_1_427' title='bbox 3408 1789 3565 1851; x_wconf 89' lang='lat' dir='ltr'><strong>ergo</strong></span> <span class='ocrx_word' id='word_1_428' title='bbox 3593 1772 3650 1835; x_wconf 91' lang='lat' dir='ltr'><strong>si</strong></span> <span class='ocrx_word' id='word_1_429' title='bbox 3678 1772 3915 1855; x_wconf 89' lang='lat' dir='ltr'><strong>aliquis</strong></span> 
     </span>
     <span class='ocr_line' id='line_1_62' title="bbox 2361 1872 3912 1959; baseline 0.006 -25"><span class='ocrx_word' id='word_1_430' title='bbox 2361 1872 2442 1935; x_wconf 89' lang='lat' dir='ltr'><strong>ab</strong></span> <span class='ocrx_word' id='word_1_431' title='bbox 2470 1876 2710 1935; x_wconf 82' lang='lat' dir='ltr'><strong>aeterno</strong></span> <span class='ocrx_word' id='word_1_432' title='bbox 2735 1872 2858 1936; x_wconf 76' lang='lat' dir='ltr'><strong>fuit</strong></span> <span class='ocrx_word' id='word_1_433' title='bbox 2884 1873 3368 1953; x_wconf 84' lang='lat' dir='ltr'><strong>praedestinatus</strong></span> <span class='ocrx_word' id='word_1_434' title='bbox 3393 1895 3528 1941; x_wconf 89' lang='lat' dir='ltr'><strong>esse</strong></span> <span class='ocrx_word' id='word_1_435' title='bbox 3566 1878 3738 1943; x_wconf 82' lang='lat' dir='ltr'><strong>fliius</strong></span> <span class='ocrx_word' id='word_1_436' title='bbox 3771 1880 3912 1959; x_wconf 89' lang='lat' dir='ltr'><strong>Dei,</strong></span> 
     </span>
     <span class='ocr_line' id='line_1_63' title="bbox 2362 1978 3916 2061; baseline 0.007 -19"><span class='ocrx_word' id='word_1_437' title='bbox 2362 1978 2444 2042; x_wconf 89' lang='lat' dir='ltr'><strong>ab</strong></span> <span class='ocrx_word' id='word_1_438' title='bbox 2486 1985 2727 2043; x_wconf 70' lang='lat' dir='ltr'><strong>aeterno</strong></span> <span class='ocrx_word' id='word_1_439' title='bbox 2768 1979 2996 2061; x_wconf 88' lang='lat' dir='ltr'><strong>aliquis</strong></span> <span class='ocrx_word' id='word_1_440' title='bbox 3039 1980 3159 2044; x_wconf 86' lang='lat' dir='ltr'><strong>fuit</strong></span> <span class='ocrx_word' id='word_1_441' title='bbox 3199 1980 3393 2046; x_wconf 87' lang='lat' dir='ltr'><strong>homo</strong></span> <span class='ocrx_word' id='word_1_442' title='bbox 3443 2002 3461 2047; x_wconf 70' lang='grc' dir='ltr'><strong>ε</strong></span> <span class='ocrx_word' id='word_1_443' title='bbox 3501 1985 3612 2050; x_wconf 90' lang='lat' dir='ltr'><strong>sed</strong></span> <span class='ocrx_word' id='word_1_444' title='bbox 3659 1986 3785 2051; x_wconf 91' lang='lat' dir='ltr'><strong>hoc</strong></span> <span class='ocrx_word' id='word_1_445' title='bbox 3825 1994 3916 2053; x_wconf 67' lang='lat' dir='ltr'><strong>est</strong></span> 
     </span>
     <span class='ocr_line' id='line_1_64' title="bbox 2361 2084 3270 2168; baseline 0.001 -19"><span class='ocrx_word' id='word_1_446' title='bbox 2361 2084 2590 2149; x_wconf 82' lang='lat' dir='ltr'><strong>falsum</strong></span> <span class='ocrx_word' id='word_1_447' title='bbox 2627 2105 2645 2150; x_wconf 77' lang='grc' dir='ltr'><strong><em>ε</em></strong></span> <span class='ocrx_word' id='word_1_448' title='bbox 2679 2104 2837 2167; x_wconf 89' lang='lat' dir='ltr'><strong>ergo</strong></span> <span class='ocrx_word' id='word_1_449' title='bbox 2866 2090 2930 2150; x_wconf 89' lang='lat' dir='ltr'><strong>et</strong></span> <span class='ocrx_word' id='word_1_450' title='bbox 2959 2087 3270 2168; x_wconf 89' lang='lat' dir='ltr'><strong>primum.</strong></span> 
     </span>
    </p>
   </div>
   <div class='ocr_carea' id='block_1_13' title="bbox 2909 2344 3364 2412">
    <p class='ocr_par' dir='ltr' id='par_1_19' title="bbox 2909 2344 3364 2412">
     <span class='ocr_line' id='line_1_65' title="bbox 2909 2344 3364 2412; baseline 0 -2"><span class='ocrx_word' id='word_1_451' title='bbox 2909 2344 3364 2412; x_wconf 87' lang='lat' dir='ltr'><strong>CONCLUSIO.</strong></span> 
     </span>
    </p>
   </div>
   <div class='ocr_carea' id='block_1_14' title="bbox 2367 2495 3914 2750">
    <p class='ocr_par' dir='ltr' id='par_1_20' title="bbox 2367 2495 3914 2750">
     <span class='ocr_line' id='line_1_66' title="bbox 2367 2495 3914 2570; baseline 0.006 -19"><span class='ocrx_word' id='word_1_452' title='bbox 2367 2497 2536 2551; x_wconf 81' lang='lat' dir='ltr'><strong>Homo</strong></span> <span class='ocrx_word' id='word_1_453' title='bbox 2570 2495 2981 2566; x_wconf 67' lang='lat' dir='ltr'><strong>praedestinatus</strong></span> <span class='ocrx_word' id='word_1_454' title='bbox 3021 2502 3104 2553; x_wconf 88' lang='lat' dir='ltr'><strong>est</strong></span> <span class='ocrx_word' id='word_1_455' title='bbox 3140 2513 3258 2554; x_wconf 91' lang='lat' dir='ltr'><strong>esse</strong></span> <span class='ocrx_word' id='word_1_456' title='bbox 3295 2496 3436 2554; x_wconf 86' lang='lat' dir='ltr'><strong>filius</strong></span> <span class='ocrx_word' id='word_1_457' title='bbox 3463 2500 3590 2570; x_wconf 89' lang='lat' dir='ltr'><strong>Dei,</strong></span> <span class='ocrx_word' id='word_1_458' title='bbox 3635 2505 3713 2557; x_wconf 77' lang='lat' dir='ltr'><strong>est</strong></span> <span class='ocrx_word' id='word_1_459' title='bbox 3748 2517 3914 2560; x_wconf 82' lang='lat' dir='ltr'><strong>sermo</strong></span> 
     </span>
     <span class='ocr_line' id='line_1_67' title="bbox 2436 2586 3910 2662; baseline 0.005 -22"><span class='ocrx_word' id='word_1_460' title='bbox 2436 2589 2608 2641; x_wconf 79' lang='lat' dir='ltr'><strong>rectus</strong></span> <span class='ocrx_word' id='word_1_461' title='bbox 2635 2586 2917 2642; x_wconf 80' lang='lat' dir='ltr'><strong>secundum</strong></span> <span class='ocrx_word' id='word_1_462' title='bbox 2940 2602 3265 2643; x_wconf 80' lang='lat' dir='ltr'><strong>communem</strong></span> <span class='ocrx_word' id='word_1_463' title='bbox 3295 2588 3640 2654; x_wconf 76' lang='lat' dir='ltr'><strong>locutionem,</strong></span> <span class='ocrx_word' id='word_1_464' title='bbox 3667 2607 3787 2662; x_wconf 78' lang='lat' dir='ltr'><strong>quoe</strong></span> <span class='ocrx_word' id='word_1_465' title='bbox 3808 2597 3910 2657; x_wconf 64' lang='grc' dir='ltr'><strong>ωε,</strong></span> 
     </span>
     <span class='ocr_line' id='line_1_68' title="bbox 2438 2676 3912 2750; baseline 0.003 -20"><span class='ocrx_word' id='word_1_466' title='bbox 2438 2676 2581 2746; x_wconf 79' lang='lat' dir='ltr'><strong>quod</strong></span> <span class='ocrx_word' id='word_1_467' title='bbox 2596 2676 3043 2748; x_wconf 66' lang='lat' dir='ltr'><strong>praedestinatum</strong></span> <span class='ocrx_word' id='word_1_468' title='bbox 3070 2681 3146 2732; x_wconf 81' lang='lat' dir='ltr'><strong>est</strong></span> <span class='ocrx_word' id='word_1_469' title='bbox 3172 2678 3435 2733; x_wconf 78' lang='lat' dir='ltr'><strong>hominem</strong></span> <span class='ocrx_word' id='word_1_470' title='bbox 3462 2694 3566 2735; x_wconf 81' lang='lat' dir='ltr'><strong>esse</strong></span> <span class='ocrx_word' id='word_1_471' title='bbox 3590 2680 3769 2750; x_wconf 77' lang='lat' dir='ltr'><strong>filium</strong></span> <span class='ocrx_word' id='word_1_472' title='bbox 3798 2682 3912 2737; x_wconf 80' lang='lat' dir='ltr'><strong>Dei.</strong></span> 
     </span>
    </p>
   </div>
   <div class='ocr_carea' id='block_1_15' title="bbox 2363 2844 3921 3679">
    <p class='ocr_par' dir='ltr' id='par_1_21' title="bbox 2363 2844 3921 3679">
     <span class='ocr_line' id='line_1_69' title="bbox 2451 2844 3916 2930; baseline 0.004 -22"><span class='ocrx_word' id='word_1_473' title='bbox 2451 2844 2633 2926; x_wconf 87' lang='lat' dir='ltr'><strong>Resp.</strong></span> <span class='ocrx_word' id='word_1_474' title='bbox 2666 2845 2746 2909; x_wconf 91' lang='lat' dir='ltr'><strong>ad</strong></span> <span class='ocrx_word' id='word_1_475' title='bbox 2775 2863 2920 2927; x_wconf 88' lang='lat' dir='ltr'><strong>arg.</strong></span> <span class='ocrx_word' id='word_1_476' title='bbox 2952 2845 3305 2910; x_wconf 88' lang='lat' dir='ltr'><strong>Dicendum</strong></span> <span class='ocrx_word' id='word_1_477' title='bbox 3330 2846 3502 2930; x_wconf 89' lang='lat' dir='ltr'><strong>quod</strong></span> <span class='ocrx_word' id='word_1_478' title='bbox 3530 2848 3652 2914; x_wconf 83' lang='lat' dir='ltr'><strong>ista</strong></span> <span class='ocrx_word' id='word_1_479' title='bbox 3677 2849 3916 2914; x_wconf 90' lang='lat' dir='ltr'><strong>locutio</strong></span> 
     </span>
     <span class='ocr_line' id='line_1_70' title="bbox 2367 2951 3917 3039; baseline 0.005 -24"><span class='ocrx_word' id='word_1_480' title='bbox 2367 2951 2677 3033; x_wconf 84' lang='lat' dir='ltr'><strong>distingui</strong></span> <span class='ocrx_word' id='word_1_481' title='bbox 2703 2952 2896 3017; x_wconf 88' lang='lat' dir='ltr'><strong>habet</strong></span> <span class='ocrx_word' id='word_1_482' title='bbox 2924 2971 3037 3034; x_wconf 90' lang='lat' dir='ltr'><strong>per</strong></span> <span class='ocrx_word' id='word_1_483' title='bbox 3062 2972 3214 3017; x_wconf 92' lang='lat' dir='ltr'><strong>eum</strong></span> <span class='ocrx_word' id='word_1_484' title='bbox 3242 2955 3509 3019; x_wconf 91' lang='lat' dir='ltr'><strong>modum</strong></span> <span class='ocrx_word' id='word_1_485' title='bbox 3531 3005 3550 3033; x_wconf 80' lang='lat'>‚</span> <span class='ocrx_word' id='word_1_486' title='bbox 3577 2975 3694 3039; x_wconf 88' lang='lat' dir='ltr'><strong>per</strong></span> <span class='ocrx_word' id='word_1_487' title='bbox 3721 2976 3917 3039; x_wconf 89' lang='lat' dir='ltr'><strong>quem</strong></span> 
     </span>
     <span class='ocr_line' id='line_1_71' title="bbox 2369 3059 3913 3143; baseline 0.004 -20"><span class='ocrx_word' id='word_1_488' title='bbox 2369 3059 2662 3123; x_wconf 89' lang='lat' dir='ltr'><strong>distincta</strong></span> <span class='ocrx_word' id='word_1_489' title='bbox 2704 3060 2828 3123; x_wconf 82' lang='lat' dir='ltr'><strong>suit</strong></span> <span class='ocrx_word' id='word_1_490' title='bbox 2857 3060 3039 3142; x_wconf 90' lang='lat' dir='ltr'><strong>prius</strong></span> <span class='ocrx_word' id='word_1_491' title='bbox 3081 3061 3321 3143; x_wconf 86' lang='lat' dir='ltr'><strong>posita,</strong></span> <span class='ocrx_word' id='word_1_492' title='bbox 3356 3080 3440 3125; x_wconf 84' lang='lat' dir='ltr'><strong>ex</strong></span> <span class='ocrx_word' id='word_1_493' title='bbox 3475 3080 3552 3127; x_wconf 92' lang='lat' dir='ltr'><strong>eo</strong></span> <span class='ocrx_word' id='word_1_494' title='bbox 3592 3064 3913 3141; x_wconf 86' lang='lat' dir='ltr'><strong>videlicet,</strong></span> 
     </span>
     <span class='ocr_line' id='line_1_72' title="bbox 2367 3167 3919 3256; baseline 0.005 -26"><span class='ocrx_word' id='word_1_495' title='bbox 2367 3168 2539 3248; x_wconf 90' lang='lat' dir='ltr'><strong>quod</strong></span> <span class='ocrx_word' id='word_1_496' title='bbox 2561 3168 2682 3232; x_wconf 91' lang='lat' dir='ltr'><strong>hoc</strong></span> <span class='ocrx_word' id='word_1_497' title='bbox 2711 3167 3134 3250; x_wconf 87' lang='lat' dir='ltr'><strong>participium,</strong></span> <span class='ocrx_word' id='word_1_498' title='bbox 3157 3168 3682 3250; x_wconf 65' lang='lat' dir='ltr'><strong>proedestinatus.</strong></span> <span class='ocrx_word' id='word_1_499' title='bbox 3716 3177 3919 3256; x_wconf 65' lang='lat' dir='ltr'><strong>potest</strong></span> 
     </span>
     <span class='ocr_line' id='line_1_73' title="bbox 2368 3275 3919 3360; baseline 0.005 -22"><span class='ocrx_word' id='word_1_500' title='bbox 2368 3275 2575 3338; x_wconf 89' lang='lat' dir='ltr'><strong>dicere</strong></span> <span class='ocrx_word' id='word_1_501' title='bbox 2619 3275 3119 3339; x_wconf 84' lang='lat' dir='ltr'><strong>antecessionem</strong></span> <span class='ocrx_word' id='word_1_502' title='bbox 3161 3283 3450 3358; x_wconf 91' lang='lat' dir='ltr'><strong>respectu</strong></span> <span class='ocrx_word' id='word_1_503' title='bbox 3492 3278 3787 3360; x_wconf 86' lang='lat' dir='ltr'><strong>subjecti,</strong></span> <span class='ocrx_word' id='word_1_504' title='bbox 3818 3281 3919 3345; x_wconf 88' lang='lat' dir='ltr'><strong>vel</strong></span> 
     </span>
     <span class='ocr_line' id='line_1_74' title="bbox 2367 3381 3921 3469; baseline 0.005 -24"><span class='ocrx_word' id='word_1_505' title='bbox 2367 3386 2656 3464; x_wconf 89' lang='lat' dir='ltr'><strong>respectu</strong></span> <span class='ocrx_word' id='word_1_506' title='bbox 2684 3381 3026 3464; x_wconf 77' lang='lat' dir='ltr'><strong>praedicati,</strong></span> <span class='ocrx_word' id='word_1_507' title='bbox 3060 3382 3160 3447; x_wconf 90' lang='lat' dir='ltr'><strong>vel</strong></span> <span class='ocrx_word' id='word_1_508' title='bbox 3186 3389 3477 3465; x_wconf 89' lang='lat' dir='ltr'><strong>respectu</strong></span> <span class='ocrx_word' id='word_1_509' title='bbox 3503 3385 3700 3449; x_wconf 88' lang='lat' dir='ltr'><strong>totius</strong></span> <span class='ocrx_word' id='word_1_510' title='bbox 3723 3405 3921 3469; x_wconf 89' lang='lat' dir='ltr'><strong>copu-</strong></span> 
     </span>
     <span class='ocr_line' id='line_1_75' title="bbox 2368 3487 3918 3574; baseline 0.003 -21"><span class='ocrx_word' id='word_1_511' title='bbox 2368 3489 2504 3553; x_wconf 90' lang='lat' dir='ltr'><strong>lati.</strong></span> <span class='ocrx_word' id='word_1_512' title='bbox 2554 3487 2620 3552; x_wconf 91' lang='lat' dir='ltr'><strong>Si</strong></span> <span class='ocrx_word' id='word_1_513' title='bbox 2666 3488 2831 3553; x_wconf 87' lang='lat' dir='ltr'><strong>dicat</strong></span> <span class='ocrx_word' id='word_1_514' title='bbox 2874 3489 3369 3555; x_wconf 88' lang='lat' dir='ltr'><strong>antecessionem</strong></span> <span class='ocrx_word' id='word_1_515' title='bbox 3419 3496 3712 3574; x_wconf 88' lang='lat' dir='ltr'><strong>respectu</strong></span> <span class='ocrx_word' id='word_1_516' title='bbox 3765 3496 3918 3558; x_wconf 89' lang='lat' dir='ltr'><strong>sub-</strong></span> 
     </span>
     <span class='ocr_line' id='line_1_76' title="bbox 2363 3596 3918 3679; baseline 0.004 -19"><span class='ocrx_word' id='word_1_517' title='bbox 2363 3596 2536 3678; x_wconf 85' lang='lat' dir='ltr'><strong>jecti,</strong></span> <span class='ocrx_word' id='word_1_518' title='bbox 2567 3614 2723 3661; x_wconf 89' lang='lat' dir='ltr'><strong>vera</strong></span> <span class='ocrx_word' id='word_1_519' title='bbox 2747 3598 2846 3659; x_wconf 88' lang='lat' dir='ltr'><strong>est</strong></span> <span class='ocrx_word' id='word_1_520' title='bbox 2867 3596 3139 3675; x_wconf 88' lang='lat' dir='ltr'><strong>locutio,</strong></span> <span class='ocrx_word' id='word_1_521' title='bbox 3166 3601 3229 3661; x_wconf 87' lang='lat' dir='ltr'><strong>et</strong></span> <span class='ocrx_word' id='word_1_522' title='bbox 3256 3602 3352 3661; x_wconf 89' lang='lat' dir='ltr'><strong>est</strong></span> <span class='ocrx_word' id='word_1_523' title='bbox 3375 3616 3599 3663; x_wconf 86' lang='lat' dir='ltr'><strong>sensus</strong></span> <span class='ocrx_word' id='word_1_524' title='bbox 3626 3622 3640 3662; x_wconf 92' lang='lat'><strong>:</strong></span> <span class='ocrx_word' id='word_1_525' title='bbox 3677 3599 3918 3679; x_wconf 85' lang='lat' dir='ltr'><strong>Homo,</strong></span> 
     </span>
    </p>
   </div>
   <div class='ocr_carea' id='block_1_16' title="bbox 2369 3704 3921 3877">
    <p class='ocr_par' dir='ltr' id='par_1_22' title="bbox 2369 3704 3921 3877">
     <span class='ocr_line' id='line_1_77' title="bbox 2369 3704 3921 3786; baseline 0.005 -19"><span class='ocrx_word' id='word_1_526' title='bbox 2369 3707 2713 3785; x_wconf 82' lang='lat' dir='ltr'><strong>antequam</strong></span> <span class='ocrx_word' id='word_1_527' title='bbox 2766 3706 2931 3766; x_wconf 70' lang='lat' dir='ltr'><strong>aeset</strong></span> <span class='ocrx_word' id='word_1_528' title='bbox 2980 3704 3175 3768; x_wconf 87' lang='lat' dir='ltr'><strong>homo</strong></span> <span class='ocrx_word' id='word_1_529' title='bbox 3197 3752 3216 3783; x_wconf 90' lang='lat'><strong>,</strong></span> <span class='ocrx_word' id='word_1_530' title='bbox 3264 3705 3576 3786; x_wconf 84' lang='lat' dir='ltr'><strong>praevisus</strong></span> <span class='ocrx_word' id='word_1_531' title='bbox 3629 3714 3728 3772; x_wconf 87' lang='lat' dir='ltr'><strong>est</strong></span> <span class='ocrx_word' id='word_1_532' title='bbox 3786 3727 3921 3775; x_wconf 86' lang='lat' dir='ltr'><strong>esse</strong></span> 
     </span>
     <span class='ocr_line' id='line_1_78' title="bbox 2369 3804 3921 3877; baseline 0.005 -7"><span class='ocrx_word' id='word_1_533' title='bbox 2369 3806 2541 3870; x_wconf 85' lang='lat' dir='ltr'><strong>filius</strong></span> <span class='ocrx_word' id='word_1_534' title='bbox 2567 3804 2700 3870; x_wconf 90' lang='lat' dir='ltr'><strong>Dei.</strong></span> <span class='ocrx_word' id='word_1_535' title='bbox 2733 3804 2800 3869; x_wconf 90' lang='lat' dir='ltr'><strong>Si</strong></span> <span class='ocrx_word' id='word_1_536' title='bbox 2824 3810 3042 3869; x_wconf 89' lang='lat' dir='ltr'><strong>autem</strong></span> <span class='ocrx_word' id='word_1_537' title='bbox 3071 3810 3248 3870; x_wconf 90' lang='lat' dir='ltr'><strong>notet</strong></span> <span class='ocrx_word' id='word_1_538' title='bbox 3268 3810 3769 3875; x_wconf 88' lang='lat' dir='ltr'><strong>antecessionem</strong></span> <span class='ocrx_word' id='word_1_539' title='bbox 3797 3830 3921 3877; x_wconf 88' lang='lat' dir='ltr'><strong>res·</strong></span> 
     </span>
    </p>
   </div>
   <div class='ocr_carea' id='block_1_17' title="bbox 2370 3911 3924 4201">
    <p class='ocr_par' dir='ltr' id='par_1_23' title="bbox 2370 3911 3924 4201">
     <span class='ocr_line' id='line_1_79' title="bbox 2370 3911 3920 3996; baseline 0.004 -19"><span class='ocrx_word' id='word_1_540' title='bbox 2370 3918 2558 3996; x_wconf 91' lang='lat' dir='ltr'><strong>pectu</strong></span> <span class='ocrx_word' id='word_1_541' title='bbox 2596 3911 2950 3996; x_wconf 68' lang='lat' dir='ltr'><strong>praedicati,</strong></span> <span class='ocrx_word' id='word_1_542' title='bbox 2981 3912 3137 3976; x_wconf 82' lang='lat' dir='ltr'><strong>salsa</strong></span> <span class='ocrx_word' id='word_1_543' title='bbox 3169 3916 3265 3978; x_wconf 90' lang='lat' dir='ltr'><strong>est</strong></span> <span class='ocrx_word' id='word_1_544' title='bbox 3305 3914 3538 3979; x_wconf 87' lang='lat' dir='ltr'><strong>locutio</strong></span> <span class='ocrx_word' id='word_1_545' title='bbox 3565 3936 3582 3995; x_wconf 92' lang='lat'>;</span> <span class='ocrx_word' id='word_1_546' title='bbox 3614 3922 3711 3981; x_wconf 91' lang='lat' dir='ltr'><strong>est</strong></span> <span class='ocrx_word' id='word_1_547' title='bbox 3746 3919 3920 3983; x_wconf 90' lang='lat' dir='ltr'><strong>enim</strong></span> 
     </span>
     <span class='ocr_line' id='line_1_80' title="bbox 2370 4013 3918 4098; baseline 0.003 -18"><span class='ocrx_word' id='word_1_548' title='bbox 2370 4034 2593 4081; x_wconf 90' lang='lat' dir='ltr'><strong>sensus</strong></span> <span class='ocrx_word' id='word_1_549' title='bbox 2624 4038 2639 4079; x_wconf 88' lang='lat'>:</span> <span class='ocrx_word' id='word_1_550' title='bbox 2675 4013 2878 4078; x_wconf 87' lang='lat' dir='ltr'><strong>Homo</strong></span> <span class='ocrx_word' id='word_1_551' title='bbox 2916 4015 3230 4096; x_wconf 70' lang='lat' dir='ltr'><strong>praevisus</strong></span> <span class='ocrx_word' id='word_1_552' title='bbox 3257 4019 3354 4080; x_wconf 85' lang='lat' dir='ltr'><strong>est</strong></span> <span class='ocrx_word' id='word_1_553' title='bbox 3396 4035 3532 4082; x_wconf 89' lang='lat' dir='ltr'><strong>esse</strong></span> <span class='ocrx_word' id='word_1_554' title='bbox 3576 4019 3752 4085; x_wconf 82' lang='lat' dir='ltr'><strong>filius</strong></span> <span class='ocrx_word' id='word_1_555' title='bbox 3779 4021 3918 4098; x_wconf 86' lang='lat' dir='ltr'><strong>Dei,</strong></span> 
     </span>
     <span class='ocr_line' id='line_1_81' title="bbox 2370 4116 3924 4201; baseline 0.003 -18"><span class='ocrx_word' id='word_1_556' title='bbox 2370 4124 2709 4201; x_wconf 83' lang='lat' dir='ltr'><strong>antequam</strong></span> <span class='ocrx_word' id='word_1_557' title='bbox 2759 4117 2931 4180; x_wconf 80' lang='lat' dir='ltr'><strong>nlius</strong></span> <span class='ocrx_word' id='word_1_558' title='bbox 2971 4116 3085 4181; x_wconf 91' lang='lat' dir='ltr'><strong>Dei</strong></span> <span class='ocrx_word' id='word_1_559' title='bbox 3131 4122 3313 4182; x_wconf 89' lang='lat' dir='ltr'><strong>esset.</strong></span> <span class='ocrx_word' id='word_1_560' title='bbox 3365 4118 3435 4182; x_wconf 91' lang='lat' dir='ltr'><strong>Si</strong></span> <span class='ocrx_word' id='word_1_561' title='bbox 3480 4126 3698 4186; x_wconf 89' lang='lat' dir='ltr'><strong>autem</strong></span> <span class='ocrx_word' id='word_1_562' title='bbox 3750 4126 3924 4188; x_wconf 86' lang='lat' dir='ltr'><strong>notet</strong></span> 
     </span>
    </p>
   </div>
   <div class='ocr_carea' id='block_1_18' title="bbox 2368 4225 3998 5491">
    <p class='ocr_par' dir='ltr' id='par_1_24' title="bbox 2369 4225 3998 5061">
     <span class='ocr_line' id='line_1_82' title="bbox 2370 4225 3924 4311; baseline 0.003 -21"><span class='ocrx_word' id='word_1_563' title='bbox 2370 4227 2868 4290; x_wconf 89' lang='lat' dir='ltr'><strong>antecessionem</strong></span> <span class='ocrx_word' id='word_1_564' title='bbox 2911 4229 3202 4306; x_wconf 87' lang='lat' dir='ltr'><strong>respectu</strong></span> <span class='ocrx_word' id='word_1_565' title='bbox 3242 4225 3438 4289; x_wconf 90' lang='lat' dir='ltr'><strong>totius</strong></span> <span class='ocrx_word' id='word_1_566' title='bbox 3482 4229 3787 4311; x_wconf 83' lang='lat' dir='ltr'><strong>copulati,</strong></span> <span class='ocrx_word' id='word_1_567' title='bbox 3831 4235 3924 4294; x_wconf 69' lang='grc'>651.</span> 
     </span>
     <span class='ocr_line' id='line_1_83' title="bbox 2370 4330 3998 4416; baseline 0.001 -17"><span class='ocrx_word' id='word_1_568' title='bbox 2370 4352 2566 4412; x_wconf 88' lang='lat' dir='ltr'><strong>vera;</strong></span> <span class='ocrx_word' id='word_1_569' title='bbox 2612 4338 2707 4397; x_wconf 91' lang='lat' dir='ltr'><strong>est</strong></span> <span class='ocrx_word' id='word_1_570' title='bbox 2744 4332 2918 4396; x_wconf 90' lang='lat' dir='ltr'><strong>enim</strong></span> <span class='ocrx_word' id='word_1_571' title='bbox 2948 4349 3173 4395; x_wconf 89' lang='lat' dir='ltr'><strong>sensus</strong></span> <span class='ocrx_word' id='word_1_572' title='bbox 3205 4354 3218 4395; x_wconf 93' lang='lat'>:</span> <span class='ocrx_word' id='word_1_573' title='bbox 3257 4330 3463 4398; x_wconf 92' lang='lat' dir='ltr'><strong>Homo</strong></span> <span class='ocrx_word' id='word_1_574' title='bbox 3504 4336 3946 4416; x_wconf 58' lang='lat' dir='ltr'><strong>praedestinaae</strong></span> <span class='ocrx_word' id='word_1_575' title='bbox 3992 4359 3998 4364; x_wconf 91' lang='lat'><strong>·</strong></span> 
     </span>
     <span class='ocr_line' id='line_1_84' title="bbox 2370 4438 3921 4523; baseline 0.001 -18"><span class='ocrx_word' id='word_1_576' title='bbox 2370 4444 2474 4505; x_wconf 79' lang='lat' dir='ltr'><strong>tus</strong></span> <span class='ocrx_word' id='word_1_577' title='bbox 2504 4446 2599 4505; x_wconf 89' lang='lat' dir='ltr'><strong>est</strong></span> <span class='ocrx_word' id='word_1_578' title='bbox 2625 4459 2760 4503; x_wconf 90' lang='lat' dir='ltr'><strong>esse</strong></span> <span class='ocrx_word' id='word_1_579' title='bbox 2785 4439 2958 4503; x_wconf 85' lang='lat' dir='ltr'><strong>filius</strong></span> <span class='ocrx_word' id='word_1_580' title='bbox 2984 4438 3126 4519; x_wconf 88' lang='lat' dir='ltr'><strong>Dei,</strong></span> <span class='ocrx_word' id='word_1_581' title='bbox 3162 4439 3228 4503; x_wconf 91' lang='lat' dir='ltr'><strong>id</strong></span> <span class='ocrx_word' id='word_1_582' title='bbox 3258 4445 3353 4503; x_wconf 91' lang='lat' dir='ltr'><strong>est</strong></span> <span class='ocrx_word' id='word_1_583' title='bbox 3395 4442 3921 4523; x_wconf 84' lang='lat' dir='ltr'><strong>praedestinatum</strong></span> 
     </span>
     <span class='ocr_line' id='line_1_85' title="bbox 2370 4544 3925 4615; baseline 0.001 -4"><span class='ocrx_word' id='word_1_584' title='bbox 2370 4551 2465 4611; x_wconf 89' lang='lat' dir='ltr'><strong>est</strong></span> <span class='ocrx_word' id='word_1_585' title='bbox 2490 4554 2565 4611; x_wconf 89' lang='lat' dir='ltr'><strong>ut</strong></span> <span class='ocrx_word' id='word_1_586' title='bbox 2590 4550 2784 4612; x_wconf 91' lang='lat' dir='ltr'><strong>homo</strong></span> <span class='ocrx_word' id='word_1_587' title='bbox 2812 4547 2892 4609; x_wconf 89' lang='lat' dir='ltr'><strong>sit</strong></span> <span class='ocrx_word' id='word_1_588' title='bbox 2932 4545 3103 4609; x_wconf 83' lang='lat' dir='ltr'><strong>tilius</strong></span> <span class='ocrx_word' id='word_1_589' title='bbox 3131 4544 3263 4609; x_wconf 73' lang='lat' dir='ltr'><strong>Dei,</strong></span> <span class='ocrx_word' id='word_1_590' title='bbox 3318 4545 3398 4611; x_wconf 91' lang='lat' dir='ltr'><strong>Et</strong></span> <span class='ocrx_word' id='word_1_591' title='bbox 3423 4547 3541 4611; x_wconf 87' lang='lat' dir='ltr'><strong>iste</strong></span> <span class='ocrx_word' id='word_1_592' title='bbox 3578 4568 3806 4614; x_wconf 89' lang='lat' dir='ltr'><strong>sensus</strong></span> <span class='ocrx_word' id='word_1_593' title='bbox 3831 4555 3925 4615; x_wconf 89' lang='lat' dir='ltr'><strong>est</strong></span> 
     </span>
     <span class='ocr_line' id='line_1_86' title="bbox 2369 4653 3923 4737; baseline 0.002 -19"><span class='ocrx_word' id='word_1_594' title='bbox 2369 4655 2450 4718; x_wconf 87' lang='lat' dir='ltr'><strong>ab</strong></span> <span class='ocrx_word' id='word_1_595' title='bbox 2493 4654 2794 4718; x_wconf 88' lang='lat' dir='ltr'><strong>omnibus</strong></span> <span class='ocrx_word' id='word_1_596' title='bbox 2833 4653 3244 4735; x_wconf 87' lang='lat' dir='ltr'><strong>opinionibus</strong></span> <span class='ocrx_word' id='word_1_597' title='bbox 3283 4660 3574 4737; x_wconf 86' lang='lat' dir='ltr'><strong>receptus</strong></span> <span class='ocrx_word' id='word_1_598' title='bbox 3615 4677 3631 4718; x_wconf 73' lang='grc' dir='ltr'><strong><em>ε</em></strong></span> <span class='ocrx_word' id='word_1_599' title='bbox 3673 4661 3739 4720; x_wconf 89' lang='lat' dir='ltr'><strong>et</strong></span> <span class='ocrx_word' id='word_1_600' title='bbox 3784 4657 3923 4722; x_wconf 88' lang='lat' dir='ltr'><strong>ideo</strong></span> 
     </span>
     <span class='ocr_line' id='line_1_87' title="bbox 2369 4761 3921 4828; baseline -0.001 -2"><span class='ocrx_word' id='word_1_601' title='bbox 2369 4762 2723 4826; x_wconf 88' lang='lat' dir='ltr'><strong>secundum</strong></span> <span class='ocrx_word' id='word_1_602' title='bbox 2765 4777 3175 4824; x_wconf 88' lang='lat' dir='ltr'><strong>communem</strong></span> <span class='ocrx_word' id='word_1_603' title='bbox 3220 4761 3610 4826; x_wconf 86' lang='lat' dir='ltr'><strong>locutionem</strong></span> <span class='ocrx_word' id='word_1_604' title='bbox 3660 4763 3921 4828; x_wconf 87' lang='lat' dir='ltr'><strong>concedi</strong></span> 
     </span>
     <span class='ocr_line' id='line_1_88' title="bbox 2369 4870 3924 4956; baseline 0.001 -22"><span class='ocrx_word' id='word_1_605' title='bbox 2369 4875 2571 4956; x_wconf 91' lang='lat' dir='ltr'><strong>potest</strong></span> <span class='ocrx_word' id='word_1_606' title='bbox 2597 4870 2936 4953; x_wconf 81' lang='lat' dir='ltr'><strong>praedictus</strong></span> <span class='ocrx_word' id='word_1_607' title='bbox 2962 4887 3172 4933; x_wconf 89' lang='lat' dir='ltr'><strong>sermo</strong></span> <span class='ocrx_word' id='word_1_608' title='bbox 3187 4917 3205 4949; x_wconf 84' lang='lat'>,</span> <span class='ocrx_word' id='word_1_609' title='bbox 3239 4874 3303 4933; x_wconf 90' lang='lat' dir='ltr'><strong>et</strong></span> <span class='ocrx_word' id='word_1_610' title='bbox 3327 4870 3749 4937; x_wconf 68' lang='lat' dir='ltr'><strong>concedendae</strong></span> <span class='ocrx_word' id='word_1_611' title='bbox 3777 4877 3924 4938; x_wconf 90' lang='lat' dir='ltr'><strong>sunt</strong></span> 
     </span>
     <span class='ocr_line' id='line_1_89' title="bbox 2369 4976 3366 5061; baseline -0.002 -20"><span class='ocrx_word' id='word_1_612' title='bbox 2369 4978 2644 5041; x_wconf 87' lang='lat' dir='ltr'><strong>rationes</strong></span> <span class='ocrx_word' id='word_1_613' title='bbox 2676 4994 2826 5061; x_wconf 82' lang='lat' dir='ltr'><strong>quae</strong></span> <span class='ocrx_word' id='word_1_614' title='bbox 2855 4977 2975 5041; x_wconf 91' lang='lat' dir='ltr'><strong>hoc</strong></span> <span class='ocrx_word' id='word_1_615' title='bbox 3002 4976 3366 5040; x_wconf 89' lang='lat' dir='ltr'><strong>ostendunt.</strong></span> 
     </span>
    </p>

    <p class='ocr_par' dir='ltr' id='par_1_25' title="bbox 2368 5084 3920 5491">
     <span class='ocr_line' id='line_1_90' title="bbox 2450 5084 3920 5168; baseline 0 -19"><span class='ocrx_word' id='word_1_616' title='bbox 2450 5091 2508 5149; x_wconf 86' lang='lat'><strong>1.</strong></span> <span class='ocrx_word' id='word_1_617' title='bbox 2539 5086 2637 5149; x_wconf 83' lang='lat' dir='ltr'><strong>Ad</strong></span> <span class='ocrx_word' id='word_1_618' title='bbox 2676 5084 2833 5148; x_wconf 88' lang='lat' dir='ltr'><strong>illud</strong></span> <span class='ocrx_word' id='word_1_619' title='bbox 2874 5098 3029 5149; x_wconf 90' lang='lat' dir='ltr'><strong>vero</strong></span> <span class='ocrx_word' id='word_1_620' title='bbox 3067 5084 3237 5166; x_wconf 90' lang='lat' dir='ltr'><strong>quod</strong></span> <span class='ocrx_word' id='word_1_621' title='bbox 3276 5084 3488 5166; x_wconf 90' lang='lat' dir='ltr'><strong>primo</strong></span> <span class='ocrx_word' id='word_1_622' title='bbox 3526 5086 3827 5168; x_wconf 84' lang='lat' dir='ltr'><strong>objicitur</strong></span> <span class='ocrx_word' id='word_1_623' title='bbox 3851 5085 3920 5149; x_wconf 91' lang='lat' dir='ltr'><strong>in</strong></span> 
     </span>
     <span class='ocr_line' id='line_1_91' title="bbox 2369 5192 3918 5277; baseline 0 -19"><span class='ocrx_word' id='word_1_624' title='bbox 2369 5194 2786 5272; x_wconf 84' lang='lat' dir='ltr'><strong>contrarium,</strong></span> <span class='ocrx_word' id='word_1_625' title='bbox 2813 5192 2983 5274; x_wconf 90' lang='lat' dir='ltr'><strong>quod</strong></span> <span class='ocrx_word' id='word_1_626' title='bbox 3011 5193 3064 5254; x_wconf 90' lang='lat' dir='ltr'><strong>si</strong></span> <span class='ocrx_word' id='word_1_627' title='bbox 3095 5192 3289 5256; x_wconf 91' lang='lat' dir='ltr'><strong>homo</strong></span> <span class='ocrx_word' id='word_1_628' title='bbox 3316 5199 3413 5257; x_wconf 90' lang='lat' dir='ltr'><strong>est</strong></span> <span class='ocrx_word' id='word_1_629' title='bbox 3435 5193 3918 5277; x_wconf 83' lang='lat' dir='ltr'><strong>praedestinatus</strong></span> 
     </span>
     <span class='ocr_line' id='line_1_92' title="bbox 2368 5297 3912 5384; baseline -0.001 -20"><span class='ocrx_word' id='word_1_630' title='bbox 2368 5319 2503 5364; x_wconf 88' lang='lat' dir='ltr'><strong>esse</strong></span> <span class='ocrx_word' id='word_1_631' title='bbox 2528 5301 2698 5364; x_wconf 80' lang='lat' dir='ltr'><strong>filius</strong></span> <span class='ocrx_word' id='word_1_632' title='bbox 2721 5299 2855 5379; x_wconf 90' lang='lat' dir='ltr'><strong>Dei,</strong></span> <span class='ocrx_word' id='word_1_633' title='bbox 2886 5299 3057 5384; x_wconf 91' lang='lat' dir='ltr'><strong>quod</strong></span> <span class='ocrx_word' id='word_1_634' title='bbox 3086 5304 3243 5363; x_wconf 92' lang='lat' dir='ltr'><strong>tunc</strong></span> <span class='ocrx_word' id='word_1_635' title='bbox 3266 5297 3468 5364; x_wconf 91' lang='lat' dir='ltr'><strong>Filius</strong></span> <span class='ocrx_word' id='word_1_636' title='bbox 3496 5301 3605 5365; x_wconf 90' lang='lat' dir='ltr'><strong>Dei</strong></span> <span class='ocrx_word' id='word_1_637' title='bbox 3633 5308 3733 5365; x_wconf 90' lang='lat' dir='ltr'><strong>est</strong></span> <span class='ocrx_word' id='word_1_638' title='bbox 3757 5317 3912 5382; x_wconf 81' lang='lat' dir='ltr'><strong>prae-</strong></span> 
     </span>
     <span class='ocr_line' id='line_1_93' title="bbox 2368 5404 3905 5491; baseline -0.001 -19"><span class='ocrx_word' id='word_1_639' title='bbox 2368 5407 2717 5473; x_wconf 88' lang='lat' dir='ltr'><strong>destinatus</strong></span> <span class='ocrx_word' id='word_1_640' title='bbox 2767 5425 2902 5471; x_wconf 89' lang='lat' dir='ltr'><strong>esse</strong></span> <span class='ocrx_word' id='word_1_641' title='bbox 2947 5406 3119 5470; x_wconf 84' lang='lat' dir='ltr'><strong>filius</strong></span> <span class='ocrx_word' id='word_1_642' title='bbox 3160 5405 3300 5485; x_wconf 90' lang='lat' dir='ltr'><strong>Dei,</strong></span> <span class='ocrx_word' id='word_1_643' title='bbox 3351 5407 3695 5472; x_wconf 89' lang='lat' dir='ltr'><strong>dicendum</strong></span> <span class='ocrx_word' id='word_1_644' title='bbox 3740 5404 3905 5491; x_wconf 88' lang='lat' dir='ltr'><strong>quod</strong></span> 
     </span>
    </p>
   </div>
  </div>
 </body>
</html>
