4185 6288
739 492 858 557 m

738 628 989 710 Christi,
1033 631 1256 693 utrum
1301 628 1471 692 bona
1518 627 1729 703 fuerit,
1780 625 1887 692 vel
1922 625 2113 702 mala,
2142 624 2234 689 ibi
2265 645 2282 691 ε

749 736 822 802 Εε
845 737 980 816 ruit
1010 740 1193 802 accus
1213 733 1401 801 Judoe
1421 739 1485 801 et
1510 732 1881 800 Judoeomm
1909 732 2152 813 malim
2177 749 2282 799 ac-

742 853 847 913 cus
865 863 1008 914 vero
1038 847 1277 914 christi
1299 852 1359 912 et
1384 847 1601 913 Patris
1620 846 1839 912 bonus.
1872 843 2045 924 Sive,
2075 849 2148 908 ut
2170 844 2288 908 ali-

744 957 837 1016 ter
861 953 1126 1034 dicatur,
1158 954 1426 1038 inquirit
1454 954 1713 1020 illarum
1743 970 2086 1017 causarum
2114 950 2291 1016 diffe-

741 1060 1014 1124 rentiam
1043 1079 1237 1143 penes
1290 1061 1638 1126 bonitatem
1670 1064 1736 1125 et
1759 1060 2092 1125 malitiam.
2126 1058 2290 1125 Sub-

740 1165 1083 1232 divisionoe
1108 1171 1324 1232 autem
1344 1168 1624 1251 partium
1654 1167 2006 1232 manifestae
2034 1169 2187 1229 sunt
2217 1165 2289 1228 in

745 1270 971 1337 littera.

1399 1422 1536 1469 DUE-
1584 1422 1629 1467 1.

1158 1551 1248 1604 lllo
1281 1550 1421 1602 enim
1448 1551 1717 1602 deserente
1727 1588 1744 1615 ‚
1774 1554 1873 1603 etc.

825 1705 1052 1770 Contra
1090 1728 1105 1770 :
1141 1705 1271 1769 Hoc
1326 1704 1580 1769 videtur
1606 1703 2130 1769 inconvenienter
2156 1703 2291 1768 dic—

745 1818 911 1894 tum,
942 1815 1095 1897 quia
1146 1815 1312 1879 sicut
1349 1813 1554 1878 Adam
1584 1814 1873 1896 peccavit
1909 1814 1977 1877 in
2019 1831 2293 1879 consen-

746 1923 985 2000 tiendo,
1014 1922 1105 1987 ita
1131 1922 1420 1987 diabolus
1478 1922 1760 2005 peccavit
1787 1921 1857 1986 in
1884 1921 2241 1986 seducendo
2271 1943 2286 1985 :

746 2047 904 2112 ergo
922 2029 1085 2093 sicut
1104 2030 1358 2111 justum
1384 2030 1505 2094 fuit
1524 2029 1853 2093 hominem
1882 2029 2045 2094 tradi
2073 2029 2142 2094 in
2171 2048 2294 2111 po-

748 2138 1036 2201 testatem
1067 2135 1325 2212 diaboli‚
1370 2135 1460 2201 ita
1510 2136 1631 2199 fuit
1668 2137 1921 2218 Justum
1970 2135 2293 2200 diabolum

748 2242 907 2306 tradi
932 2242 1002 2305 in
1029 2245 1401 2324 potestatem
1454 2242 1757 2306 hominis.
1812 2242 1965 2307 ltem
1983 2289 2001 2320 ,
2029 2243 2297 2323 gravius

748 2349 1030 2432 peccavit
1078 2349 1317 2431 peccati
1354 2353 1598 2428 auctor,
1643 2367 1840 2432 quam
1896 2350 2296 2414 consentiens

749 2458 818 2521 in
844 2461 1173 2539 peccatum
1201 2478 1216 2520 ε
1248 2474 1406 2539 ergo
1424 2456 1631 2521 multo
1660 2457 1888 2522 fortius
1922 2457 2141 2523 debuit
2164 2461 2297 2522 tra-

749 2563 813 2627 di
838 2564 1128 2629 diabolus
1151 2564 1221 2628 in
1248 2566 1620 2647 potestatem
1633 2564 1939 2642 hominis,
1967 2583 2166 2649 quam
2184 2565 2298 2630 ho-

749 2689 859 2736 mo
885 2671 952 2735 in
977 2674 1347 2754 potestatem
1374 2671 1632 2737 diaboli.

830 2778 1017 2862 Resp.
1075 2777 1426 2844 Dicendum
1483 2778 1654 2862 quod
1731 2782 1866 2843 tam
1920 2778 2249 2844 diabolum
2275 2826 2294 2858 ,

750 2903 946 2969 quam
974 2885 1201 2965 Adam,
1229 2884 1464 2949 invasit
1519 2885 1832 2950 sententia
1878 2885 2117 2968 judicis
2143 2903 2299 2950 con-

751 2994 1145 3058 demnantis:
1174 2997 1443 3077 uterque
1468 2993 1643 3059 enim
1668 2994 1933 3077 punitus
1961 2993 2108 3072 fuit,
2135 2993 2298 3057 sicut

751 3100 1052 3165 scribitur
1076 3100 1146 3164 in
1196 3101 1418 3168 Genesi
1429 3120 1457 3181 ;
1499 3100 1608 3165 sed
1635 3103 1850 3164 tamen
1891 3099 2101 3182 magis
2127 3100 2300 3165 dece·

753 3211 860 3273 bat
901 3209 1254 3274 seeundum
1281 3209 1571 3275 ordinem
1613 3208 1852 3272 divinae
1873 3209 2143 3291 justitiae
2169 3208 2297 3272 ho—

754 3317 994 3381 minem
1022 3316 1387 3399 subjugari,
1415 3335 1612 3401 quam
1659 3336 1696 3381 e
1724 3334 2054 3396 converso,
2106 3333 2300 3398 prop-

753 3428 850 3490 ter
872 3424 998 3488 hoc
1036 3426 1208 3507 quod
1258 3430 1482 3508 sponte
1508 3425 1775 3507 subjecit
1799 3443 1866 3489 se
1890 3424 1984 3488 illi
2031 3442 2300 3490 eonsen-

752 3530 992 3596 tiendo·

1388 3678 1528 3726 DUB·
1573 3679 1642 3723 11.

814 3807 1064 3859 Remissio
1094 3810 1422 3871 peecatorum
1443 3822 1538 3872 per
1561 3808 1862 3874 sanguinem
1895 3808 2082 3860 Christi
2095 3844 2115 3873 ,
2136 3812 2235 3860 ete.

838 3960 1066 4025 Contra
1119 3982 1135 4024 ε
1176 3957 1442 4025 Videtur
1498 3961 1855 4025 seeundum
1899 3960 2021 4026 hoc
2039 4010 2056 4041 ,
2128 3961 2301 4045 quod

757 4068 923 4133 Deus
947 4071 1160 4149 posset
1178 4068 1386 4131 faeere
1415 4087 1529 4150 per
1563 4069 1884 4152 justitiam
1928 4069 2164 4152 aliquid
2191 4117 2209 4148 ,
2238 4073 2303 4134 et

755 4193 888 4240 non
911 4193 1025 4258 per
1041 4175 1417 4257 potentiam,
1455 4180 1520 4240 et
1546 4194 1581 4239 e
1622 4194 1931 4240 converso
1962 4197 1977 4239 ι
2005 4175 2115 4239 sed
2147 4193 2301 4239 con—

756 4288 855 4348 tra
882 4284 1002 4348 hoc
1033 4286 1148 4363 est,
1178 4283 1351 4366 quod
1379 4287 1474 4348 est
1499 4300 1751 4346 summe
1790 4285 2007 4365 justus
2026 4286 2089 4346 et
2116 4301 2302 4347 sum-

756 4409 863 4455 me
919 4394 1145 4473 potens
1189 4409 1206 4454 :
1259 4407 1417 4470 ergo
1448 4387 1613 4451 nihil
1656 4392 1861 4471 potest
1905 4389 2108 4453 facere
2129 4438 2147 4469 ,
2177 4390 2301 4453 nisi

750 4500 924 4581 juste
949 4502 1013 4562 et
1036 4499 1350 4581 potenter.
1383 4495 1565 4574 Item,
1596 4499 1729 4560 esto
1752 4496 1923 4580 quod
1961 4496 2128 4561 Deus
2151 4496 2303 4561 fuis-

756 4609 853 4670 set
875 4622 1029 4669 usus
1056 4604 1339 4687 potentia
1360 4602 1813 4668 inliberatione
1825 4603 2128 4682 hominis,
2150 4623 2302 4669 cum

757 4712 1046 4778 diabolus
1095 4714 1349 4777 nullum
1390 4716 1501 4797 jus
1526 4713 1790 4777 haberet
1828 4713 1898 4777 in
1923 4731 2022 4793 eo,
2054 4713 2300 4778 nullam

755 4819 1062 4902 injuriam
1083 4820 1326 4884 fecisset
1347 4820 1620 4885 diabolo.

835 4926 1021 5010 Resp.
1048 4925 1397 4992 Dicendum
1444 4928 1617 5010 quod
1643 4926 1714 4991 in
1735 4926 2107 4992 auctoritate
2133 4946 2300 5012 prae-

756 5034 951 5099 missa
979 5052 1115 5099 non
1151 5038 1482 5117 separatur
1510 5034 1759 5118 justitia
1782 5053 1822 5098 a
1873 5035 2180 5118 potentia,
2211 5035 2302 5100 ita

757 5141 926 5223 quod
973 5160 1108 5206 una
1134 5143 1215 5205 sit
1241 5142 1380 5207 sine
1405 5141 1604 5206 altera
1630 5141 1698 5205 in
1747 5142 2114 5224 operatione
2142 5142 2301 5207 divi-

758 5268 844 5315 na
870 5272 887 5327 ;
919 5252 1027 5315 sed
1047 5252 1152 5315 hic
1180 5252 1499 5328 innuitur,
1531 5252 1702 5335 quod
1727 5253 1983 5335 aliquod
2025 5257 2120 5318 est
2138 5270 2302 5336 opus

757 5357 827 5421 in
852 5374 984 5440 quo
1033 5375 1148 5439 per
1174 5357 1611 5422 excellentiam
1637 5358 2078 5424 manifestatur
2105 5361 2293 5443 justi-

756 5464 870 5545 tia,
916 5465 1175 5551 aliquod
1213 5466 1282 5527 in
1322 5482 1452 5549 quo
1478 5483 1593 5549 per
1633 5466 2070 5534 excellentiam
2100 5468 2298 5533 mani·

1861 487 2484 560 SENTENTlARUM
2524 496 2675 563 ΜΒ.
2719 499 2827 566 111.

2399 630 2664 698 restatur
2691 638 2975 718 potentia
3003 658 3020 704 ε
3053 644 3117 705 et
3141 639 3308 706 Deus
3324 642 3511 708 illum
3536 644 3806 710 modum
3824 647 3944 712 ele-

2399 738 2499 820 git
2517 738 2587 804 in
2607 759 2738 824 quo
2763 745 3206 812 manifestatur
3224 749 3497 830 justitia,
3526 755 3601 816 ut
3627 752 3815 818 nobis
3843 755 3945 819 da-

2400 849 2497 910 ret
2522 847 2815 915 imitandi
2855 853 3151 917 formam.
3183 854 3283 919 Ad
3307 855 3466 922 illud
3493 860 3665 941 quod
3716 863 3946 944 quaeri·

2402 960 2508 1020 tur
2530 963 2772 1040 utrum,
2801 962 2855 1025 si
2880 962 3207 1029 liberasset
3234 983 3347 1049 per
3376 970 3750 1051 potentiam,
3780 971 3945 1036 fuis-

2400 1068 2496 1129 set
2517 1065 2608 1130 ibi
2651 1069 2921 1151 justitia,
2951 1071 3292 1138 dicendum
3320 1077 3494 1158 quod
3522 1077 3612 1141 sic
3646 1099 3664 1156 ;
3712 1079 3821 1143 sed
3859 1083 3946 1144 ta·

2401 1190 2553 1237 men
2576 1192 2706 1239 non
2727 1176 2947 1243 fuisset
2971 1179 3062 1243 ita
3082 1180 3502 1248 manifestata.

3077 1384 3215 1431 DUB.
3255 1384 3348 1432 111.

2403 1495 2478 1544 De
2506 1508 2609 1560 quo
2643 1498 2695 1547 et
2730 1495 2937 1564 legitur,
2965 1500 3102 1564 quod
3137 1500 3204 1552 sit
3228 1502 3440 1553 &aditus
3470 1517 3502 1554 a
3526 1505 3701 1568 Patre,
3730 1507 3786 1558 et
3812 1508 3948 1572 quod

2937 1571 3164 1636 seipsum
3190 1573 3411 1625 tradidit.

2485 1716 2619 1782 Hoc
2666 1718 2920 1786 videtur
2964 1741 3099 1788 esse
3143 1724 3377 1789 salsum
3412 1744 3428 1788 ε
3482 1727 3538 1790 si
3571 1727 3746 1791 enim
3790 1728 3953 1793 Deus

2404 1825 2659 1890 tradidit
2675 1845 2825 1891 eum
2853 1829 2922 1893 in
2943 1835 3237 1909 mortem,
3267 1832 3525 1898 videtur
3541 1836 3714 1917 quod
3742 1834 3951 1901 Judaei

2405 1952 2558 1999 eum
2587 1937 2947 2003 occiderent
2990 1939 3361 2006 auctoritate
3387 1940 3495 2006 Dei
3528 1963 3544 2006 ε
3585 1961 3743 2025 ergo
3786 1943 3951 2008 Deus

2405 2041 2718 2124 particeps
2745 2044 2868 2108 fuit
2903 2044 2972 2109 in
3011 2046 3120 2111 illo
3151 2048 3515 2113 homicidio,
3547 2048 3617 2115 Si
3663 2054 3737 2115 tu
3778 2051 3949 2117 dieas

2405 2148 2577 2229 quod
2614 2149 2870 2215 tradidit
2911 2169 3088 2232 eum,
3116 2153 3270 2235 quia
3296 2155 3588 2237 permisit
3609 2175 3763 2221 eum
3786 2159 3949 2223 oeci-

2405 2246 2503 2324 di;
2530 2245 2822 2314 similiter
2851 2254 3061 2331 posset
3087 2250 3208 2316 dici
3227 2252 3306 2317 de
3333 2253 3618 2335 quolibet
3645 2256 3759 2339 qui
3784 2258 3954 2321 ocei-

2406 2352 2600 2434 ditur,
2613 2355 2768 2437 quia
2784 2358 3137 2439 quemlibet
3158 2359 3271 2441 qui
3295 2360 3627 2441 occiditur,
3645 2364 3956 2445 permittit

2406 2461 2573 2526 Deus
2601 2464 2824 2529 occidi.
2874 2463 3054 2544 Item,
3085 2467 3198 2549 qui
3225 2472 3431 2550 potest
3457 2468 3658 2534 alium
3685 2470 3955 2537 liberare

2407 2569 2487 2633 ab
2512 2570 2848 2648 occisione,
2876 2575 2941 2635 et
2970 2591 3100 2636 non
3133 2573 3380 2654 liberat,
3415 2575 3646 2641 dicitur
3675 2596 3825 2642 eum
3853 2597 3956 2644 oc-

2406 2676 2612 2741 cidere
2646 2677 3120 2760 interpretative
3156 2699 3173 2744 :
3205 2698 3364 2763 ergo
3392 2701 3546 2746 cum
3569 2682 3735 2748 Deus
3771 2683 3959 2751 Pater

2407 2785 2685 2868 potuerit
2722 2786 2995 2852 liberare
3039 2786 3275 2852 Filium
3294 2836 3312 2869 ,
3360 2793 3434 2854 ut
3462 2808 3595 2855 non
3637 2791 3959 2859 occidere-

2405 2897 2535 2974 tur,
2564 2894 2819 2959 videtur
2845 2893 3070 2959 saltem
3099 2895 3576 2978 interpretative
3603 2916 3756 2962 eum
3784 2902 3955 2965 occi·

2406 3000 2595 3063 disse.

2486 3106 2672 3189 Roep.
2703 3105 3054 3173 Dicendum
3070 3108 3241 3192 quod
3262 3126 3437 3174 mors
3454 3113 3551 3174 est
3572 3111 3847 3194 privatio
3865 3115 3961 3180 vi-

2406 3221 2490 3279 tae
2526 3237 2542 3280 :
2574 3218 2637 3279 et
2676 3214 2821 3280 haec
2855 3215 3047 3280 habet
3085 3217 3623 3299 comparationem
3676 3221 3755 3286 ad
3801 3223 3961 3289 inse·

2407 3321 2676 3398 rentem,
2724 3323 2789 3382 et
2827 3318 2908 3383 ad
2946 3337 3099 3384 eum
3139 3318 3252 3402 qui
3290 3321 3581 3386 sustinet.
3619 3322 3698 3388 Et
3722 3342 3956 3391 secun·

2408 3425 2564 3489 dum
2597 3425 2755 3504 hoc,
2806 3425 3043 3508 aliquis
3085 3429 3294 3509 potest
3329 3426 3666 3512 dupliciter
3709 3432 3961 3499 tradere

2407 3532 2608 3597 alium
2623 3532 2692 3596 in
2711 3536 2986 3597 mortem
3020 3555 3036 3597 ι
3061 3537 3178 3598 aut
3201 3533 3356 3617 quia
3373 3534 3542 3616 facit,
3565 3538 3640 3601 ut
3666 3537 3776 3601 alii
3800 3537 3962 3605 infe-

2407 3643 2552 3705 rant
2576 3639 2636 3704 ei
2662 3643 2971 3716 mortem;
3002 3646 3116 3706 aut
3140 3641 3295 3724 quia
3320 3641 3490 3723 facit,
3521 3646 3595 3707 ut
3618 3643 3755 3726 ipse
3771 3647 3961 3711 susti·

2408 3752 2556 3812 neat
2622 3751 2916 3812 mortem.
2975 3748 3293 3826 Quoniam
3368 3767 3528 3831 ergo
3579 3750 3962 3819 sustinentia

2410 3855 2631 3920 mortis
2689 3853 2878 3920 suita
2917 3854 3046 3921 Deo
3106 3856 3313 3936 Patre,
3365 3860 3432 3922 et
3454 3857 3583 3921 fuit
3607 3876 3645 3921 a
3686 3857 3958 3940 Christe,

2407 3964 2562 4046 quia
2588 3964 2755 4028 Deus
2783 3963 2970 4028 Pater
2995 3964 3204 4029 voluit
3232 3964 3406 4048 quod
3433 3965 3568 4048 ipse
3614 3966 3963 4033 sustineret

2410 4070 2705 4146 mortem,
2741 4071 2806 4131 et
2841 4067 2977 4148 ipse
3020 4066 3384 4132 voluntarie
3425 4069 3770 4148 sustinuit3
3807 4071 3962 4135 hinc

2408 4178 2506 4239 est
2557 4174 2728 4257 quod
2760 4173 3028 4238 traditus
3052 4174 3289 4238 dicitur
3335 4194 3375 4239 a
3428 4173 3614 4241 Patre
3637 4225 3655 4252 ‚
3688 4178 3961 4243 traditus

2408 4283 2600 4348 etiam
2621 4283 2857 4348 dicitur
2882 4300 2922 4345 a
2942 4299 3033 4346 se.
3065 4281 3332 4363 Rursus,
3363 4283 3518 4366 quia
3543 4284 3742 4349 Judas
3775 4289 3838 4349 et
3853 4285 3890 4351 J
3893 4307 3961 4352 u-

2408 4391 2532 4455 daei
2581 4391 3087 4473 procuraverunt
3124 4393 3196 4453 ut
3221 4389 3332 4454 alii
3358 4390 3666 4457 inferrent
3692 4393 3754 4457 ei
3783 4411 3960 4459 mor-

2407 4502 2563 4578 tem,
2578 4497 2730 4561 hine
2754 4500 2849 4560 est
2871 4497 3043 4581 quod
3068 4496 3337 4561 traditus
3363 4498 3602 4564 dicitur
3639 4518 3680 4563 a
3699 4499 3870 4566 Juda
3895 4506 3958 4568 et

2408 4626 2449 4671 a
2471 4606 2504 4671 J
2509 4605 2733 4671 udaeis.
2754 4604 2834 4670 Et
2876 4603 3185 4688 quoniam
3208 4605 3332 4669 fuit
3355 4605 3691 4672 laudabilis
3731 4610 3957 4674 mortis

2408 4714 2799 4792 sufferentia,
2829 4712 3024 4777 illatio
3051 4716 3267 4776 autem
3310 4712 3433 4778 fuit
3475 4715 3951 4798 vituperabilis3

2407 4821 2558 4886 hinc
2595 4819 2889 4903 estquod
2931 4818 3185 4883 traditio
3213 4818 3323 4884 Dei
3361 4826 3425 4886 et
3462 4821 3699 4888 Christi
3724 4823 3950 4891 lauda-

2407 4933 2535 5010 tur,
2568 4927 2821 4993 traditio
2847 4926 2880 4991 J
2887 4926 3029 4991 udae
3043 4929 3107 4991 et
3121 4925 3497 4994 Judaeorum
3526 4931 3950 5015 vituperatur.

2406 5036 2488 5102 Et
2535 5038 2624 5101 sic
2648 5039 2820 5121 patet
2861 5033 3033 5118 quod
3075 5052 3251 5099 mors
3286 5055 3327 5101 a
3366 5041 3544 5121 parte
3592 5040 3955 5105 sufferentis

2407 5147 2528 5212 fuit
2553 5144 2680 5210 Deo
2701 5144 2930 5229 placita
2949 5148 3014 5208 et
3039 5147 3295 5235 accepta
3315 5192 3334 5224 ,
3359 5146 3473 5211 sed
3500 5165 3543 5211 a
3573 5152 3754 5229 parte
3789 5148 3955 5213 infli-

2406 5253 2701 5337 gentium
2740 5251 2860 5317 fuit
2911 5254 3164 5319 tantum
3192 5252 3523 5334 permissa.
3553 5253 3633 5319 Et
3667 5273 3783 5339 per
3829 5254 3954 5319 hoc

2406 5365 2578 5447 patet
2626 5358 2952 5443 responsio
2997 5358 3080 5423 ad
3124 5359 3409 5441 primum
3462 5361 3804 5444 objectum.
3854 5360 3953 5425 Ad

2404 5465 2561 5532 illud
2588 5462 2760 5548 quod
2787 5462 3110 5544 objicitur,
3140 5462 3311 5545 quod
3342 5466 3718 5546 permittens
3750 5465 3953 5530 alium
