4185 6288
730 464 847 526 318

727 595 881 679 quia
918 592 1240 677 quodlibet
1273 591 1487 673 ipsum
1530 590 1601 652 in
1645 606 1715 653 se
1756 588 2015 652 finitum
2054 590 2178 665 aet,
2209 590 2273 649 et

729 699 1026 782 cognosci
1052 700 1256 781 potest
1280 716 1322 761 a
1346 694 1697 761 substantia
1720 696 1784 759 et
1807 695 2049 758 virtute
2065 691 2269 771 finita,

727 811 791 871 et
831 807 1145 871 mediante
1186 804 1409 869 habitu
1449 803 1651 867 finito.
1713 802 1888 866 Unde
1904 850 1923 879 ,
1975 799 2276 883 quamvis

726 913 944 977 anima
983 912 1211 977 Christi
1273 914 1614 993 cognoscat
1657 909 1876 974 omnia
1918 926 2066 991 quae
2111 906 2273 970 Ver-

725 1021 886 1084 bum
928 1019 1293 1100 oegnoscit;
1341 1036 1679 1100 nunquam
1720 1021 1937 1081 tamen
1978 1019 2275 1098 aequatur

725 1127 785 1191 ei
810 1127 876 1190 in
907 1127 1273 1207 cognitione
1295 1174 1313 1204 ,
1353 1125 1510 1207 quia
1539 1141 1877 1207 nunquam
1921 1122 2142 1186 omnia
2166 1120 2276 1184 illa

725 1233 1203 1317 comprehendit
1259 1231 1592 1296 actualiter
1610 1280 1629 1310 ,
1696 1230 2051 1295 secundum
2102 1227 2273 1322 quod

724 1341 937 1424 ipsum
987 1339 1270 1406 Verbum
1338 1344 1651 1403 aeternum
1680 1355 1797 1419 pro
1843 1355 1976 1400 uno
2017 1337 2272 1418 aspectu

724 1447 802 1511 de
831 1449 1135 1512 omnibus
1150 1447 1397 1528 judicat
1418 1494 1436 1525 ,
1482 1449 1547 1510 et
1570 1445 1791 1508 omnia
1816 1444 2124 1506 intuetur.

806 1559 867 1619 6.
911 1554 1010 1618 Ad
1058 1553 1218 1618 illud
1257 1553 1427 1636 quod
1471 1553 1791 1635 objicitur,
1839 1551 2010 1634 quod
2056 1551 2275 1614 anima

725 1662 986 1741 Christi,
1034 1662 1333 1744 quamvis
1373 1660 1456 1724 sit
1498 1661 1680 1724 unita
1721 1657 1963 1737 Verbo,
1996 1676 2129 1722 nou
2174 1661 2272 1721 ta-

727 1786 877 1833 men
903 1772 999 1832 est
1025 1769 1417 1849 ubicumque
1460 1769 1556 1831 est
1594 1765 1875 1830 Verbum
1900 1814 1918 1845 ,
1950 1782 2113 1845 ergo
2155 1781 2272 1828 nec

725 1876 1050 1958 cognoscit
1097 1876 1316 1939 omnia
1359 1892 1507 1958 quae
1558 1874 1887 1955 cognoscit
1932 1871 2263 1951 Verbum3

723 1984 1062 2049 dicendum
1109 1984 1281 2066 quod
1324 2001 1455 2047 non
1496 1987 1592 2047 est
1638 1981 1844 2046 simile
1895 2003 1910 2045 τ
1963 1980 2269 2062 quoniam

721 2109 859 2155 esse
900 2092 1035 2169 hic,
1067 2093 1170 2156 vel
1217 2091 1340 2171 ibi,
1372 2091 1525 2156 dicit
1551 2092 1770 2154 actum
1801 2088 2113 2153 existendi
2149 2111 2162 2152 :
2209 2093 2271 2152 et

719 2200 861 2263 ideo
905 2199 959 2262 si
1002 2200 1219 2264 anima
1259 2197 1487 2263 Christi
1530 2202 1695 2263 esset
1733 2196 2128 2278 ubicumque
2177 2199 2270 2260 est

718 2304 999 2372 Verbum
1019 2356 1037 2385 ,
1079 2309 1212 2388 jam
1240 2309 1405 2370 esset
1448 2305 1762 2369 immensa
1784 2352 1801 2383 ,
1830 2307 1893 2367 et
1937 2302 2271 2368 existentia

716 2415 856 2495 ejus
882 2414 1329 2506 adaequaretur
1353 2411 1708 2478 existentiae
1734 2410 1946 2476 Verbi.
1992 2407 2137 2474 Non
2180 2411 2269 2474 sic

716 2526 932 2586 autem
980 2528 1075 2587 est
1117 2523 1193 2586 de
1250 2522 1618 2604 cognitione
1642 2570 1659 2599 ,
1713 2520 2018 2603 quoniam
2065 2519 2269 2583 multa

722 2631 1050 2712 cognoscit
1120 2630 1337 2694 anima
1402 2627 1631 2693 Christi
1679 2628 1746 2691 iu
1799 2627 2025 2691 habitu
2047 2674 2064 2704 ‚
2120 2645 2267 2709 quae

721 2757 1058 2820 nunquam
1089 2736 1509 2802 considerabit
1534 2737 1603 2799 in
1632 2739 1800 2799 actu.
1832 2733 1979 2799 Ideo
2006 2753 2127 2798 nec
2154 2753 2269 2818 per

720 2844 856 2918 hoc
897 2845 1159 2927 ponitur
1210 2829 1570 2927 adaequatio
1590 2891 1612 2921 ,
1666 2860 1787 2906 nec
1838 2842 2097 2924 ponitur
2142 2842 2269 2906 im-

719 2954 1019 3018 mensitas
1079 2954 1245 3018 circa
1289 2953 1636 3035 potentiam
1689 2954 1832 3031 ejus
1885 2952 2269 3032 cognosciti-

711 3077 883 3123 vam.

802 3174 861 3232 7.
893 3168 991 3231 Ad
1017 3167 1176 3232 illud
1201 3166 1373 3251 quod
1412 3165 1710 3249 objicitur
1751 3166 1921 3247 quod
1958 3166 2259 3249 simplici-

722 3278 818 3339 tas
848 3274 1082 3338 animae
1109 3292 1446 3355 nunquam
1474 3273 1761 3337 elevatur
1785 3273 1862 3336 ad
1894 3273 2268 3355 simplicita-

719 3387 851 3447 tem
901 3380 1133 3460 Verbi,
1187 3380 1524 3446 dicendum
1569 3381 1741 3462 quod
1788 3381 1945 3445 illud
1989 3383 2266 3445 verbum

716 3488 1096 3571 intelligitur
1122 3507 1257 3553 non
1283 3492 1535 3553 tantum
1564 3487 1644 3552 de
1672 3487 2037 3568 cognitione
2072 3486 2264 3551 habi-

713 3598 906 3677 mali,
958 3617 1188 3664 verum
1238 3600 1429 3663 etiam
1481 3598 1560 3663 de
1614 3596 2113 3662 consideratione
2157 3615 2262 3661 ac-

715 3705 893 3769 tuali.
926 3704 1005 3769 Et
1030 3710 1348 3789 quantum
1388 3706 1469 3771 ad
1509 3706 1631 3770 hoc
1649 3755 1667 3783 ‚
1697 3723 1926 3770 verum
1971 3709 2065 3769 aet
2091 3704 2261 3787 quod

715 3831 1052 3897 nunquam
1102 3815 1320 3878 anima
1380 3813 1662 3877 ascendit
1715 3813 1793 3877 ad
1842 3817 1937 3877 tot
1982 3812 2264 3877 conside-

716 3924 937 4001 randa,
970 3926 1127 4006 quot
1152 3924 1365 4006 ipsum
1388 3920 1674 3986 Verbum
1701 3921 2077 3986 considerat.
2103 3922 2181 3986 Et
2208 3922 2261 3986 si

711 4034 787 4094 tu
818 4031 1099 4112 objicias,
1134 4029 1304 4113 quod
1342 4047 1459 4093 nec
1483 4028 1732 4106 habitu,
1765 4046 1882 4092 nec
1908 4034 2055 4093 actu
2081 4030 2262 4094 vide-

713 4143 820 4203 tur
850 4156 1035 4221 posse
1061 4138 1423 4221 pertingere
1454 4136 1535 4201 ad
1557 4136 1775 4200 omnia
1805 4154 1952 4218 quae
1975 4134 2260 4202 Verbum

713 4246 1078 4325 cognoscit,
1122 4263 1271 4308 cum
1296 4245 1366 4306 in
1390 4243 1693 4307 omnibus
1717 4243 1972 4308 Creator
1998 4245 2260 4308 excedat

711 4356 1066 4416 creaturam
1085 4400 1104 4431 ,
1160 4351 1500 4417 dicendum
1544 4350 1717 4432 quod
1739 4398 1757 4428 ,
1806 4350 1968 4414 sicut
2014 4351 2256 4416 dictum

710 4457 853 4537 fuit,
886 4458 1224 4522 habitualis
1252 4458 1537 4539 cognitio
1559 4457 1960 4520 infinitorum
1990 4476 2122 4522 non
2152 4477 2257 4541 po-

711 4567 808 4630 nit
849 4564 1232 4629 inflnitatem
1275 4566 1344 4628 in
1389 4565 1615 4630 habitu
1655 4566 2076 4646 cognoscendi
2127 4588 2143 4629 t
2193 4571 2258 4631 et

709 4674 854 4739 ideo
893 4692 1025 4738 non
1052 4673 1233 4756 ponit
1260 4672 1768 4755 adaequationem
1796 4673 1996 4755 ipsius
2023 4676 2254 4756 cogni-

711 4782 900 4846 tionis
944 4780 1180 4853 animae
1240 4779 1469 4845 Christi
1520 4785 1809 4863 respectu
1873 4782 2255 4861 cognitionis

707 4890 906 4972 ipsius
927 4887 1142 4954 Verbi.

789 5001 850 5061 8.
882 4998 980 5061 Ad
1019 4996 1175 5060 illud
1203 4996 1374 5078 quod
1400 4995 1746 5079 quaeritur,
1779 5015 1892 5079 per
1919 4997 2077 5079 quid
2103 4998 2252 5061 ani·-

707 5120 816 5167 ma
841 5102 1069 5166 Christi
1096 5106 1434 5185 cognoscat
1474 5104 1693 5168 omnia
1734 5122 1881 5186 quae
1920 5106 2253 5186 cognoscit

1824 447 2448 519 SENTENTIARUM
2486 448 2635 515 LIB.
2683 446 2790 514 111.

2378 586 2621 649 scibilia
2675 587 3111 668 comparatum
3166 588 3425 669 propter
3478 588 3931 672 promptitudi-

2379 710 2530 756 nem
2558 692 2943 775 exemplaris
2968 692 3088 756 sibi
3115 693 3303 758 uniti.

2459 805 2520 864 9.
2576 800 2675 864 Ad
2713 799 2870 864 illud
2908 818 3066 864 vero
3109 801 3279 883 quod
3327 800 3554 867 ultimo
3604 805 3926 887 objicitur,

2379 908 2550 989 quod
2579 908 2650 970 in
2686 906 3052 988 cognitione
3078 912 3173 972 est
3200 909 3475 991 receptio
3501 914 3566 974 et
3585 911 3927 992 judicium,

2379 1014 2720 1078 dicendum
2756 1013 2929 1097 quod
2969 1013 3127 1078 illud
3168 1015 3552 1097 intelligitur
3590 1018 3667 1082 de
3700 1020 3931 1084 actuali

2381 1121 2919 1199 consideratione;
2966 1121 3045 1184 de
3080 1122 3391 1186 habituali
3428 1127 3645 1187 autem
3678 1143 3812 1190 non
3838 1132 3933 1190 est

2381 1248 2646 1310 verum,
2679 1230 2852 1313 quod
2895 1230 3041 1313 quis
3057 1230 3301 1312 judicet
3325 1231 3397 1294 in
3427 1236 3571 1296 actu
3602 1232 3680 1296 de
3721 1235 3932 1298 omni-

2380 1342 2505 1406 bus
2544 1360 2692 1424 quae
2731 1343 2913 1406 novit
2944 1342 3009 1406 in
3038 1341 3301 1420 habitu;
3335 1343 3442 1407 sed
3487 1345 3657 1426 quod
3699 1350 3925 1428 potest,

2379 1452 2443 1512 et
2491 1448 2683 1514 habet
2723 1449 3088 1513 facultatem
3128 1449 3461 1531 judicandi
3518 1470 3631 1533 per
3684 1452 3931 1535 aliquas

2378 1557 2688 1636 rationes,
2718 1575 2866 1639 quae
2893 1557 3013 1619 sibi
3042 1556 3249 1621 insitae
3278 1562 3461 1637 suut,
3496 1559 3576 1622 ad
3607 1559 3730 1623 hoc
3754 1561 3929 1642 quod

2380 1665 2576 1747 possit
2623 1665 2911 1746 judicare
2972 1664 3050 1728 de
3114 1665 3240 1728 illis
3291 1666 3797 1747 cognitionibus,
3855 1667 3930 1732 Ut

2381 1789 2541 1853 ergo
2584 1789 2839 1836 summa
2884 1771 3374 1854 praedictorum,
3423 1791 3568 1855 quae
3617 1775 3929 1856 prolixius

2380 1879 2545 1943 dicta
2571 1884 2742 1958 sunt,
2774 1880 3034 1943 brevius
3060 1880 3554 1962 perstringatur,
3588 1882 3929 1947 conceden-

2381 1986 2540 2050 dum
2583 1989 2712 2063 est,
2762 1986 2935 2069 quod
2983 1987 3200 2051 anima
3251 1987 3479 2051 Christi
3533 1989 3927 2054 habitualem

2380 2094 2817 2174 cognitionem
2853 2094 3043 2157 habet
3070 2095 3507 2174 infinitorum,
3538 2099 3601 2158 et
3631 2098 3926 2161 omnium

2379 2219 2605 2265 eorum
2644 2219 2790 2283 quae
2834 2202 3161 2281 cognoscit
3205 2201 3418 2284 ipsum
3468 2200 3752 2267 Verbum
3807 2206 3927 2268 sibi

2380 2309 2666 2388 unitum,
2697 2309 2842 2373 licet
2876 2328 3005 2374 non
3050 2310 3281 2374 habeat
3325 2311 3633 2374 actualem
3665 2334 3679 2374 ε
3717 2316 3783 2376 et
3821 2313 3927 2377 illa

2379 2415 2638 2498 quidem
2675 2416 3019 2482 habitualis
3050 2419 3333 2500 cognitio
3375 2436 3507 2482 nou
3550 2420 3729 2501 ponit
3769 2421 3921 2483 infl-

2378 2523 2645 2587 nitatem
2672 2523 2986 2588 actualem
3011 2524 3078 2588 in
3113 2525 3251 2608 ipso
3276 2524 3534 2605 habitu,
3564 2526 3666 2590 vel
3710 2527 3783 2590 in
3811 2547 3922 2610 po-

2381 2630 2578 2695 tentia
2626 2635 3048 2712 cognoscente
3070 2680 3087 2710 ,
3140 2632 3250 2696 sed
3306 2632 3513 2697 solum
3562 2634 3634 2696 in
3679 2635 3927 2699 ratione

2378 2738 2799 2818 cognoscendi
2820 2785 2842 2818 ,
2886 2739 2987 2802 vel
3040 2740 3110 2801 in
3152 2741 3624 2822 comparatione
3667 2740 3927 2806 habitus

2378 2847 2798 2927 cognoscendi
2826 2847 2906 2910 ad
2934 2847 3071 2928 ipsa
3097 2846 3569 2927 cognoscibilia.
3605 2846 3795 2913 Hunc
3819 2868 3926 2914 au-

2376 2955 2509 3016 tem
2533 2958 2784 3018 sextum
2817 2955 3082 3018 modum
3110 2955 3358 3020 dicendi
3383 2957 3599 3037 magis
3635 2974 3783 3020 sum
3819 2975 3924 3021 co-

2376 3063 2568 3124 natus
2594 3064 2843 3142 tenere,
2883 3081 3080 3146 quam
3108 3063 3408 3146 quintum
3428 3112 3444 3140 ,
3475 3063 3620 3127 licet
3659 3063 3923 3146 quintus

2375 3169 2457 3233 sit
2498 3170 2741 3234 facilior
2789 3171 2870 3234 ad
2914 3172 3361 3236 sustinendum
3406 3193 3422 3235 ε
3476 3176 3617 3235 tum
3666 3175 3924 3254 propter

2375 3279 2777 3342 auctoritates
2807 3278 3209 3356 Sanctorum,
3232 3279 3465 3361 quibus
3488 3283 3584 3343 est
3608 3279 3677 3341 in
3704 3279 3922 3343 arduis

2374 3384 2837 3465 quaestionibus
2898 3386 3218 3468 praecipue
3279 3385 3729 3464 innitendum;
3782 3390 3921 3449 tum

2373 3492 2563 3557 etiam
2589 3511 2708 3576 pro
2737 3494 3092 3558 reverentia
3117 3493 3267 3557 Jesu
3295 3492 3546 3572 Christi,
3578 3496 3766 3576 cujus
3793 3495 3928 3558 ani-

2374 3622 2498 3668 mae
2556 3608 3147 3687 quantumcumque
3200 3603 3525 3686 sapientiae
3578 3607 3640 3666 et
3695 3604 3919 3686 gloriae

2347 3734 2747 3809 possumus,
2819 3716 3125 3780 debemus
3176 3715 3523 3779 attribuere
3543 3763 3561 3793 ,
3622 3718 3685 3779 et
3727 3734 3921 3799 supra

2372 3821 2561 3885 etiam
2607 3840 2805 3905 quam
2853 3822 3302 3904 intelligimuS,
3362 3822 3442 3886 ad
3491 3823 3693 3905 ipsius
3735 3841 3913 3888 reve-

2370 3929 2644 3993 rentiam
2670 3932 2733 3993 et
2757 3928 3089 3995 honorem.

2774 4266 2779 4273 ,
2814 4186 3303 4260 ARTICULUS
3351 4190 3467 4262 111.

2447 4465 2914 4549 Consequenter
2939 4468 3253 4551 quaeritur
3280 4468 3360 4533 de
3385 4467 3683 4550 scientias,
3713 4486 3909 4551 quam

2364 4573 2579 4637 anima
2606 4571 2831 4637 Christi
2858 4574 3083 4638 habuit
3128 4594 3167 4638 a
3201 4573 3452 4654 Verbo;
3483 4579 3546 4639 et
3587 4575 3753 4638 circa
3789 4574 3907 4637 hoc

2362 4682 2747 4764 quaeruntur
2795 4682 2918 4746 tria
2984 4704 2999 4744 z
3054 4682 3266 4764 primo
3327 4682 3635 4764 quaeritur
3683 4686 3905 4747 utrum

2361 4784 2647 4866 aliquam
2673 4785 3003 4849 scientiam
3047 4784 3345 4850 habuerit
3370 4786 3588 4849 anima
3613 4784 3840 4849 Christi
3866 4801 3906 4846 a

2360 4891 2567 4958 Verbo
2604 4898 2835 4975 praeter
2867 4893 3045 4956 illam
3072 4910 3266 4975 quam
3296 4893 3525 4957 habuit
3550 4895 3616 4955 in
3650 4891 3898 4969 Verbo;

2359 5000 2637 5065 secundo
2681 5000 2996 5082 quaeritur
3039 5005 3259 5065 utrum
3318 5001 3672 5065 secundum
3726 4998 3900 5061 illam

2358 5107 2713 5188 profecerit,
2740 5127 2826 5171 an
2851 5108 2933 5172 ab
2958 5107 3141 5172 initio
3166 5108 3461 5172 hahuerit
3487 5125 3631 5171 eam
3660 5106 3899 5189 persee-

707 5207 1016 5289 Verbum,
1034 5210 1373 5275 dicendum
1400 5211 1570 5293 quod
1597 5229 1711 5293 per
1739 5211 1961 5275 lumen
1988 5212 2250 5295 aliquod
2355 5218 2529 5293 tam;
2565 5214 2753 5279 tertio
2781 5215 3095 5298 quaeritur
3128 5219 3351 5280 utrum
3400 5215 3565 5281 Deus
3609 5214 3899 5279 debuerit

709 5318 831 5380 sibi
861 5318 1081 5381 datum
1116 5340 1131 5382 :
1166 5319 1287 5383 hoc
1314 5323 1528 5383 autem
1559 5337 1691 5383 non
1727 5324 1820 5382 est
1845 5320 1998 5402 quia
2022 5320 2248 5386 lumen

2357 5322 2828 5388 communicare
2896 5323 3129 5388 animae
3198 5322 3425 5387 Christi
3496 5323 3894 5407 omnipoten-

709 5423 867 5488 illud
890 5425 971 5489 sit
992 5424 1317 5489 infinitum
1339 5472 1356 5505 ‚
1389 5425 1500 5490 sed
1537 5426 1688 5508 quia
1727 5430 1822 5490 est
1864 5427 1947 5491 ad
1995 5427 2246 5494 infinita
2354 5430 2510 5496 tiam
2524 5480 2543 5512 ,
2574 5431 2740 5496 sicut
2765 5430 3260 5495 communicavit
3283 5431 3812 5495 omniscientiam.
