4185 6288
825 505 942 567 118

826 656 1021 720 quam
1068 640 1189 705 ista
1237 660 1255 705 ε
1311 663 1344 703 ι
1374 640 1600 708 Divina
1642 647 1873 709 natura
1912 645 2008 708 est
2054 642 2275 708 homo.
2322 662 2353 700 ι

823 744 970 810 Ideo
993 745 1294 830 Magister
1310 766 1441 815 non
1453 749 1822 834 simpliciter
1842 769 1987 817 eam
2003 753 2229 833 negat;
2251 748 2362 815 sed

819 851 971 917 dicit
1001 873 1019 917 ε
1058 876 1089 914 α
1114 852 1258 920 Non
1281 859 1378 920 est
1402 857 1491 922 ita
1515 859 1793 942 propria,
1823 877 1942 924 nee
1981 863 2076 924 est
2106 858 2195 922 ita
2216 874 2363 941 pas-

822 959 944 1023 sim
969 960 1037 1025 in
1065 979 1258 1027 usum
1283 963 1673 1045 adducenda,
1703 985 1820 1049 pro
1841 985 1918 1031 eo
1953 965 2127 1049 quod
2153 964 2232 1028 ad
2260 963 2363 1027 ni-

822 1068 1020 1132 miam
1048 1070 1522 1153 expressionem
1551 1074 2046 1158 appropinquat,
2076 1077 2197 1138 etc.

1296 1315 1783 1387 AR'I'ICULUS
1829 1319 1881 1386 Ι.

901 1501 1000 1567 Ad
1025 1502 1509 1585 intelligentiam
1536 1509 1754 1570 autem
1787 1505 1989 1589 huius
2028 1506 2229 1589 partis
2254 1506 2363 1570 in-

820 1607 971 1673 cidit
1010 1608 1116 1673 hic
1161 1611 1432 1693 quaestio
1473 1611 1642 1677 eirca
1681 1612 2186 1694 assumptionem
2236 1613 2360 1678 hu-

822 1733 1033 1780 manae
1073 1719 1322 1781 naturae
1375 1737 1416 1781 a
1462 1717 1711 1797 divina3
1769 1722 1833 1783 et
1880 1723 2171 1784 versatur
2223 1720 2365 1785 haec

821 1825 1091 1907 quaestio
1110 1825 1276 1891 circa
1303 1826 1433 1891 duo
1459 1827 1892 1911 principaliter
1922 1847 1939 1892 ε
1968 1829 2176 1913 primo
2189 1848 2365 1913 quae·

820 1934 988 1998 ritur
1008 1933 1086 1998 de
1111 1934 1246 2017 ipsa
1272 1935 1708 2019 assumptione
1734 1953 1817 2000 ex
1836 1941 2013 2019 parte
2031 1956 2362 2017 assumen-

822 2042 902 2106 tis
911 2060 932 2122 3
988 2043 1265 2108 secundo
1316 2060 1472 2110 vero
1522 2044 1839 2127 quaeritur
1891 2064 1974 2110 ex
2039 2051 2219 2129 parte
2261 2065 2364 2111 as-

821 2150 1082 2232 sumpti.
1115 2149 1288 2215 Circa
1313 2151 1601 2234 primum
1624 2156 2008 2234 quaeruntur
2023 2153 2309 2236 quinque
2346 2171 2360 2211 :

821 2256 1030 2339 primo
1069 2257 1382 2340 quaeritur
1422 2262 1646 2324 utrum
1684 2278 2009 2325 assumere
2060 2260 2142 2324 sit
2190 2263 2368 2324 actus

821 2365 1204 2430 conveniens
1230 2365 1466 2431 divinae
1492 2372 1780 2447 naturae3
1824 2368 2102 2433 secundo
2138 2367 2369 2451 quaeri-

822 2476 930 2536 tur
954 2477 1175 2537 utrum
1203 2473 1284 2538 sit
1315 2479 1493 2538 actus
1528 2476 1916 2540 conveniens
1945 2475 2185 2541 divinae
2216 2494 2366 2559 per-

822 2598 1029 2660 sonae3
1059 2582 1244 2646 tertio
1271 2583 1588 2665 quaeritur
1617 2588 1837 2648 utrum
1868 2584 2207 2651 conveniat
2232 2601 2364 2667 per-

816 2705 993 2755 sonae
1019 2707 1134 2773 per
1151 2708 1242 2767 se,
1259 2708 1345 2755 an
1373 2691 1616 2756 ratione
1640 2697 1888 2757 naturae
1906 2713 1923 2772 ;
1944 2697 2174 2776 quarto
2191 2711 2367 2777 quae-

819 2795 983 2860 ritur
1041 2800 1263 2861 utrum
1319 2798 1658 2863 conveniat
1711 2804 1993 2878 naturae,
2056 2802 2372 2865 abstracta

705 3000 711 3006 Δ
818 2903 997 2968 omni
1028 2921 1334 2986 persona3
1363 2906 1587 2987 quinto
1633 2907 1944 2989 quaeritur
1977 2911 2203 2972 utrum
2232 2907 2372 2972 haec

822 3014 903 3078 sit
939 3014 1338 3079 concedenda
1387 3034 1404 3080 τ
1456 3039 1488 3076 α
1531 3013 1756 3079 Divina
1802 3019 2033 3081 natura
2073 3020 2172 3082 est
2226 3035 2373 3083 caro

822 3122 1008 3187 facta.
1033 3143 1065 3182 n
1082 3120 1258 3186 Circa
1276 3122 1559 3206 primum
1577 3122 1667 3187 sic
1694 3123 2078 3207 proceditur,
2100 3131 2163 3190 et
2190 3142 2371 3208 quae-

823 3230 1013 3295 ritur.
1302 3225 1305 3230 ’

1374 3431 1732 3512 QUAESTIO
1777 3434 1826 3499 l.

834 3594 932 3652 An
958 3609 1220 3652 assianae
1241 3597 1317 3652 sit
1344 3600 1495 3654 acuas
1520 3599 1835 3655 conveniens
1872 3596 2077 3655 divinoe
2114 3597 2344 3656 natm-12¹
2360 3641 2374 3657 .

589 3792 809 3837 ranam.
915 3759 1147 3826 Utrum
1171 3779 1495 3827 assumere
1524 3761 1609 3826 sit
1655 3766 1834 3828 actus
1861 3763 2247 3829 conveniens
2281 3763 2379 3828 di-

837 3867 1007 3932 vinae
1041 3870 1316 3946 naturae3
1357 3872 1421 3935 et
1446 3870 1619 3952 quod
1653 3869 1765 3949 sic,
1804 3869 2059 3935 videtur
2094 3869 2379 3935 auctori-

832 3979 960 4040 tate
973 3976 1319 4057 Augustini
1351 3983 1374 4017 ²
1398 3977 1465 4039 in
1490 3977 1654 4041 libro
1680 3976 1760 4043 de
1776 3976 1942 4044 Fide
1965 3978 2055 4044 ad
2085 3978 2376 4045 Petrum:

842 4107 873 4145 α
919 4081 1031 4148 Illa
1087 4086 1340 4163 natura,
1393 4101 1540 4166 quae
1593 4103 1845 4167 semper
1897 4086 2117 4167 genita
2163 4089 2382 4150 manet

833 4190 1003 4274 apud
1031 4188 1310 4270 Patrem,
1341 4196 1640 4256 naturam
1683 4190 1823 4256 sine
1864 4194 2122 4274 peccato
2159 4211 2380 4258 susce-

833 4298 949 4382 pit.
986 4319 1018 4357 n
1054 4297 1178 4362 Sed
1203 4297 1544 4380 suscipere,
1571 4301 1635 4362 et
1660 4315 2007 4379 assumere,
2038 4299 2206 4364 idem
2232 4304 2327 4367 est
2358 4322 2374 4366 z

832 4423 991 4487 ergo
1017 4407 1249 4469 natura
1283 4404 1395 4469 Dei
1436 4409 1734 4471 naturam
1764 4410 2050 4471 nostram
2079 4409 2373 4493 suscepit.

913 4512 1073 4577 ltem
1099 4512 1461 4594 expressius
1499 4512 1569 4576 in
1595 4512 1760 4577 libro
1787 4514 1996 4596 primo
2049 4515 2128 4582 de
2168 4517 2380 4586 Trini-

832 4625 985 4700 tate,
1018 4618 1218 4703 capite
1245 4637 1311 4685 v1
1342 4639 1358 4684 ε
1398 4642 1429 4681 α
1455 4618 1685 4685 Forma
1713 4620 1826 4687 Dei
1846 4625 2086 4706 accepit
2106 4624 2380 4691 formam

831 4727 1023 4793 servi.
1052 4747 1084 4786 n
1110 4724 1234 4791 Sed
1259 4726 1468 4791 forma
1496 4724 1607 4791 Dei
1632 4745 1766 4793 non
1804 4732 1899 4793 est
1928 4729 2136 4812 aliud,
2182 4750 2381 4815 quam

833 4839 1065 4899 natura
1090 4833 1201 4898 Dei
1237 4855 1252 4898 :
1284 4852 1441 4916 ergo
1468 4834 1522 4898 si
1552 4835 1759 4901 forma
1793 4836 2070 4904 formam
2114 4840 2377 4924 accepit,

832 4946 1066 5005 natura
1088 4945 1387 5006 naturam
1411 4944 1776 5026 assumpsit.

916 5045 1075 5112 Item
1097 5050 1344 5115 ratione
1387 5050 1641 5117 videtur
1681 5072 1697 5116 z
1749 5050 1901 5117 Haec
1944 5056 2042 5119 est
2090 5072 2274 5134 vera,
2317 5059 2383 5121 et

835 5156 1090 5238 propria
1131 5174 1147 5217 :
1198 5179 1231 5219 ι
1271 5155 1513 5223 Natura
1579 5158 1800 5225 divina
1868 5161 2049 5228 unita
2105 5165 2201 5226 est
2247 5162 2382 5227 hu·-

898 5277 1015 5339 ¹0!-
1032 5276 1176 5327 Alex.
1205 5277 1425 5345 Alensis,
1450 5294 1503 5344 p.
1526 5280 1616 5341 111,
1647 5295 1699 5347 q.
1724 5293 1764 5345 1,
1781 5281 1975 5334 memb.
1998 5284 2027 5334 4
2043 5298 2061 5347 3
2087 5282 2145 5334 S.
2173 5282 2379 5348 Thon„

837 5362 890 5412 p.
920 5348 1009 5408 ΙΙΙ,
1036 5362 1088 5413 q.
1113 5360 1193 5412 111,
1235 5354 1330 5400 art.
1359 5354 1418 5415 2;
1447 5354 1502 5402 et
1527 5353 1593 5402 111
1615 5353 1778 5416 Seni„
1812 5353 1930 5404 dist.
1958 5364 2008 5417 v,
2036 5368 2087 5419 q.
2112 5367 2171 5418 11,
2189 5358 2289 5405 art.
2319 5358 2378 5419 33

837 5418 1009 5484 AEgid.
1029 5420 1198 5483 Rom„
1220 5421 1463 5486 liment„
1487 5422 1603 5475 dist.
1625 5435 1675 5487 v,
1708 5435 1747 5475 11
1769 5438 1845 5487 p.,
1884 5439 1935 5488 q.
1967 5436 2011 5475 11
2023 5440 2039 5486 ;
2078 5426 2378 5489 Richardus,

839 5491 905 5542 111
927 5490 1089 5554 Seni„
1105 5490 1219 5542 dist.
1242 5503 1290 5554 V,
1312 5506 1363 5558 q.
1394 5493 1633 5557 15'1'hom.
1652 5496 1885 5561 argent„
1914 5498 1979 5549 ΙΙΙ
2003 5498 2165 5562 sent„
2186 5496 2303 5552 dist.
2328 5501 2383 5565 νς

1939 502 2562 574 SENTENTIARUM
2602 504 2752 571 LIB.
2796 505 2905 572 111.

2471 658 2682 706 manae
2711 660 2730 706 ε
2757 662 2789 702 n
2819 645 2932 707 aut
2975 661 3133 727 ergo
3173 644 3244 708 in
3282 644 3391 709 illa
3430 645 3670 712 unione
3701 664 3768 712 se
3814 647 3997 713 habet

2468 753 2701 815 natura
2727 749 2945 815 divina
2970 753 3045 817 ut
3068 769 3292 833 agenS,
3309 755 3423 817 aut
3448 756 3523 817 nt
3540 754 3785 837 patiens
3813 772 3827 815 ε
3859 774 3997 820 con-

2469 860 2591 920 stat
2617 855 2789 938 quod
2815 874 2950 920 non
2980 860 3054 922 ut
3089 859 3378 942 patiens:
3411 877 3570 941 ergo
3596 878 3666 924 se
3710 861 3896 926 habet
3929 867 3998 925 ut

2470 981 2693 1045 agens.
2723 962 2846 1028 Sed
2873 963 2943 1027 in
2983 963 3120 1046 ipsa
3144 965 3384 1029 unione
3410 983 3605 1047 agere
3644 966 3804 1030 nihil
3837 968 3996 1032 aliud
4116 1028 4119 1035 ,

2470 1074 2585 1146 est,
2614 1088 2813 1153 quam
2840 1070 3041 1153 ipsam
3086 1074 3386 1136 naturam
3422 1090 3748 1139 assumere
3790 1093 3808 1138 :
3850 1091 3995 1155 ergo

2470 1177 2727 1243 videtur
2747 1177 2920 1262 quod
2942 1196 3264 1243 assumere
3290 1180 3630 1246 conveniat
3645 1181 3879 1247 divinae
3897 1200 3999 1246 na·

2471 1289 2657 1350 turae.

2552 1392 2709 1457 Item
2736 1397 2966 1458 natura
2988 1392 3232 1474 divina,
3261 1397 3322 1458 et
3351 1393 3671 1475 humana,
3699 1396 4000 1462 uniuntur

2472 1500 2538 1563 in
2566 1501 2810 1566 unitate
2836 1519 3146 1585 personae.
3182 1501 3304 1566 Sed
3334 1519 3418 1567 ex
3445 1501 3556 1565 illa
3595 1502 3838 1568 unione
3861 1521 4000 1568 vere

2471 1611 2533 1672 et
2566 1609 2823 1693 proprie
2865 1608 3096 1674 dicitur
3139 1609 3428 1673 humana
3468 1613 3704 1674 natura
3736 1627 3867 1675 esse
3909 1628 4001 1674 as-

2472 1720 2756 1800 sumpta:
2776 1734 2933 1799 ergo
2955 1716 3092 1800 pari
3111 1716 3367 1781 ratione
3391 1716 3609 1782 divina
3626 1721 3858 1782 natura
3875 1741 3891 1796 ;
3911 1718 4004 1782 vel

2472 1823 2655 1888 debet
2681 1823 2804 1889 dici
2832 1841 2915 1888 ex
2942 1823 3053 1888 illa
3101 1825 3341 1889 unione
3389 1841 3744 1904 assumem,
3780 1826 3878 1889 vel
3910 1844 4006 1889 as-

2472 1935 2731 2015 sumpta
2763 1953 2779 1996 :
2814 1931 2925 1997 sed
2952 1949 3084 1996 non
3109 1932 3462 1996 assumitur
3494 1949 3512 1995 t
3539 1949 3700 2014 ergo
3732 1931 3900 1998 illius
3922 1938 4007 1997 est

2473 2060 2820 2107 assumere.

2553 2144 2674 2210 Sed
2705 2150 2924 2211 eontra
2957 2168 2973 2211 ε
3006 2153 3035 2211 1
3051 2194 3067 2211 .
3099 2146 3206 2211 Est
3245 2146 3587 2212 auctoritas
3615 2146 3874 2212 Concilii
3899 2145 4006 2211 To·
4035 2165 4090 2209 u
4115 2177 4142 2220 οι

2473 2254 2667 2319 letani
2698 2254 2723 2291 ⁸
2742 2303 2760 2335 ,
2809 2273 3005 2338 quam
3059 2254 3361 2337 Magister
3409 2256 3589 2338 ponit
3628 2255 3704 2319 in
3751 2256 3949 2319 littera
3988 2273 4002 2316 ε

2484 2384 2514 2422 ι
2539 2360 2696 2425 Cum
2720 2366 2850 2427 tota
2878 2360 3151 2427 Trinitas
3175 2366 3434 2445 operata
3459 2362 3542 2426 sit
3571 2362 4003 2427 formationem

2474 2468 2750 2550 suscepti
2778 2468 3056 2534 hominis
3075 2518 3093 2549 ,
3125 2469 3300 2535 solus
3340 2474 3555 2535 tamen
3581 2468 3786 2535 Filius
3809 2486 4006 2533 susce·

2476 2577 2569 2658 pit
2614 2575 2946 2641 hominem
2990 2577 3059 2641 in
3102 2578 3351 2642 unitate
3391 2595 3684 2661 personae
3705 2626 3725 2657 ,
3773 2595 3902 2641 non
3945 2576 4009 2640 in

2476 2683 2721 2748 unitate
2748 2688 3019 2748 naturas.
3050 2706 3081 2744 n
3110 2683 3284 2767 Ergo
3309 2684 3365 2748 si
3390 2684 3512 2748 hoc
3540 2684 3663 2748 soli
3692 2682 3853 2748 Filio
3875 2700 4013 2748 oon-

2477 2791 2676 2870 venit,
2721 2808 2854 2857 non
2891 2791 3142 2859 videtur
3185 2791 3359 2875 quod
3399 2792 3741 2857 conveniat
3789 2791 4011 2856 divinae

2479 2904 2753 2964 naturae.

2564 3008 2722 3073 Item
2748 3008 3089 3073 Anselmus
3109 3013 3130 3049 ⁸
3153 3031 3170 3075 ι
3200 3031 3231 3070 α
3253 3007 3462 3089 Pater,
3487 3012 3551 3073 et
3566 3007 3792 3088 Filius,
3810 3013 3873 3073 et
3892 3006 4014 3091 Spi-

2483 3116 2645 3182 ritus
2689 3119 2943 3181 sanctus
2983 3115 3164 3182 nullo
3212 3114 3402 3181 modo
3450 3114 3759 3181 differunt
3798 3115 3868 3180 in
3905 3132 4013 3180 na-

2483 3229 2650 3289 tura.
2682 3247 2711 3284 ι
2747 3223 2919 3306 Er30
2943 3225 3114 3307 quod
3148 3224 3450 3290 convenit
3474 3225 3717 3289 divinae
3743 3228 4011 3303 naturae,

2484 3331 2781 3398 convenit
2810 3330 3012 3411 Patri,
3042 3334 3106 3396 et
3131 3331 3288 3397 Filio
3309 3381 3326 3409 ,
3368 3336 3432 3397 et
3460 3331 3730 3416 Spiritui
3759 3337 3968 3397 sancto
3995 3352 4009 3394 :

2485 3439 2595 3505 sed
2625 3439 2977 3524 assumptio
3003 3441 3309 3505 humanm
3347 3445 3599 3505 naturae
3629 3441 3812 3505 nullo
3838 3439 4015 3505 modo

2486 3548 2782 3614 convenit
2826 3546 2998 3612 Patri
3014 3595 3031 3624 ,
3079 3548 3184 3613 vel
3228 3547 3496 3632 Spiritui
3539 3552 3762 3614 sancto
3808 3570 3823 3612 ε
3869 3564 4017 3629 ergo

2486 3655 2664 3720 nullo
2706 3655 2897 3721 modo
2924 3654 3183 3720 videtur
3206 3654 3440 3721 divinas
3482 3658 3742 3721 naturae
3771 3671 4018 3739 compe-

2486 3765 2642 3827 tere.

2570 3875 2631 3935 3.
2672 3868 2831 3935 Item
2869 3870 3088 3935 divina
3126 3875 3359 3936 natura
3392 3873 3487 3935 est
3521 3871 3849 3954 quoddam
3873 3870 4018 3935 sim-

2488 3977 2901 4061 plicissimum
2935 3999 2949 4040 :
2982 3977 3091 4041 sed
3118 3977 3670 4061 simplicissimum
3709 3997 3860 4045 cum
3889 3977 4020 4041 uni-

2489 4088 2627 4162 tur,
2658 4085 2930 4150 totaliter
2957 4085 3183 4151 unitur
3215 4108 3229 4150 ε
3262 4103 3421 4168 ergo
3463 4085 3518 4150 si
3554 4086 3780 4151 divina
3806 4089 4021 4150 natura

2486 4193 2718 4258 unitur
2765 4192 3103 4273 humanae,
3156 4197 3221 4256 et
3258 4210 3403 4258 eam
3446 4194 3740 4274 assumit,
3782 4192 4020 4259 videtur

2488 4298 2659 4383 quod
2686 4300 2810 4364 hoc
2833 4301 3171 4364 conveniat
3194 4301 3454 4366 cuilibet
3482 4318 3798 4385 personae.

2568 4411 2631 4471 ὁ.
2672 4405 2832 4472 Item
2874 4408 2930 4470 si
2974 4408 3232 4491 aliquod
3270 4426 3481 4473 unum
3504 4458 3523 4489 ,
3553 4409 3625 4473 in
3677 4427 3811 4492 quo
3851 4408 4021 4492 plura

2491 4512 2828 4593 uniuntur,
2856 4515 3083 4580 unitur
3111 4499 3324 4594 alicui,
3342 4534 3599 4591 neeesse
3623 4521 3725 4582 est
3752 4535 3866 4599 per
3889 4531 4020 4578 con·

2489 4638 2762 4705 sequens
2800 4625 2865 4686 et
2901 4621 3012 4686 illa
3054 4622 3228 4687 uniri
3245 4670 3266 4702 ‚
3313 4624 3477 4688 sicut
3524 4627 3723 4707 patet.
3767 4623 3925 4689 Nam
3970 4619 4020 4684 si

2489 4732 2767 4811 punctus
2812 4729 2917 4794 eui
2967 4730 3282 4795 uniuntur
3323 4730 3551 4795 multae
3597 4731 3795 4796 lineae
3847 4726 4019 4795 alicui

2490 4835 2931 4918 conjungitur,
2980 4854 3231 4902 necesse
3274 4841 3372 4902 est
3412 4841 3477 4903 et
3515 4837 3662 4903 illas
3709 4839 3905 4903 lineas
3939 4835 4020 4900 illi

2490 4942 2689 5008 uniri.
2720 4941 2788 5008 Si
2813 4942 3004 5008 etiam
3031 4943 3248 5009 anima
3265 4991 3283 5020 ,
3315 4944 3422 5009 cui
3449 4944 3775 5010 uniuntur
3815 4949 4019 5028 poten·

2489 5049 2618 5128 tiae,
2652 5049 2878 5114 unitur
2902 5049 3121 5129 alicui,
3149 5068 3400 5116 necesse
3424 5054 3520 5115 est
3545 5056 3610 5115 et
3641 5051 3880 5117 eisdem
3911 5066 4019 5132 po·

2489 5155 2718 5221 tentias
2743 5156 2919 5222 uniri
2953 5178 2969 5223 ε
2998 5174 3157 5238 ergo
3195 5158 3249 5221 si
3284 5157 3527 5223 divinas
3569 5176 3865 5240 personat
3894 5173 4019 5221 ma-

2491 5295 2542 5346 q.
2566 5293 2603 5342 1,
2650 5285 2745 5333 art.
2777 5285 2797 5332 ¹
2823 5297 2840 5345 3
2870 5281 3050 5344 steph.
3074 5281 3281 5341 Bruler„
3312 5283 3376 5333 ΙΙΙ
3404 5283 3566 5345 Sem„
3604 5283 3727 5334 dist.
3758 5295 3807 5346 v,
3831 5297 3882 5347 q.
3909 5293 3943 5331 1.
3962 5303 4017 5320 --

2489 5354 2512 5389 ²
2539 5355 2644 5403 lmo
2668 5353 2831 5419 Fulg„
2856 5352 2922 5402 de
2942 5352 3067 5403 Fide
3091 5352 3159 5404 ad
3189 5354 3349 5414 Petr„
3372 5368 3419 5406 c.
3447 5367 3508 5419 ιι,
3536 5368 3593 5405 n.
3631 5357 3712 5408 14.
3732 5379 3793 5394 --
3818 5354 3840 5389 ⁸
3872 5354 4015 5408 Cone.

2489 5423 2652 5475 Tolet.
2692 5424 2780 5487 vt,
2811 5439 2858 5474 c.
2888 5436 2928 5474 1.
2963 5450 3027 5462 —
3047 5426 3066 5453 ⁸
3108 5424 3362 5486 Anselm„
3390 5424 3452 5476 de
3491 5423 3630 5476 Proc-
3662 5426 3803 5490 Spir.
3840 5422 4014 5482 sancti,

2490 5509 2534 5546 c.
2560 5505 2691 5555 ινα.
2716 5495 2784 5547 al.
2808 5506 2917 5559 xv1,
2939 5494 3111 5562 quoad
3130 5507 3359 5547 sensum.
