4185 6288
1260 431 1458 500 ms'r.
1501 432 1719 501 XXIII.
1762 437 1947 506 ΛΒΤ.
1991 440 2040 505 l.
2083 440 2385 519 QUAEST.
2430 446 2501 512 V.

279 567 343 628 et
367 561 526 630 fides
560 563 644 630 sit
678 563 1003 645 accidens,
1033 566 1267 633 falsum
1311 572 1405 634 est
1446 569 1643 635 fldem
1683 590 1819 638 esse

277 670 736 751 substantiam3
769 673 826 738 si
868 678 1085 739 autem
1120 676 1489 745 substantia
1527 679 1618 743 ibi
1655 682 1818 745 acci-

277 777 454 860 pitur
496 782 924 865 communiter
963 799 1079 865 pro
1123 784 1394 849 essentia
1409 834 1426 864 ,
1458 789 1521 850 et
1550 788 1821 851 essentia

276 886 787 970 uniuscujusque
827 906 963 953 non
1000 889 1212 955 differt
1256 893 1337 956 ab
1378 911 1455 958 eo
1499 896 1688 976 quus
1726 899 1820 959 est

278 994 589 1073 essentia,
632 995 792 1060 111166
832 1000 1051 1062 autem
1097 999 1308 1063 differt
1352 1019 1392 1064 a
1436 1002 1629 1066 rebus
1670 1020 1817 1086 spe·

275 1102 494 1168 randis
514 1150 533 1181 ,
565 1102 955 1187 impossibile
979 1110 1079 1170 est
1114 1108 1311 1173 fldem
1352 1126 1487 1174 esse
1513 1110 1817 1176 substan·

273 1209 435 1275 tiam
464 1228 684 1279 rerum
712 1213 1197 1294 sperandarum.

355 1323 416 1383 2.
452 1316 613 1383 Item
636 1317 893 1384 videtur
916 1319 1073 1385 falsa
1098 1338 1235 1386 esse
1264 1321 1335 1386 in
1370 1323 1493 1387 hoc
1519 1324 1693 1406 quod
1718 1326 1814 1389 di-

272 1423 361 1487 cit
385 1424 582 1489 fldem
608 1442 742 1490 non
767 1428 1021 1491 tantum
1047 1445 1182 1492 esse
1211 1426 1641 1496 substanttam
1660 1477 1680 1509 ‚
1707 1431 1817 1495 sed

272 1532 470 1597 etiam
484 1540 957 1617 arqummtum;
972 1535 1281 1617 quoniam
1299 1537 1478 1602 nulla
1496 1538 1707 1602 virtus
1722 1543 1818 1603 est

272 1649 772 1725 argumentum,
806 1663 925 1710 nec
954 1664 992 1711 e
1018 1664 1347 1713 converso.
1380 1645 1449 1711 Si
1476 1666 1633 1731 ergo
1660 1650 1817 1714 fldoe

270 1754 369 1814 est
393 1751 634 1831 virtus,
675 1770 807 1818 non
840 1771 1000 1836 ergo
1044 1759 1251 1837 potest
1294 1773 1431 1821 esse
1458 1775 1816 1838 argumen-

270 1860 440 1923 tum.
467 1856 537 1922 Si
561 1863 637 1923 tu
660 1860 828 1924 dicas
852 1860 1025 1943 quod
1049 1868 1514 1943 argumentum
1536 1866 1816 1929 sumitur

269 1963 361 2028 ibi
397 1967 913 2051 transsumptive,
954 1969 1208 2034 videtur
1252 1971 1424 2052 quod
1452 1989 1571 2035 nec
1601 1977 1815 2036 trans-

270 2069 629 2152 sumptive,
661 2089 782 2135 nec
807 2072 1061 2155 proprie
1107 2073 1334 2138 debeat
1357 2074 1480 2139 dici
1516 2075 1675 2139 fides
1709 2095 1813 2140 ar-

273 2181 663 2256 gumentum
699 2197 831 2243 non
869 2183 1334 2263 apparentium.
1369 2183 1437 2247 Si
1465 2184 1636 2248 enim
1663 2203 1815 2267 pro-

270 2282 508 2365 prietas
551 2287 918 2367 argumenti
973 2291 1068 2351 est
1111 2290 1285 2370 quod
1343 2293 1566 2373 arquit
1609 2292 1813 2374 ipsam

272 2395 575 2470 mentem,
599 2396 662 2455 et
684 2393 1008 2459 convincit
1030 2413 1173 2459 eam
1198 2396 1277 2460 de
1297 2414 1373 2460 eo
1404 2397 1482 2460 ad
1504 2399 1675 2481 quod
1692 2404 1809 2478 est,

269 2497 504 2564 faciens
529 2499 689 2565 illud
725 2519 860 2566 esse
894 2504 1138 2567 clarum
1167 2508 1230 2567 et
1265 2510 1594 2587 apertum,
1629 2507 1809 2572 vide-

267 2609 379 2670 tur
401 2606 576 2688 quod
613 2606 703 2672 ibi
743 2609 829 2674 sit
869 2609 1216 2692 implicatio
1241 2610 1513 2695 duplicis
1556 2617 1810 2678 contra-

269 2713 585 2792 dictionis,
622 2734 771 2780 cum
798 2715 951 2781 dicit
975 2718 1168 2783 fldem
1194 2738 1329 2784 esse
1352 2726 1811 2802 argumentum

268 2838 404 2886 non
442 2824 889 2904 apparentium
919 2845 938 2893 ε
967 2843 1115 2908 quae
1142 2828 1318 2891 enim
1344 2829 1581 2894 habent
1605 2848 1807 2911 argu-

269 2931 561 3003 mentum
579 2976 601 3008 ,
634 2929 756 2994 hoc
789 2929 932 3014 ipso
977 2933 1152 3015 quod
1180 2934 1417 2999 habent
1459 2954 1809 3018 argumen-

269 3038 436 3115 tum,
465 3042 770 3121 apparent
794 3057 933 3104 esse
959 3058 1113 3105 vera
1134 3063 1152 3119 3
1184 3060 1334 3124 quae
1354 3043 1546 3107 etiam
1573 3043 1814 3108 habent

270 3150 733 3224 argumentum
755 3194 774 3222 ,
801 3146 926 3212 hoc
951 3147 1090 3231 ipso
1115 3150 1287 3230 quod
1331 3150 1572 3215 habent
1610 3170 1811 3234 argu·
1861 3241 1866 3246 ὗ

272 3255 562 3317 mentum
576 3302 595 3333 ,
626 3255 1093 3321 convincuntur
1120 3275 1258 3322 esse
1284 3276 1436 3322 vera
1466 3279 1482 3323 ε
1512 3276 1672 3342 6136
1699 3279 1812 3326 ra-

268 3357 361 3423 tio
386 3364 756 3442 argumenti
783 3368 1107 3447 repugnat
1133 3368 1266 3428 tam
1309 3365 1404 3430 rei
1453 3384 1585 3431 non
1612 3385 1814 3449 appa-

268 3466 437 3532 renti
455 3513 475 3544 ,
505 3486 703 3551 quam
728 3469 852 3552 ipsi
875 3469 1123 3535 habitui
1149 3471 1298 3536 fidei
1329 3490 1345 3535 1
1374 3490 1535 3553 6136
1561 3477 1658 3538 est
1684 3474 1807 3537 im-

269 3573 523 3656 plicatio
567 3579 1007 3659 oppositorum
1059 3579 1130 3643 in
1180 3581 1481 3661 praedicta
1528 3581 1810 3664 descrip-

269 3679 444 3747 tione
474 3699 491 3746 :
521 3683 778 3749 videtur
801 3702 960 3765 6136
994 3686 1164 3768 quod
1188 3687 1489 3768 praedicta
1514 3688 1812 3754 diffinitio

268 3790 574 3872 redargui
595 3793 794 3875 possit
817 3793 900 3858 ob
922 3794 1239 3858 deiectum
1260 3795 1570 3860 veritatis

348 3903 409 3961 3.
443 3897 601 3963 Item
629 3899 884 3966 videtur
907 3902 1080 3984 quod
1106 3902 1306 3983 possit
1326 3903 1704 3985 reprehendi
1727 3903 1812 3968 ob

267 4005 583 4070 desectum
601 4008 1164 4074 convertibilitatis.
1196 4008 1359 4073 Nam
1377 4010 1516 4074 haec
1541 4009 1813 4093 descrip-

266 4113 358 4179 tio
386 4117 591 4196 potest
617 4116 964 4181 convenire
990 4115 1111 4199 ipsi
1136 4115 1271 4198 spei
1301 4134 1319 4178 z
1349 4134 1493 4199 spes
1516 4117 1692 4182 enim
1717 4120 1816 4182 est

265 4219 622 4291 substantia
644 4240 867 4287 rerum
890 4222 1370 4303 sperandarum,
1400 4227 1464 4288 et
1488 4223 1685 4288 etiam
1706 4241 1813 4288 ar-

265 4331 660 4409 gumentum
710 4347 845 4393 non
895 4328 1342 4411 apparentium
1377 4377 1397 4409 ,
1479 4330 1638 4412 quia
1698 4348 1815 4414 per

265 4451 451 4518 spem
497 4434 932 4500 certificamur
970 4453 1090 4500 1166
1146 4453 1282 4500 6666
1329 4435 1661 4501 habituros
1711 4455 1814 4501 res

267 4560 432 4626 quas
475 4560 609 4607 11611
658 4543 955 4608 videmus
985 4565 1002 4609 ε
1058 4562 1217 4626 6136
1240 4544 1494 4610 videtur
1537 4545 1711 4628 quod
1757 4544 1813 4608 si

266 4651 403 4713 tota
426 4648 535 4713 illa
561 4649 897 4732 descriptio
931 4652 1232 4716 convenit
1263 4651 1432 4734 spei,
1478 4651 1654 4734 quod
1678 4669 1813 4717 non

264 4759 681 4821 convertatur
707 4775 858 4821 cum
882 4757 1022 4840 ipsa
1042 4758 1189 4823 fide.

347 4864 412 4925 4.
442 4860 600 4926 ltem
631 4864 883 4929 credere
912 4883 1168 4947 poenam
1216 4868 1525 4930 aeternam
1549 4881 1685 4929 esse
1707 4863 1816 4929 su-

264 4975 506 5047 turam,
533 4970 656 5035 hoc
679 4973 953 5055 pertinet
990 4972 1072 5037 ad
1101 4973 1308 5056 ipsam
1347 4973 1545 5038 fldem
1592 4993 1609 5037 t
1654 4989 1813 5055 6136

262 5076 612 5144 cmdulitas
632 5098 845 5163 poenae
873 5085 1134 5146 aeternae
1159 5080 1318 5147 fides
1359 5085 1456 5145 est
1483 5102 1499 5145 z
1531 5081 1644 5146 sed
1671 5098 1809 5145 cre·

260 5185 503 5254 dulitas
522 5205 728 5270 poenae
753 5194 1017 5255 aeternae
1045 5207 1178 5254 non
1209 5194 1304 5254 est
1325 5189 1681 5254 substantia
1709 5206 1813 5253 re·

332 5315 349 5350 ¹
378 5316 528 5378 Aug„
561 5313 783 5380 enchir„
809 5330 859 5368 6.
897 5324 1014 5378 vm,
1041 5327 1098 5365 n.
1125 5317 1175 5365 2.

3356 456 3475 519 495

1928 592 2076 640 rum
2104 578 2587 661 sperandarum,
2617 584 2726 648 sed
2753 584 2965 668 potius
2988 584 3412 650 timendamm
3448 609 3464 651 ε

1927 699 2085 764 6136
2111 683 2363 750 videtur
2409 687 2580 769 quod
2620 689 2741 755 ista
2772 690 3107 775 descriptio
3138 693 3468 774 generali-

1931 793 2024 853 ter
2051 809 2181 856 non
2210 795 2547 859 conveniat
2570 796 2689 880 ipsi
2716 799 2862 863 fidei
2898 822 2913 865 :
2945 818 3101 881 ergo
3120 819 3238 864 nec
3261 801 3465 880 omni,

1926 915 2046 960 nec
2101 898 2217 962 soli
2270 919 2287 961 :
2328 901 2582 967 videtur
2634 923 2790 987 6136
2841 925 3023 989 116666
3085 907 3467 989 reprehendi

1926 1009 2186 1087 propter
2210 1007 2525 1073 defectum
2552 1012 3096 1078 convertibilitatis
3111 1061 3125 1076 .

2006 1116 2067 1176 5.
2090 1112 2250 1177 Item
2274 1114 2527 1181 videtur
2552 1136 2732 1201 posse
2757 1119 3135 1203 reprehendi
3160 1120 3243 1185 ob
3261 1120 3468 1185 deiec-

1927 1221 2066 1283 tum
2106 1219 2465 1301 evidentiae,
2495 1226 2649 1307 quia
2693 1245 2829 1291 non
2869 1227 3055 1291 debet
3089 1226 3270 1309 prius
3296 1226 3466 1290 diffi-

1924 1324 2050 1389 11111
2075 1344 2192 1409 1161
2236 1331 2575 1411 1166161166,
2611 1351 2728 1397 1166
2770 1333 3065 1414 ignotum
3110 1352 3225 1418 per
3268 1334 3464 1415 igno-

1924 1431 2050 1497 tius
2081 1454 2099 1499 :
2132 1435 2239 1500 sed
2268 1438 2425 1502 fides
2468 1439 2644 1522 prior
2693 1444 2808 1519 est,
2846 1458 3044 1523 quam
3069 1459 3250 1524 spes;
3307 1441 3465 1507 111166

1923 1540 2140 1617 etiam,
2167 1561 2317 1624 quae
2344 1549 2439 1609 est
2461 1546 2530 1609 111
2556 1545 2765 1624 661116,
2782 1547 2994 1611 1161161
3018 1552 3113 1612 661
3136 1565 3333 1630 quam
3360 1566 3457 1626 ea,

1922 1659 2069 1725 quae
2092 1662 2226 1709 non
2251 1652 2557 1729 apparent
2587 1667 2604 1711 :
2634 1666 2791 1730 ergo
2821 1649 2985 1713 male
3039 1649 3354 1715 diffinitur
3380 1651 3457 1714 fl-

1922 1748 2033 1813 des
2081 1769 2199 1833 per
2221 1771 2324 1818 res
2351 1755 2714 1837 sperandas,
2744 1759 2808 1820 et
2834 1774 2949 1840 per
2975 1774 3077 1821 res
3103 1775 3233 1822 non
3262 1776 3460 1841 appa-

1926 1862 2164 1922 rentes.

2002 1969 2063 2028 6.
2121 1965 2280 2031 Item
2306 1968 2385 2032 ad
2426 1969 2808 2035 evidentiam
2838 1971 3232 2037 diffinitionis
3284 1992 3464 2056 61166-

1920 2073 2031 2150 tat,
2063 2074 2233 2155 quod
2259 2076 2470 2156 priora
2491 2078 2964 2159 praemittantur
2987 2079 3462 2162 posterioribus,

1922 2176 1989 2241 Si
2016 2197 2176 2262 6136
2205 2183 2487 2263 cognitio
2515 2185 2816 2266 praecedit
2843 2185 3263 2266 affectionem,
3287 2190 3352 2250 et
3379 2187 3468 2249 11-

1928 2285 2058 2366 des,
2089 2288 2157 2351 in
2185 2294 2503 2371 quantum
2543 2295 3032 2372 argumentum,
3064 2293 3314 2376 respicit
3357 2311 3467 2356 co-

1919 2395 2302 2475 gnitionem,
2330 2397 2399 2462 in
2448 2394 2781 2481 quantum*
2800 2417 2952 2465 vero
2987 2401 3339 2465 substantia
3361 2419 3467 2466 16-

1918 2518 2067 2565 111111
2094 2505 2574 2585 sperandarum,
2606 2506 2861 2589 respicit
2901 2507 3328 2587 affectionem
3360 2508 3459 2572 vi·

1919 2606 2106 2672 detur
2151 2610 2324 2692 quod
2353 2612 2654 2695 praedicta
2695 2612 2989 2677 diffinitio
3042 2614 3363 2695 assignata
3388 2616 3469 2677 sit

1919 2714 2087 2779 sicut
2112 2734 2224 2797 per
2248 2719 2559 2799 posterius
2595 2724 2659 2784 et
2700 2720 2981 2795 confuse,
3014 2724 3078 2785 61
3115 2720 3203 2784 ita
3247 2721 3462 2786 redar-

1917 2822 2033 2903 gui
2063 2841 2242 2905 posse
2268 2824 2526 2890 videtur
2574 2831 2831 2910 propter
2856 2826 3168 2892 defectum
3195 2828 3458 2893 eviden-

1918 2929 2049 2995 tiae.

2000 3042 2060 3101 7.
2129 3036 2286 3102 Item
2334 3039 2844 3122 reprehensibilis
2897 3040 3149 3106 videtur
3199 3046 3457 3125 propter

1918 3144 2232 3211 defectum
2275 3147 2671 3212 sufficientia}
2700 3170 2717 3227 ;
2749 3149 2916 3232 ,quia
2949 3150 3107 3214 fides
3157 3167 3289 3214 non
3316 3155 3458 3214 tan-

1919 3254 2254 3318 tummodo
2287 3258 2381 3318 est
2424 3255 2501 3319 de
2553 3255 2808 3332 futuris,
2858 3274 3088 3319 verum
3144 3255 3337 3345 etiam
3382 3258 3459 3322 de

1920 3361 2342 3444 praesentibus
2365 3366 2428 3426 et
2452 3363 2812 3445 praeteritiS,
2843 3367 2917 3428 ut
2943 3362 3094 3427 dicit
3136 3363 3456 3445 Augusti-

1919 3487 2043 3533 nus
2070 3471 2113 3533 ¹.
2167 3468 2234 3534 Si
2282 3487 2441 3551 6136
2490 3471 2802 3553 speranda
2856 3469 3254 3536 solummodo
3309 3477 3462 3536 sunt

1915 3574 2156 3653 futura,
2199 3576 2459 3640 videtur
2481 3577 2653 3658 quod
2692 3576 3146 3642 insufficienter
3171 3577 3457 3642 diffinia-

1919 3683 2044 3759 tur,
2070 3698 2222 3744 cum
2248 3681 2562 3747 diffinitur
2604 3682 3003 3748 solummodo
3028 3701 3143 3765 per
3182 3701 3282 3749 res
3309 3702 3437 3768 spe·

1923 3788 2178 3852 randas.

1978 3900 2060 3972 8.
2087 3896 2247 3960 Item
2276 3897 2434 3961 fides
2461 3915 2594 3961 non
2623 3899 3066 3964 tantummodo
3102 3905 3198 3965 est
3224 3901 3452 3966 funda-

1918 4007 2214 4068 mentum
2239 4004 2418 4086 spei,
2453 4004 2587 4069 imo
2614 4005 2807 4069 etiam
2833 4006 3190 4086 charitatis,
3242 4011 3307 4071 et
3355 4013 3456 4073 to-

1915 4112 2045 4176 tius
2069 4111 2323 4175 aedificii
2349 4111 2695 4194 spiritualis
2725 4135 2739 4176 ε
2773 4130 2931 4195 6136
2949 4115 3037 4177 ita
3062 4119 3156 4179 est
3170 4115 3459 4180 substan-

1916 4218 2008 4282 tia
2029 4217 2136 4282 vel
2158 4218 2649 4284 fundamentum
2675 4220 2996 4285 charitatis
3022 4226 3088 4285 et
3106 4241 3326 4286 rerum
3361 4223 3456 4287 di-

1916 4324 2350 4406 ligendarum,
2388 4326 2551 4390 sicut
2577 4328 2710 4410 spei
2736 4333 2799 4391 et
2822 4329 3283 4410 sperandarum
3313 4347 3330 4392 ε
3364 4330 3460 4393 vi-

1918 4433 2106 4497 detur
2131 4451 2288 4514 ergo
2328 4434 2784 4500 insufficienter
2827 4436 3086 4514 dixisse,
3117 4454 3266 4501 cum
3308 4438 3461 4503 dicit

1919 4558 2062 4604 eam
2118 4559 2254 4606 esse
2302 4540 2791 4620 fundamentum
2849 4561 3071 4608 rerum
3106 4547 3456 4627 speranda-

1918 4664 2091 4711 rum.
2126 4647 2285 4711 Cum
2331 4647 2505 4712 enim
2530 4649 2810 4729 ‚nobilior
2836 4649 2916 4713 sit
2962 4650 3235 4715 charitas
3259 4669 3457 4734 quam

1920 4773 2080 4837 spes,
2113 4755 2322 4837 magis
2350 4756 2601 4821 deberet
2631 4758 2894 4823 diffiniri
2922 4759 3079 4823 tides
3101 4777 3214 4843 per
3240 4777 3343 4823 res
3365 4761 3454 4825 di-

1917 4862 2231 4943 ligendas,
2274 4880 2474 4943 quam
2527 4880 2641 4944 per
2685 4880 2787 4926 res
2830 4864 3172 4945 sperandas
3228 4867 3337 4945 (a).
3385 4866 3466 4930 Et

1918 4970 2085 5050 ide0,
2117 4974 2375 5052 propter
2410 4975 2689 5053 quatuor
2713 4972 3008 5054 superius
3035 4972 3232 5037 dictos
3252 4973 3461 5038 116166-

1920 5081 2051 5154 tus,
2077 5074 2381 5157 praedicta
2404 5075 2741 5159 descriptio
2765 5077 3022 5143 videtur
3045 5097 3181 5144 6666
3206 5079 3471 5162 penitus

1918 5183 2285 5266 abjicienda
2310 5187 2374 5247 et
2400 5184 2817 5267 repudianda.

1983 5311 2045 5375 (a)
2077 5307 2218 5362 Edit.
2244 5309 2360 5361 ναι.
2384 5313 2504 5361 1153
2529 5346 2547 5374 ,
2575 5314 2681 5361 tres
2710 5312 3042 5376 separandas.
