4185 6288
1342 454 1649 521 DlSTlNC
1683 453 1841 520 XIV.
1885 450 2069 519 ΛΒΤ.
2116 451 2194 517 11.
2239 449 2535 530 QUAEST.
2574 448 2680 517 111.

400 594 587 662 Verbo
604 596 856 679 judicat
890 594 968 658 de
995 592 1263 657 infinitis
1296 615 1312 658 :
1344 592 1498 676 quia
1520 590 1697 656 nulla
1719 590 1924 656 virtus

395 704 561 767 finita
583 703 718 767 exit
745 702 818 765 in
853 701 1287 784 operationem
1316 699 1634 763 infinitam
1659 716 1778 763 nec
1809 716 1925 781 per

387 829 473 890 se,
502 828 619 874 nec
646 827 797 874 cum
823 809 984 885 alia;
1017 827 1147 872 non
1174 807 1350 873 enim
1379 810 1582 890 potest
1619 806 1686 869 in
1713 805 1928 887 aliqua

393 917 638 982 infinita
663 916 1030 998 operatione
1057 916 1116 980 ei
1163 914 1519 979 continuari
1552 936 1567 977 :
1599 930 1758 996 ergo
1793 914 1926 976 im-

395 1027 681 1111 possibile
706 1031 800 1092 est
816 1026 1100 1091 animam
1128 1025 1356 1090 Christi
1381 1024 1669 1107 judicare
1699 1023 1778 1088 de
1810 1026 1922 1102 tot,

398 1135 470 1198 de
506 1138 659 1215 quot
694 1133 943 1215 ,iudicat
992 1131 1277 1198 Verbum
1321 1136 1635 1196 aeternum
1686 1153 1701 1195 ε
1751 1135 1815 1195 et
1871 1129 1925 1193 si

400 1240 548 1320 hoc,
597 1259 726 1304 non
779 1244 980 1323 potest
1033 1240 1253 1305 omnia
1305 1257 1723 1321 cognoscere,
1774 1256 1924 1320 quae

403 1346 665 1413 Verbum
689 1346 1037 1429 cognoscit.

915 1606 1369 1674 CONCLUSIO.

404 1780 585 1834 Anima
612 1777 815 1834 Christi
827 1816 847 1848 ,
878 1793 1191 1850 quanquam
1226 1781 1530 1849 cognitione
1550 1796 1668 1852 quoe
1694 1784 1771 1837 cot
1786 1783 1925 1838 sicin

466 1870 673 1923 scientia
702 1873 754 1923 et
788 1867 1033 1935 habitus,
1064 1875 1350 1938 coquoscat
1378 1873 1563 1926 omnia
1589 1887 1708 1943 quoe
1729 1887 1922 1942 coquo-

466 1961 556 2012 scit
599 1957 877 2024 Verbum3
927 1962 1232 2028 counitione
1274 1965 1452 2015 tamen
1491 1976 1610 2032 quoe
1655 1965 1732 2017 est
1784 1964 1923 2018 sicut

467 2045 808 2102 consideratio
836 2051 888 2102 et
915 2051 1093 2112 achas,
1127 2064 1485 2119 nequaquam.

252 2223 374 2267 rnna,
475 2203 643 2289 Resp.
675 2205 755 2269 ad
774 2223 920 2287 arg.
947 2206 1042 2271 Ad
1085 2206 1538 2289 praedictorum
1567 2209 1925 2291 intelligen-

254 2287 368 2400 ἕψω
412 2310 541 2375 tiam
565 2316 655 2376 est
680 2313 1056 2391 notandum,
1086 2315 1258 2397 quod
1286 2315 1361 2379 ad
1397 2316 1584 2379 istam
1624 2319 1921 2399 quaestio-

250 2407 360 2451 “⁰¹⁸-
411 2434 536 2481 nem
551 2424 804 2503 propter
815 2420 916 2484 sui
933 2420 1368 2485 difficultatem
1386 2442 1424 2485 a
1441 2423 1707 2488 diversis
1719 2425 1926 2490 diver-

414 2525 622 2592 simode
648 2529 1070 2612 respondetur
1101 2548 1117 2593 :
1149 2533 1211 2594 et
1235 2531 1498 2613 quidam
1544 2533 1927 2614 respondent

413 2631 747 2716 simpliciter
759 2636 1179 2716 concedendo,
1197 2637 1459 2720 quidam
1477 2642 1694 2703 autem
1708 2640 1927 2703 ‹listin-

239 2731 340 2787 ⁰¹⁵⁴¹¹·
357 2743 383 2780 ¹·
415 2742 660 2817 guendo.
683 2742 878 2806 Primi
891 2744 1224 2809 variantur
1239 2746 1594 2810 secundum
1612 2746 1926 2829 triplicem

418 2847 644 2914 modum
671 2851 942 2915 dicendi.
990 2850 1259 2929 Quidam
1287 2853 1462 2917 enim
1480 2853 1721 2932 dicunt,
1754 2856 1926 2937 quod

418 2952 597 3019 anima
617 2957 845 3022 Christi
876 2960 1205 3040 cognoscit
1232 2961 1450 3025 omnia
1469 2979 1617 3044 quae
1644 2961 1928 3028 Verbum

418 3065 722 3144 cognoscit,
747 3083 864 3149 pro
882 3083 959 3129 eo
976 3065 1148 3149 quod
1164 3065 1449 3132 Verbum
1466 3072 1780 3134 aeternum
1796 3089 1927 3135 non

420 3172 705 3247 cognoscit
727 3172 852 3236 nisi
881 3173 1084 3237 finita.
1113 3171 1254 3239 Non
1283 3175 1460 3239 enim
1490 3181 1585 3241 est
1601 3178 1928 3261 exemplar

420 3271 516 3337 nisi
542 3296 757 3344 eorum
784 3298 932 3362 quae
950 3286 1122 3361 sunt,
1148 3281 1245 3345 vel
1263 3283 1548 3361 fuerunt,
1578 3284 1685 3349 vel
1701 3290 1923 3367 erunt3

423 3382 473 3440 et
509 3382 632 3451 haec
674 3389 892 3453 omnia
932 3389 1113 3453 finita
1157 3394 1326 3455 sunt.
1373 3391 1494 3456 Sed
1539 3394 1653 3458 iste
1701 3395 1929 3460 modus

423 3483 636 3557 dicendi
674 3498 841 3559 stare
878 3513 1011 3559 non
1059 3499 1293 3578 potest,
1343 3499 1531 3581 quia,
1584 3502 1747 3566 sicut
1792 3505 1928 3587 ipse

421 3592 790 3679 Augustinus
815 3602 999 3683 dicit,
1039 3607 1103 3667 et
1136 3604 1203 3667 in
1239 3606 1448 3688 primo
1474 3607 1637 3673 libro
1665 3612 1683 3646 ¹
1713 3614 1926 3675 osten-

420 3719 540 3768 sum
563 3715 678 3789 cst,
710 3714 952 3775 aeterna
991 3710 1102 3775 Dei
1142 3712 1452 3795 sapientia
1479 3718 1800 3797 cognoscit
1827 3719 1925 3782 in·

418 3808 585 3895 finita,
601 3819 771 3884 sicut
788 3818 1050 3902 planum
1066 3824 1181 3897 est,
1201 3821 1354 3902 quia
1367 3825 1694 3904 cognoscit
1705 3845 1928 3891 omnes

301 4018 308 4025 Ι
416 3927 636 3989 numeri
662 3926 943 4010 species3
973 3930 1302 4009 cognoscit
1318 3931 1514 3994 etiam
1539 3934 1755 3998 omnia
1781 3953 1928 4016 quae

247 4016 338 4073 ⁰⁹¹²·
357 4029 386 4067 ²·
418 4033 591 4106 potest
613 4036 842 4100 tacere.
873 4035 1054 4099 Alius
1082 4036 1310 4101 modus
1334 4037 1587 4103 dicendi
1609 4043 1725 4119 est,
1755 4043 1928 4125 quod

414 4137 599 4206 anima
617 4142 845 4208 Christi
865 4148 1203 4225 cognoscat
1233 4146 1451 4209 omnia
1480 4165 1629 4229 quae
1652 4166 1926 4230 cognos-

413 4242 484 4307 cit
501 4245 793 4329 Verbum,
819 4254 883 4314 et
908 4252 1232 4333 cognoscit
1247 4253 1516 4333 infinita,
1534 4256 1688 4337 quia
1718 4275 1851 4322 uno
1865 4263 1929 4323 et

410 4354 605 4422 eodem
645 4360 971 4441 cognoecit
1013 4361 1253 4440 omnia,
1299 4361 1363 4427 id
1408 4368 1525 4441 est,
1572 4362 1800 4429 Verbo.
1849 4364 1928 4430 Et

406 4458 538 4528 hinc
562 4471 674 4546 est,
704 4466 879 4549 quod
906 4484 1034 4532 non
1052 4469 1263 4532 solum
1286 4470 1504 4534 anima
1532 4471 1760 4535 Christi
1781 4477 1929 4538 actu

406 4575 711 4653 cognoscit
736 4575 1010 4654 infinita,
1036 4576 1144 4640 sed
1166 4577 1358 4642 etiam
1383 4579 1684 4661 quaelibet
1711 4582 1929 4647 anima

403 4676 588 4761 beata,
617 4700 765 4765 quae
807 4681 1097 4746 intuetur
1137 4683 1205 4747 in
1244 4684 1448 4768 ipsam
1485 4685 1694 4750 lucem
1740 4693 1928 4752 eeter-

230 4799 348 4865 παρις.
399 4803 538 4852 nam
560 4837 578 4868 ,
626 4790 980 4854 secundum
1023 4791 1195 4872 quod
1234 4797 1547 4857 asserunt.
1601 4792 1723 4858 Sed
1767 4795 1927 4862 illud

397 4914 506 4960 nec
568 4898 804 4962 rationi
858 4902 1189 4977 consonat,
1263 4919 1380 4964 nec
1451 4903 1928 4968 auctoritatibus

399 5001 785 5084 Sanctorum,
816 5007 969 5088 quia
994 5006 1436 5073 omniscientia
1464 5028 1595 5073 non
1629 5011 1923 5074 attribui-

401 5111 494 5171 tur
539 5112 647 5175 alii
685 5113 945 5193 animae,
988 5132 1187 5195 quam
1242 5116 1475 5180 animae
1531 5116 1783 5181 Christi.
1851 5118 1928 5183 Et

400 5221 687 5293 praeterea
741 5220 949 5284 virtus
999 5221 1183 5285 finita
1241 5241 1370 5286 non
1429 5223 1685 5288 videtur
1744 5244 1926 5307 posse

405 5325 736 5390 continuari
754 5329 974 5392 virtuti
993 5329 1263 5395 infinitae
1277 5330 1341 5393 in
1360 5330 1926 5412 comprehensione

463 5445 478 5478 ¹
503 5447 618 5502 nist.
648 5463 813 5507 xxxn.

242 3357 373 3415 Impug.

3459 455 3582 518 3¹5

2035 588 2468 668 infinitorum,
2497 604 2645 671 quae
2671 586 2933 671 quidem
2971 590 3068 651 est
3107 586 3392 671 operatio
3431 588 3581 654 infl-

2033 699 2190 763 nita.
2223 698 2470 763 Tertius
2497 699 2727 763 modus
2747 697 2996 763 dicendi
3023 701 3141 775 est,
3171 700 3343 781 quod
3369 700 3587 765 anima
3613 705 3743 763 Oriu-
3764 707 3801 747 ³·

2035 806 2265 872 Christi
2289 808 2619 889 cognoscit
2644 806 2897 871 infinita
2931 806 3002 869 in
3029 805 3259 886 Verbo,
3289 807 3445 889 quia
3472 826 3587 890 per

2034 915 2315 982 Verbum
2344 916 2669 999 cognoscit
2692 915 2852 993 alia;
2902 932 3057 995 non,
3102 914 3404 997 inquam,
3437 934 3588 998 par-

2036 1024 2358 1108 ticipando
2406 1025 2810 1108 sapientiam,
2840 1023 3006 1087 sicut
3030 1023 3175 1087 aliae
3195 1022 3451 1102 animae,
3475 1024 3586 1089 sed

2033 1133 2410 1215 possidendo
2465 1134 2672 1216 ipsam
2716 1131 3117 1215 sapientiam.
3167 1130 3245 1195 Et
3294 1131 3452 1197 illud
3487 1132 3590 1195 vi-

2033 1241 2220 1306 detur
2262 1241 2531 1305 sensisse
2585 1240 2893 1321 magister
2955 1238 3148 1321 Hugo
3214 1239 3294 1303 de
3358 1237 3588 1304 Sancto

2034 1348 2285 1413 Victore
2320 1349 2390 1412 in
2431 1348 2642 1412 libello
2678 1347 2757 1413 de
2791 1347 3131 1429 Sapientia
3178 1345 3442 1412 Christi.
3482 1346 3590 1411 Ait

2033 1457 2205 1521 enim
2233 1456 2321 1520 sic
2352 1479 2367 1521 ε
2406 1479 2436 1516 (ε
2478 1454 2760 1533 Plenam,
2787 1473 2863 1518 ac
2892 1455 3255 1536 perfectam,
3286 1472 3359 1518 ac
3384 1457 3583 1518 totam

2033 1565 2142 1630 Dei
2178 1565 2559 1648 sapientiam
2598 1564 2666 1627 in
2706 1564 2927 1627 anima
2962 1561 3194 1626 Christi
3221 1562 3413 1627 fuisse
3445 1581 3583 1626 cre-

2032 1674 2247 1736 dimus
2279 1692 2298 1737 :
2329 1677 2393 1736 et
2426 1672 2564 1754 ipsa
2610 1670 2922 1754 sapientia
2967 1672 3260 1735 eamdem
3301 1665 3587 1736 animam

2031 1780 2219 1862 plene
2262 1798 2336 1844 ac
2376 1779 2649 1862 perfecte
2693 1779 3043 1860 sapientem
3062 1826 3082 1856 ,
3133 1796 3268 1841 non
3313 1795 3397 1842 ex
3451 1778 3588 1859 ipsa

2033 1886 2496 1971 participandO,
2546 1887 2655 1951 sed
2692 1890 2889 1950 totam
2933 1884 3307 1968 possidendo
3323 1933 3342 1964 ,
3387 1903 3586 1967 quam

2031 1996 2444 2078 singulariter
2474 1995 2773 2077 possidet,
2822 1999 2886 2058 et
2913 1992 3395 2076 comprehendit
3422 1993 3588 2056 inef-

2032 2104 2328 2168 fabiliter.
2357 2126 2389 2162 1>
2426 2101 2506 2167 Et
2537 2102 2726 2184 paulo
2765 2105 2952 2184 post:
2996 2122 3027 2160 a
3051 2099 3185 2164 Hoc
3229 2100 3441 2183 ipsum
3483 2100 3582 2162 in-

2031 2212 2397 2276 dubitanter
2430 2211 2714 2288 afflrmO,
2757 2210 2929 2292 quod
2968 2215 3081 2274 aut
3112 2207 3240 2271 alia
3274 2206 3588 2289 sapientia

2032 2319 2103 2383 in
2126 2318 2371 2383 Christo
2393 2337 2524 2382 non
2552 2319 2702 2396 fuit,
2742 2320 2856 2381 aut
2885 2317 2939 2379 si
2984 2316 3138 2391 fuit,
3183 2315 3448 2396 aequalis
3490 2315 3585 2379 illi

2033 2426 2329 2492 nonfuit.
2360 2448 2392 2484 s
2442 2425 2520 2489 Et
2559 2426 2648 2489 ita
2685 2424 2856 2504 dicit,
2888 2421 3061 2504 quod
3096 2421 3315 2484 anima
3356 2420 3585 2486 Christi

2032 2533 2250 2597 omnia
2275 2533 2622 2614 cognoscit,
2653 2531 2806 2614 quia
2845 2529 3160 2612 sapientia
3198 2527 3428 2593 Christi
3453 2546 3586 2593 non

2031 2640 2325 2716 initalia,
2355 2658 2551 2723 quam
2578 2639 2689 2703 illa
2729 2637 3077 2721 sapientia,
3128 2654 3259 2718 qua
3301 2635 3467 2700 Deus
3492 2639 3588 2700 est

2033 2749 2308 2832 sapienS.
2348 2747 2419 2811 ln
2447 2747 2569 2810 hoc
2608 2751 2821 2809 tamen
2868 2749 2963 2807 est
3010 2743 3402 2822 differentia,
3433 2743 3589 2826 qnia

2032 2857 2200 2921 Deus
2226 2859 2323 2921 est
2348 2855 2455 2919 illa
2480 2853 2828 2937 sapientia;
2861 2852 3078 2915 anima
3098 2853 3319 2914 autem
3356 2849 3586 2913 Christi

2033 2981 2166 3028 non
2193 2953 2289 3028 est
2312 2963 2421 3026 illa
2442 2961 2771 3044 sapientia,
2805 2960 2915 3024 sed
2947 2959 3040 3022 illi
3078 2958 3403 3041 sapientiae
3435 2976 3581 3039 per-

2034 3071 2334 3136 sonaliter
2372 3070 2574 3133 unita.
2615 3068 2776 3134 Item
2831 3067 2998 3131 Deus
3042 3071 3136 3130 est
3188 3065 3439 3149 sapiens
3479 3063 3587 3128 illa

2034 3181 2347 3263 sapientia
2371 3197 2487 3262 per
2512 3181 2842 3255 naturam3
2873 3176 3090 3240 anima
3119 3178 3335 3239 autem
3355 3172 3586 3237 Christi

2034 3307 2148 3372 per
2194 3288 2467 3370 gratiam
2501 3283 2783 3350 unionis.
2829 3281 2952 3348 Sed
2998 3282 3272 3365 qualiter
3313 3282 3586 3345 verbum
3617 3300 3788 3356 Impug.

2035 3395 2191 3459 illud
2246 3393 2538 3474 Hugonis
2588 3392 2906 3474 quaerenti
2956 3389 3277 3467 satisfacit,
3336 3388 3590 3452 difficile

2035 3509 2132 3567 est
2159 3501 2441 3584 aperire:
2473 3500 2803 3582 quoniam,
2849 3497 3017 3561 sicut
3057 3497 3125 3559 in
3167 3494 3589 3579 praecedenti-

2035 3611 2157 3673 bus
2215 3609 2336 3672 fuit
2391 3611 2754 3681 ostensum,
2810 3605 2891 3670 ad
2956 3604 3079 3669 hoc
3145 3603 3316 3685 quod
3373 3603 3592 3668 anima

2036 3716 2267 3783 Christi
2290 3719 2631 3797 cognoscat
2650 3712 2959 3788 Verbum,
2990 3728 3244 3776 necesse
3270 3716 3364 3775 est
3389 3711 3588 3775 inter-

2034 3824 2257 3889 venire
2283 3824 2662 3906 sapientiam
2685 3824 2961 3885 creatam
2979 3868 2997 3898 ,
3025 3836 3171 3901 quae
3201 3819 3467 3901 quidem
3496 3821 3591 3883 est
3624 3890 3629 3893 ,

2035 3932 2376 4013 disponens
2415 3935 2479 3994 et
2524 3930 2863 3994 habilitans
2915 3928 3121 4010 ipsam
3166 3926 3454 3990 animam
3508 3926 3591 3990 ad

2035 4032 2340 4103 unionem
2366 4035 2588 4115 Verbi;
2616 4054 2735 4100 nec
2761 4040 2857 4099 est
2881 4035 3020 4116 ipsa
3041 4052 3299 4097 summa
3334 4035 3588 4115 sapien-

2034 4148 2145 4226 tia,
2176 4147 2286 4211 sed
2312 4145 2649 4210 influentia
2680 4145 2761 4208 ab
2798 4160 2874 4207 ea
2913 4141 3280 4225 procedens.
3324 4138 3403 4204 Et
3444 4140 3588 4204 ideo

2035 4257 2413 4321 tentandum
2437 4258 2532 4318 est
2555 4253 2610 4316 si
2638 4270 2767 4335 quo
2791 4250 2981 4314 modo
3020 4253 3223 4333 potest
3250 4247 3414 4313 alius
3440 4266 3587 4311 mo-

2036 4364 2160 4429 dus
2214 4361 2650 4427 rationabilior
2696 4358 2974 4423 inveniri
2991 4405 3012 4437 ,
3085 4374 3283 4439 quam
3355 4356 3586 4438 aliquis

2034 4471 2235 4536 trium
2263 4469 2733 4554 praedictorum.
2779 4465 3255 4530 Attendendum
3292 4468 3386 4528 est
3424 4480 3583 4544 ergo

2036 4578 2209 4661 quod
2224 4578 2332 4641 alii
2352 4578 2762 4640 tentaverunt
2780 4572 3147 4657 praedictam
3161 4570 3581 4655 quaestionem
3612 4591 3733 4635 Anat
3746 4604 3833 4634 mo-

3632 4656 3711 4699 dus
3723 4668 3818 4711 pro-

2035 4686 2459 4750 determinare
2500 4680 2984 4761 distinguendo;
3043 4685 3106 4742 et
3144 4678 3216 4741 hi
3270 4677 3582 4744 diversifl-
3614 4719 3813 4763 eedem·

2036 4797 2264 4857 cantur
2299 4792 2651 4857 secundum
2691 4790 3005 4873 triplicem
3051 4789 3318 4853 modum
3360 4788 3587 4853 distin-

2037 4901 2280 4985 guendi
2290 4950 2305 4965 .
2323 4900 2593 4978 Quidam
2608 4899 2782 4963 enim
2797 4898 3005 4962 dicere
3022 4898 3390 4977 voluerunt,
3412 4898 3586 4979 quod

2037 5010 2108 5072 in
2162 5007 2407 5072 Christo
2445 5012 2539 5075 est
2578 5005 2845 5089 duplex·
2868 5006 3098 5070 modus
3137 5005 3584 5087 cognoscendi,

2036 5137 2231 5204 quem
2259 5119 2450 5182 habet
2490 5118 2560 5182 in
2591 5117 2798 5181 Verbo
2851 5137 2866 5180 :
2919 5134 3092 5180 unus
3147 5134 3262 5198 per
3306 5116 3585 5198 gratiam

2037 5220 2328 5305 unionis3
2360 5225 2540 5305 alter,
2570 5224 2686 5306 qui
2714 5228 2809 5287 est
2842 5242 2958 5306 per
2985 5223 3259 5304 gratiam
3294 5241 3586 5306 compre-

2036 5331 2383 5398 hensioniS.
2414 5330 2493 5394 Et
2518 5330 2628 5394 illo
2661 5330 2924 5413 quidem
2965 5330 3156 5394 modo
3193 5329 3303 5411 qui
3340 5334 3434 5392 est
3469 5347 3584 5411 per

2038 5439 2317 5521 gratiam
2371 5436 2956 5518 comprehensionis
2972 5484 2995 5517 ,
3064 5454 3194 5500 non
3263 5436 3584 5517 cognoscit

3615 4945 3744 5002 Opin-
3768 4950 3807 4990 ί.
