4185 6288
821 590 980 657 Item
997 591 1156 657 fides
1182 591 1344 656 nulli
1368 592 1649 672 assentit,
1674 591 1800 656 nisi
1828 598 2087 677 propter
2110 610 2283 658 sum-

742 715 917 762 mam
944 699 1276 763 veritatem
1310 719 1324 760 :
1358 700 1467 764 sed
1494 717 1748 764 summa
1767 699 2004 764 veritas
2029 702 2282 763 tantum

743 824 875 870 una
916 809 1059 869 est:
1094 822 1253 887 ergo
1293 806 1455 869 ratio
1495 806 1787 870 credendi
1833 810 1930 870 est
1965 824 2101 870 una
2133 828 2148 870 :
2179 806 2289 871 sed

737 911 999 977 babitus
1033 912 1494 978 diversificatur
1528 912 1886 977 secundum
1926 914 2197 977 formam
2227 918 2291 977 et

741 1019 1014 1103 speciem
1044 1039 1085 1085 a
1113 1023 1294 1103 parte
1324 1020 1587 1085 rationis
1611 1022 1895 1098 motivae‚
1928 1024 1992 1085 et
2011 1020 2288 1085 intellec-

741 1127 894 1192 tivae
922 1127 1017 1192 :si
1046 1145 1206 1209 ergo
1231 1127 1395 1191 ratio
1421 1128 1715 1192 credendi
1737 1134 1833 1193 est
1857 1148 2011 1206 una,
2031 1145 2286 1193 necesse

743 1240 840 1300 est
869 1235 1173 1301 virtutem
1199 1235 1382 1314 fidei,
1411 1254 1541 1318 qua
1567 1236 1878 1317 creditur,
1910 1255 2110 1301 unam
2150 1255 2287 1301 esse

737 1346 946 1428 specie
964 1346 1008 1407 ¹.

823 1455 981 1520 ltem
1033 1454 1147 1538 qui
1188 1453 1386 1518 credit
1425 1453 1574 1533 De0,
1615 1472 1745 1518 non
1780 1453 2108 1536 judicatur
2150 1471 2286 1519 esse

753 1563 980 1641 fidelis,
1008 1563 1131 1631 nisi
1160 1563 1373 1628 credat
1399 1562 1465 1626 in
1495 1564 1797 1628 omnibus
1819 1563 2143 1628 articulis:
2176 1565 2286 1628 sed

739 1671 889 1735 fidei
939 1670 1020 1753 (a)
1082 1671 1289 1735 virtus
1347 1670 1494 1734 facit
1553 1688 2084 1753 unumquemque
2151 1689 2286 1736 esse

740 1777 992 1842 fidelem
1024 1800 1041 1841 t
1074 1796 1231 1860 ergo
1261 1797 1392 1843 non
1422 1783 1515 1843 ost
1554 1796 1710 1843 vera
1746 1779 1984 1856 virtuS‚
2017 1779 2139 1842 nisi
2170 1797 2286 1863 per

747 1887 954 1968 ipsam
999 1886 1220 1950 omnia
1279 1886 1604 1950 credibilia
1649 1886 2032 1963 credantur,
2083 1891 2149 1950 et
2214 1888 2282 1950 in

741 2005 951 2051 unum
977 1987 1362 2069 colligantur
1393 2010 1408 2052 :
1439 1989 1548 2052 sed
1582 2006 1717 2052 non
1744 1988 2195 2070 colligerentur
2214 1989 2283 2053 in

736 2112 947 2160 unum
991 2096 1296 2178 perfecte,
1327 2095 1449 2158 nisi
1477 2096 1634 2159 fides
1660 2099 1820 2159 esset
1854 2094 2064 2158 virtus
2099 2113 2232 2158 una
2262 2116 2277 2158 ε

737 2220 897 2284 ergo
924 2220 1177 2266 necesse
1204 2208 1298 2267 est
1326 2203 1499 2286 quod
1537 2202 1694 2267 fides
1718 2218 1852 2266 una
1888 2202 1969 2265 sit
1992 2208 2283 2285 respectu

737 2309 1027 2373 omnium
1059 2310 1478 2374 credibilium.

819 2416 977 2481 Item
1030 2435 1159 2480 non
1206 2421 1301 2481 est
1347 2416 1472 2480 alia
1519 2415 1874 2481 obedientia
1928 2415 2283 2480 secundum

740 2523 1038 2606 speciem,
1068 2543 1199 2607 qua
1226 2523 1519 2588 obeditur
1546 2523 1673 2587 Deo
1699 2523 1767 2586 in
1795 2523 2111 2587 mandatis
2139 2524 2283 2606 pri-

739 2650 867 2697 mae
928 2632 1166 2697 tabulae
1186 2679 1207 2711 ,
1264 2635 1329 2695 et
1391 2630 1706 2694 mandatis
1757 2631 2052 2696 secundae
2073 2680 2091 2708 ,
2138 2632 2286 2697 licet

738 2739 1039 2804 mandata
1067 2741 1292 2823 primae
1319 2738 1553 2802 tabulae
1588 2737 1884 2802 ordinent
1920 2738 2001 2802 ad
2042 2737 2278 2814 Deum,

736 2848 1035 2912 mandata
1078 2864 1233 2911 vero
1278 2844 1573 2910 secundae
1616 2844 1910 2909 ordinent
1951 2846 2032 2909 ad
2062 2846 2282 2929 proxi-

740 2970 922 3018 mum
955 2975 971 3017 ι
1005 2971 1167 3035 ergo
1194 2952 1332 3036 pari
1359 2953 1603 3017 ratione
1632 2970 1760 3016 non
1789 2952 1910 3016 erit
1934 2950 2058 3016 alia
2085 2949 2243 3014 fides
2259 2998 2277 3028 ‚

737 3079 869 3143 qua
918 3060 1257 3125 assentitur
1301 3059 1527 3143 primae
1575 3059 1827 3123 veritati
1879 3059 1947 3121 in
2001 3056 2283 3121 articulis

738 3168 1219 3252 respicientibus
1280 3167 1675 3232 divinitatem
1697 3215 1715 3243 ,
1761 3171 1827 3230 et
1872 3167 1941 3230 in
1996 3165 2281 3230 articulis

735 3276 1218 3360 respicientibus
1243 3275 1732 3340 humanitatem.
1757 3272 1834 3337 Et
1858 3291 1987 3337 non
2011 3278 2108 3337 est
2130 3273 2280 3338 dare

734 3385 972 3468 aliquid
1000 3383 1172 3449 aliud
1198 3381 1551 3447 secundum
1576 3382 1747 3464 quod
1773 3380 1931 3445 fides
1958 3380 2280 3463 plurifice-

732 3495 842 3557 tur
869 3495 934 3556 et
972 3489 1426 3556 diversificetur
1459 3510 1474 3551 ε
1507 3505 1667 3569 ergo
1699 3504 1954 3551 necesse
1998 3490 2095 3551 est
2131 3486 2280 3551 fidei

735 3598 1040 3665 virtutem
1067 3617 1202 3664 esse
1231 3615 1430 3662 unam
1454 3594 1805 3661 secundum
1833 3593 2130 3677 speciem.

517 3717 584 3762 Ad
600 3730 703 3775 ovi·-
813 3704 937 3772 Sed
986 3711 1208 3771 contra
1255 3726 1271 3769 z
1323 3710 1381 3769 1.
1438 3703 1707 3767 Habitus
1766 3700 2278 3767 diversificantur

733 3834 851 3899 per
871 3819 1049 3880 actus
1066 3863 1084 3894 ‚
1113 3818 1179 3879 et
1203 3817 1382 3880 actus
1408 3831 1520 3896 per
1542 3812 1792 3894 objecta
1813 3810 1837 3845 ²
1868 3831 1884 3875 ε
1916 3808 2027 3874 sed
2058 3809 2278 3890 objec-

730 3926 872 3986 tum
899 3922 1049 3986 fidei
1080 3939 1210 3986 non
1239 3919 1448 3984 solum
1482 3922 1579 3983 est
1617 3935 1847 3981 verum
1881 3915 2236 3980 increatum
2257 3965 2275 3997 ,

734 4033 952 4112 utpote
1013 4028 1185 4112 quod
1236 4027 1403 4092 Deus
1456 4027 1537 4091 sit
1580 4024 1786 4089 trinus
1827 4028 1890 4089 et
1930 4042 2125 4103 unus,
2168 4023 2278 4088 sed

735 4138 926 4203 etiam
956 4155 1187 4202 verum
1216 4138 1524 4210 creatum,
1555 4134 1774 4216 utpote
1800 4130 1965 4213 quod
1994 4129 2278 4194 Christus

731 4246 815 4310 sit
840 4249 1032 4309 natus
1065 4251 1128 4309 et
1173 4260 1418 4327 passus,
1451 4240 1519 4306 Si
1560 4257 1719 4321 ergo
1753 4240 2038 4302 creatum
2078 4239 2146 4301 et
2176 4236 2279 4300 in·-

738 4358 1024 4418 creatum
1058 4351 1221 4416 nihil
1257 4350 1497 4415 habent
1522 4363 1890 4424 commune,
1921 4345 2054 4409 imo
2095 4342 2275 4408 diffe-

735 4463 890 4525 runt
929 4459 1341 4524 essentialiter
1380 4460 1446 4521 et
1488 4452 1861 4529 formaliter,
1892 4469 2147 4516 necesse
2185 4455 2280 4515 est

733 4585 991 4651 ponere,
1034 4565 1206 4648 quod
1249 4562 1406 4628 fides
1438 4579 1570 4644 qua
1604 4559 1927 4624 credimus
1969 4558 2277 4623 divinita·-

738 4680 894 4752 tem,
922 4678 987 4739 et
1011 4674 1168 4739 fid‘oe
1190 4691 1319 4754 qua
1343 4669 1659 4735 credimus
1686 4666 2172 4747 humanitatem,
2200 4665 2280 4730 sit

735 4783 860 4847 alia
888 4786 950 4847 et
973 4781 1098 4846 alia
1122 4769 1477 4845 secundum
1503 4775 1798 4860 speciem.

818 4893 880 4953 2.
913 4886 1071 4953 ltcm
1099 4886 1265 4951 sicut
1288 4885 1584 4951 voluntas
1621 4901 1689 4948 se
1715 4882 1905 4948 habet
1928 4881 2009 4947 ad
2048 4881 2276 4961 volita,

744 5001 808 5061 et
835 4995 1098 5060 scientia
1136 4995 1215 5059 ad
1262 4992 1504 5058 scibilia
1524 5040 1542 5071 ‚
1570 4991 1661 5056 sic
1697 5009 1764 5054 se
1797 4991 1990 5055 habet
2015 4988 2173 5054 fides
2199 4988 2278 5053 ad

744 5103 1069 5168 credibilia
1111 5121 1129 5166 ε
1181 5100 1290 5167 sed
1336 5099 1614 5165 scientiae
1668 5096 2177 5163 diversificantur
2216 5100 2283 5160 et

806 5278 982 5331 ¹Hanc
1005 5276 1259 5328 rationem
1277 5276 1465 5342 quaerit
1477 5276 1737 5326 destruere
1759 5272 1943 5326 scotus
1950 5307 1968 5336 ,
1995 5270 2112 5323 dist.
2133 5281 2280 5332 xxvx,

741 5362 963 5415 arguens
988 5352 1171 5400 contra
1195 5349 1251 5400 S.
1290 5347 1475 5401 Thom.
1511 5348 1773 5397 teneatem
1808 5344 1948 5411 quod
1972 5343 2102 5395 fides
2125 5342 2284 5394 babet

801 5443 864 5510 (a)
895 5442 1019 5496 coet.
1042 5440 1163 5492 edit.
1192 5440 1341 5492 fides.

1845 453 2477 523 SENTENTIARUH
2515 455 2666 523 [ΑΒ.
2713 457 2819 524 111.

2397 597 2824 659 numerantur
2871 595 3229 661 secundum
3280 595 3715 661 diversitatem
3751 598 3925 662 scibi-

2398 699 2562 765 lium
2595 722 2612 766 t
2645 701 2902 768 videtur
2944 721 3102 786 ergo
3138 704 3386 769 ratione
3414 705 3731 768 consimili
3774 706 3928 787 quod

2397 806 2554 871 fides
2588 808 2998 874 diversificari
3027 811 3257 875 babeat
3288 813 3645 877 secundum
3674 812 3931 876 diversi·

2395 919 2590 980 tatem
2635 918 3035 982 credibilium
3068 940 3083 983 ε
3116 923 3179 983 et
3217 919 3309 983 sic
3354 919 3520 984 redit
3558 919 3730 985 idem
3774 920 3931 1002 quod

2394 1036 2595 1101 prius.

2477 1129 2537 1189 3.
2592 1125 2751 1191 Item
2804 1126 3046 1192 donum
3094 1128 3453 1211 sapientise,
3502 1133 3565 1193 et
3619 1126 3926 1207 scientiae',

2394 1237 2546 1296 sunt
2569 1232 2822 1298 diversa
2847 1233 3052 1298 dona:
3083 1240 3148 1300 et
3172 1236 3297 1300 hoc
3323 1253 3457 1300 non
3483 1236 3565 1300 ob
3589 1234 3792 1311 aliud,
3814 1236 3926 1300 nisi

2394 1339 2548 1423 quia
2574 1359 2781 1404 unum
2812 1346 2906 1405 est
2930 1342 3009 1405 de
3036 1342 3327 1421 aeternis,
3357 1345 3422 1406 et
3446 1341 3621 1407 aliud
3655 1340 3735 1406 de
3773 1346 3923 1407 tem-

2392 1447 2739 1531 poralibus.
2788 1448 2855 1513 Si
2902 1466 3061 1529 ergo
3103 1449 3262 1513 fides
3304 1453 3399 1514 ωε
3451 1447 3531 1513 de
3575 1448 3710 1512 istis
3755 1453 3821 1514 et
3858 1449 3928 1514 de

2391 1554 2547 1634 illis,
2578 1555 2834 1618 videtur
2864 1556 3037 1638 quod
3063 1559 3129 1618 et
3155 1554 3293 1636 ipsa
3330 1554 3684 1619 formaliter
3707 1555 3928 1620 habeat

2391 1662 2825 1743 diversificari.

2472 1773 2533 1834 4.
2570 1769 2730 1834 Item
2757 1768 2952 1833 timor
2979 1773 3043 1833 et
3069 1787 3212 1852 spes
3237 1772 3388 1833 sunt
3413 1769 3781 1835 affectiones
3807 1770 3924 1835 for-

2392 1877 2641 1941 maliter
2669 1877 3064 1956 differentes,
3097 1881 3161 1941 et
3189 1876 3311 1941 hoc
3333 1877 3484 1960 quia
3510 1876 3704 1941 timor
3738 1881 3835 1942 est
3858 1877 3929 1941 de

2390 1984 2625 2049 futuris
2655 1984 2838 2049 malis
2855 2033 2874 2063 ,
2904 2004 3047 2068 spes
3072 1989 3290 2050 autem
3318 1985 3396 2050 de
3419 1986 3655 2051 futuris
3695 1986 3920 2050 bonis:

2390 2092 2499 2156 sed
2543 2092 2701 2156 fides
2740 2110 2871 2156 non
2913 2097 3163 2157 tantum
3193 2096 3291 2163 est
3326 2093 3405 2158 de
3446 2092 3682 2158 futuris
3726 2094 3923 2171 bonis,

2392 2202 2611 2281 utpote
2637 2199 2714 2263 de
2740 2198 2947 2280 gloria
2971 2202 3247 2277 merua,
3277 2199 3388 2263 sed
3415 2199 3607 2264 etiam
3649 2199 3730 2264 de
3758 2200 3927 2265 futu-

2389 2307 2479 2369 ris
2506 2307 2690 2370 malis
2712 2354 2730 2384 ‚
2761 2310 2979 2389 utpote
3005 2306 3083 2372 de
3109 2307 3418 2390 supplicio
3455 2310 3698 2371 aeterno
3726 2330 3744 2370 ι
3778 2326 3927 2389 ergo

2390 2413 2649 2478 videtur
2677 2414 2848 2496 quod
2878 2414 3036 2478 fides
3078 2414 3158 2477 de
3183 2414 3289 2478 his
3315 2414 3481 2479 etde
3517 2413 3655 2477 istis
3701 2414 3928 2479 habeat

2388 2520 2738 2585 formaliter
2763 2520 3198 2585 diversificari.

2472 2634 2531 2692 5.
2568 2628 2725 2692 Item
2770 2627 2951 2691 nulla
2996 2628 3198 2691 virtus
3223 2626 3418 2691 hahet
3450 2627 3708 2708 plenam
3736 2629 3920 2694 ratio·

2390 2755 2537 2801 nem
2586 2736 2862 2815 virtutis,
2908 2735 3034 2798 nisi
3075 2752 3218 2798 eam
3263 2735 3724 2800 concomitetur
3765 2742 3927 2802 recta

2388 2845 2655 2910 intentio
2706 2847 2993 2927 respectu
3038 2842 3186 2906 finis
3234 2863 3251 2906 t
3297 2841 3407 2906 sed
3453 2842 3614 2907 fides
3645 2847 3745 2908 est
3785 2861 3926 2927 quae

2389 2953 2608 3033 dirigit
2636 2951 3057 3015 intentionem
3089 2973 3103 3014 ε
3137 2967 3295 3032 ergo
3334 2967 3589 3014 necesse
3628 2955 3729 3014 est
3763 2951 3924 3034 quod

2388 3061 2544 3125 fides
2570 3077 2794 3123 omnes
2835 3059 3108 3123 virtutes
3137 3058 3483 3122 circumeat
3505 3062 3830 3139 quantum
3854 3059 3927 3123 ad

2388 3186 2614 3233 earum
2659 3169 2818 3232 fines
2857 3188 2872 3229 :
2923 3184 3082 3248 ergo
3128 3166 3183 3229 si
3223 3167 3466 3244 virtue,
3514 3184 3665 3248 quae
3709 3185 3928 3232 omnes

2387 3278 2660 3340 virtutes
2683 3274 2926 3353 circuit,
2958 3292 3091 3338 nou
3117 3277 3212 3337 est
3242 3272 3448 3337 virtus
3473 3272 3799 3354 speciali3‚
3826 3273 3929 3338 sed

2389 3385 2596 3448 virtus
2635 3383 2956 3464 generalis
2993 3382 3073 3446 ad
3112 3401 3375 3459 omnes,
3409 3381 3664 3447 videtur
3700 3401 3794 3448 ex
3816 3383 3929 3447 hoc

2386 3510 2569 3577 posse
2595 3492 2810 3574 colligi
2841 3490 3032 3555 fidem
3060 3508 3196 3554 non
3221 3508 3355 3556 esse
3384 3491 3693 3556 virtutem
3737 3509 3928 3555 unam

2386 3600 2739 3666 secundum
2768 3599 3065 3683 speciem.

2932 3824 3379 3893 CONCLUSIO.

2386 4011 2540 4070 Fides
2569 4015 2645 4068 est
2681 4025 2795 4066 una
2821 4011 3030 4075 virtus,
3064 4009 3190 4066 licet
3218 4010 3281 4064 in
3315 4006 3587 4064 credendis
3626 4007 3929 4080 differatis!

2455 4103 2782 4174 reperiatur,
2813 4100 2946 4170 quia
2970 4114 3082 4155 una
3128 4101 3202 4155 est
3228 4099 3376 4154 ratio
3403 4096 3649 4154 credendi
3672 4100 3737 4152 in
3766 4100 3930 4154 omni·

2461 4193 2582 4257 bus,
2611 4191 2860 4248 videlicet
2887 4191 3011 4261 ipsa
3037 4203 3245 4244 summa
3271 4189 3494 4244 veritas.

2466 4352 2653 4433 Resp.
2685 4350 2764 4414 ad
2804 4366 2947 4431 arg.
2979 4347 3328 4412 Dicendum
3364 4347 3540 4430 quod
3578 4348 3775 4426 fides,
3802 4347 3931 4411 sive

2385 4461 2460 4525 in
2486 4457 2745 4536 eodem,
2781 4455 2918 4519 sive
2955 4455 3025 4518 in
3063 4453 3367 4533 diversiS‚
3401 4472 3535 4518 una
3574 4458 3670 4518 est
3711 4471 3931 4519 secun-

2386 4568 2542 4638 dum
2574 4562 2879 4646 speciem,
2909 4576 3028 4641 pro
3067 4576 3144 4622 eo
3169 4556 3340 4640 quod
3368 4575 3503 4621 uon
3529 4557 3843 4624 dividitur
3868 4559 3931 4622 in

2386 4672 2649 4756 species,
2702 4668 3003 4751 quamvis
3046 4666 3114 4728 in
3158 4664 3425 4729 diversis
3473 4664 3931 4731 diversificetur

2386 4777 2740 4844 secundum
2792 4790 3163 4839 numerum.
3213 4770 3290 4835 Et
3342 4772 3543 4853 hujus
3587 4770 3753 4836 ratio
3803 4776 3926 4848 est,

2386 4884 2693 4970 quoniam
2745 4882 2961 4946 unitas
3001 4878 3260 4944 virtutis
3305 4877 3660 4943 attenditur
3703 4897 3925 4943 secun-

2386 4994 2543 5060 dum
2576 4991 2887 5056 unitatem
2922 4990 3101 5052 actus
3140 4985 3530 5068 principalis.
3563 4984 3783 5050 Unitas
3809 5003 3927 5050 au-

2388 5105 2516 5166 tem
2559 5099 2740 5163 actus
2782 5092 3153 5179 principalis
3194 5091 3542 5157 attenditur
3576 5091 3926 5157 secundum

2389 5206 2695 5272 unitatem
2740 5201 2968 5285 objecti
3011 5199 3227 5285 primi.
3261 5198 3342 5264 Et
3381 5199 3691 5282 quoniam
3719 5199 3924 5282 objec-

2388 5365 2585 5416 numm
2623 5372 2783 5412 unum
2809 5358 3035 5425 primum
3075 5356 3334 5424 objecmm
3379 5356 3624 5422 formale,
3670 5355 3810 5424 quod
3852 5359 3925 5406 cat

2388 5435 2551 5500 prima
2582 5432 2788 5483 veritas.
2814 5458 2875 5472 -
2900 5433 2924 5467 ²
2952 5429 3124 5495 Arist„
3147 5427 3208 5480 de
3228 5429 3433 5493 Anima,
3458 5427 3552 5479 lib.
3582 5430 3651 5494 11,
3673 5431 3813 5480 cont.
3847 5428 3920 5477 37.
