4185 6288
1159 455 1537 524 DISTINCT.
1581 456 1747 523 vlu.
1794 454 1979 521 ΛΒΤ.
2025 456 2104 522 Ῑῐ.
2150 457 2450 537 QUAEST.
2498 465 2546 530 1.

273 605 363 670 tio
384 605 456 670 ad
482 605 998 689 praedicationem
1040 622 1186 688 quae
1221 611 1318 670 est
1350 624 1464 689 per
1506 606 1802 670 identita-

270 717 398 777 tem
445 719 761 796 quantum
806 713 886 777 ad
931 713 1347 795 principalem
1399 714 1808 798 compositio-

271 841 441 902 nem3
458 828 777 907 quantum
799 839 958 886 vero
987 822 1066 886 ad
1097 822 1617 905 implicationem,
1637 821 1808 885 clau-

270 930 433 994 ditur
481 931 566 994 ibi
627 929 991 1013 praedicatio
1028 947 1141 1012 per
1198 929 1529 994 unionem.
1588 928 1810 992 Divina

270 1038 431 1101 enim
454 1037 733 1101 essentia
758 1042 852 1100 est
878 1036 1079 1100 Filius
1101 1036 1209 1100 Dei
1225 1055 1338 1119 per
1366 1035 1758 1100 identitatem
1786 1054 1802 1113 ;

265 1144 582 1208 sedFilius
611 1145 718 1208 Dei
746 1150 841 1208 est
870 1145 1064 1208 homo
1094 1162 1208 1227 per
1236 1145 1561 1209 unionem.
1599 1142 1663 1208 Si
1700 1161 1809 1206 au·

266 1251 388 1310 tem
423 1250 497 1312 fit
541 1248 912 1330 praedieatio
958 1249 1201 1312 ratione
1249 1248 1504 1325 formae,
1531 1247 1665 1310 sive
1698 1265 1810 1328 per

263 1356 521 1420 modum
550 1356 887 1438 cujusdam
917 1356 1478 1431 denominationi3‚
1501 1356 1657 1418 salsa
1686 1358 1803 1433 est,

262 1468 325 1526 et
346 1468 435 1527 est
461 1483 689 1529 sensus
720 1483 737 1528 ε
773 1488 803 1525 ι
850 1463 1076 1527 Divina
1118 1468 1349 1527 natura
1385 1467 1481 1526 est
1527 1462 1741 1539 homo,
1769 1483 1798 1517 n

258 1571 325 1636 id
343 1578 433 1637 est
459 1573 683 1638 divina
710 1578 946 1637 natura
971 1579 1063 1636 est
1085 1572 1482 1637 humanitate
1499 1570 1806 1635 informa-

256 1685 360 1743 ta:
392 1687 455 1745 et
480 1682 605 1746 hoe
628 1682 820 1745 modo
849 1681 1079 1745 locutio
1108 1684 1203 1744 est
1225 1678 1402 1757 salsa,
1418 1678 1560 1741 lieet
1586 1697 1806 1742 secun-

256 1787 409 1851 dum
451 1807 719 1853 sensum
749 1788 1029 1871 priorem
1056 1787 1286 1851 habeat
1313 1787 1668 1863 veritatem,
1714 1785 1805 1847 si·

255 1901 360 1959 eut
392 1896 737 1960 ostendunt
792 1896 1069 1959 rationoe
1104 1894 1184 1958 ad
1233 1893 1507 1976 primam
1564 1896 1805 1974 partem

255 1999 553 2066 inductae.

332 2114 393 2172 1.
438 2110 536 2174 Ad
582 2108 745 2174 illud
800 2128 958 2191 ergo
998 2105 1167 2191 quod
1213 2108 1421 2190 primo
1467 2106 1803 2189 objicitur,

253 2218 427 2300 quod
465 2219 635 2283 sicut
659 2237 728 2282 se
764 2218 956 2282 habet
985 2217 1272 2280 humana
1308 2220 1542 2278 natura
1566 2213 1645 2278 ad
1672 2231 1808 2277 esse

252 2324 488 2401 Deum,
520 2330 678 2404 etc.;
710 2325 1050 2390 dicendum
1079 2323 1250 2406 quod
1274 2322 1503 2386 salsum
1530 2327 1623 2385 ost
1641 2371 1658 2400 ,
1693 2339 1809 2403 pro

254 2449 330 2495 eo
369 2432 541 2514 quod
584 2432 875 2497 humana
904 2437 1132 2495 natura
1160 2448 1292 2493 non
1320 2429 1701 2512 praedicatur
1731 2429 1809 2491 de

256 2558 377 2603 sua
414 2539 742 2622 hypostasi
785 2556 898 2621 per
927 2537 1350 2614 identitatem,
1397 2536 1559 2599 sicut
1589 2535 1809 2599 divina

251 2647 636 2729 praedicatur
662 2650 923 2729 propter
956 2663 1279 2709 summam
1317 2644 1803 2726 simplieitatem.

255 2751 433 2818 Unde
460 2754 604 2817 haec
634 2756 731 2817 est
770 2753 924 2816 falsa
956 2774 972 2816 2
1012 2776 1042 2811 α
1069 2751 1352 2816 Christus
1390 2756 1481 2815 est
1522 2751 1807 2813 humana

253 2867 508 2941 natura,
539 2884 572 2920 a
609 2860 906 2944 quamvis
937 2860 1079 2924 haec
1118 2859 1197 2923 sit
1226 2878 1381 2923 vera
1411 2881 1426 2923 :
1468 2882 1497 2917 α
1526 2858 1811 2923 Christus

253 2974 347 3033 est
388 2969 613 3032 divina
658 2972 913 3032 natura.
945 2992 975 3026 ι)
1014 2967 1091 3030 Et
1131 2967 1274 3031 ideo
1316 2984 1446 3030 non
1493 2965 1806 3048 sequitur,

252 3078 301 3140 si
350 3077 493 3141 haec
560 3081 657 3140 est
712 3076 870 3139 falsa
917 3097 932 3138 :
974 3098 1005 3133 α
1054 3074 1356 3138 Humana
1422 3078 1654 3138 natura
1717 3077 1811 3138 est

252 3184 441 3265 Deus,
471 3209 501 3243 n
539 3184 718 3268 quod
737 3183 879 3248 haee
909 3184 991 3246 sit
1017 3183 1174 3247 salsa
1205 3201 1222 3245 ε
1262 3206 1292 3240 α
1319 3182 1546 3246 Divina
1575 3188 1810 3246 natura

251 3298 347 3357 est
371 3293 593 3357 homo.
630 3317 661 3352 n

332 3405 392 3463 2.
437 3399 536 3462 Ad
560 3398 722 3462 illud
759 3399 927 3478 quod
958 3398 1294 3480 objicitur,
1328 3397 1499 3480 quod
1532 3397 1610 3461 de
1653 3416 1810 3481 quo-

253 3497 533 3588 cumque
568 3506 955 3589 praedieatur
1001 3523 1135 3569 esse
1176 3506 1539 3583 hominem,
1571 3505 1807 3587 praedi-

253 3620 435 3678 eatur
469 3633 607 3679 effle
652 3615 919 3678 mortale
936 3662 953 3692 ,
998 3615 1339 3679 dicendum
1368 3614 1541 3696 quod
1567 3615 1689 3678 hoc
1717 3618 1813 3678 est

251 3740 487 3787 verum
538 3728 855 3806 quantum
913 3723 993 3787 ad
1061 3722 1572 3804 praedicationem
1596 3771 1614 3802 ‚
1682 3741 1809 3804 qua

253 3827 450 3893 homo
480 3829 868 3913 praedicatur
884 3848 1000 3912 per
1026 3831 1292 3893 modum
1319 3829 1773 3894 denominandi
1788 3850 1805 3906 ;

256 3941 574 4019 quantum
598 3954 756 4001 vero
782 3935 861 4000 ad
883 3937 1404 4019 praedioationem
1427 3955 1556 4019 qua
1583 3935 1809 4019 praedi·

256 4047 439 4108 eatur
479 4044 726 4108 ratione
776 4044 1105 4126 suppositi,
1158 4062 1289 4107 non
1335 4044 1525 4109 habet
1572 4045 1808 4109 verita-

255 4153 383 4219 tem
417 4172 433 4213 z
464 4150 670 4217 Homo
702 4151 905 4228 enim,
934 4168 1086 4214 oum
1116 4150 1199 4213 sit
1239 4169 1475 4215 nomen
1505 4153 1808 4216 substan-

254 4258 486 4337 tivum,
537 4258 787 4322 ratione
835 4259 1141 4341 suppositi
1180 4262 1383 4341 potest
1428 4259 1805 4341 praedieari3

252 4365 522 4432 Mortale
571 4383 748 4445 vero,
790 4384 939 4430 cum
988 4365 1070 4429 sit
1118 4383 1352 4430 nomen
1393 4365 1806 4448 adjectivum,

254 4473 569 4554 adjective
593 4477 847 4537 tantum
877 4474 1056 4556 ponit
1083 4492 1216 4537 rem
1247 4492 1433 4538 suam
1460 4474 1628 4537 circa
1652 4474 1810 4537 illud

251 4582 335 4646 de
372 4602 503 4666 quo
530 4582 937 4666 praedioatur.
974 4583 1050 4646 Et
1092 4584 1254 4648 sicut
1293 4603 1424 4649 non
1464 4584 1753 4667 sequitur
1787 4603 1805 4647 :

259 4716 295 4752 ι
330 4691 558 4758 Divina
584 4693 862 4759 essentia
888 4697 983 4757 est
1009 4691 1221 4769 Pater,
1272 4711 1430 4774 ergo
1455 4693 1674 4757 divina
1709 4710 1806 4757 es-

250 4801 460 4866 sentia
501 4804 811 4883 generat3
858 4825 890 4860 ι)
935 4801 1026 4865 sic
1070 4820 1200 4865 non
1246 4802 1584 4884 sequitur:
1635 4826 1665 4864 α
1702 4800 1809 4865 Di-

248 4908 408 4975 vina
446 4909 716 4974 essentia
761 4913 857 4974 est
897 4909 1124 4986 homo,
1155 4927 1314 4991 ergo
1360 4910 1663 4988 moritur,
1704 4909 1810 4976 vel

247 5017 561 5083 nascitur.
594 5041 627 5078 n

323 5211 340 5244 ¹
367 5210 598 5276 Cfalex.
623 5209 833 5262 Alemis
852 5247 865 5271 ,
894 5223 946 5272 p.
968 5211 1054 5270 nl,
1072 5224 1121 5274 q.
1150 5221 1206 5272 x,
1226 5210 1416 5260 memb.
1448 5211 1508 5271 23
1532 5211 1586 5259 S.
1606 5208 1808 5272 Tuom„

251 5293 307 5345 p.
329 5281 409 5344 111,
438 5299 489 5350 q.
523 5293 672 5334 xxxv
694 5321 709 5341 ,
743 5284 841 5331 art.
868 5283 915 5344 4,
955 5282 1017 5331 ad
1044 5285 1102 5345 23
1133 5280 1304 5344 AEgid.
1344 5281 1517 5342 Rom„
1551 5280 1611 5328 ΙΙΙ
1648 5279 1808 5341 Seni„

248 5365 300 5415 p.
318 5365 395 5420 ιιι,
425 5357 539 5410 dist.
564 5365 691 5416 vm,
726 5367 783 5418 q.
808 5364 880 5416 113
909 5352 1207 5415 Richardus,
1236 5352 1298 5400 ΙΙΙ
1330 5352 1493 5412 Sena,
1520 5351 1636 5401 dist.
1686 5361 1811 5412 viu,

305 5465 369 5531 (a)
404 5464 552 5517 Edit.
580 5459 851 5517 aeneam.
884 5458 1019 5512 idem
1046 5458 1359 5525 unigenitus
1396 5458 1536 5509 Deus
1561 5459 1810 5510 ιοωηᾱο.

3350 474 3469 537 189

1997 598 2056 657 3.
2086 595 2184 659 Ad
2215 596 2370 663 illud
2413 617 2570 664 vero
2602 602 2774 685 quod
2813 603 3141 686 objicitur,
3172 607 3345 688 quod
3390 609 3471 674 de

1914 717 2324 787 quocumque
2358 708 2737 789 praedioatur
2771 711 3002 789 hom0,
3038 711 3201 776 inest
3232 715 3291 778 ei
3336 715 3468 778 hu-·

1920 808 2210 889 manitaS,
2256 813 2596 880 dicendum
2645 817 2815 899 quod
2860 836 3090 882 verum
3119 826 3213 883 eet
3242 821 3321 885 de
3362 822 3470 887 illo

1918 916 2107 979 modo
2155 921 2642 1003 praedicationis,
2688 944 2817 1007 quo
2863 926 3051 989 modo
3089 928 3472 1009 praedieatur

1918 1023 2160 1088 ratione
2187 1027 2449 1107 sormae3
2486 1033 2592 1095 sed
2627 1051 2753 1095 non
2791 1032 2869 1096 de
2906 1033 3015 1096 illo
3060 1053 3190 1117 quo
3232 1036 3470 1117 praedi-

1916 1133 2098 1192 catur
2127 1133 2368 1197 ratione
2396 1139 2703 1220 suppositi
2739 1162 2753 1202 :
2787 1144 2939 1203 tune
2966 1141 3140 1204 enim
3168 1159 3301 1205 non
3330 1142 3470 1222 sig-

1915 1234 2213 1301 nificatur
2264 1243 2433 1322 quod
2485 1245 2854 1310 humanitas
2905 1248 3058 1310 insit
3107 1249 3162 1310 ei
3209 1247 3288 1311 de
3338 1266 3468 1331 quo

1916 1344 2332 1423 praedicatur,
2359 1350 2466 1414 sed
2510 1354 2681 1435 quod
2720 1355 2885 1419 inest
2924 1354 3113 1419 alicui
3145 1355 3316 1438 quod
3351 1356 3466 1421 ha-

1915 1449 2019 1513 bet
2046 1451 2439 1521 identitatem
2467 1478 2618 1523 cum
2645 1480 2721 1525 eo
2748 1461 2825 1525 de
2855 1480 2985 1545 quo
3016 1463 3422 1545 praedicatur.

1994 1567 2054 1626 4.
2084 1564 2180 1627 Ad
2209 1566 2365 1632 illud
2397 1571 2568 1652 quod
2596 1573 2931 1654 objicitur,
2969 1575 3142 1656 quod
3172 1576 3307 1639 haec
3335 1594 3468 1640 non

1914 1675 2008 1732 est
2030 1690 2185 1735 vera
2207 1674 2450 1739 ratione
2477 1677 2875 1759 substantiae,
2907 1681 3010 1743 vel
3040 1682 3285 1746 ratione
3317 1702 3467 1766 per-

1914 1794 2114 1840 sona:
2158 1802 2187 1837 a
2217 1779 2445 1845 Divina
2485 1788 2712 1848 natura
2759 1790 2854 1848 est
2896 1787 3132 1866 homo;
3176 1812 3206 1848 ι)
3251 1789 3469 1854 dicen-

1914 1883 2071 1946 dum
2102 1887 2274 1966 quod
2314 1890 2429 1951 etsi
2466 1890 2683 1955 divina
2718 1897 2951 1956 natura
2991 1913 3122 1958 non
3153 1901 3482 1978 supponat*

1915 2009 2032 2072 pro
2072 2011 2378 2074 persona,
2409 1996 2604 2062 homo
2641 2006 2856 2063 tamen
2895 2020 3008 2083 pro
3047 2020 3320 2084 persona
3354 2022 3468 2087 po·

1916 2102 2036 2162 test
2061 2119 2417 2183 supponere
2451 2127 2466 2168 ι
2498 2105 2716 2170 diviua
2751 2125 2904 2171 vero
2941 2114 3172 2173 natura
3197 2111 3465 2194 subjici·

1914 2209 2022 2268 tur
2070 2208 2316 2271 ratione
2361 2211 2495 2289 sui,
2546 2213 2633 2275 ita
2672 2215 2843 2295 quod
2888 2216 3223 2281 veritatem
3279 2217 3471 2282 habet

1916 2313 2164 2377 ratione
2200 2316 2534 2400 utriusque
2565 2341 2580 2383 ι
2618 2322 2860 2386 ratione
2901 2323 3127 2403 unius,
3165 2342 3246 2388 ex
3290 2330 3469 2406 parte

1915 2422 2222 2504 subjecti3
2285 2428 2529 2491 ratione
2585 2447 2738 2492 vero
2794 2429 3055 2494 alterius
3078 2480 3096 2506 ‚
3149 2450 3233 2496 ex
3292 2437 3470 2513 parte

1917 2530 2262 2610 praedicati,
2291 2533 2582 2599 videlicet
2612 2536 2854 2600 ratione
2883 2555 3196 2619 personae.

2388 2788 2875 2859 ARTICULUS
2919 2792 3002 2859 11.

1997 2962 2466 3047 Consequenter
2501 2968 2817 3049 quaeritur
2842 2969 2921 3033 de
2950 2970 3280 3035 nativitate
3305 2978 3472 3037 tem-

1920 3072 2121 3154 porali
2151 3072 2215 3134 in
2249 3075 2719 3158 comparatione
2744 3076 2824 3140 ad
2854 3081 3160 3142 aeternam
3179 3100 3196 3159 ;
3218 3083 3279 3144 et
3307 3080 3473 3146 circa

1920 3180 2041 3243 hoc·¹
2074 3186 2459 3263 quaeruntur
2491 3184 2610 3247 tria
2646 3202 2663 3247 z
2696 3184 2903 3267 primo
2942 3188 3284 3269 quaeritur,
3315 3207 3474 3272 sup-

1919 3288 2120 3369 posito
2160 3290 2332 3373 quod
2370 3292 2438 3355 in
2467 3291 2710 3357 Christo
2742 3294 2980 3376 duplex
3020 3296 3101 3358 sit
3148 3299 3467 3378 nativitaS,

1919 3399 2142 3459 utrum
2161 3398 2636 3463 concedendum
2664 3401 2742 3464 sit
2771 3400 3092 3466 Christum
3119 3404 3219 3467 bis
3245 3413 3470 3470 natum

1918 3521 2051 3567 esse
2077 3527 2095 3581 ;
2146 3505 2425 3569 secundo
2478 3509 2790 3589 quaeritur
2843 3513 3064 3573 utrum
3113 3511 3177 3573 in
3229 3510 3474 3576 Christo

1917 3609 2044 3674 sint
2084 3610 2423 3675 filiationes
2447 3613 2632 3690 duae;
2678 3616 2862 3679 tertio
2896 3617 3211 3699 quaeritur
3247 3623 3470 3683 utrum

1918 3718 2001 3782 sit
2027 3719 2336 3782 naturalis
2365 3719 2537 3785 tilius
2573 3722 2817 3785 ratione
2852 3724 3187 3806 utriusque
3231 3726 3469 3790 nativi-

1918 3825 2085 3904 tatis,
2113 3826 2346 3891 scilieet
2372 3829 2736 3911 temporalis
2762 3834 2825 3892 et
2849 3835 3132 3895 aeternae.

2459 4039 2816 4118 QUAESTIO
2859 4042 2908 4107 1.

1955 4206 2048 4262 An
2086 4206 2467 4264 concedendum
2510 4211 2585 4266 sit
2620 4210 2889 4266 Christum
2929 4209 3009 4267 bis
3038 4226 3141 4268 oese
3176 4218 3367 4269 natum
3395 4216 3432 4267 ¹.

2001 4365 2230 4431 Utrum
2258 4368 2731 4434 concedendum
2760 4370 2840 4433 sit
2870 4368 3191 4434 Christum
3220 4370 3318 4433 bis
3351 4389 3476 4434 na-.
3499 4370 3706 4417 fumu-

1920 4480 2058 4536 tum
2105 4493 2275 4551 esse3
2324 4479 2388 4539 et
2435 4475 2608 4558 quod
2652 4475 2779 4554 sic,
2835 4476 3105 4541 videtur.
3157 4478 3471 4558 Augusti-

1920 4588 2111 4661 nus'‚
2146 4584 2230 4647 De
2261 4581 2393 4661 fide
2420 4583 2512 4648 ad
2547 4584 2801 4650 Petrum
2831 4605 2856 4647 .·
2890 4607 2920 4643 α
2953 4582 3331 4664 Unigenitus
3361 4584 3470 4649 Dei

1918 4688 2164 4769 prim0,
2214 4694 2276 4751 et
2317 4689 2595 4754 secundo
2629 4693 2712 4769 (a)
2742 4693 2930 4754 natus
2975 4695 3099 4767 est,
3148 4693 3345 4755 semel
3388 4713 3470 4760 ex

1918 4800 2120 4878 patre,
2160 4796 2354 4859 semel
2394 4814 2476 4860 ex
2516 4802 2740 4860 matre.
2772 4820 2802 4856 ι)
2859 4796 2980 4861 Sed
3015 4797 3222 4880 primo
3262 4804 3326 4862 et
3365 4819 3465 4865 se-

1919 4904 2131 4968 eundo
2177 4904 2371 4974 nasci,
2419 4922 2550 4966 non
2588 4907 2682 4967 est
2720 4903 2843 4967 nisi
2893 4903 2988 4966 his
3031 4884 3205 4967 nasci
3250 4927 3265 4969 :
3310 4924 3469 4988 ergo

1921 5011 2174 5075 videtur
2199 5010 2370 5093 quod
2399 5008 2594 5073 Filius
2621 5009 2730 5074 Dei
2759 5011 2854 5072 bis
2881 5015 3069 5074 natus
3090 5016 3205 5076 est.

2001 5118 2160 5182 ltem
2189 5117 2612 5181 Damascenus
2631 5117 2694 5180 ⁸:
2737 5140 2768 5176 α
2796 5115 2869 5180 ln
2896 5116 3141 5182 Christo
3168 5118 3329 5183 duas
3360 5140 3471 5186 na-

1923 5314 2018 5360 art.
2040 5312 2090 5371 2,
2121 5322 2171 5370 q.
2206 5319 2254 5367 1;
2285 5305 2461 5368 Steph.
2495 5304 2705 5367 Erotes„
2740 5306 2804 5355 111
2827 5306 2988 5367 Seni„
3010 5308 3129 5358 dist.
3158 5320 3288 5372 vm,
3314 5323 3366 5373 q.
3393 5321 3465 5361 iv.

1926 5410 1980 5440 -,-
1994 5382 2138 5431 ¹lmo
2153 5378 2300 5441 Fulg.
2316 5377 2378 5427 de
2396 5375 2521 5428 Fide
2534 5376 2603 5426 ad
2615 5377 2778 5430 Petr..
2793 5392 2840 5429 c.
2859 5389 2919 5441 11,
2934 5392 2986 5431 n.
3007 5381 3188 5432 to.-⁸
3208 5382 3464 5447 Damaso„

1920 5453 1983 5504 de
2004 5451 2132 5503 Fide
2155 5448 2378 5514 orthod„
2399 5449 2489 5500 lib.
2520 5449 2606 5512 111,
2634 5463 2683 5500 e.
2714 5461 2804 5501 vu.
