4185 6288
1256 459 1451 528 msT.
1493 458 1596 525 lx.
1643 452 1830 524 ΛΒΤ.
1874 453 1954 521 11.
1993 452 2295 534 QUAEST.
2341 452 2391 518 1.

778 689 1133 772 QUAESTIO
1176 691 1227 756 1.

476 861 577 917 An
606 861 783 917 latria
807 862 884 917 sit
908 862 972 916 in
996 875 1183 931 amere
1205 861 1431 916 virtutis
1457 857 1497 914 ¹.

87 1036 224 1083 tmen.
314 1020 535 1086 Utrum
582 1023 774 1087 latria
816 1021 898 1086 sit
946 1021 1015 1085 in
1077 1038 1313 1102 genere
1362 1020 1658 1100 virtutis;
1713 1027 1777 1086 et

243 1130 397 1212 qnod
444 1130 538 1193 sic
560 1176 582 1207 ,
639 1128 917 1193 videtur.
974 1125 1256 1192 Reddere
1302 1126 1551 1191 bomini
1604 1126 1775 1210 qnod

243 1254 415 1301 suum
438 1240 555 1316 est,
589 1241 690 1301 est
705 1240 885 1300 actus
909 1235 1377 1315 virtutistergo
1405 1234 1460 1297 si
1490 1234 1771 1316 majoris,

243 1342 331 1405 vel
357 1343 623 1426 aequalis
661 1340 989 1425 dignitatis
1019 1345 1114 1405 est
1152 1339 1279 1405 Deo
1318 1339 1580 1405 reddere
1605 1338 1777 1422 quod

242 1465 419 1513 sunm
450 1453 570 1528 est,
611 1448 736 1513 erit
760 1465 919 1529 ergo
965 1450 1145 1512 actus
1189 1446 1445 1511 virtutis
1479 1467 1495 1511 :
1526 1446 1634 1511 sed
1665 1462 1778 1529 per

243 1554 474 1619 latriam
505 1555 843 1620 reddimus
892 1554 1013 1620 Deo
1044 1553 1217 1637 quod
1252 1570 1447 1618 suum
1487 1558 1611 1634 est,
1654 1554 1778 1617 sci-

242 1662 371 1728 licet
416 1662 854 1728 reverentiam
896 1667 960 1728 et
1002 1662 1318 1726 honorem
1351 1683 1366 1725 :
1397 1678 1554 1742 ergo
1595 1660 1781 1725 latria

242 1772 432 1835 virtus
453 1775 574 1836 est.

315 1884 465 1944 item
517 1879 697 1943 circa
749 1895 945 1961 opera
994 1876 1343 1941 laudabilia
1389 1879 1453 1940 et
1500 1875 1780 1941 difficilia

246 1987 507 2051 maxime
532 1984 827 2050 consistit
850 1984 1060 2048 virtus
1086 1985 1109 2019 ¹
1141 2005 1157 2045 ε
1189 1982 1301 2047 sed
1333 1983 1538 2049 colere
1577 1983 1780 2048 Deum

245 2099 330 2157 est
371 2099 550 2158 actus
579 2090 958 2174 hujusmodi
1002 2113 1017 2156 ε
1058 2094 1123 2155 et
1165 2090 1287 2155 boc
1319 2096 1414 2154 est
1443 2089 1644 2173 ipsius
1680 2090 1780 2154 la-

246 2202 371 2265 triae
403 2222 418 2265 ε
446 2219 611 2283 ergo
643 2199 834 2263 latria
860 2202 955 2262 est
971 2197 1199 2263 virtus.

318 2310 466 2374 Item
492 2311 713 2375 virtus
749 2308 1032 2373 maxime
1073 2306 1427 2372 necessaria
1468 2309 1563 2370 est
1616 2305 1783 2370 circa

249 2434 422 2500 opera
473 2416 813 2481 meritoria
854 2416 1008 2479 vitae
1057 2420 1316 2480 aeternae
1352 2435 1368 2478 ε
1414 2413 1522 2477 sed
1579 2411 1781 2477 Deum

249 2526 432 2590 colere
496 2529 563 2589 et
635 2524 899 2588 adorare
970 2527 1064 2587 est
1146 2522 1546 2587 meritorium
1629 2521 1782 2587 vitae

249 2638 483 2697 aeternae
515 2658 530 2698 ι
565 2636 642 2696 et
674 2631 795 2695 hoc
822 2636 918 2695 est
944 2631 1143 2714 ipsius
1163 2630 1409 2695 latriae:
1445 2647 1627 2711 ergo,
1658 2634 1777 2694 etc.

316 2738 464 2805 Item
490 2742 672 2806 circa
702 2757 896 2822 opera
935 2738 1239 2821 praecepti
1274 2737 1557 2802 maxime
1593 2737 1785 2802 habet

249 2845 1344 2913 essevirtuszsedDeumcolereet
1382 2846 1645 2909 adorare
1690 2848 1786 2908 est

249 2954 305 3016 in
327 2960 649 3039 praecepto
681 2974 698 3018 t
729 2972 886 3034 ergo
920 2953 1087 3018 circa
1122 2953 1243 3016 hoc
1287 2951 1566 3016 maxime
1593 2952 1785 3016 babet

250 3078 367 3127 esse
404 3065 622 3128 virtus
669 3084 685 3126 ε
734 3066 798 3127 et
836 3062 958 3126 hoc
999 3066 1094 3126 est
1133 3061 1333 3144 ipsius
1374 3060 1574 3126 latriae
1620 3083 1633 3126 :
1680 3078 1783 3124 er-

253 3189 346 3252 ge,
374 3177 488 3238 etc.

87 3298 219 3356 nm.
322 3277 437 3345 Sed
478 3283 713 3346 contra
753 3300 768 3342 :
803 3285 859 3343 1.
898 3277 1342 3359 AugustinuS,
1386 3280 1474 3344 De
1510 3279 1782 3346 civitate

257 3384 362 3451 Dei
386 3388 445 3448 ⁸.-
492 3411 526 3450 α
566 3384 785 3450 Latria
806 3402 1056 3467 semper
1083 3389 1196 3450 aut
1220 3386 1583 3467 trequenter
1623 3386 1785 3449 dici-

255 3494 348 3556 tur
406 3493 692 3561 servitus
757 3511 903 3575 quae
972 3492 1243 3574 pertinet
1306 3492 1386 3555 ad
1445 3492 1784 3558 colendum

256 3595 456 3664 Deum.
495 3623 531 3662 n
595 3598 717 3664 Sed
755 3597 967 3662 omnis
1010 3598 1243 3674 virtue,
1288 3602 1364 3663 ut
1406 3599 1611 3666 virtus
1650 3605 1780 3679 est,

257 3708 514 3772 consistit
538 3706 614 3769 in
638 3706 836 3769 libera
861 3703 1187 3768 voluntate
1216 3725 1230 3768 :
1264 3722 1422 3785 ergo
1449 3705 1630 3770 nulla
1654 3708 1786 3772 vir-

257 3815 345 3877 tus
386 3822 477 3880 est
533 3814 813 3878 servitus
859 3831 875 3876 ε
926 3811 1036 3877 sed
1076 3812 1264 3877 latria
1308 3817 1405 3877 est
1444 3814 1720 3879 servitus
1763 3836 1780 3880 ε

258 3935 394 4002 ergo
411 3922 611 3987 latria
637 3937 771 3985 non
796 3923 892 3984 est
918 3920 1143 3984 virtus.

324 4032 379 4090 2.
442 4030 613 4094 ltem
677 4027 862 4092 latria
921 4017 1348 4092 communiter
1406 4029 1715 4094 diffinitur
1762 4050 1781 4096 ε

265 4155 290 4192 ι
308 4133 510 4202 Latria
538 4140 638 4200 est
658 4134 866 4200 cultus
891 4135 1008 4199 soli
1043 4133 1170 4199 Deo
1205 4135 1478 4212 debitus,
1510 4142 1573 4200 et
1597 4138 1786 4201 exhi-

253 4240 430 4325 bitus,
480 4267 515 4305 ι
553 4246 628 4307 ut
670 4243 978 4326 accipitur
1017 4261 1100 4307 ex
1144 4243 1355 4308 verbis
1398 4244 1780 4326 Augustini,

253 4347 474 4417 ibidem
524 4375 542 4417 ι
586 4351 695 4415 sed
750 4349 957 4415 cultus
1010 4369 1142 4414 non
1196 4354 1290 4415 est
1336 4350 1592 4416 babitus
1609 4402 1626 4430 ‚
1675 4354 1784 4418 sed

253 4475 432 4525 usus:
481 4459 538 4523 si
564 4477 724 4541 ergo
748 4458 934 4522 latria
958 4462 1055 4523 est
1079 4459 1289 4523 cultus
1306 4508 1324 4540 ,
1352 4478 1485 4525 non
1520 4465 1615 4526 est
1650 4463 1785 4527 vir-

254 4564 365 4645 tus,
390 4567 530 4632 sive
550 4565 826 4643 habitus,
854 4565 964 4630 sed
991 4569 1223 4630 motus.

324 4675 378 4735 3.
420 4672 585 4737 Item
629 4671 832 4740 latria
872 4677 968 4737 est
1008 4673 1179 4737 idem
1225 4674 1396 4756 quod
1431 4675 1673 4757 pietas,
1714 4679 1787 4740 ut

255 4776 390 4843 dicit
416 4781 857 4862 Augustinus,
892 4782 977 4846 De
1026 4782 1302 4853 Civitate
1333 4782 1492 4848 θεῖ*
1524 4805 1547 4848 .·
1582 4806 1612 4845 ι
1639 4781 1787 4848 Pie·

254 4886 342 4948 tas
360 4888 616 4971 proprie
639 4887 759 4952 dici
783 4888 940 4952 solet
967 4888 1175 4952 cultus
1201 4887 1333 4969 Dei,
1361 4908 1559 4972 quam
1586 4889 1786 4956 Graeci

257 4990 630 5087 theosebiam
663 4994 741 5075 (a)
769 4998 1020 5059 vocant.
1051 5018 1082 5054 n
1122 4995 1243 5060 Sed
1272 4996 1468 5078 pietas
1494 4998 1784 5075 contine-

259 5102 349 5161 tur
392 5103 557 5165 inter
602 5100 859 5164 habitus
908 5102 1220 5165 donorum
1265 5123 1281 5166 ε
1335 5121 1491 5184 ergo
1534 5105 1787 5173 videtur

316 5216 333 5249 ¹
353 5214 431 5279 Cf.
452 5221 506 5268 S.
530 5218 737 5276 Thom„
760 5216 827 5266 111
851 5215 1008 5280 Seni„
1032 5217 1147 5268 dist.
1174 5230 1250 5282 ιι,
1269 5233 1321 5284 q.
1347 5232 1388 5285 1,
1416 5223 1509 5270 art.
1534 5222 1782 5288 13AEgid.

260 5285 416 5352 Rom„
442 5290 507 5339 ΙΙΙ
528 5290 691 5347 Sem„
720 5289 841 5339 dist.
870 5299 949 5354 11,
975 5290 1377 5354 q.1;Richard.,
1403 5292 1468 5343 111
1486 5291 1645 5358 Sent„
1665 5294 1782 5345 dist.

259 5360 675 5425 u‚q.1;Steph.
718 5358 928 5424 Bruler„
967 5361 1035 5412 ΙΙΙ
1069 5363 1229 5427 Sene„
1265 5361 1380 5414 dist.
1416 5376 1489 5428 xx,
1515 5378 1568 5429 q.
1602 5375 1694 5417 vn.
1720 5391 1786 5406 —

322 5439 382 5503 (a)
408 5440 547 5494 adit.
577 5441 773 5494 (ἔσωσε
788 5475 808 5502 ,
833 5442 1099 5498 ιΰσίόααν.

3250 410 3260 421 ’
3301 459 3424 524 m

1881 588 2055 674 quod
2078 589 2266 655 latria
2288 588 2502 672 potius
2526 587 2608 653 sit
2632 587 2878 653 donum
2897 637 2916 668 ‚
2943 606 3141 672 quam
3164 591 3424 659 virtutis

1879 696 2160 763 habitus.

1962 811 2025 871 4.
2056 805 2215 870 Item
2241 804 2443 870 latriae
2469 807 2564 869 est
2586 804 2789 870 Deum
2815 806 3096 872 revereri
3124 828 3141 872 2
3172 809 3282 874 sed
3305 808 3423 874 do·-

1884 933 2045 978 num
2089 912 2336 978 timoris
2383 912 2530 977 tacit
2567 929 2686 976 nos
2726 914 3006 978 revereri
3043 914 3244 980 Deum
3261 964 3281 997 ,
3329 919 3426 981 est

1885 1021 2057 1084 enim
2092 1020 2286 1084 timor
2318 1018 2692 1083 reverentiae
2723 1036 2928 1100 :ergo
2968 1020 3221 1085 videtur
3252 1022 3424 1104 quod

1885 1128 2069 1193 latria
2095 1126 2478 1210 superfluat,
2507 1129 2621 1189 aut
2645 1130 2740 1191 est
2772 1125 2942 1191 idem
2969 1126 3142 1210 quod
3180 1127 3372 1193 timor
3401 1148 3422 1195 ε

1886 1253 2044 1316 ergo
2070 1233 2253 1297 latria
2281 1250 2411 1296 non
2436 1234 2532 1296 est
2559 1231 2791 1296 virtus.

2426 1408 2881 1477 CONCLUSIO.

1886 1556 2081 1612 latria
2098 1569 2201 1627 pro
2227 1552 2440 1619 habitu,
2460 1554 2594 1624 quia
2615 1555 2863 1609 vasam·
2881 1552 3027 1610 eirca
3061 1553 3253 1609 boumn
3281 1552 3428 1624 diffi-

1958 1644 2079 1711 cile,
2110 1645 2464 1706 memor-itan,
2496 1644 2550 1698 et
2576 1641 2651 1697 ad
2687 1643 2918 1699 salutem
2951 1643 3324 1714 necessarium,
3354 1648 3431 1701 est

1959 1739 2021 1792 in
2055 1750 2241 1806 ρατιονε
2264 1733 2520 1801 viv-tutin
2554 1749 2661 1791 non
2691 1735 2869 1791 tamen
2890 1751 2993 1809 pro
3026 1738 3171 1794 acm.

1968 1881 2155 1965 Resp.
2199 1880 2280 1945 ad
2314 1898 2455 1961 arg.
2495 1879 2845 1944 Dicendum
2886 1883 3059 1965 quod
3093 1885 3324 1968 latria,
3360 1894 3435 1954 ut

1888 1987 2031 2053 vult
2054 1988 2489 2070 Augustinus,
2518 1987 2809 2052 nominat
2849 1989 3005 2055 illud
3048 2010 3178 2075 quo
3204 1995 3436 2060 colitur

1890 2094 2056 2160 Deus
2087 2117 2103 2159 ε
2137 2113 2267 2177 quo
2304 2098 2520 2158 autem
2559 2095 2787 2160 colitur
2822 2095 2988 2162 Deus
3009 2145 3027 2177 ,
3064 2098 3187 2165 boc
3231 2105 3435 2185 potest

1889 2201 2160 2282 intelligi
2198 2201 2563 2284 dupliciter,
2593 2205 2709 2266 aut
2733 2202 2897 2267 sicut
2921 2208 3069 2269 actu
3086 2254 3105 2285 ‚
3135 2211 3250 2272 aut
3273 2208 3437 2273 sicut

1889 2310 2137 2374 habitu.
2187 2310 2334 2375 Ideo
2379 2328 2614 2374 nomen
2652 2310 2856 2376 latriae
2902 2314 3231 2395 aequivoce
3273 2315 3435 2380 dici-

1887 2421 2031 2496 tur;
2058 2421 2122 2480 et
2145 2415 2485 2499 aliquando
2516 2419 2638 2480 stat
2658 2434 2777 2499 pro
2804 2418 3060 2500 habitu,
3091 2421 3435 2503 aliquando

1890 2542 2007 2607 pro
2055 2528 2222 2587 actu.
2267 2522 2631 2588 Secundum
2673 2529 2888 2588 autem
2934 2527 3106 2609 quod
3149 2532 3273 2593 stat
3315 2548 3432 2613 pro

1889 2631 2111 2696 habitu
2167 2631 2366 2714 ipsius
2408 2630 2642 2694 animae
2690 2632 3057 2698 habilitante
3102 2636 3306 2718 ipsam
3354 2638 3434 2702 ad

1890 2742 2136 2805 cultum
2164 2739 2295 2817 Dei,
2316 2739 2407 2801 sic
2427 2741 2522 2802 est
2547 2737 2804 2802 habitus
2835 2740 3112 2821 virtutis,
3143 2743 3211 2807 in
3232 2762 3434 2826 quan-

1892 2851 2031 2910 tum
2063 2850 2159 2910 est
2181 2847 2348 2909 circa
2375 2846 2650 2923 bonum,
2679 2850 2744 2910 et
2770 2845 3054 2928 difficile,
3084 2853 3147 2913 et
3183 2850 3436 2916 merito-

1891 2956 2089 3033 rium,
2128 2959 2193 3019 et
2225 2955 2305 3018 ad
2346 2954 2617 3018 salutem
2660 2956 3088 3020 necessarium
3118 2961 3228 3022 :et
3270 2958 3437 3024 circa

1892 3062 2266 3148 hujusmodi
2293 3080 2487 3144 opera
2516 3063 2839 3147 praecipue
2864 3064 3149 3128 consistit
3181 3066 3435 3131 virtutis

1891 3173 2166 3237 habitus.
2203 3170 2281 3235 Et
2305 3170 2447 3236 ideo
2473 3176 2627 3235 sunt
2667 3172 3080 3237 concedendae
3119 3172 3431 3256 rationes,

1890 3296 2038 3362 quae
2068 3278 2190 3342 hoc
2215 3278 2574 3343 ostendunt.

1974 3393 2030 3451 1.
2082 3386 2181 3451 Ad
2212 3385 2369 3450 illud
2411 3386 2584 3469 quod
2625 3386 3001 3470 opponitur,
3048 3386 3221 3469 quod
3248 3387 3435 3453 latria

1890 3499 1985 3558 est
2010 3494 2306 3572 servitus,
2324 3493 2665 3557 «licendum
2689 3494 2861 3576 qnod
2886 3497 2981 3557 est
3007 3494 3281 3561 servitus
3306 3514 3436 3577 qua

1891 3602 2170 3667 servitur
2193 3601 2461 3680 bomini,
2493 3606 2557 3664 et
2582 3605 2677 3664 est
2696 3599 2975 3665 servitus
3002 3619 3133 3683 qua
3158 3601 3436 3667 servitur

1890 3708 2018 3773 Deo
2035 3727 2056 3789 3
2086 3712 2150 3772 et
2184 3709 2420 3772 iterum
2456 3711 2550 3771 est
2593 3707 2866 3772 servitus
2908 3707 3330 3788 necessitatis,
3371 3711 3435 3771 et

1889 3819 1985 3880 est
2008 3815 2287 3879 servitus
2312 3832 2459 3897 quae
2489 3819 2584 3878 est
2614 3831 2694 3879 ex
2735 3831 2912 3877 mera
2939 3814 3288 3878 voluntate.
3321 3814 3434 3879 Di-

1891 3922 2165 3986 cendum
2192 3940 2351 4003 ergo
2377 3921 2547 4004 quod
2574 3921 2849 3986 servitus
2875 3920 3006 3997 illa,
3035 3939 3186 4003 quae
3207 3922 3281 3984 fit
3308 3921 3430 3986 bo-

1891 4030 2052 4093 mini
2095 4048 2178 4093 ex
2221 4029 2588 4093 necessitate
2603 4077 2623 4107 ,
2673 4027 2889 4110 aliquo
2935 4028 3125 4092 modo
3167 4029 3434 4111 derogat

1890 4137 2172 4201 hominis
2212 4135 2485 4201 libertati
2516 4157 2531 4200 ε
2571 4138 2634 4199 et
2676 4134 2818 4198 ideo
2856 4153 2991 4199 non
3032 4135 3222 4199 habet
3255 4136 3326 4201 in
3363 4154 3433 4201 se

1890 4243 2328 4309 excellentiam
2355 4242 2632 4308 virtutis.
2659 4240 2947 4306 Servitus
2972 4235 3120 4325 q'uae
3147 4262 3229 4307 ex
3257 4261 3433 4308 mera

1891 4353 2220 4419 voluntate
2262 4352 2334 4415 flt
2380 4351 2529 4429 Deo,
2563 4349 2741 4433 ponit
2782 4349 3112 4413 bominem
3150 4350 3220 4413 in
3262 4354 3433 4416 statu

1889 4459 2103 4523 altiori
2144 4481 2158 4523 :
2190 4460 2255 4522 et
2295 4460 2473 4521 tanto
2501 4456 2711 4538 magis
2746 4456 2892 4519 tacit
2918 4456 3248 4521 hominem
3274 4457 3433 4522 libe-

1891 4586 2063 4645 rum,
2091 4571 2332 4649 quanto
2357 4564 2567 4646 magis
2592 4562 2851 4643 elongat
2872 4563 3198 4650 hominem
3226 4583 3265 4628 a
3295 4583 3433 4647 pec·

1892 4680 2031 4739 cato
2080 4692 2099 4736 :
2152 4676 2218 4736 et
2255 4672 2398 4736 talis
2438 4673 2536 4736 est
2576 4670 2850 4735 servitus
2894 4669 3120 4735 latriae.
3167 4667 3248 4736 Et
3290 4671 3433 4738 ideo

1892 4781 2053 4845 nibil
2100 4779 2366 4862 impedit
2402 4778 2545 4842 talis
2588 4777 2864 4843 servitus
2905 4777 3158 4843 latriam
3196 4777 3435 4846 habere

1892 4889 2205 4955 rationem
2234 4886 2491 4952 virtutis
2516 4884 2867 4968 completae.

1972 5002 2034 5061 2.
2065 4996 2163 5061 Ad
2189 4994 2350 5058 illud
2374 4993 2547 5075 quod
2573 4990 2893 5073 objicitur,
2921 4989 3096 5073 quod
3130 4991 3320 5058 latria
3342 4998 3438 5059 est

1892 5107 2107 5172 cultus
2134 5105 2251 5169 soli
2287 5102 2414 5168 Deo
2443 5101 2724 5181 debitus,
2754 5101 3094 5167 dicendum
3120 5103 3292 5190 quod
3319 5104 3437 5168 ha-

1893 5306 1916 5340 ’
1943 5303 2115 5363 Arist„
2143 5302 2332 5361 Μῶα,
2356 5299 2444 5350 lib.
2476 5299 2549 5356 tl.
2579 5311 2625 5349 c.
2653 5308 2731 5349 111.
2749 5299 2846 5336 -8
2872 5300 3022 5365 Aug„
3048 5299 3110 5350 αι
3131 5300 3284 5352 civit.
3317 5301 3438 5362 Dei,

1893 5375 1980 5426 lib.
2016 5377 2081 5436 V,
2126 5389 2172 5425 c.
2198 5385 2291 5436 ιη
2325 5371 2412 5423 lib.
2435 5371 2522 5434 vl,
2550 5370 2732 5433 Proef.;
2763 5369 2849 5420 lib.
2893 5373 2952 5434 x,
2973 5387 3020 5422 c.
3045 5383 3083 5436 1,
3108 5386 3162 5423 n.
3185 5375 3233 5436 2,
3269 5371 3440 5437 quoad

1895 5461 2121 5501 eentum.
2149 5472 2211 5486 —
2229 5443 2419 5505 ⁸1bid„
2444 5442 2532 5494 lib.
2557 5444 2620 5507 x,
2649 5457 2695 5492 c.
2726 5455 2765 5505 1,
2782 5455 2835 5494 n.
2861 5444 2908 5494 3.
