4185 6288
1575 442 1953 511 DISTINCT.
1992 444 2210 511 xxm.

277 574 564 657 jectum,
598 577 661 640 et
701 574 793 639 sic
835 576 1146 644 diffinitur
1174 597 1213 642 a
1241 577 1540 661 Dionysio
1568 579 1637 644 in
1663 580 1831 644 libro

286 682 366 749 de
395 683 666 749 Divinis
693 683 1080 752 Nominibus
1103 735 1120 762 ,
1159 686 1365 768 capite
1410 690 1449 749 7
1471 685 1491 720 ¹
1541 707 1558 752 z
1589 710 1621 749 α
1649 686 1833 752 Fides

286 795 381 855 est
407 791 676 856 unicum
705 793 1102 857 credentium
1143 794 1637 859 fundamentum
1661 845 1679 874 ,
1725 814 1832 859 eos

286 898 599 962 collocans
636 898 708 962 in
744 899 1027 965 veritate.
1069 924 1100 961 ι)
1138 900 1586 966 Consideratur
1638 906 1831 966 etiam

285 1003 356 1067 in
384 1005 858 1087 comparatione
897 1006 979 1071 ad
1019 1007 1274 1072 habitus
1312 1009 1474 1072 alios
1514 1012 1831 1090 quantum

286 1109 369 1174 ad
405 1112 786 1177 assentiendi
823 1111 1128 1191 modum,
1159 1117 1224 1177 et
1261 1115 1351 1178 sic
1394 1115 1705 1179 diffinitur
1750 1116 1831 1178 ab

287 1215 562 1298 Hugone
575 1266 598 1298 ,
646 1219 717 1282 in
746 1219 908 1283 libro
937 1218 1015 1285 de
1047 1219 1476 1287 sacramentis
1497 1222 1557 1284 ¹:
1588 1245 1619 1282 α
1647 1221 1833 1286 Fides

286 1328 384 1389 est
428 1326 737 1391 certitudo
774 1327 1070 1410 quaedam
1111 1328 1188 1393 de
1224 1330 1418 1394 rebus
1443 1330 1828 1410 absentibus,

285 1452 484 1517 supra
510 1436 881 1518 opinionem
904 1485 923 1516 ,
952 1442 1017 1501 et
1047 1437 1210 1502 intra
1235 1438 1564 1501 scientiam
1592 1437 1831 1501 consti-

285 1544 448 1605 tuta.
481 1563 511 1602 x·
547 1541 643 1607 Ex
669 1543 772 1608 his
799 1547 990 1626 patet,
1021 1545 1193 1628 quod
1224 1544 1380 1609 fides
1407 1545 1599 1608 habet
1626 1544 1833 1608 diver-

284 1647 529 1714 simode
558 1651 902 1731 notificari,
936 1653 1289 1717 secundum
1317 1653 1490 1735 quod
1515 1652 1707 1716 habet
1734 1652 1835 1715 di-

281 1756 643 1823 versimode
687 1759 1109 1837 considerari,
1139 1760 1433 1824 videlicet
1469 1760 1538 1822 in
1569 1777 1833 1842 compa-

281 1863 532 1928 ratione
572 1864 651 1929 ad
686 1884 898 1947 genus
945 1868 1271 1951 proprium
1295 1916 1313 1946 ,
1345 1869 1426 1934 ad
1457 1870 1647 1933 ssnem
1682 1868 1831 1932 ulti-

283 1990 493 2051 mum,
524 1972 607 2036 ad
632 1973 979 2055 obJectum,
1011 1974 1094 2038 ad
1120 1979 1336 2038 actum
1363 1974 1720 2057 proprium,
1752 1976 1833 2040 ad

280 2079 667 2160 subjectum,
690 2080 770 2144 ad
791 2079 1084 2144 habitum
1111 2079 1528 2162 disparatum.
1559 2082 1655 2145 Ad
1674 2082 1833 2148 illud

277 2185 456 2269 quod
502 2185 710 2267 primo
763 2186 1064 2269 objicitur
1113 2187 1192 2250 de
1247 2185 1513 2263 Thoma,
1559 2190 1733 2271 quod
1771 2195 1835 2254 et

280 2292 465 2369 vidit,
495 2297 558 2355 et
585 2292 879 2373 credidit,
912 2293 1254 2359 dicendum
1282 2294 1452 2376 quod
1487 2295 1660 2358 aliud
1688 2315 1832 2360 cre-

282 2399 480 2479 didit,
511 2400 748 2465 scilicet
782 2400 1203 2481 divinitatem,
1231 2409 1295 2466 et
1319 2402 1491 2466 aliud
1522 2402 1709 2482 vidit,
1739 2404 1833 2466 vi-

280 2505 509 2571 delicet
537 2506 1051 2572 humanitatem:
1080 2509 1187 2573 sed
1211 2509 1334 2574 hoc
1362 2510 1594 2574 melius
1617 2510 1782 2573 inl'ra
1812 2511 1834 2546 ¹

279 2612 834 2693 determinabitur,
859 2633 1008 2680 cum
1023 2619 1254 2697 agetur
1277 2617 1355 2681 de
1383 2618 1631 2700 objecto
1653 2617 1797 2682 fidei
1811 2666 1825 2682 .

928 2782 1067 2828 mm.
1109 2782 1178 2827 11.

546 2891 803 2957 Accipitur
828 2894 1003 2944 autem
1031 2892 1157 2945 fides
1185 2893 1347 2945 tribus
1375 2895 1563 2946 modis.

361 3041 626 3108 Videtur
665 3043 836 3126 quod
867 3044 1319 3110 insufficienter
1347 3045 1701 3127 distinguat
1726 3049 1828 3130 ip-

279 3170 421 3216 sam
450 3152 644 3217 ssdem
674 3176 689 3219 :
719 3154 1012 3218 videmus
1047 3155 1221 3219 enim
1254 3155 1446 3219 fidem
1485 3155 1830 3239 aliquando

280 3259 481 3342 accipi
519 3277 637 3342 pro
667 3259 803 3342 ipsa
829 3260 1212 3326 conscientia
1232 3310 1250 3339 ,
1282 3263 1630 3327 secundum
1657 3264 1830 3346 quod

280 3367 516 3431 dicitur
539 3373 561 3408 ⁸
591 3389 608 3431 ι
647 3367 875 3447 Omne,
903 3367 1076 3450 quod
1100 3385 1230 3435 non
1257 3376 1350 3435 est
1379 3386 1461 3436 ez·
1487 3370 1647 3450 fide,
1673 3388 1830 3453 pec-

281 3483 497 3542 catum
523 3484 662 3559 est;
687 3477 857 3560 quod
888 3495 1020 3541 non
1057 3479 1417 3542 continetur
1453 3480 1573 3542 sub
1616 3480 1832 3563 aliquo

281 3586 760 3667 praedictorum.
788 3584 981 3651 Juxta
1006 3587 1129 3650 hoc
1154 3588 1469 3670 quaeritur
1494 3593 1652 3672 quot
1694 3608 1830 3654 mo-

280 3696 382 3760 dis
409 3698 566 3762 fides
590 3699 860 3763 dicatur.

363 3802 544 3887 Resp.
582 3803 930 3869 Dicendum
955 3805 1126 3887 quod
1167 3806 1325 3870 ssdes
1361 3806 1687 3873 invenitur
1722 3826 1826 3872 ac·

280 3913 410 3996 cipi
436 3915 656 3978 decem
683 3914 908 3979 modis,
933 3914 1296 3997 Aliquando
1321 3917 1494 3981 enim
1521 3918 1832 4000 accipitur

279 4039 401 4105 pro
436 4021 774 4105 sponsione
800 4027 823 4064 ⁸
853 4042 870 4087 ε
901 4023 1184 4089 Primam
1210 4023 1404 4104 fidem
1438 4027 1701 4092 irritam
1738 4028 1830 4107 fe-

279 4135 530 4196 cerunt.
582 4129 940 4212 Aliquando
992 4149 1109 4215 pro
1156 4131 1458 4197 fidelitate
1482 4141 1505 4174 ⁸
1559 4155 1577 4198 z
1629 4135 1833 4202 Periit

280 4236 447 4317 fides
498 4241 556 4303 et
603 4243 869 4304 sanctus
925 4236 1001 4304 de
1055 4242 1250 4305 terra.
1298 4238 1660 4323 Aliquando
1714 4260 1831 4324 pro

247 4344 709 4409 *conscientia*
739 4366 758 4410 ε
794 4345 988 4411 Omne
1026 4344 1199 4427 quod
1239 4362 1369 4414 non
1396 4353 1489 4415 est
1525 4363 1612 4414 ex
1651 4348 1783 4428 fide
1804 4396 1828 4429 ,

273 4457 607 4534 peccatum
673 4456 789 4518 est.
852 4451 1215 4533 Aliquando
1264 4471 1385 4536 pro
1436 4460 1831 4520 sacramento

281 4557 455 4638 fidei,
495 4559 851 4623 secundum
894 4560 1065 4642 quod
1108 4560 1259 4625 dicit
1297 4560 1703 4644 Augustinus
1742 4564 1832 4631 ad

281 4666 763 4746 Boniraciuw,
792 4667 965 4749 quod
993 4691 1023 4730 a
1049 4685 1182 4733 non
1209 4676 1304 4733 est
1329 4669 1504 4734 aliud
1531 4671 1830 4754 parvulos

279 4776 520 4841 habere
544 4777 763 4858 fldem,
793 4796 993 4861 quam
1017 4779 1254 4845 habere
1280 4781 1430 4846 fldei
1464 4800 1830 4847 sacramen-

251 4889 447 4949 tum.
472 4907 504 4944 n
542 4885 898 4968 Aliquando
927 4905 1042 4969 pro
1078 4888 1441 4954 assensione
1477 4890 1833 4954 conclusio·

281 4991 384 5055 nis
421 5009 536 5074 per
569 4992 883 5057 rationem
915 4993 1230 5075 probatae,
1260 4996 1617 5061 secundum
1659 4996 1832 5080 quod

257 5099 436 5164 -dicit
473 5097 729 5165 Boetius
763 5120 782 5166 t
820 5125 854 5162 a
879 5102 1359 5184 Argumentum
1398 5110 1491 5169 est
1531 5104 1696 5169 ratio
1738 5103 1832 5169 rei

345 5291 365 5326 ¹
385 5291 540 5342 Dion.
557 5291 768 5356 Areop.,
788 5289 849 5341 de
865 5291 980 5343 Div.
999 5291 1169 5357 Nom,
1187 5306 1233 5344 c.
1251 5305 1345 5358 vn,
1365 5308 1472 5345 non
1490 5294 1642 5361 longe
1661 5309 1693 5346 a
1707 5294 1829 5346 fine.

280 5388 344 5401 —
364 5362 388 5398 ⁸
414 5364 572 5427 Bag„
603 5363 664 5413 de
696 5364 947 5428 Sacram„
974 5377 1029 5428 p.
1055 5376 1110 5428 x,
1132 5378 1180 5415 c.
1212 5377 1249 5416 ι.
1272 5392 1336 5403 -
1366 5366 1389 5401 ⁸
1425 5367 1554 5418 Dist.
1598 5378 1743 5418 xxiv.
1771 5394 1828 5405 —

281 5435 306 5471 ⁸
329 5437 490 5496 Rom„
515 5445 625 5499 xrv,
652 5438 797 5488 28.-
819 5435 882 5486 ⁸1
911 5436 1056 5501 Tim„
1086 5448 1138 5499 v,
1171 5439 1313 5489 12.-
1338 5438 1360 5474 ⁸
1384 5438 1591 5503 lev-em„
1614 5451 1710 5504 vu,
1749 5443 1829 5491 28.

3371 467 3490 531 479

1940 580 2156 647 duhiae
2178 583 2414 649 faciens
2436 586 2649 653 fidem.
2679 611 2711 650 n
2736 592 3098 677 Aliquando
3122 615 3240 680 pro
3268 602 3491 682 cogni-

1939 687 2110 752 tione
2149 692 2764 776 comprehensioniS,
2795 701 3150 767 secuudum
3185 707 3357 788 quod
3389 708 3486 772 di-

1940 796 2150 860 citur-⁸
2204 821 2218 864 :
2268 801 2539 868 Justitz‘a
2586 805 2700 870 Dei
2750 802 3062 877 revelatur
3107 828 3193 877 ex
3239 813 3368 894 tide
3413 818 3488 882 in

1939 904 2164 985 sulem,-
2186 905 2400 970 Glossa
2431 929 2446 973 ε
2486 933 2516 969 α
2542 910 2620 974 1η
2646 912 2846 992 fidem
2871 916 3041 998 spei,
3077 937 3226 1000 quae
3257 921 3490 987 dieitur

1938 1015 2115 1094 fides,
2160 1018 2313 1099 quia
2350 1019 2765 1086 fidentissima
2808 1030 2871 1089 et
2913 1029 3262 1095 certissima
3302 1038 3417 1097 est.
3448 1058 3479 1094 n

1938 1123 2300 1204 Aliquando
2328 1145 2442 1208 pro
2468 1128 2696 1194 habitu
2720 1132 2867 1196 fidei
2895 1134 3221 1200 informis⁹
3248 1141 3486 1208 :Fides

1938 1230 2080 1295 sine
2108 1233 2402 1313 operibus
2430 1242 2679 1303 mortua
2706 1244 2818 1304 est.
2847 1239 3208 1323 Aliquando
3234 1264 3350 1327 pro
3379 1247 3488 1312 ha·

1939 1337 2077 1400 bitu
2116 1338 2265 1402 fidei
2311 1340 2692 1409 formatae⁹2
2737 1347 2956 1412 Justus
2999 1366 3081 1414 ex
3121 1351 3253 1430 fide
3290 1354 3485 1422 vivit.

1938 1443 2295 1527 Aliquando
2340 1467 2457 1530 pro
2492 1456 2641 1515 actu
2690 1452 2877 1532 fidei,
2923 1458 3275 1522 secundum
3318 1463 3487 1543 quod

1939 1548 2090 1612 dicit
2161 1550 2570 1633 Augustinus
2605 1556 2648 1596 ¹⁰
2686 1574 2704 1619 z
2765 1580 2795 1617 α
2839 1557 3022 1623 Fides
3072 1566 3169 1626 est
3229 1566 3487 1631 credere

1939 1656 2112 1737 quod
2157 1674 2288 1720 non
2337 1658 2536 1723 vides.
2590 1682 2620 1720 υ
2674 1662 3035 1746 Aliquando
3081 1687 3197 1751 pro
3242 1672 3489 1754 objecto

1939 1762 2139 1844 ipsius
2166 1764 2335 1843 fidei,
2366 1769 2719 1833 secundum
2749 1772 2918 1852 quod
2949 1772 3182 1840 dicitur
3206 1777 3278 1842 in
3305 1778 3489 1863 Sym·

1940 1869 2086 1933 bolo
2113 1871 2481 1938 Athanasii:
2507 1878 2656 1942 Hoee
2684 1884 2775 1943 est
2795 1879 2957 1959 fides
2988 1881 3337 1967 catholica,
3364 1894 3483 1953 etc.

1940 1976 2026 2042 De
2053 1980 2355 2044 omnihus
2390 1986 2607 2046 autem
2650 1984 2752 2048 his
2790 1987 2997 2051 modis
3039 1993 3352 2075 contingit
3390 1996 3485 2060 di-

1940 2102 2082 2149 cere
2111 2086 2304 2150 fldem
2331 2087 2683 2153 secundum
2720 2094 3064 2174 quamdam
3096 2098 3482 2181 analogiam,

1940 2213 2055 2277 pro
2081 2213 2158 2259 eo
2203 2197 2374 2278 quod
2405 2197 2476 2260 in
2505 2199 2804 2264 omnibus
2845 2205 3161 2285 reperitur
3190 2210 3487 2289 quaedam

1939 2302 2123 2382 rati0,
2150 2308 2213 2367 et
2238 2323 2532 2370 assensus
2555 2307 2938 2374 credulitatis
2966 2314 3068 2394 cuj
3079 2314 3323 2393 usdam,
3345 2317 3489 2382 licet

1939 2426 2072 2473 non
2098 2410 2523 2476 uniformiter.
2550 2412 2633 2478 De
2660 2415 2760 2479 his
2787 2423 3004 2482 autem
3034 2419 3252 2485 decem
3281 2425 3487 2489 modis

1940 2515 2242 2598 Magister
2286 2519 2493 2584 solum
2538 2526 2666 2586 tres
2714 2527 3020 2607 assumit3
3072 2533 3137 2593 et
3172 2531 3263 2594 illi
3310 2536 3483 2612 sunt,

1940 2626 2052 2707 qui
2079 2626 2320 2692 faciunt
2346 2629 2422 2692 ad
2453 2648 2648 2693 suum
2673 2636 3068 2716 propositum
3110 2639 3481 2724 principale,

1938 2733 2228 2800 videlicet
2261 2736 2343 2801 ad
2370 2738 2720 2819 praemissae
2751 2741 3150 2811 diffinitionis
3179 2738 3479 2831 explanass

1939 2840 2200 2906 tionem.

2580 2987 2720 3034 mm.
2765 2989 2856 3035 111.

2167 3114 2316 3167 Aliud
2342 3120 2422 3169 est
2446 3117 2583 3172 enim
2613 3120 2822 3173 credere
2850 3122 2904 3174 in
2932 3124 3131 3192 Deum,
3163 3131 3261 3181 etc.

2021 3269 2252 3336 Contra
2283 3295 2298 3337 ε
2334 3271 2397 3337 Si
2431 3274 2691 3341 habitus
2720 3278 3208 3363 distinguuntur
3237 3305 3351 3369 per
3376 3308 3487 3354 ac·-

1940 3382 2074 3455 tuS,
2106 3379 2359 3443 videtur
2386 3382 2559 3463 quod
2592 3402 2724 3447 non
2752 3386 2833 3450 sit
2861 3389 3054 3454 unius
3084 3393 3229 3458 fidei
3270 3399 3485 3462 omnia

1940 3486 2059 3549 ista
2108 3486 2334 3567 facere,
2375 3488 2484 3552 sed
2538 3490 2938 3558 diversarum
2987 3515 3005 3560 :
3049 3501 3482 3580 quodfalsum

1940 3595 2068 3672 est,
2102 3594 2257 3674 quia
2282 3613 2414 3658 una
2445 3597 2568 3661 tide
2600 3599 2819 3664 omnia
2860 3600 3002 3666 haec
3030 3605 3151 3670 tria
3190 3608 3483 3677 facimus.

1941 3698 2100 3763 Item
2125 3701 2382 3765 videtur
2415 3702 2587 3784 quod
2626 3706 2791 3770 male
2824 3706 3093 3774 diffiniat
3128 3714 3373 3783 credere
3410 3722 3484 3785 in

1940 3807 2162 3886 Deum,
2213 3826 2363 3872 cum
2409 3809 2560 3873 dicit
2598 3814 2770 3894 quod
2807 3837 2838 3874 a
2873 3816 3126 3883 credere
3169 3821 3239 3885 in
3283 3823 3484 3890 Deum

1940 3917 2034 3977 est
2061 3914 2373 3979 credendo
2413 3935 2664 3994 amare,
2698 3940 2729 3977 ι)
2765 3924 2882 3984 etc.
2923 3921 2991 3987 Si
3019 3927 3190 3991 enim
3234 3934 3486 3999 credere

1940 4025 2004 4085 et
2030 4040 2247 4086 amare
2273 4028 2423 4086 sunt
2448 4029 2627 4089 actus
2652 4025 2985 4111 disparati,
3017 4034 3274 4102 videtur
3312 4044 3484 4124 quod

1938 4148 2113 4194 unus
2133 4148 2249 4211 per
2273 4130 2546 4196 alterum
2586 4150 2718 4197 non
2745 4134 2976 4200 habeat
3003 4140 3283 4210 diffiniri.
3324 4146 3483 4214 Item

1940 4236 2193 4302 videtur
2219 4254 2353 4301 esse
2376 4236 2716 4304 inculcatio
2743 4244 3123 4329 verborum,
3158 4269 3307 4317 cum
3334 4256 3487 4322 dicit

1939 4342 2251 4409 credendo
2283 4360 2533 4422 amare,
2563 4347 2879 4416 credendo
2910 4353 2980 4418 in
3014 4371 3154 4421 eum
3194 4362 3322 4441 ire,
3352 4380 3481 4431 cre-

1941 4449 2153 4517 dendo
2193 4452 2596 4534 incorporari
2624 4478 2639 4517 :
2671 4454 2841 4520 idem
2880 4460 3055 4524 enim
3084 4464 3337 4532 videtur
3371 4491 3487 4554 per

1938 4558 2138 4623 verba
2163 4556 2274 4620 illa
2301 4557 2450 4623 dici.

2020 4664 2208 4746 Resp.
2257 4663 2603 4730 Dicendum
2640 4670 2835 4752 quod,
2876 4672 3041 4740 sicut
3080 4678 3229 4745 dicit
3254 4682 3486 4768 Magis-

1939 4776 2070 4852 ter,
2116 4772 2288 4836 aliud
2331 4778 2394 4836 et
2438 4773 2613 4839 aliud
2656 4782 2785 4857 est,
2832 4780 2968 4845 sive
3002 4784 3165 4851 alius
3213 4796 3275 4854 et
3318 4794 3484 4860 alius

1940 4877 2169 4942 modus
2198 4878 2491 4943 credendi
2521 4899 2539 4945 ε
2573 4883 2826 4949 credere
2867 4886 3028 4969 Deo,
3059 4896 3121 4956 et
3157 4893 3391 4977 Deum,
3420 4908 3486 4967 et

1941 4986 2010 5050 in
2052 4984 2275 5048 Deum.
2308 4984 2386 5049 Et
2430 4985 2536 5050 isti
2579 4988 2838 5074 quidem
2880 5001 3058 5061 actus
3098 5011 3363 5083 possunt
3402 5011 3482 5075 ad

1940 5093 2226 5158 diversos
2266 5091 2525 5157 habitus
2578 5098 2936 5181 pertinere3
2988 5114 3251 5188 possunt
3292 5116 3481 5183 etiarn

1941 5318 2004 5331 ...
2028 5293 2051 5329 τ
2076 5293 2229 5356 Aug„
2256 5289 2327 5341 ad
2360 5292 2553 5360 Bouill,
2586 5294 2742 5361 Epist.
2773 5311 2925 5364 xxm,
2953 5303 3019 5354 al.
3048 5318 3235 5374 xcvm,
3261 5324 3316 5363 n.
3346 5318 3392 5369 9.
3423 5343 3486 5356 —-

1940 5365 1964 5401 a
1986 5366 2143 5429 Rom„
2169 5374 2206 5426 1,
2240 5364 2313 5414 17.
2337 5365 2437 5402 —2
2463 5367 2590 5431 Jac„
2613 5379 2671 5432 11,
2704 5371 2781 5435 to,
2810 5373 2888 5425 26.
2915 5401 2970 5412 -
2996 5378 3039 5415 ¹⁰
3069 5380 3217 5446 Aug„
3244 5385 3294 5436 in
3321 5388 3485 5462 loom,

1921 5441 2090 5490 tract.
2121 5447 2211 5499 ιι,
2238 5448 2293 5498 n,
2317 5437 2366 5486 9.
