4185 6288
484 1780 615 1838 Opia.
636 1784 677 1827 ³.

722 589 995 654 nicatem
1023 587 1093 652 in
1118 584 1468 663 causand03
1500 584 1670 650 sicut
1692 585 1786 651 sol
1820 587 2049 652 dicitur
2071 605 2262 652 causa

721 696 1102 762 universalis
1117 743 1135 774 ,
1166 711 1300 757 non
1324 693 1477 776 quia
1501 694 1580 758 de
1602 694 1741 758 aliis
1768 695 1975 759 causis
2000 695 2260 760 inferio-

721 809 900 875 ribus
933 807 1334 892 praedicatur,
1383 805 1495 870 sed
1538 805 1686 887 quia
1723 805 1880 870 alias
1909 806 2174 888 adjuvat
2200 809 2262 869 et

721 919 959 982 movet.
990 915 1068 981 Et
1091 915 1255 987 ideo,
1288 913 1450 977 sicut
1489 912 1784 996 possibile
1820 916 1914 977 est
1938 913 2110 995 quod
2138 912 2262 977 ali-

720 1025 873 1107 quid
900 1024 1133 1088 habeat
1173 1021 1484 1084 rationem
1514 1018 1828 1100 generalis
1854 1019 2117 1083 motoris
2150 1036 2259 1084 re-

719 1134 938 1214 spectu
958 1128 1254 1205 aliorum,
1298 1129 1361 1190 et
1385 1129 1598 1190 tamen
1628 1125 1697 1188 in
1733 1143 1799 1188 se
1826 1125 1905 1188 sit
1934 1143 2165 1203 unum,
2199 1129 2262 1190 et

720 1237 790 1301 in
813 1237 953 1302 aliis
977 1236 1349 1300 distinctum
1377 1233 1445 1296 in
1472 1231 1680 1297 causis
1703 1230 2135 1310 naturalibus;
2170 1234 2262 1298 sic

720 1344 983 1427 reperiri
1009 1342 1325 1424 contingit
1353 1342 1419 1405 in
1449 1340 1683 1404 animae
1712 1338 2006 1422 potentiis
2024 1343 2089 1403 et
2114 1340 2263 1404 viri·

721 1453 865 1516 bus.
899 1450 1066 1530 lde0,
1101 1449 1398 1533 quamvis
1443 1448 1741 1513 voluntas
1799 1447 2069 1529 imperet
2121 1447 2261 1513 aliis

719 1559 970 1624 viribus
993 1558 1229 1622 animae
1256 1605 1275 1635 ,
1303 1561 1368 1621 et
1402 1555 1677 1620 charitas
1707 1554 1851 1618 aliis
1885 1556 2256 1635 virtutihus,

722 1685 854 1732 non
879 1669 1126 1750 oportet
1149 1667 1406 1748 propter
1431 1663 1555 1727 hoc
1584 1680 1841 1745 ponere,
1871 1662 2041 1744 quod
2068 1663 2149 1726 ab
2173 1664 2262 1729 eis

721 1793 857 1839 non
905 1773 1360 1854 distinguatur.
1400 1768 1654 1834 Tertius
1693 1787 1848 1833 vero
1897 1770 2128 1835 modus
2164 1770 2259 1834 di-

723 1882 905 1946 cendi
927 1879 1287 1946 communis
1309 1882 1371 1941 et
1388 1876 1683 1952 usitatus,
1708 1875 1942 1940 rationi
1965 1880 2029 1940 et
2048 1880 2261 1940 aucto·

720 1988 1015 2053 ritatihus
1042 1986 1194 2051 satis
1219 2001 1537 2049 consonus
1560 2031 1577 2060 ,
1606 1988 1700 2048 est
1725 1983 1898 2065 quod
1936 1982 2261 2047 charitatis

719 2095 974 2160 habitus
1018 2097 1112 2158 est
1160 2093 1240 2156 ab
1276 2091 1599 2155 habitibus
1642 2090 1916 2155 aliarum
1943 2091 2257 2156 virtutum

718 2203 1087 2277 distinctus,
1118 2200 1282 2265 sicut
1325 2200 1534 2262 innuit
1577 2197 1937 2280 Apostolus
1997 2197 2075 2261 Et
2119 2200 2261 2281 eJus

719 2312 1034 2378 distinctio
1077 2312 1159 2375 ah
1186 2309 1513 2374 habitibus
1540 2309 1681 2373 aliis
1706 2312 1914 2393 potest
1936 2309 2150 2391 colligi
2178 2328 2261 2374 ex

719 2420 1053 2502 multiplici
1121 2419 1327 2502 ipsius
1392 2418 1886 2501 comparatione,
1967 2417 2133 2482 sicut
2195 2419 2261 2481 in

718 2527 1097 2611 opponendo
1124 2527 1241 2590 fuit
1268 2525 1774 2591 demonstratum
1808 2548 1824 2590 ε
1857 2525 2068 2607 primo
2087 2526 2261 2592 vide-

717 2635 867 2700 licet
904 2653 986 2698 ex
1032 2633 1500 2715 comparatione
1545 2631 1625 2696 ad
1672 2632 1995 2714 objectum
2021 2680 2039 2709 ,
2089 2634 2256 2716 quod

719 2744 839 2807 sub
886 2742 1129 2806 ratione
1168 2739 1465 2805 movendi
1511 2740 1593 2803 ab
1628 2739 1771 2803 aliis
1796 2740 2255 2821 distinguitur;

717 2851 995 2918 secundo
1021 2867 1135 2932 per
1157 2850 1693 2931 comparationem
1721 2848 1800 2911 ad
1827 2854 2063 2928 actum,
2108 2851 2260 2933 quia

716 2959 925 3024 differt
967 2957 1049 3021 ab
1089 2956 1333 3020 actibus
1373 2955 1680 3034 aliarum;
1712 2956 1900 3021 tertio
1942 2975 2056 3037 per
2084 2975 2259 3021 com-

714 3066 1111 3151 parationem
1137 3063 1217 3128 ad
1247 3064 1606 3147 subjectum
1636 3065 2003 3148 proprium3
2029 3070 2259 3148 quarto

651 3160 655 3164 ’
716 3192 831 3259 per
855 3173 1393 3255 comparationem
1433 3172 1514 3255 ad
1541 3173 1907 3255 oppositum
1930 3220 1947 3248 ,
1988 3173 2159 3255 quod
2199 3174 2258 3237 ei

715 3280 1127 3345 determinate
1163 3281 1507 3363 opponitur
1526 3329 1544 3359 ‚
1575 3281 1662 3343 ita
1701 3279 1870 3361 quod
1900 3298 2032 3343 non
2066 3279 2255 3343 habi-

714 3387 886 3451 tibus
899 3387 1170 3451 aliarum
1186 3387 1533 3465 virtutum;
1562 3387 1786 3469 quinto
1800 3404 1913 3468 per
1933 3404 2074 3450 com
2080 3405 2259 3469 para-

715 3498 956 3562 tionem
973 3497 1053 3560 ad
1071 3497 1436 3580 praemium,
1468 3498 1535 3560 in
1554 3515 1683 3579 quo
1703 3497 2086 3580 perficietur,
2109 3515 2255 3560 cum

714 3606 970 3671 habitus
998 3606 1133 3688 spei
1169 3609 1232 3669 et
1275 3605 1420 3668 fidei
1460 3604 1875 3669 evacuabitur
1907 3605 2018 3687 (α);
2076 3608 2258 3668 sexto

716 3732 894 3792 vero,
911 3718 974 3777 et
999 3713 1253 3790 ultimo,
1276 3731 1389 3795 per
1410 3712 1952 3795 comparationem
1970 3712 2049 3777 ad
2063 3731 2256 3777 suum

716 3820 1105 3904 principium
1136 3868 1154 3898 ‚
1219 3819 1392 3902 quod
1459 3822 1888 3902 repraesentat.
1963 3817 2259 3885 Consistit

715 3928 889 3992 enim
919 3930 1135 4009 imago
1157 3927 1562 3992 recreationis
1587 3927 1656 3989 in
1683 3927 1887 3991 tribus
1911 3926 2258 3991 virtutibus

715 4035 1091 4117 theologicis
1108 4084 1127 4114 ,
1177 4040 1241 4099 et
1271 4036 1519 4099 unitate
1547 4034 1814 4115 gratiae3
1846 4034 2010 4098 sicut
2037 4034 2257 4116 imago

717 4147 1056 4212 creationis
1078 4147 1145 4210 in
1174 4145 1383 4209 tribus
1407 4146 1726 4228 potentiiS,
1758 4149 1823 4210 et
1842 4147 2084 4211 unitate
2113 4148 2258 4211 sub-

716 4255 987 4319 stantiae.
1018 4253 1086 4318 Si
1115 4271 1273 4335 ergo
1301 4253 1455 4335 ipsae
1489 4253 1811 4335 potentiae,
1839 4253 1918 4317 ad
1946 4244 2062 4318 hoc
2084 4255 2257 4336 quod

715 4362 841 4426 sint
868 4365 1034 4426 recte
1064 4364 1303 4444 imago,
1334 4380 1374 4425 a
1392 4361 1757 4425 seinvicem
1782 4361 2250 4441 discernuntur,

716 4474 780 4535 et
806 4487 939 4535 una
968 4470 1043 4534 de
1083 4470 1282 4534 altera
1322 4488 1453 4533 non
1481 4469 1879 4554 praedicatur3
1912 4470 2021 4534 sed
2051 4470 2118 4533 in
2142 4470 2258 4534 tri-

716 4579 839 4642 bus
881 4578 1226 4642 virtutibus
1258 4576 1627 4658 theologicis
1669 4578 1987 4660 reperitur
2026 4577 2257 4641 simili-

712 4688 813 4750 ter
852 4685 1017 4749 ratio
1056 4684 1393 4766 cujusdam
1426 4684 1765 4765 imaginis;
1822 4689 2255 4767 opportunum

713 4811 874 4875 ergo
911 4797 1010 4857 est
1052 4810 1288 4875 ponere
1318 4792 1487 4875 ipsas
1514 4793 1594 4856 ad
1625 4792 1903 4856 invicem
1935 4792 2257 4856 distinctas

714 4919 872 4965 esse.
904 4899 1389 4965 concedendum
1424 4905 1517 4963 est
1542 4899 1747 4979 igitur
1778 4899 2074 4963 habitum
2102 4899 2252 4963 cha-

714 5006 916 5072 ritatis
941 5007 1310 5071 distinctum
1338 5024 1474 5069 esse
1507 5006 1588 5069 ab
1616 5006 1941 5071 habitibus
1981 5008 2255 5072 aliarum

715 5114 1074 5191 virtutum3
1106 5112 1523 5177 concedendae
1550 5116 1703 5177 sunt
1729 5113 1921 5177 etiam
1952 5114 2253 5196 rationeS,

715 5236 863 5300 quae
884 5218 1006 5282 hoc
1028 5220 1389 5283 ostendunt.

799 5330 859 5387 1.
903 5322 1000 5387 Ad
1038 5324 1195 5389 illud
1241 5342 1395 5389 vero
1425 5326 1600 5408 quod
1628 5326 1837 5407 primo
1859 5327 2158 5410 objicitur
2185 5329 2254 5393 in

785 5447 854 5513 (a)
880 5446 1000 5498 cat.
1027 5447 1149 5499 aaa.
1175 5448 1429 5512 perficit...
1452 5454 1746 5502 evacuatur.

1797 450 2418 519 sammullam
2455 453 2608 521 LlB.
2650 455 2757 522 ΠΙ.

2373 593 2763 658 contrarium
2825 593 2904 658 de
2954 595 3323 660 auctoritate
3367 598 3651 681 Apostoli
3676 647 3695 676 ,
3744 606 3900 683 patet

2369 701 2695 783 responsio
2721 720 2801 766 ex
2834 704 2965 784 jam
2992 703 3201 782 dictis;
3232 706 3541 786 quoniam
3563 711 3745 770 actus
3766 707 3901 771 alia-

2369 823 2519 870 rum
2563 807 2877 872 virtutum
2933 809 3376 874 attribuuntur
3424 811 3548 893 ipsi
3598 812 3900 893 charitati,

2370 930 2501 977 non
2545 913 2711 977 sicut
2748 914 3016 979 elicienti
3040 965 3059 996 ,
3105 917 3214 980 sed
3254 917 3420 981 sicut
3443 918 3820 1001 imperanti3
3846 926 3905 985 et

2370 1020 2533 1085 sicut
2555 1022 2785 1086 motori
2812 1022 3043 1104 prim0,
3072 1041 3206 1088 non
3231 1024 3394 1090 sicut
3420 1027 3649 1091 motori
3675 1027 3903 1093 imme—

2370 1130 2560 1196 diato.
2603 1129 2683 1195 Et
2718 1131 2861 1195 ideo
2906 1150 2989 1196 ex
3035 1133 3158 1196 hoc
3202 1152 3330 1198 non
3373 1138 3578 1217 potest
3621 1138 3904 1203 concludi

2370 1238 2543 1321 quod
2570 1239 2845 1303 charitas
2868 1240 2950 1304 ab
2976 1239 3117 1304 aliis
3143 1241 3491 1306 virtutihus
3516 1261 3651 1307 non
3686 1244 3905 1310 distin-

2374 1351 2639 1427 guatur,
2669 1348 2825 1428 quia
2875 1365 3005 1412 non
3060 1348 3254 1412 habet
3300 1350 3790 1429 generalitatem
3832 1354 3905 1416 ad

2371 1453 2512 1518 illas
2535 1454 2603 1517 in
2634 1455 3059 1538 praedicando,
3087 1455 3198 1520 sed
3225 1455 3436 1520 solum
3467 1455 3537 1519 in
3568 1459 3905 1523 movendo.

2448 1565 2511 1626 2.
2558 1562 2659 1627 Ad
2700 1562 2859 1627 illud
2900 1562 3072 1646 quod
3112 1561 3412 1644 objicitur
3434 1562 3515 1627 de
3538 1566 3907 1630 auctoritate

2371 1666 2779 1752 Hieronymi,
2809 1669 2980 1753 quod
3006 1669 3211 1733 virtus
3241 1687 3372 1734 non
3398 1674 3495 1734 est
3512 1670 3694 1735 aliud
3721 1690 3909 1754 quam

2368 1775 2643 1840 charitas
2665 1825 2682 1855 ,
2711 1776 3052 1841 dicendum
3083 1776 3255 1858 quod
3282 1777 3652 1858 praedicatio
3688 1780 3795 1843 illa
3823 1787 3910 1845 aa

2368 1882 2736 1964 praedicatio
2761 1884 3052 1948 causalis.
3080 1882 3226 1948 ldeo
3253 1884 3426 1949 enim
3454 1903 3686 1950 omnes
3715 1888 3909 1952 virtu-

2369 1994 2463 2053 tes
2509 1990 2768 2054 diffiniri
2820 1995 3085 2074 possunt
3122 2010 3237 2074 per
3284 1991 3662 2056 charitatem
3689 2042 3708 2069 ,
3767 1996 3908 2076 quia

2369 2113 2550 2160 amor
2595 2097 2919 2161 charitatis
2961 2097 3069 2162 dat
3110 2099 3171 2162 ei
3210 2099 3526 2163 rationem
3573 2102 3859 2166 merendi
3888 2123 3903 2164 ε

2368 2222 2496 2286 qua
2523 2204 2752 2285 ablata,
2781 2223 2915 2269 non
2933 2210 3028 2270 est
3043 2206 3296 2290 proprie
3312 2206 3637 2288 loquendo
3654 2207 3911 2273 dicenda

2368 2310 2573 2374 virtus
2601 2329 2737 2375 esse
2764 2312 2834 2375 in
2856 2310 3091 2375 anima.

2447 2422 2509 2482 3.
2554 2417 2651 2483 Ad
2694 2418 2851 2482 illud
2891 2418 3064 2501 quod
3097 2419 3398 2500 objicitur
3423 2438 3541 2503 per
3568 2424 3912 2488 auctorita-

2367 2531 2496 2592 tem
2545 2526 2927 2609 Augustini,
2979 2527 3319 2592 dicendum
3373 2529 3673 2595 similiter
3690 2581 3711 2610 ‚
3749 2533 3910 2614 quod

2367 2634 2826 2699 notificationes
2852 2634 2999 2714 illae,
3029 2639 3093 2699 et
3116 2637 3496 2713 consimileS,
3518 2656 3640 2720 per
3657 2657 3910 2703 causam

2367 2741 2528 2806 datae
2571 2746 2743 2805 sunt.
2784 2741 2863 2806 Et
2900 2742 3056 2807 situ
3085 2760 3337 2825 quaeras
3363 2762 3477 2827 per
3501 2746 3684 2827 quod
3708 2764 3912 2827 genus

2366 2868 2574 2914 causae
2596 2898 2614 2929 ,
2659 2850 3023 2933 responderi
3061 2855 3267 2933 potest
3307 2853 3481 2935 quod
3503 2852 3789 2918 charitas
3818 2873 3910 2919 re·

2366 2961 2587 3041 spectu
2626 2958 2901 3022 aliarum
2935 2958 3004 3022 in
3039 2959 3357 3024 movendo
3409 2959 3698 3042 quodam
3727 2962 3911 3025 modo

2364 3064 2557 3128 habet
2604 3065 2915 3129 rationem
2969 3065 3303 3131 efficientis
3322 3115 3339 3143 ,
3391 3067 3678 3149 quodam
3725 3069 3908 3134 modo

2365 3173 2647 3238 formalis
2666 3224 2685 3254 ,
2731 3176 3010 3258 quodam
3066 3176 3254 3240 modo
3288 3176 3521 3240 finalis.
3554 3177 3757 3241 Amor
3789 3197 3909 3241 au-

2367 3286 2498 3346 tem
2538 3283 2863 3348 charitatis
2903 3284 3044 3348 aliis
3081 3284 3428 3348 virtutihus
3449 3332 3468 3363 ,
3505 3288 3586 3348 ut
3624 3285 3698 3347 in
3735 3291 3908 3349 actus

2365 3407 2516 3454 suos
2552 3395 2815 3467 exeant,
2859 3391 3163 3474 imperat,
3194 3395 3261 3455 et
3294 3390 3675 3474 imperando
3699 3392 3907 3455 ,infor-

2368 3500 2529 3577 mat,
2576 3500 2640 3561 et
2676 3498 2824 3561 facit
2850 3516 2959 3562 eos
2988 3498 3348 3563 meritorios
3364 3546 3383 3578 ,
3415 3502 3480 3562 et
3509 3498 3906 3563 informando

2357 3605 2584 3687 jungit
2609 3605 2724 3668 fini
2750 3605 2906 3669 etin
2932 3605 3070 3688 ipso
3096 3605 3368 3687 quietat,
3398 3604 3560 3668 dum
3601 3604 3749 3668 facit
3795 3622 3907 3667 nos

2365 3711 2692 3777 adhaerere
2731 3712 2892 3794 Deo,
2924 3720 2988 3778 et
3026 3713 3163 3796 ipso
3201 3712 3330 3776 frui
3363 3736 3376 3776 :
3413 3717 3476 3777 et
3509 3712 3655 3777 ideo
3684 3712 3905 3777 merito

2364 3820 2570 3886 virtus
2612 3821 2895 3902 gratuita
2941 3839 3057 3903 per
3095 3820 3421 3885 charitatis
3472 3838 3768 3885 amorem
3816 3824 3906 3884 ed

2363 3926 2756 3993 diffinienda.
2806 3926 3023 3992 Posset
3062 3928 3254 3992 etiam
3299 3927 3483 3992 aliter
3523 3928 3684 4006 dici,
3737 3926 3906 4010 quod

2364 4052 2547 4099 amor
2566 4034 2695 4113 ille,
2714 4035 2829 4117 qui
2848 4034 3016 4099 cadit
3028 4034 3097 4098 in
3113 4034 3488 4099 diffinitione
3502 4035 3787 4111 virtutis,
3804 4052 3910 4115 ge-

2364 4142 2665 4206 neraliter
2689 4159 2821 4205 non
2849 4145 2944 4205 est
2968 4160 3149 4206 amor
3175 4142 3526 4221 charitatis,
3542 4143 3655 4224 qui
3670 4147 3906 4205 estum

2363 4250 2441 4315 de
2474 4250 2821 4316 virtutibus
2835 4246 3230 4330 theologicis,
3254 4249 3362 4313 sed
3377 4253 3472 4313 est
3493 4267 3682 4312 amor
3707 4247 3909 4312 omui-

2363 4358 2486 4423 bus
2511 4362 2574 4422 et
2590 4358 2836 4422 caeteris
2860 4356 3209 4421 virtutihus
3233 4355 3616 4434 communis,
3643 4360 3910 4437 etgene-

2365 4465 2539 4531 ralis.
2557 4463 2635 4528 Et
2655 4464 2797 4529 ideo
2807 4464 2873 4528 in
2891 4482 3183 4545 processu
3196 4462 3304 4526 illo
3323 4467 3414 4526 aet
3429 4462 3755 4545 sophisma
3768 4480 3911 4526 oon-

2354 4572 2688 4657 ‘sequentis
2714 4589 2755 4635 a
2780 4569 3094 4654 superiori
3113 4568 3192 4633 ad
3223 4569 3490 4635 inferius
3502 4569 3904 4633 affirmando.

2443 4686 2504 4745 4.
2559 4679 2658 4746 Ad
2704 4678 2864 4743 illud
2903 4677 3078 4761 quod
3127 4675 3459 4758 obiicitur,
3506 4675 3682 4758 quod
3735 4694 3905 4760 prae-

2365 4792 2623 4872 ceptum
2645 4786 2966 4851 charitatis
2988 4781 3467 4866 comprehendit
3493 4785 3716 4848 omnia
3740 4803 3910 4867 prae-

2365 4900 2562 4978 cepta,
2606 4894 2946 4958 dicendum
2970 4891 3141 4975 quod
3167 4909 3295 4956 non
3326 4890 3811 4973 comprehendit
3833 4910 3908 4955 en

2363 5021 2478 5086 per
2504 5002 2941 5066 omnimodam
2966 5000 3381 5079 identitatem,
3407 5000 3518 5064 sed
3543 5018 3662 5083 per
3679 5019 3906 5083 quam-

2363 5110 2512 5173 dam
2560 5109 2992 5173 reductionem
3023 5131 3041 5171 2
3092 5108 3311 5172 omnia
3360 5108 3537 5171 enim
3590 5112 3903 5190 praecepta

2363 5216 2760 5281 reducuntur
2805 5216 2888 5281 ad
2936 5214 3112 5280 illam
3144 5263 3161 5293 ,
3217 5219 3282 5279 et
3333 5215 3403 5278 in
3459 5214 3569 5279 illa
3606 5232 3903 5279 consum-

2363 5329 2623 5391 mantur
2677 5347 2692 5390 ε
2725 5328 2791 5390 et
2843 5324 2983 5389 ideo
3029 5342 3113 5388 ex
3159 5323 3284 5388 hoc
3308 5341 3440 5387 nou
3493 5327 3702 5406 potest
3744 5341 3896 5386 con-

2363 5433 2555 5515 cludi,
2571 5432 2741 5516 quod
2752 5432 3007 5499 habitus
3022 5432 3348 5500 charitatis
3359 5431 3443 5497 sit
3453 5431 3894 5498 aliiscommn·
