4185 6288
557 1519 768 1565 Fundam.

801 509 880 572 38

1891 448 2539 567 SENTENmaUM.
2585 502 2736 571 Lm.
2782 505 2891 571 111.

879 645 940 706 4.
990 643 1149 709 Item
1180 645 1409 708 natura
1452 644 1780 723 assumpta
1815 643 1911 703 est
1954 636 2345 720 principium
2457 636 2623 704 Deus
2642 641 2816 706 enim
2842 649 2868 684 ¹
2888 656 3208 725 nusquam
3234 642 3491 726 anqelos
3533 640 3984 725 apprehendit,
4014 667 4153 725 congr:

799 754 1035 815 nostrae
1061 748 1481 834 reparationis
1512 770 1529 814 ι
1563 748 1619 812 si
1646 765 1804 829 ergo
1834 743 2223 811 conveniens
2251 745 2347 807 est
2452 746 2568 813 sed
2583 764 2793 815 semen
2816 750 3089 816 Abrahoe
3108 749 3554 832 apprehendit.
3580 749 3761 815 Ratio
3780 753 3984 814 autem
4012 731 4153 848 ζζιξρξ

798 857 970 940 quod
997 857 1312 940 reparatio
1348 858 1460 920 flat
1498 874 1611 939 per
1633 873 1709 921 ea
1750 872 1864 943 per
1894 870 2043 935 quae
2083 851 2207 915 fuit
2231 851 2343 914 de-

799 966 1086 1045 structio,
1116 983 1267 1031 cum
1296 964 1569 1047 angelus
1598 963 1791 1029 fuerit
1814 963 2010 1026 totius
2029 959 2341 1043 praevari-

798 1072 1062 1138 cationis
1093 1073 1479 1157 principium
1501 1120 1519 1152 ,
1562 1071 1821 1135 videtur
1857 1069 2028 1151 quod
2071 1066 2346 1149 angelus

797 1179 1089 1245 debuerit
1100 1181 1339 1246 assumi
1358 1180 1438 1244 ad
1449 1176 1897 1261 complendum
1912 1174 2344 1238 ministerium

797 1288 1250 1372 redemptionis
1279 1309 1297 1353 ε
1331 1292 1398 1353 et
1432 1287 1523 1352 ita
1566 1287 1776 1368 major
1811 1285 1933 1348 fuit
1973 1282 2346 1364 congruitas

796 1394 865 1459 in
887 1398 1119 1460 natura
1143 1395 1458 1478 angelica,
1492 1411 1687 1477 quam
1711 1393 2019 1457 humana.

878 1501 1001 1566 Sed
1027 1505 1295 1566 contra:
1330 1501 1698 1584 Assumptio
1725 1506 1820 1564 est
1850 1503 2029 1564 actus
2056 1515 2344 1580 personae

798 1610 1090 1675 habentis
1113 1610 1581 1675 distinctionem
1605 1608 1958 1673 secundum
1979 1606 2339 1688 originem:

797 1718 1159 1801 cujusmodi
1187 1717 1505 1782 distinctio
1541 1717 1730 1781 estin
1757 1714 1990 1780 divinis
2017 1715 2342 1798 personis:

798 1842 957 1906 ergo
979 1823 1090 1888 illa
1112 1828 1365 1903 natura,
1397 1824 1463 1886 in
1488 1842 1619 1906 qua
1644 1822 1836 1886 habet
1864 1839 2000 1886 esse
2025 1819 2344 1885 distinctio

797 1932 1148 2014 personalis
1202 1931 1560 1996 secundum
1609 1930 1929 2011 originem
1953 1978 1970 2008 ‚
2035 1930 2344 2010 majorem

797 2037 989 2103 habet
1002 2038 1471 2120 congruitatem
1490 2037 1570 2102 ad
1588 2038 1900 2111 unitatem
1919 2032 2341 2118 personalem,

796 2162 997 2226 quam
1016 2144 1123 2208 illa
1143 2153 1292 2227 q'uae
1316 2149 1486 2209 caret
1504 2144 1878 2227 hujusmodi
1902 2141 2304 2207 distinctione
2325 2161 2340 2205 ε

797 2251 904 2315 sed
940 2251 1010 2315 in
1035 2250 1405 2316 hominibus
1440 2255 1536 2316 est
1573 2250 1946 2334 huiusmodi
1990 2247 2305 2314 distinctio
2323 2295 2342 2321 ,

797 2356 868 2421 in
891 2357 1141 2439 angelis
1163 2376 1318 2424 vero
1345 2350 1518 2424 noni
1550 2378 1732 2443 ergo,
1762 2364 1881 2424 etc.

878 2463 1036 2529 Item
1062 2467 1412 2549 assumptio
1441 2472 1750 2532 creaturae
1774 2466 1855 2531 ad
1882 2466 2242 2531 Creatorem
2274 2464 2347 2528 in

798 2574 1043 2639 unitate
1068 2592 1355 2657 personae
1375 2576 1496 2639 fuit
1520 2576 1600 2640 ad
1618 2574 1998 2640 humilitatis
2015 2590 2346 2637 commen-

697 2671 704 2678 ’
797 2682 1118 2749 dationem
1154 2701 1171 2747 τ
1220 2684 1332 2750 sed
1376 2688 1584 2769 major
1625 2684 2004 2750 humilitatis
2057 2682 2345 2764 dignatio

798 2794 1060 2873 apparet
1105 2790 1175 2854 in
1214 2793 1648 2876 assumptione
1694 2790 1979 2856 hominis
2018 2789 2302 2854 mortalis
2324 2837 2342 2866 ‚

798 2917 995 2983 quam
1012 2899 1274 2982 spiritus
1290 2900 1669 2966 immortalis
1687 2922 1702 2964 :
1725 2916 1884 2981 ergo
1903 2898 2160 2963 videtur
2175 2896 2345 2980 quod

801 3007 1010 3088 magis
1030 3026 1395 3090 congruum
1414 3007 1606 3073 fuerit
1625 3007 1706 3072 ad
1725 3007 2034 3072 unionem
2057 3005 2348 3070 humana

800 3117 1054 3192 natura,
1081 3133 1279 3198 quam
1306 3115 1617 3198 angelica.

882 3219 1041 3285 Item
1085 3223 1439 3306 assumptio
1481 3228 1577 3288 est
1618 3221 2049 3306 principaliter
2090 3224 2348 3305 propter

801 3329 1057 3409 generis
1088 3331 1399 3413 assumpti
1436 3330 1901 3414 reparationem
1937 3351 1951 3393 ε
1992 3329 2101 3394 sed
2132 3328 2347 3410 angeli

803 3436 917 3518 qui
947 3436 1105 3519 lapsi
1126 3443 1310 3517 sunt,
1343 3443 1766 3520 peccaverunt
1794 3440 2048 3520 peccato
2081 3437 2345 3501 irreme-

803 3543 1040 3622 diabili,
1072 3543 1236 3607 sicut
1261 3545 1556 3627 superius
1580 3544 1650 3608 in
1676 3544 1954 3609 secundo
1986 3545 2067 3627 (a)
2097 3545 2218 3609 fuit
2242 3563 2347 3608 os-

804 3655 1089 3730 tensum;
1113 3651 1407 3716 homines
1428 3670 1603 3730 vero,
1619 3659 1876 3734 peccato
1902 3652 2299 3716 remediabili
2325 3669 2343 3715 ε

805 3777 962 3841 ergo
984 3760 1196 3840 magis
1219 3777 1586 3840 congruum
1613 3759 1737 3823 fuit
1764 3777 2089 3825 assumere
2117 3760 2350 3825 huma-

806 3885 961 3930 nam
987 3872 1307 3947 naturam,
1337 3886 1534 3950 quam
1562 3868 1944 3949 angelicam.

887 3972 1043 4038 Item
1072 3973 1238 4038 Deus
1260 3974 1572 4057 quidquid
1588 3975 1755 4055 facit,
1777 3977 2350 4058 congruentissime

809 4079 956 4143 facit
986 4100 1003 4143 z
1037 4080 1146 4144 sed
1192 4080 1357 4145 Deus
1390 4082 1417 4117 >¹
1460 4098 1782 4165 nusquam
1821 4085 2070 4167 anaelos
2113 4100 2350 4166 appre-

808 4185 1030 4253 hendit
1050 4207 1073 4248 .·
1102 4205 1260 4269 ergo
1296 4190 1505 4271 major
1529 4190 1653 4254 fuit
1678 4191 2102 4272 congruentia
2127 4194 2197 4254 in
2226 4191 2351 4255 hu-

810 4311 1002 4359 mana
1019 4300 1252 4361 natura
1272 4298 1349 4361 ad
1371 4298 1701 4377 unionem,
1723 4316 1918 4380 quam
1948 4299 2015 4361 in
2035 4299 2349 4380 angelica.

1354 4535 1805 4606 CONCLUSIO.

812 4717 991 4787 Manis
1036 4731 1324 4789 congruum
1366 4720 1481 4786 fuit
1513 4719 1747 4776 Verbum
1790 4736 2052 4780 assumere
2099 4728 2358 4782 naturam

883 4806 1193 4872 luamunam,
1215 4822 1379 4878 quam
1395 4807 1726 4880 angelicam
1747 4816 1799 4868 et
1820 4812 1941 4878 hoc,
1961 4814 2014 4868 si
2039 4813 2360 4873 attendatur

886 4895 1131 4952 Inmanae
1157 4899 1369 4952 naturoe
1394 4898 1674 4954 institutio
1703 4904 1756 4956 et
1785 4905 2086 4974 reparatio.

893 5047 1079 5130 Resp.
1107 5050 1188 5115 ad
1214 5051 1376 5133 Arg.
1409 5051 1755 5119 Dicendum
1779 5058 1950 5138 quod
1979 5058 2220 5141 absque
2242 5060 2359 5126 du-

817 5157 921 5221 hic
961 5160 1168 5240 major
1209 5159 1331 5222 fuit
1374 5161 1795 5242 congruentia
1824 5164 1904 5229 ad
1938 5165 2245 5231 unionem
2290 5169 2358 5232 in

814 5267 1104 5328 creatura
1123 5264 1435 5345 humana,
1469 5286 1667 5349 quam
1694 5268 1761 5331 in
1785 5271 2094 5351 angelica.
2132 5273 2208 5336 Et
2239 5274 2360 5340 hoc

815 5369 1077 5453 quidem
1101 5371 1255 5435 satis
1272 5372 1629 5438 manifestat
1650 5374 1790 5460 ipsa
1806 5379 2090 5461 operatio
2108 5379 2354 5446 divina:

882 5495 951 5566 (α)
980 5495 1155 5564 Suppl.
1181 5495 1332 5552 libre.

2455 855 2580 935 maj
2589 854 2716 919 oris
2760 857 3203 938 congruentiae
3257 855 3596 940 dupliciter
3648 856 3954 939 accipitur
3970 906 3985 937 ‚

2456 959 2745 1026 videlicet
2768 963 3119 1028 secundum
3148 964 3457 1028 humanae
3477 966 3727 1028 naturae
3755 963 3993 1028 institu-

2452 1066 2715 1149 tionem,
2737 1075 2801 1134 et
2825 1070 3176 1136 secundum
3197 1071 3486 1155 ejusdem
3505 1070 3990 1155 reparationem.

2455 1172 2819 1241 Secundum
2842 1196 3124 1261 namque
3146 1178 3455 1243 humanae
3473 1182 3724 1243 naturae
3748 1178 3996 1244 institu-

2453 1283 2694 1349 tionem
2723 1288 2929 1368 major
2953 1292 3047 1352 est
3073 1288 3448 1368 congruitas
3478 1287 3547 1351 in
3575 1287 3863 1352 humana
3883 1308 3997 1353 na-

2455 1394 2636 1471 tura,
2683 1410 2881 1475 quam
2923 1394 2990 1456 in
3024 1395 3351 1476 angelica;
3397 1399 3460 1459 et
3493 1395 3618 1459 hoc
3657 1395 3884 1478 triplici
3922 1395 3996 1459 de

2456 1514 2669 1562 causa.
2698 1497 2916 1565 Prima
2933 1505 3026 1564 est
3052 1505 3311 1584 propter
3331 1502 3730 1584 personalem
3748 1501 3993 1565 distinc-

2455 1604 2694 1669 tionem
2718 1654 2735 1685 ,
2782 1625 2930 1690 quae
2964 1607 3226 1691 quidem
3272 1609 3341 1671 in
3369 1608 3657 1673 humana
3687 1609 3996 1690 reperitur

2454 1712 2808 1776 secundum
2840 1714 3158 1795 originem
3178 1763 3195 1794 ,
3228 1719 3292 1778 et
3317 1733 3447 1779 non
3477 1715 3546 1778 in
3567 1714 3861 1797 angelica
3890 1737 3905 1779 :
3939 1718 4000 1779 et

2455 1817 2597 1881 ideo
2623 1819 2834 1901 magis
2860 1821 3289 1902 congruebat,
3322 1821 3495 1903 quod
3525 1839 3797 1904 persona
3824 1820 3960 1886 Filii
3978 1868 3995 1900 ,

2453 1944 2603 2008 quae
2629 1926 3048 2009 distinguitur
3070 1947 3109 1992 a
3127 1946 3398 2012 persona
3424 1927 3629 1994 Patris
3652 1929 3996 1994 secundum

2453 2033 2812 2114 originem,
2862 2053 3005 2099 eam
3046 2039 3347 2100 naturam
3393 2036 3740 2119 acciperet,
3779 2038 3846 2100 in
3876 2054 4000 2119 qua

2453 2142 2905 2224 proprietatem
2927 2143 3253 2208 filiationis
3273 2145 3574 2208 retineret
3598 2161 3614 2205 ε
3642 2147 3706 2208 et
3723 2143 3847 2208 hoc
3862 2143 3997 2227 qui-

2454 2249 2601 2313 dem
2626 2249 2867 2314 factum
2889 2252 3077 2315 estin
3101 2251 3406 2315 humanae
3427 2256 3679 2315 naturae
3707 2269 3999 2335 assump-

2454 2356 2672 2421 tione:
2720 2375 2874 2421 nam
2917 2358 3090 2423 idem
3131 2360 3266 2442 ipse
3308 2359 3421 2442 qui
3468 2360 3549 2422 ab
3586 2363 3831 2424 aeterno
3872 2362 4002 2423 erat

2455 2461 2660 2528 Patris
2701 2463 2900 2530 Filius
2920 2515 2938 2546 ‚
2988 2485 3071 2531 ex
3119 2472 3406 2551 tempore
3454 2467 3656 2531 iactus
3695 2473 3792 2530 est
3836 2467 4002 2531 filius

2455 2570 2732 2652 virginis
2759 2574 3005 2639 matris.
3055 2574 3347 2640 Secunda
3382 2580 3478 2640 est
3518 2580 3777 2658 propter
3805 2577 3999 2658 majo-

2454 2702 2593 2748 rem
2638 2685 2844 2750 divini
2899 2688 3283 2770 exemplaris
3337 2688 3960 2771 repraesentationem
3980 2737 3997 2768 ,

2454 2790 2697 2856 ratione
2725 2795 2911 2876 cujus
2948 2794 3146 2859 homo
3173 2794 3406 2859 dicitur
3451 2796 3664 2859 minor
3700 2795 3997 2860 mundus.

2454 2897 2689 2963 Anima
2716 2900 2889 2964 enim
2922 2900 3248 2966 rationalis
3294 2920 3425 2967 non
3468 2907 3721 2966 tantum
3771 2919 4002 2985 reprae-

2455 3009 2664 3071 sentat
2688 3006 2891 3072 Deum
2910 3012 3107 3091 prout
3128 3010 3563 3075 consideratur
3590 3010 3658 3073 in
3685 3027 3780 3090 se,
3806 3010 3911 3074 sed
3936 3009 4002 3073 in

2454 3116 2772 3199 quantum
2800 3115 3025 3181 unitur
3051 3117 3340 3201 corpori,
3387 3117 3560 3201 quod
3586 3117 3763 3201 regit
3783 3168 3801 3199 ,
3847 3122 3909 3182 et
3937 3117 4002 3181 in

2455 3241 2585 3306 quo
2638 3226 2772 3288 toto
2825 3224 3141 3288 inhabitat
3164 3274 3180 3304 ,
3239 3225 3403 3289 sicut
3456 3225 3625 3290 Deus
3668 3226 3735 3289 in
3780 3225 4003 3309 majori

2458 3329 2722 3393 mundo.
2769 3328 2850 3394 Et
2899 3331 3023 3395 hoc
3067 3331 3307 3413 pluries
3354 3332 3505 3396 dicit
3555 3333 3964 3415 Augustinus
3982 3380 3999 3410 ,

2456 3436 2628 3520 quod
2677 3437 2926 3502 ratione
2983 3437 3246 3522 majoris
3300 3438 3501 3522 hujus
3549 3439 4005 3504 conformitatis

2457 3545 2666 3628 major
2691 3549 2827 3610 erat
2865 3548 3028 3611 ratio
3054 3545 3448 3610 unibilitatis.
3488 3546 3699 3611 Tertia
3724 3547 3892 3612 ratio
3916 3550 4006 3612 aet

2457 3656 2718 3735 propter
2731 3652 3149 3736 multiplicem
3167 3653 3448 3719 hominis
3457 3657 4000 3739 compositionem.

2459 3758 2624 3838 Quia
2663 3760 2835 3824 enim
2880 3761 3079 3826 bomo
3121 3762 3513 3844 compositus
3538 3767 3632 3827 est
3669 3782 3754 3828 ex
3783 3768 4005 3828 natura

2458 3868 2769 3950 corporali
2797 3869 2862 3932 et
2877 3867 3214 3951 spirituali,
3240 3873 3304 3933 et
3320 3868 3599 3951 quodam
3622 3870 3813 3935 modo
3834 3887 4002 3935 com-

2460 3977 2745 4040 municat
2771 3993 2922 4039 cum
2949 3976 3127 4039 omni
3153 3979 3464 4053 creatura,
3495 3976 3662 4039 sicut
3682 3977 3832 4041 dicit
3857 3975 4001 4040 Gre-

2460 4083 2687 4165 gorius
2706 4083 2766 4145 ⁸:
2799 4082 2949 4145 hinc
2967 4083 3258 4165 estquod
3288 4100 3439 4146 cum
3464 4082 3756 4148 humana
3783 4088 4006 4147 natura

2459 4191 2812 4254 assumitur
2829 4194 2896 4254 et
2911 4190 3265 4267 deificatur,
3288 4191 3566 4274 quodam
3590 4192 3781 4257 modo
3803 4190 4008 4256 omnis

2460 4301 2694 4362 natura
2737 4298 2806 4361 in
2837 4316 2916 4361 ea
2955 4299 3275 4362 exaltatur
3293 4346 3312 4375 ,
3358 4298 3515 4362 dum
3561 4300 3627 4362 in
3664 4318 3785 4364 suo
3820 4298 4006 4363 simili

2462 4405 2684 4488 deitati·
2707 4405 2954 4470 unitur.
2991 4403 3069 4469 Et
3105 4405 3258 4470 hinc
3292 4409 3423 4485 est,
3454 4407 3627 4489 quod
3662 4405 4010 4490 assumptio

2461 4489 2769 4578 humanae
2793 4517 3042 4578 naturae
3064 4513 3211 4597 plus
3236 4513 3384 4578 facit
3409 4514 3489 4579 ad
3511 4515 3710 4579 totius
3726 4511 4010 4579 universi

2466 4620 2941 4701 perfectionem,
2962 4638 3162 4703 quam
3184 4619 3520 4702 angelicae,
3551 4625 3614 4684 et
3634 4621 3779 4687 ideo
3807 4621 4010 4703 major

2465 4730 2560 4791 est
2597 4728 2667 4790 in
2694 4746 2771 4792 ea
2817 4728 3189 4809 congruitas
3216 4728 3296 4791 ad
3331 4727 3640 4793 unionem
3669 4730 3868 4794 etiam
3911 4745 4011 4792 se-

2467 4838 2752 4902 cundum
2774 4857 2960 4903 suam
2983 4840 3472 4904 institutionem.
3505 4838 3813 4905 Similiter
3838 4845 3903 4905 et
3923 4858 4012 4903 se-

2466 4945 2750 5009 cundum
2782 4947 3253 5029 reparationem
3301 4949 3508 5029 major
3534 4951 3908 5032 congruitas
3942 4947 4010 5010 in

2466 5072 2543 5118 ea
2578 5055 2893 5137 reperitur
2932 5056 3011 5120 ad
3046 5056 3360 5120 unionem
3400 5057 3631 5139 triplici
3661 5058 3743 5123 de
3781 5074 3969 5121 causa
3986 5100 4005 5129 ‚

2467 5162 2700 5227 scilicet
2716 5164 2869 5246 quia
2893 5164 3089 5229 homo
3107 5163 3319 5245 magis
3340 5163 3690 5246 indigebat,
3713 5169 3778 5231 et
3796 5166 4008 5230 minus

2466 5270 2772 5352 indignus
2796 5274 2954 5351 erat,
2978 5274 3042 5335 et.
3066 5270 3344 5354 amplius
3358 5270 3418 5336 ei
3443 5272 3777 5354 proderat,
3807 5277 3878 5335 ut
3901 5269 4002 5335 Fi-

2535 5428 2552 5463 ²
2575 5430 2750 5496 Heba,
2771 5443 2828 5496 ιι,
2862 5435 2938 5483 16.
2959 5457 3015 5469 —
3043 5431 3061 5464 ²
3083 5428 3210 5479 [bid.
3238 5456 3293 5468 -
3309 5430 3333 5467 2
3349 5433 3525 5496 Greg„
3547 5437 3603 5486 in
3624 5434 3840 5500 Evanq„
3866 5434 4004 5485 hom.

2467 5516 2611 5561 xxxx.
