4185 6288
739 434 910 494 -520

713 612 718 617 -
789 564 873 631 ad
893 563 1193 631 tumtum
1219 562 1602 644 contingens
1629 580 1764 629 non
1801 564 1899 628 est
1940 563 2298 630 necessaria
2318 611 2337 643 ‚

792 670 905 737 sed
929 669 1325 752 contingens.
1354 668 1478 735 Per
1499 668 1676 736 hunc
1705 668 1901 736 etiam
1940 670 2210 737 modum
2236 671 2340 737 in-

794 777 1208 861 tellig-endum
1241 779 1356 854 est,
1385 778 1560 860 quod
1583 776 1733 843 licet
1755 779 2190 843 necessarium
2222 777 2341 857 sit,

796 890 1137 970 postquam
1174 883 1502 949 Abraham
1526 884 1813 965 credidit,
1851 885 2131 951 liberum
2173 886 2345 951 arbi·-

795 993 996 1061 trium
1032 993 1224 1056 misse
1248 995 1501 1057 motum
1547 993 1904 1058 secundum
1938 994 2235 1076 regulam
2281 998 2347 1060 et

797 1101 1115 1167 dictamen
1139 1099 1310 1178 fidei,
1337 1103 1404 1165 et
1427 1099 1856 1165 necessarium
1883 1099 1965 1165 sit
1988 1100 2174 1166 illum
2204 1118 2347 1167 mo-

797 1213 942 1274 tum
967 1208 1163 1273 fuisse
1187 1206 1616 1285 meritorium;
1648 1206 1963 1272 ordinatio
1989 1211 2208 1272 tamen
2242 1208 2347 1292 ip-

800 1316 936 1381 sius
982 1315 1066 1380 ad
1120 1315 1418 1379 futurum
1489 1314 1899 1397 contingens,
1964 1315 2350 1397 contingens

799 1424 944 1503 fuit,
973 1423 1137 1489 sicut
1159 1426 1254 1487 est
1278 1421 1593 1487 ordinatio
1628 1421 1864 1486 divinae
1888 1419 2306 1505 praescientiae
2324 1470 2345 1503 ‚

802 1532 912 1597 cui
935 1532 1032 1595 est
1058 1528 1419 1594 conformis.
1460 1527 1538 1593 Et
1583 1527 1737 1612 quia
1779 1529 2170 1594 vocabulum
2214 1548 2349 1594 cre-

803 1637 992 1704 dendi
1010 1640 1073 1702 et
1099 1635 1479 1701 assentiendi
1506 1635 1743 1701 claudit
1772 1636 1841 1700 in
1882 1653 1951 1701 se
1974 1636 2152 1700 illam
2177 1636 2352 1702 ordi-

805 1745 1131 1810 nationem
1156 1743 1508 1808 secundum
1534 1742 2039 1807 conformitatem
2064 1742 2148 1807 ad
2187 1742 2350 1809 divi-

809 1869 962 1919 nam
986 1851 1469 1935 praevisionem3
1497 1850 1650 1915 hinc
1674 1851 1990 1933 estquod,
2018 1850 2184 1916 sicut
2211 1870 2356 1918 con·

809 1962 1069 2044 tingens
1093 1962 1187 2026 est
1224 1960 1428 2024 Deum
1467 1959 1835 2042 praevidisse
1875 1959 2134 2043 aliquod
2179 1961 2355 2027 futu-

810 2087 960 2135 rum
989 2069 1364 2151 contingens
1375 2114 1393 2145 ‚
1422 2067 1513 2132 sic
1526 2068 1905 2148 contingens
1919 2070 2016 2132 est
2030 2067 2358 2133 Abraham

812 2176 1146 2242 credidisse
1181 2177 1475 2241 futurum
1518 2176 1930 2257 contingens3
1981 2178 2359 2259 contingens

814 2290 907 2350 est
934 2286 1126 2350 etiam
1165 2284 1382 2367 ipsum
1428 2284 1800 2365 assensisse3
1849 2285 2230 2367 contingens
2267 2291 2362 2351 est

813 2393 1008 2458 etiam
1050 2391 1331 2474 aliquem
1374 2391 1754 2476 prophetam
1806 2393 2239 2475 prophetasse.
2288 2393 2361 2458 In

816 2498 1114 2564 omnibus
1152 2499 1325 2563 enim
1364 2498 1465 2563 his
1516 2516 1651 2563 una
1678 2502 1775 2563 est
1797 2499 2120 2583 responsio
2142 2549 2162 2580 ,
2213 2520 2362 2584 quae

817 2609 1124 2674 fundatur
1152 2626 1344 2691 super
1387 2607 1543 2688 hoc,
1573 2608 1749 2690 quod
1789 2607 1936 2674 licet
1956 2606 2137 2674 actus
2161 2614 2363 2678 traus-

817 2721 967 2782 eant
1005 2716 1078 2780 in
1115 2716 1549 2799 praeteritum,
1584 2716 1806 2780 dicunt
1852 2719 2064 2781 tamen
2103 2719 2360 2783 ordina-

815 2825 1057 2889 tionem
1081 2823 1165 2888 ad
1191 2824 1573 2904 contingens
1593 2823 1889 2888 futurum
1905 2871 1927 2903 ,
1967 2828 2032 2888 et
2073 2824 2169 2889 sic
2207 2844 2363 2891 con-

817 2933 1046 2996 notant
1083 2933 1390 2996 eventum
1433 2929 1637 2995 futuri
1677 2930 2110 3011 contingentis
2144 2948 2161 2994 :
2194 2935 2257 2997 et
2282 2950 2364 2997 ex

818 3037 929 3103 illa
965 3036 1407 3102 connotatione
1448 3053 1703 3101 necesse
1741 3038 1838 3101 est
1867 3039 2074 3102 totum
2122 3038 2363 3104 dictum

813 3144 1101 3229 judicare
1128 3144 1506 3226 contingens
1527 3192 1546 3222 ‚
1588 3142 1751 3209 sicut
1792 3144 1864 3208 in
1903 3146 2113 3228 primo
2150 3147 2314 3212 libro
2343 3157 2363 3192 ¹

819 3255 1143 3318 ostensum
1167 3251 1290 3317 fuit
1313 3270 1428 3335 per
1452 3255 1580 3316 tres
1615 3252 1878 3335 regulas
1911 3251 2270 3318 infallibiles
2294 3254 2365 3318 in

817 3362 1174 3446 quaestione
1196 3360 1275 3426 de
1296 3360 1737 3426 praescientia.

898 3473 958 3533 4.
992 3468 1090 3532 Ad
1122 3467 1281 3532 illud
1307 3467 1477 3550 quod
1504 3467 1824 3549 objicitur,
1854 3467 2026 3549 quod
2054 3469 2187 3552 spei
2209 3469 2362 3533 sub·

816 3581 911 3642 est
943 3576 1199 3654 falsum,
1229 3574 1570 3639 dicendum
1604 3573 1776 3656 quod
1818 3574 1974 3657 spei,
2008 3576 2365 3642 secundum

818 3684 991 3767 quod
1041 3683 1250 3746 virtus
1268 3730 1286 3759 ,
1316 3685 1379 3746 et
1420 3680 1703 3747 virtuose
1757 3684 2076 3762 movetur,
2130 3683 2364 3749 falsum

818 3809 949 3854 non
977 3790 1214 3854 subest.
1237 3789 1398 3855 Cum
1415 3788 1592 3853 enim
1618 3805 1761 3871 spes
1777 3785 1862 3852 sit
1886 3789 2196 3855 certitudo
2211 3810 2359 3873 pro-

816 3895 1081 3962 veniens
1098 3913 1181 3960 ex
1211 3896 1422 3977 gratia
1449 3900 1512 3959 et
1540 3895 1805 3974 meritiS,
1831 3895 2051 3960 nullus
2066 3901 2279 3979 sperat
2296 3918 2363 3963 se

815 4003 1190 4069 habiturum
1241 4003 1441 4067 vitam
1481 4003 1967 4084 aeternamrnisi
2009 4021 2159 4067 cum
2190 4022 2357 4088 prae-

816 4110 1252 4194 suppositione
1295 4111 1679 4176 meritorum
1728 4133 1743 4176 ε
1791 4115 1855 4175 et
1897 4114 2051 4195 quia
2078 4116 2362 4180 efficacia

816 4219 1024 4285 meriti
1040 4219 1308 4284 includit
1334 4219 1593 4283 finalem
1621 4221 2181 4303 perseverantiam,
2210 4222 2364 4287 hinc

816 4328 911 4392 est
951 4325 1124 4408 quod
1157 4325 1228 4389 in
1279 4328 1427 4390 actu
1470 4327 1604 4409 spei
1652 4326 2016 4409 implicatur
2083 4330 2361 4394 conditio

817 4432 1306 4517 perseverantiae
1329 4432 1561 4496 finalia.
1595 4431 1814 4499 Omnis
1850 4434 2024 4498 enim
2052 4437 2164 4518 qui
2190 4441 2360 4500 recte

815 4543 1047 4624 sperat,
1098 4540 1192 4604 sic
1227 4539 1431 4605 vitam
1475 4542 1784 4605 aeternam
1820 4546 2132 4624 expectat,
2165 4544 2221 4608 si
2248 4563 2355 4609 us·

814 4666 944 4730 que
979 4647 1050 4712 in
1091 4646 1290 4711 finem
1329 4647 1831 4730 perseveraverit
1881 4647 1953 4712 in
1991 4650 2201 4729 gratia
2248 4672 2262 4714 ε
2297 4654 2361 4715 et

812 4755 936 4819 hoc
957 4753 1219 4837 quidem
1240 4771 1472 4820 verum
1493 4760 1608 4834 est,
1641 4757 1705 4819 et
1728 4754 1886 4821 fides
1904 4760 2120 4821 nostra
2143 4757 2354 4822 dictat.

813 4859 892 4926 Et
919 4861 1009 4926 ita
1036 4861 1550 4944 respondendum
1585 4866 1681 4928 est
1720 4864 1801 4929 ad
1841 4863 2018 4929 illam
2042 4865 2358 4931 rationem

1913 425 2541 498 SENTEN‘HARUM
2583 431 2736 499 Lm.
2780 431 2890 498 111.

2452 584 2588 632 non
2613 570 2905 652 expectat
2921 567 3121 634 vitam
3147 573 3454 635 aeternam
3479 572 3996 655 simpliciter‚sed

2453 674 2575 739 sub
2603 675 2982 740 conditione.
3007 674 3188 753 Quod
3227 677 3284 741 si
3309 677 3543 762 aliquis
3568 681 3811 761 praeter
3835 678 3994 743 divi-

2454 798 2608 846 nam
2637 782 3092 848 revelationem
3140 783 3383 868 absque
3433 785 3615 849 omni
3642 784 4001 849 conditione

2454 891 2666 971 sperat
2686 907 2755 953 se
2779 889 3016 955 habere
3040 890 3243 956 vitam
3269 899 3602 973 aeternam,
3627 892 3739 956 hic
3765 896 4005 957 nonest

2457 997 2671 1061 motus
2709 996 3031 1079 pertinens
3065 999 3143 1064 ad
3189 999 3385 1064 fldem
3437 1004 3504 1064 et
3544 1018 3755 1083 spem,
3787 1000 3898 1064 sed
3926 1000 4004 1064 ad

2456 1105 2680 1170 falsam
2703 1106 3209 1173 aestimationem.

2539 1216 2601 1278 5.
2622 1214 2718 1279 Ad
2749 1215 2909 1282 illud
2933 1217 3107 1299 quod
3131 1218 3453 1300 objicitur,
3474 1217 3646 1301 quod
3667 1222 3853 1282 actus
3868 1217 4004 1281 cha·

2459 1321 2662 1385 ritatis
2703 1326 3139 1407 praesupponit
3171 1328 3387 1392 actum
3437 1325 3610 1405 fidei,
3662 1325 4009 1388 dicendum

2458 1430 2633 1511 quod
2672 1448 2903 1496 verum
2953 1436 3050 1496 est
3093 1434 3263 1515 quod
3304 1432 3749 1517 praesnpponit
3787 1436 4002 1496 aetum

2460 1537 2609 1602 fidei
2635 1540 2710 1602 ut
2733 1538 3086 1620 regulantis
3106 1543 3175 1604 et
3200 1539 3532 1622 dirigentis
3557 1542 3701 1622 ejus
3747 1543 4004 1617 actum;

2461 1643 2572 1708 sed
2593 1662 2727 1709 non
2750 1649 2998 1729 oportet
3022 1647 3194 1730 quod
3222 1652 3677 1730 praesupponat
3692 1650 3919 1710 actum
3932 1646 4006 1708 fi-

2463 1751 2565 1816 dei
2614 1755 2688 1816 ut
2721 1755 3153 1819 concurrentis
3204 1773 3398 1837 super
3440 1754 3601 1821 illud
3662 1754 4008 1833 obiectum.

2466 1857 2668 1925 Omne
2715 1860 2887 1925 enim
2910 1861 3082 1943 quod
3120 1862 3393 1925 charitas
3417 1860 3679 1944 appetit,
3706 1860 3869 1925 fides
3894 1860 4013 1923 die-

2464 1969 2558 2030 tat
2589 1967 3019 2049 appetendum
3058 1987 3217 2045 esse,
3247 1972 3312 2033 et
3345 1969 3437 2032 ita
3483 1967 3709 2048 dirigit
3753 1969 3900 2048 eius
3920 1985 4013 2028 ac-

2466 2077 2632 2137 tum.
2662 2073 2804 2139 Non
2826 2077 3042 2138 tamen
3072 2093 3265 2139 omne
3291 2074 3461 2156 quod
3507 2074 3792 2138 charitas
3818 2093 4009 2156 appe-

2468 2180 2569 2259 tit,
2612 2181 2768 2244 fides
2807 2180 3026 2260 credit,
3061 2181 3215 2264 quia
3255 2181 3335 2246 de
3375 2180 3675 2264 pluribus
3703 2180 4015 2261 contingit

2468 2289 2697 2369 dicere,
2738 2290 2912 2372 quod
2958 2296 3109 2354 sunt
3156 2290 3355 2369 bona;
3396 2290 3633 2354 falsum
3656 2294 3880 2354 tamen
3925 2294 4014 2353 est

2468 2396 2697 2477 dicere,
2760 2398 2931 2480 quod
2963 2401 3114 2462 sunt
3146 2416 3323 2461 vera.
3364 2397 3617 2462 Bonum
3664 2397 3840 2460 enim
3869 2396 4013 2460 dicit

2469 2503 2888 2586 aptitudinem
2929 2509 2993 2568 et
3031 2505 3497 2569 ordinationem
3546 2503 3948 2569 habitualem
3990 2525 4006 2565 :

2470 2611 2579 2674 sed
2604 2629 2838 2675 verum
2869 2612 3022 2676 dicit
3043 2612 3487 2677 inhaerentiam
3520 2616 3585 2676 et
3601 2610 4014 2692 sexigentiam

2470 2718 2808 2783 actualem.
2844 2717 3022 2784 Unde
3063 2720 3311 2784 bonum
3339 2722 3479 2785 erat
3501 2718 3885 2801 Apostolum
3926 2718 4017 2781 ire

2470 2825 2554 2888 ad
2578 2824 2914 2908 Hispanos,
2943 2811 3240 2909 quamvis
3265 2844 3397 2890 non
3443 2830 3608 2891 osset
3646 2843 3880 2891 verum
3910 2828 4015 2888 :et

2472 2932 2614 2996 ideo
2641 2938 2778 2998 erat
2803 2934 3163 3017 appetibile,
3205 2934 3505 3016 quamvis
3532 2950 3666 2998 non
3696 2936 3863 2996 esset
3886 2949 4018 2996 cre-

2471 3038 2683 3103 dibile.
2737 3038 3043 3117 Quamvis
3096 3041 3271 3105 enim
3320 3040 3558 3105 falsitas
3609 3038 3809 3122 possit
3850 3043 4015 3102 stare

2473 3164 2623 3209 cum
2645 3147 2891 3230 objecto
2931 3148 3283 3226 charitatiS,
3311 3147 3485 3230 quod
3522 3146 3766 3229 aliquid
3812 3148 4016 3227 potest

2472 3271 2608 3318 esse
2659 3254 2889 3318 falsum
2935 3258 3000 3319 et
3030 3255 3276 3319 bonum
3323 3271 3342 3317 ε
3389 3261 3523 3318 non
3551 3258 3769 3317 tamen
3813 3255 4015 3334 potest

2473 3365 2638 3425 stare
2665 3380 2816 3427 cum
2840 3362 3086 3446 objecto
3105 3362 3274 3441 fidei,
3291 3362 3449 3445 quia
3465 3379 3596 3425 non
3618 3365 3822 3443 potoet
3840 3359 4011 3424 idem

2472 3469 2667 3534 simul
2688 3487 2821 3535 esse
2844 3471 3101 3550 falsum,
3132 3473 3196 3534 et
3222 3487 3475 3533 verum.

2552 3583 2612 3642 6.
2646 3578 2743 3643 Ad
2772 3578 2929 3643 illud
2978 3577 3152 3661 quod
3186 3577 3521 3660 objicitur,
3578 3575 3750 3658 quod
3794 3574 4016 3639 adora-

2474 3681 2631 3745 tioni
2657 3685 2862 3764 potest
2890 3683 3149 3746 subesse
3176 3682 3434 3759 falsum,
3472 3679 3815 3745 dicendum
3844 3677 4014 3760 quod

2471 3787 2820 3853 adorationi
2864 3789 3046 3853 factae
3088 3786 3446 3853 secundum
3501 3786 3913 3851 directionem
3950 3788 4013 3848 et

2469 3894 2767 3976 regulam
2801 3895 2972 3973 fidei,
2997 3913 3331 3978 nunquam
3355 3895 3569 3960 subest
3603 3894 3868 3971 falsum,
3898 3910 4011 3974 pro

2471 4019 2548 4066 eo
2577 4002 2748 4085 quod
2764 4002 2923 4067 fldes
2943 4003 3095 4068 dicit
3120 4003 3281 4067 nihil
3308 4002 3705 4068 adorandum
3742 4019 3877 4065 esse
3899 4018 4012 4084 pro

2473 4113 2667 4189 certo,
2700 4110 2820 4173 nisi
2855 4110 2931 4174 de
2969 4129 3101 4193 quo
3141 4111 3418 4175 habetur
3463 4113 3636 4175 certa
3677 4109 3959 4190 cognitio
3992 4125 4012 4169 ε

2470 4217 2548 4281 de
2570 4234 2646 4281 eo
2682 4218 2896 4281 autem
2933 4216 3011 4281 de
3041 4235 3171 4299 quo
3216 4235 3349 4282 non
3383 4216 3657 4281 habetur
3681 4216 4013 4293 certitudo,

2470 4323 2620 4389 dicit
2665 4324 3060 4388 adorandum
3112 4342 3247 4389 esse
3293 4325 3755 4407 praesupposita
3798 4323 4015 4387 condi·

2469 4432 2664 4497 tione.
2706 4431 2883 4497 Unde
2908 4433 3119 4496 omnis
3146 4431 3347 4496 fidelis
3375 4435 3546 4496 recte
3574 4431 3849 4497 adorans
3874 4433 4017 4497 hos-

2468 4539 2624 4602 tiam
2651 4544 3101 4620 consecratam,
3133 4540 3357 4604 adorat
3386 4540 3507 4620 sub
3531 4559 3607 4604 ea
3635 4541 4011 4619 conditione,

2469 4647 2523 4710 si
2561 4646 2837 4729 perfecta
2860 4651 3014 4710 sunt
3040 4647 3207 4711 circa
3233 4647 3439 4729 ipsam
3469 4666 3569 4727 ea,
3596 4666 3745 4730 quae
3765 4648 3841 4711 ad
3875 4668 4016 4712 con·

2469 4755 2882 4817 secretionem
2908 4756 3059 4817 sunt
3078 4754 3429 4818 necessaria
3456 4756 3816 4820 secundum
3846 4756 4013 4820 insti-

2468 4863 2782 4926 tutionem
2808 4862 3096 4928 divinam
3150 4884 3166 4926 :
3197 4865 3260 4926 et
3285 4862 3377 4925 sic
3406 4880 3750 4946 nunquam
3780 4864 4013 4948 decipi-

814 4986 928 5050 per
951 4968 1507 5052 interemptionem
1535 4969 1823 5052 minoris,
1847 4971 2000 5055 quia
2025 4973 2359 5055 praescitus
2465 4970 2597 5046 tur,
2622 4986 2741 5033 nec
2762 4973 2951 5036 errat.

878 5095 898 5135 ἱ
929 5093 1055 5145 Dist.
1083 5105 1303 5146 xxxvm.
