4185 6288
1240 485 1430 554 ms‘r.
1480 485 1609 553 XV.
1654 487 1819 554 Am·
1856 489 1935 556 II.
1981 492 2280 572 QUAEST.
2328 500 2376 565 1.

246 619 353 682 nisi
376 619 758 703 intelligatur
781 621 1023 705 aliquid
1057 640 1194 688 esse
1229 640 1270 687 a
1312 621 1590 687 naturali
1632 623 1758 687 ori·

245 725 411 808 gine,
443 727 524 792 ita
556 728 727 810 quod
757 729 1121 813 praepositio
1162 746 1293 794 non
1337 729 1549 794 solum
1592 729 1758 794 dieat

240 834 761 901 concomitantiam
778 886 795 918 ,
826 836 935 902 sed
963 837 1157 902 etiam
1185 855 1470 903 causam.
1506 837 1756 919 Hujus-

239 945 395 1011 modi
429 952 643 1014 autem
685 948 964 1014 defectus
1002 949 1256 1014 fuerant
1299 950 1367 1013 in
1407 949 1656 1014 Christo
1686 949 1755 1014 in

236 1052 523 1137 principio
558 1074 698 1121 suae
722 1056 1039 1138 originis:
1071 1075 1205 1124 non
1242 1061 1457 1123 tamen
1496 1059 1757 1123 fuerunt

234 1161 563 1227 secundum
606 1163 1136 1246 propagationem
1183 1166 1542 1230 naturalem
1591 1185 1607 1229 :
1653 1181 1755 1229 se-

232 1267 495 1332 cundnm
537 1270 714 1335 enim
760 1270 952 1335 talem
999 1273 1555 1355 propagationem,
1600 1272 1755 1337 tales

162 1431 165 1434 .
230 1374 483 1440 defectus
511 1383 729 1443 ortum
768 1378 1007 1444 habent
1049 1396 1088 1445 a
1132 1384 1363 1444 natura
1390 1380 1631 1460 vitiata,
1686 1380 1751 1445 in

228 1487 519 1564 quantum
546 1489 781 1551 natura
809 1485 918 1551 illa
945 1487 1085 1570 agit
1107 1488 1387 1571 quodam
1416 1488 1605 1552 modo
1631 1504 1748 1552 na·

227 1591 526 1672 turaliter,
568 1599 634 1660 et
660 1597 938 1679 quodam
967 1598 1161 1663 modo
1186 1599 1413 1665 vitiose
1449 1618 1467 1663 2
1495 1597 1618 1661 hoc
1644 1614 1755 1662 au·

226 1700 341 1764 tem
390 1720 516 1768 non
581 1704 778 1770 babet
840 1705 1174 1771 veritatem
1218 1706 1286 1770 in
1338 1708 1752 1789 generatione

226 1804 454 1891 Christi,
481 1830 633 1895 quae
659 1813 782 1878 ruit
807 1818 1042 1898 praeter
1066 1815 1297 1881 vilium
1327 1818 1394 1882 et
1418 1832 1616 1900 supra
1636 1833 1752 1879 na·

224 1915 442 1982 turam.

290 2028 347 2089 4.
369 2025 462 2091 Ad
488 2026 652 2093 illud
679 2028 852 2111 quod
903 2029 1225 2112 objicitur,
1259 2029 1433 2113 quod
1464 2029 1752 2095 Christus

220 2130 283 2192 in
304 2132 700 2213 passibilitate
735 2135 1128 2201 assimilatur
1155 2138 1367 2215 matri,
1408 2137 1749 2203 dicendum

220 2239 393 2319 quod,
417 2241 530 2305 etsi
555 2242 774 2325 aliquo
797 2243 989 2308 modo
1007 2244 1395 2309 assimiletur
1421 2245 1629 2323 matri,
1654 2246 1750 2309 ni·

221 2343 545 2413 hilominus
571 2352 790 2414 tamen
829 2349 897 2414 in
935 2350 1127 2416 modo
1156 2355 1218 2415 et
1257 2369 1450 2416 causa
1503 2353 1749 2435 reperi-

219 2454 313 2517 tnr
352 2456 729 2523 differentia.
786 2457 950 2523 Nam
1000 2458 1202 2541 Virgo
1267 2460 1744 2543 passibilitatem

219 2555 386 2626 habet
402 2581 519 2646 pro
547 2568 732 2629 reatu
762 2567 1000 2648 peccati
1029 2566 1363 2648 originalis
1411 2587 1492 2634 ex
1521 2587 1747 2634 neces-

216 2665 377 2734 sitate
398 2676 725 2738 contracto
743 2696 759 2753 ;
791 2674 1076 2741 Christus
1094 2694 1250 2742 vero
1271 2677 1744 2760 passibilitatem

217 2772 414 2843 habuit
440 2780 683 2865 absque
710 2782 924 2865 aliquo
960 2789 1142 2849 reatu
1194 2784 1265 2849 in
1302 2784 1441 2868 ipso
1466 2791 1741 2870 repertu,

217 2883 307 2946 sed
329 2904 404 2950 ex
432 2888 571 2953 sola
595 2888 1062 2973 dispensatione
1089 2891 1329 2958 divina.
1346 2893 1425 2957 Et
1449 2893 1591 2959 ideo
1610 2913 1742 2959 non

217 2985 498 3058 dicuntur
530 2995 796 3060 omnino
822 2996 1019 3061 fuisse
1045 2998 1112 3061 in
1141 2996 1387 3063 Christo
1412 3018 1452 3063 a
1477 3002 1735 3081 natura,

213 3103 314 3161 nec
336 3102 551 3166 tamen
578 3104 844 3169 omnino
860 3105 1124 3171 fuerunt
1139 3107 1373 3190 praeter
1395 3110 1693 3172 naturam
1719 3127 1736 3173 ε

212 3201 277 3267 de
298 3212 526 3274 natura
551 3210 725 3276 enim
752 3211 976 3277 matris
1000 3216 1138 3279 erat
1166 3214 1359 3281 talem
1386 3215 1595 3280 filium
1621 3234 1738 3299 ge-

213 3324 436 3380 nerare.

276 3424 329 3485 5.
358 3424 455 3488 Ad
484 3423 645 3489 illud
664 3426 837 3509 quod
865 3428 1185 3511 objicitur,
1214 3430 1383 3513 quod
1418 3430 1578 3496 illud
1601 3450 1735 3497 cor·

208 3540 312 3606 pus
334 3531 514 3612 prius
541 3531 662 3595 ruit
707 3532 1054 3600 formatum
1085 3555 1283 3620 quam
1311 3537 1604 3618 inuitum,
1632 3539 1731 3602 di-

208 3636 461 3701 cendum
493 3639 667 3721 quod
692 3641 808 3704 etsi
834 3643 1015 3725 prius
1032 3643 1222 3708 ruerit
1242 3645 1592 3710 secundum
1617 3666 1731 3713 na-

207 3740 417 3824 turam,
450 3745 555 3809 vel
583 3748 935 3813 secundum
965 3751 1268 3828 ‚ordinem
1309 3752 1727 3834 intelligendi,

205 3847 469 3933 tempore
497 3855 716 3918 tamen
754 3854 947 3921 simul
972 3857 1097 3921 fuit
1117 3859 1411 3924 formatio
1434 3864 1498 3925 et
1524 3862 1680 3927 unio
1709 3886 1724 3929 z

203 3958 535 4044 utrumq-ue
561 3966 778 4027 autem
795 3942 1162 4030 'seeundum
1190 3968 1636 4033 formationem
1668 3974 1731 4035 et

201 4064 488 4133 unionem
535 4072 857 4152 praecessit
881 4056 1177 4139 voluntas
1202 4073 1391 4141 Verbi
1420 4077 1543 4141 tale
1585 4096 1727 4142 cor·

199 4183 302 4250 pus
325 4176 664 4241 formantis
678 4181 743 4242 et
759 4182 1141 4246 assumentis
1160 4204 1177 4261 ;
1199 4187 1261 4247 et
1279 4182 1576 4248 voluntas
1594 4184 1727 4248 ani-

200 4292 305 4344 mae
329 4288 684 4368 utrumque
711 4288 1007 4353 comitata
1038 4293 1133 4355 est
1164 4313 1180 4355 ε
1212 4293 1276 4355 et
1299 4290 1441 4355 ideo
1496 4310 1576 4356 ex
1603 4293 1727 4357 hoc

198 4400 307 4452 non
334 4395 547 4474 potest
571 4395 879 4475 concludi,
912 4397 1083 4479 quod
1110 4398 1388 4464 defectus
1416 4399 1726 4482 passibili-

197 4490 319 4558 tatis
344 4497 420 4562 in
448 4515 638 4562 carne
664 4503 1057 4583 praecesserit
1084 4509 1323 4583 actum,
1354 4506 1489 4571 sive
1514 4505 1725 4591 impe-

192 4599 344 4667 rinm
372 4604 742 4672 voluntatis.
775 4606 1069 4691 Operatio
1122 4614 1297 4678 enim
1339 4613 1540 4698 ipsius
1578 4615 1723 4699 Spi-

192 4708 335 4781 ritus
362 4718 560 4781 sancti
590 4717 658 4783 in
688 4717 974 4802 Virgine,
1002 4743 1149 4807 quae
1177 4726 1439 4809 quidem
1465 4728 1586 4793 fuit
1615 4747 1721 4794 se-

194 4823 458 4887 cundum
486 4824 883 4891 voluntatem
912 4827 1125 4910 Verbi,
1155 4833 1300 4898 fecit
1342 4833 1550 4916 ipsam
1579 4854 1718 4901 car-

190 4924 274 4989 nis
297 4931 798 5013 conceptionem,
829 4939 892 5000 et
944 4939 1396 5032 purgationem
1428 4942 1509 5007 ab
1538 4944 1716 5009 omni

191 5027 447 5102 roeditaoe
471 5037 834 5106 immunem
880 5044 1058 5126 prius
1094 5049 1490 5129 naturaliter,
1521 5069 1717 5135 quam

190 5142 469 5210 uniretur
490 5147 725 5214 animae
750 5170 767 5216 :
796 5155 1020 5217 etcum
1043 5154 1154 5219 tali
1179 5160 1563 5239 purgatione
1586 5180 1718 5229 non

246 5352 262 5388 ¹
287 5356 371 5418 Gs'.
399 5357 547 5408 Alex.
569 5358 807 5423 Mensis„
845 5375 898 5427 p.
930 5361 1026 5429 111,
1056 5378 1111 5430 q.
1137 5378 1200 5431 v,
1227 5367 1420 5418 memb.
1439 5373 1500 5435 2,
1525 5378 1621 5425 art.
1654 5378 1679 5425 1
1698 5414 1716 5441 ,

191 5431 237 5484 1>-
256 5429 294 5489 ¹3
321 5430 375 5480 8.
399 5430 645 5494 Thomas,
669 5446 723 5497 p.
741 5433 829 5498 ΙΙΙ,
855 5448 907 5500 q.
937 5446 1027 5499 xv,
1047 5440 1209 5502 art.3;
1233 5441 1285 5489 et
1314 5441 1377 5489 ΙΙΙ
1408 5441 1570 5509 Sem„
1592 5446 1712 5499 dist.

192 5492 362 5561 mart.
380 5504 428 5565 ¹,
442 5501 1163 5573 q.11;Richardns,lllSent.,
1178 5509 1295 5560 dist.
1310 5522 1397 5575 ιν,
1408 5517 1506 5564 art.
1520 5519 1637 5581 2,q.
1662 5530 1709 5582 ¹3

3289 530 3406 592 339

1862 625 2047 693 debet
2083 635 2251 698 stare
2274 637 2603 718 poenalitas
2627 647 2978 713 secundum
2993 651 3203 737 legem
3231 676 3408 725 com-

1863 751 2151 818 munem,
2180 745 2532 811 secundum
2561 767 2755 831 quam
2799 753 3112 825 immunis
3155 783 3194 828 a
3221 768 3408 852 culpa

1861 842 2045 908 debet
2064 864 2200 913 esse
2225 850 2537 918 immunis
2563 874 2601 919 a
2629 877 2838 940 poena.
2873 861 3048 931 Unde
3076 873 3248 953 quod
3270 875 3407 959 ipse

1861 949 2210 1034 subJungit,
2267 961 2441 1040 quod
2485 967 2787 1047 purgatio
2839 971 3033 1037 simul
3091 979 3214 1042 stat
3254 999 3403 1047 cum

1862 1059 2293 1142 passibilitate,
2325 1067 2666 1137 dicendum
2684 1078 2855 1158 quod
2883 1081 3000 1146 etsi
3017 1083 3230 1168 aliqua
3245 1106 3405 1171 pur-

1861 1166 2036 1246 gatio
2054 1170 2250 1236 simul
2275 1178 2472 1257 possit
2499 1184 2662 1247 stare
2681 1200 2831 1250 cum
2857 1191 3288 1277 passibilitate,
3319 1198 3407 1260 si-

1861 1277 1972 1337 cut
1997 1281 2300 1359 purgatio
2327 1302 2474 1366 quae
2498 1293 2593 1353 est
2617 1310 2658 1355 a
2683 1296 2954 1375 peccatis
2970 1300 3150 1381 prius
3172 1322 3399 1388 perpe-

1860 1382 2040 1447 tratis
2061 1407 2078 1463 ;
2101 1385 2208 1451 illa
2234 1394 2447 1460 tamen
2473 1398 2738 1480 puritas,
2769 1420 2918 1486 quae
2943 1407 3064 1472 fuit
3092 1410 3162 1475 in
3189 1411 3405 1479 Chris-

1860 1489 1949 1567 to,
1974 1495 2140 1558 stare
2161 1513 2294 1562 non
2324 1504 2626 1583 potuisset
2651 1525 2799 1573 cum
2838 1515 3225 1598 poenalitate,
3281 1522 3403 1586 nisi

1860 1591 2307 1669 intervenisset
2340 1606 2450 1673 Dei
2500 1611 2909 1700 dispensatio,
2940 1626 3003 1686 et
3055 1625 3407 1694 voluntatis

1859 1701 2087 1771 Christi
2130 1715 2432 1799 acceptio.
2473 1717 2554 1784 Et
2595 1722 2688 1788 sic
2736 1729 2910 1809 patet
2944 1735 3276 1816 responsio
3326 1739 3406 1803 ad

1856 1813 2145 1893 quaesita.

2340 1977 2825 2057 ARTICULUS
2869 1989 2954 2061 Π.

1935 2138 2405 2228 Consequenter
2454 2156 2766 2235 quaeritur
2818 2161 2898 2225 de
2954 2163 3300 2232 defectibus
3365 2187 3406 2234 a

1857 2242 2106 2313 Christo
2142 2258 2486 2340 assumptis
2518 2262 2587 2324 in
2634 2265 2931 2348 speciali;
2983 2273 3047 2336 et
3075 2274 3244 2338 circa
3282 2275 3405 2340 hoc

1856 2354 1979 2418 tria
2003 2368 2388 2440 quaeruntur
2415 2385 2435 2430 z
2464 2369 2672 2450 primo
2699 2377 3015 2457 quaeritur
3033 2384 3256 2447 utrum
3281 2383 3403 2449 ha·-

1856 2459 2071 2527 buerit
2125 2468 2553 2548 ignorantiam
2609 2478 2677 2542 in
2727 2483 3064 2567 rationali;
3095 2492 3398 2575 secundO,

1854 2571 2075 2634 utrum
2102 2572 2398 2644 habuerit
2423 2582 2747 2650 tristitiam
2775 2589 2844 2653 in
2885 2596 3395 2680 concupiscibili;

1851 2676 2061 2759 tertio,
2092 2685 2312 2749 utrum
2331 2687 2628 2757 habuerit
2655 2694 2818 2763 iram
2838 2699 2908 2764 in
2934 2706 3217 2785 potentia
3244 2707 3398 2772 iras·

1852 2783 2042 2848 cibili.

2388 2937 2747 3018 QUAESTIO
2785 2949 2835 3014 1.

1868 3063 1963 3121 An
1990 3065 2230 3126 christus
2256 3069 2508 3133 habuerit
2532 3079 2907 3153 ignorantiam
2937 3088 3001 3143 in
3026 3090 3300 3148 rationali
3332 3094 3376 3151 ¹.

1842 3440 2025 3509 ritate
2049 3444 2418 3517 Damasceni
2433 3453 2456 3490 ¹
2487 3475 2504 3519 ε
2543 3478 2574 3517 α
2603 3456 2861 3540 Oportet
2885 3463 3046 3530 scire
3063 3470 3233 3550 quod
3254 3489 3388 3536 ser-

1841 3548 2036 3615 vilem
2050 3557 2114 3617 et
2138 3555 2545 3637 ignorantem
2572 3568 2871 3632 naturam
2905 3576 3253 3658 assumpsit
3282 3599 3300 3643 :
3346 3601 3379 3641 n

1839 3655 2128 3740 loquitur
2166 3665 2244 3731 de
2276 3665 2484 3734 Verbo
2529 3670 2857 3742 incarnato
2889 3700 2908 3745 t
2937 3699 3096 3762 ergo
3154 3690 3385 3753 natura

1838 3775 2165 3854 assumpta
2216 3774 2287 3839 in
2331 3776 2576 3844 Christo
2602 3782 2725 3848 fuit
2773 3784 3119 3868 ignorans:
3160 3792 3387 3862 habuit

1837 3893 1997 3958 ergo
2022 3879 2337 3947 defectum
2363 3885 2772 3968 ignorantiae.

1914 3990 1978 4050 2.
2034 3985 2215 4070 Item,
2279 3992 2681 4076 Ambrosius,
2730 3999 2801 4065 in
2843 4000 3053 4084 primo
3096 4007 3260 4077 libro
3301 4011 3382 4081 de

1833 4089 2086 4173 Spiritu
2111 4106 2330 4168 sancto
2361 4124 2378 4167 z
2422 4127 2455 4165 α
2478 4103 2600 4171 Per
2624 4107 2978 4175 humanam
2996 4113 3375 4198 impruden-

1832 4200 2027 4285 tiam,
2057 4209 2230 4289 quod
2282 4212 2493 4279 adhuc
2526 4233 2657 4281 non
2701 4216 2962 4298 didicit,
3015 4220 3289 4303 ignorat.
3338 4252 3370 4291 ι

1832 4301 2008 4389 Ergo
2035 4308 2262 4379 habuit
2286 4315 2743 4398 ignorantiam.

1913 4418 1975 4478 3.
2007 4416 2190 4500 Item,
2210 4420 2337 4488 Leo
2361 4423 2532 4510 Papa
2555 4429 2626 4495 in
2650 4430 2929 4501 Homilia
2979 4437 3061 4505 de
3086 4439 3376 4523 Epipha-

1831 4521 1951 4588 nia
1977 4541 2002 4589 .·
2041 4548 2073 4586 α
2097 4528 2545 4600 Adoraverunt
2597 4538 2902 4608 infantem
2951 4544 3022 4611 in
3064 4547 3243 4614 nullo
3292 4550 3373 4614 ab

1831 4631 2109 4699 aliorum
2136 4644 2550 4720 generalitate
2573 4648 2938 4718 discretum.
2965 4676 2997 4716 υ
3024 4655 3151 4721 Sed
3174 4676 3372 4739 gene-

1829 4740 2045 4807 ralite'r
2094 4745 2203 4809 alii
2232 4746 2504 4818 infantes
2541 4760 2696 4821 sunt
2735 4759 3104 4841 ignorantes
3146 4786 3163 4828 ε
3211 4782 3371 4849 ergo

1828 4853 1895 4913 et
1936 4851 2219 4919 Christus
2265 4856 2333 4921 in
2368 4878 2485 4926 sua
2510 4862 2779 4932 infantia
2799 4868 3029 4936 habuit
3058 4871 3367 4954 ignoran-

1828 4959 2011 5028 tiam.

1906 5074 1969 5134 4.
1999 5071 2158 5138 Item
2196 5079 2254 5141 ⁸:
2305 5077 2599 5149 scientia
2645 5086 2846 5167 inflat
2879 5106 2906 5154 :
2932 5092 3041 5156 sed
3089 5091 3377 5162 Christus

1823 5192 2077 5245 summe
2124 5200 2195 5247 se
2238 5183 2636 5273 humiliavit,
2668 5196 2732 5258 et
2773 5195 3051 5262 defectus
3078 5199 3221 5266 illos
3270 5222 3370 5268 as·

1820 5374 2001 5426 'rhom-
2022 5379 2255 5444 Argent„
2283 5383 2350 5433 m
2377 5383 2541 5447 Sem„
2570 5386 2690 5439 dist.
2712 5401 2799 5455 ιν,
2828 5405 2880 5456 q.
2911 5404 2961 5458 1,
2979 5398 3077 5448 art.
3105 5399 3164 5461 25
3187 5400 3374 5464 steph.

1823 5448 2033 5515 Brulet„
2060 5451 2125 5501 Ill
2144 5452 2304 5519 Sene„
2321 5454 2438 5505 dist.
2460 5468 2546 5523 xit,
2574 5474 2626 5524 q.
2655 5474 2728 5513 nr.
2748 5464 2848 5502 —²
2873 5466 3136 5533 Damaso„
3160 5469 3224 5521 de
3243 5472 3371 5522 Fide

1820 5519 2034 5587 orthod„
2056 5522 2147 5574 lib.
2179 5526 2542 5589 llt,c.xxr.-
2564 5528 2589 5565 ⁸
2617 5533 2637 5581 Ι
2667 5533 2942 5598 Cat-..vnn
2972 5542 3018 5589 ¹.
