4185 6288
773 499 893 560 642

773 649 912 697 sam
958 629 1357 696 dilectionem
1396 629 1598 710 potest
1644 622 1844 706 accipi
1887 640 2199 687 numerus
2252 626 2317 686 et

775 736 1154 803 sufficientia
1188 737 1297 800 sic.
1332 735 1490 800 Cum
1518 732 1693 797 enim
1720 730 1971 796 dilectio
2015 731 2097 794 sit
2122 747 2318 812 appe-

772 840 930 909 titus
947 843 1121 919 boni,
1150 843 1220 906 in
1247 841 1526 924 appetitu
1559 843 1772 902 autem
1805 836 1956 899 boni
1984 841 2078 900 oet
2107 835 2318 900 consi-

775 952 996 1015 derare
1015 951 1230 1034 ipsum
1268 950 1510 1014 bonum
1540 946 1988 1023 desideratum,
2015 948 2078 1008 et
2104 944 2319 1026 ipsum

774 1059 889 1140 qui
918 1057 1249 1134 desiderat,
1280 1061 1344 1120 et
1370 1056 1580 1137 ipsum
1616 1053 1719 1116 cui
1764 1052 2157 1115 desideratur
2198 1051 2320 1113 bo-

775 1182 975 1229 num:
1023 1166 1269 1229 bonum
1312 1165 1530 1226 autem
1575 1159 2021 1236 desideratum,
2060 1157 2185 1220 hoc
2227 1159 2322 1218 est

778 1291 1108 1338 summum
1127 1273 1394 1349 bonum;
1408 1268 1513 1332 isse
1525 1268 1637 1350 qui
1652 1266 1959 1331 desiderat
1974 1268 2068 1328 est
2081 1263 2323 1326 habens

780 1380 1182 1457 charitatem;
1235 1378 1339 1442 cui
1387 1380 1602 1441 autem
1652 1372 2063 1447 desideratur,
2116 1372 2322 1452 potest

782 1506 917 1553 esse
944 1488 1011 1552 in
1036 1484 1435 1570 quadruplici
1461 1481 1817 1547 differentia
1849 1502 1864 1542 z
1889 1480 2004 1541 aut
2028 1476 2184 1559 quia
2214 1494 2321 1557 op·

717 1619 743 1649 ο
783 1599 876 1659 tat
900 1612 1233 1660 summum
1259 1593 1503 1657 honum
1531 1588 1652 1672 ipsi
1680 1587 1829 1662 Deo,
1864 1588 1978 1649 aut
2019 1582 2141 1645 sibi
2168 1580 2316 1664 ipsi,

661 1681 740 1712 ω’
780 1707 894 1768 aut
921 1702 1039 1766 sibi
1062 1701 1276 1778 simili,
1304 1704 1416 1763 aut
1442 1697 1561 1761 sihi
1587 1692 1978 1759 adhaerenti:
2008 1691 2148 1754 ideo
2169 1706 2321 1771 qua·

780 1816 930 1876 tuor
954 1815 1104 1875 sunt
1120 1828 1203 1873 ex
1218 1807 1524 1872 charitate
1550 1800 1897 1883 diligenda,
1925 1799 2077 1881 quia
2100 1812 2322 1860 nume-

777 1938 892 1984 rus
945 1917 1423 1999 diligendorum
1468 1931 1600 1977 non
1655 1909 1961 1992 accipitur
2005 1924 2089 1970 ex
2141 1908 2319 1987 parte

778 2026 1073 2111 optantis,
1117 2025 1218 2089 vel
1261 2044 1341 2088 ex
1370 2025 1548 2106 parte
1591 2019 1743 2084 boni
1786 2016 2013 2100 optati,
2042 2031 2193 2078 cum
2240 2013 2322 2075 sit

776 2153 1008 2213 unum,
1038 2133 1147 2197 sed
1174 2151 1256 2196 ex
1285 2135 1462 2214 parte
1504 2130 1643 2209 eJus
1683 2126 1784 2189 cui
1815 2128 2099 2207 optatur:
2147 2120 2318 2203 quod

777 2260 927 2307 cum
956 2244 1038 2306 sit
1070 2243 1141 2305 in
1176 2236 1575 2323 quadruplici
1616 2232 1990 2305 differentia,
2041 2233 2321 2311 quatuor

776 2355 926 2414 sunt
951 2348 1422 2430 diligendorum
1444 2342 1754 2408 membra.
1777 2339 1857 2404 Et
1884 2339 2003 2401 boc
2021 2340 2117 2400 est
2147 2335 2318 2418 quod

775 2475 971 2540 supra
995 2457 1234 2521 dictum
1260 2457 1376 2532 est,
1399 2451 1570 2535 quod
1597 2450 1665 2513 in
1685 2447 1985 2530 praedicta
2008 2444 2319 2509 divisione

776 2564 1056 2628 sumitur
1095 2580 1405 2626 numerus
1438 2556 1913 2639 diligendorum
1960 2552 2317 2616 secundum

776 2671 1176 2735 dilectionem
1212 2666 1532 2742 amicitiae,
1563 2683 1693 2748 qua
1729 2662 1960 2725 dicitur
1985 2659 2130 2741 quis
2168 2657 2319 2721 dili—

775 2794 931 2860 gere
973 2777 1198 2853 alium,
1238 2773 1495 2857 quando
1536 2771 1679 2835 vult
1722 2769 1815 2833 illi
1863 2767 2129 2831 bonum.
2178 2764 2319 2829 Alio

777 2887 968 2951 modo
1008 2889 1212 2968 potest
1258 2883 1427 2947 sumi
1472 2897 1788 2944 numerus
1831 2882 1894 2940 et
1942 2873 2317 2940 sufficientia

775 2992 1250 3073 diligendorum
1274 3008 1358 3053 ex
1389 2985 1858 3069 comparatione
1885 2981 1966 3045 ad
1983 2980 2195 3063 ipsum
2222 2979 2318 3042 di-

773 3098 1106 3181 ligentem.
1138 3096 1298 3161 Nam
1326 3095 1600 3175 diligens
1619 3090 1937 3157 anthabet
1961 3092 2319 3170 respectum

773 3207 854 3271 ad
882 3226 971 3283 se,
1000 3206 1209 3271 autad
1240 3205 1304 3269 id
1332 3205 1499 3286 quod
1528 3206 1621 3266 est
1648 3219 1841 3283 supra
1866 3217 1955 3278 se,
1996 3201 2110 3261 aut
2135 3196 2210 3260 ad
2253 3195 2318 3259 id

774 3315 944 3397 quod
974 3320 1068 3378 est
1094 3316 1289 3395 juxta
1321 3331 1412 3386 se,
1454 3315 1565 3373 aut
1592 3309 1672 3373 ad
1699 3307 1761 3371 id
1802 3305 1973 3390 quod
2017 3309 2112 3369 est
2152 3304 2317 3367 infra

774 3440 870 3499 se;
900 3426 962 3485 et
1006 3419 1355 3485 secundum
1391 3418 1516 3481 hoc
1554 3420 1832 3499 quatuor
1874 3410 2316 3476 tantummodo

775 3527 1101 3608 diligenda
1142 3531 1296 3590 sunt
1340 3543 1420 3589 ex
1467 3523 1792 3587 charitate.
1834 3520 1913 3584 Et
1965 3519 2317 3584 secundum

774 3635 952 3700 hunc
978 3634 1242 3698 modum
1284 3630 1547 3696 assumit
1587 3628 1995 3708 Augustinus
2030 3625 2317 3706 diligibi-

775 3741 937 3806 lium
979 3759 1332 3806 numerum
1363 3742 1426 3803 et
1461 3735 1910 3801 sufficientiam
1937 3733 2007 3796 in
2027 3732 2193 3796 libro
2238 3730 2318 3796 de

774 3850 1081 3914 Doctrina
1131 3847 1548 3918 Christiana5
1585 3859 1704 3905 nec
1741 3845 1992 3904 tantum
2034 3838 2320 3918 assignat

772 3973 1142 4029 numerum,
1172 3954 1281 4018 sed
1308 3952 1499 4016 etiam
1542 3948 1830 4012 ordinem
1869 3946 2180 4010 debitum.
2213 3945 2320 4008 Ait

774 4065 949 4128 enim
979 4064 1066 4126 sic
1098 4081 1115 4125 ε
1156 4084 1188 4121 α
1216 4060 1502 4135 Quatuor
1532 4059 1682 4118 sunt
1709 4052 2034 4133 diligenda
2065 4073 2080 4114 ε
2112 4068 2317 4115 unum

774 4171 947 4253 quod
986 4174 1082 4234 est
1119 4184 1315 4249 supra
1356 4183 1496 4243 nOS,
1540 4162 1771 4239 scilicet
1805 4160 1996 4238 Deus;
2042 4159 2312 4223 alterum

775 4277 947 4360 quod
985 4293 1102 4339 nos
1136 4290 1397 4348 sumus;
1437 4269 1698 4334 tertium
1745 4266 1918 4349 quod
1959 4268 2155 4347 Juxta
2199 4284 2316 4329 nos

774 4390 888 4466 est,
919 4384 1152 4447 scilicet
1197 4379 1565 4463 proximus3
1605 4378 1908 4458 quartum
1943 4373 2114 4456 quod
2149 4373 2318 4437 infra

777 4509 891 4555 nos
917 4493 1035 4563 est,
1064 4486 1301 4551 scilicet
1340 4500 1592 4565 corpus
1637 4479 1714 4543 Et
1741 4479 1894 4561 quia
1921 4478 2141 4542 omnia
2167 4498 2316 4561 pos-

771 4601 923 4662 sunt
960 4594 1178 4659 reduci
1225 4591 1300 4656 ad
1348 4591 1468 4654 ista
1512 4592 1784 4670 quatuor
1820 4585 2130 4664 membra,
2175 4586 2315 4651 ideo

772 4707 942 4787 patet
969 4699 1446 4780 diligendorum
1472 4711 1803 4772 numeruS,
1826 4696 1889 4756 et
1906 4693 2310 4756 sufficientia.

851 4819 912 4876 1.
942 4811 1041 4875 Ad
1084 4809 1244 4873 illud
1291 4806 1464 4890 quod
1505 4804 1822 4886 objicitur,
1870 4803 2040 4884 quod
2086 4807 2182 4867 est
2224 4803 2312 4866 ibi

769 4918 1213 5002 superfluitas,
1251 4915 1403 4996 quia
1443 4929 1572 4974 non
1626 4909 1983 4973 differimus
2024 4911 2229 4992 specie
2273 4928 2314 4973 a

768 5026 1096 5109 proxime,
1145 5019 1484 5087 dicendum
1539 5016 1710 5099 quod
1753 5018 2051 5098 quamvis
2101 5017 2311 5099 specie

765 5152 901 5199 non
934 5131 1304 5197 differamus
1325 5172 1344 5207 ,
1373 5132 1588 5190 tamen
1619 5124 1699 5186 ad
1735 5142 1852 5186 nos
1890 5127 1953 5187 et
1982 5125 2310 5205 proximos

767 5244 1013 5304 nostros
1039 5237 1310 5302 charitas
1339 5237 1553 5297 nostra
1585 5229 2009 5294 diversimode
2050 5248 2309 5313 compa-

766 5350 945 5410 ratur
968 5343 1320 5408 secundum
1345 5340 1657 5404 rationem
1683 5336 2018 5419 diligendi,
2053 5343 2117 5402 et
2150 5356 2303 5418 gra-

833 5472 849 5506 ¹
875 5470 1003 5521 Dist.
1032 5479 1175 5529 1¹11,
1199 5466 1319 5518 dub.
1349 5477 1408 5515 ru
1435 5477 1591 5528 super
1610 5462 1850 5513 litteram.

1895 483 2515 554 SENTENTIARUM
2551 485 2699 551 LlB.
2746 483 2853 552 111.

2423 622 2579 685 dum
2612 644 2626 682 ε
2669 623 2880 705 primo
2917 622 3092 686 enim
3128 623 3400 688 charitas
3436 623 3590 688 facit
3628 625 3948 690 habentem

2424 748 2491 794 se
2517 729 2774 794 tendere
2800 730 2881 793 ad
2907 729 3385 809 beatitudinem,
3412 736 3477 794 et
3496 731 3731 797 deinde
3749 734 3947 815 proxi-

2425 855 2609 902 mum
2638 842 2812 920 optat
2850 839 3106 904 tendere
3140 839 3219 903 ad
3249 839 3440 919 idem,
3472 840 3659 922 quasi
3687 858 3731 903 a
3753 840 3948 904 latere.

2505 952 2565 1009 2.
2622 946 2719 1010 Ad
2771 946 2927 1011 illud
2976 948 3146 1030 quod
3194 948 3524 1029 objicitur,
3572 949 3743 1030 quod
3797 966 3954 1011 sacra

2427 1051 2755 1135 Scriptura
2782 1072 2913 1118 non
2937 1055 3240 1137 exprimit
3275 1056 3397 1118 nisi
3442 1056 3571 1120 duo
3618 1056 3950 1138 diligenda,

2427 1159 2764 1223 dicendum
2792 1161 2962 1244 quod
2999 1162 3067 1223 in
3094 1162 3371 1226 secundo
3412 1163 3715 1227 mandato
3758 1163 3952 1245 impli-

2427 1271 2529 1328 cat
2554 1265 2677 1329 tria
2703 1266 3060 1346 diligibilis.
3103 1265 3263 1331 Nam
3300 1267 3367 1330 in
3398 1268 3520 1332 hoc
3557 1268 3733 1351 quod
3772 1268 3949 1332 dicit:

2428 1372 2668 1455 Biltaes
2733 1375 3102 1454 proximum
3156 1380 3337 1440 tuum
3403 1377 3573 1441 sicta
3640 1378 3912 1458 teipsum
3934 1423 3949 1452 ‚

2427 1479 2687 1542 mandat
2733 1479 2979 1544 homini
3036 1480 3207 1562 quod
3251 1481 3478 1562 diligat
3531 1481 3848 1564 seipsum3
3901 1485 3953 1545 et

2426 1585 2732 1668 cumipse
2759 1586 2842 1649 sit
2859 1589 3239 1651 constitutus
3256 1605 3339 1651 ex
3362 1588 3576 1651 anima
3588 1592 3655 1652 et
3680 1605 3948 1670 corpore,

2425 1691 2772 1757 includitur
2799 1693 2887 1756 ibi
2915 1693 3164 1758 dilectio
3188 1695 3547 1777 utriusque.

2507 1804 2565 1862 3.
2597 1800 2696 1864 Ad
2720 1798 2877 1863 illud
2906 1800 3077 1882 quod
3113 1800 3432 1883 oincitur,
3472 1800 3646 1883 quod
3682 1805 3950 1865 tantum-

2426 1906 2615 1970 modo
2642 1906 2847 1970 tribus
2873 1908 3078 1971 modis
3103 1913 3198 1973 est
3222 1909 3379 1990 quid
3406 1909 3669 1973 beatum
3690 1957 3710 1985 ,
3756 1909 3955 1973 dicen-

2424 2014 2581 2079 dum
2614 2014 2785 2096 quod
2830 2032 3060 2079 verum
3096 2021 3224 2093 est;
3259 2016 3369 2080 sed
3410 2020 3626 2082 tamen
3670 2018 3953 2096 charitas,

2425 2139 2574 2204 quae
2615 2122 2890 2204 disponit
2929 2124 3011 2186 ad
3054 2123 3550 2204 beatitudinem,
3605 2125 3736 2189 alio
3782 2126 3957 2189 modo

2426 2229 2681 2311 respicit
2706 2246 2900 2293 suum
2933 2230 3356 2311 susceptibile,
3390 2231 3516 2295 alio
3544 2232 3738 2295 modo
3764 2232 3956 2314 raepi-

2425 2337 2511 2400 cit
2534 2336 2695 2400 illud
2716 2337 2885 2419 quod
2904 2342 3002 2401 est
3027 2337 3085 2401 ei
3113 2338 3321 2402 simile
3345 2361 3360 2401 z
3392 2339 3708 2421 primum,
3731 2346 3808 2403 ut
3833 2358 3960 2423 par·

2425 2443 2710 2525 ticipans;
2733 2444 3106 2523 secundum,
3130 2449 3206 2509 ut
3223 2448 3760 2530 comparticipans
3788 2469 3810 2512 ε
3835 2451 3962 2514 ideo

2425 2549 2774 2614 secundum
2813 2551 2999 2616 istam
3055 2552 3373 2617 diversam
3427 2557 3964 2638 comparationem

2426 2656 2736 2738 distingui
2762 2662 3027 2741 possunt
3054 2658 3301 2723 diversa
3324 2661 3689 2742 diligibilia.

2505 2768 2567 2827 4.
2593 2765 2689 2828 Ad
2708 2765 2866 2830 illud
2889 2766 3062 2848 quod
3088 2767 3404 2848 objicitur,
3434 2770 3610 2850 quod
3638 2775 3737 2834 oet
3763 2772 3857 2835 ibi
3880 2773 3967 2836 di-

2428 2872 2725 2950 minutio,
2747 2872 2901 2955 quia
2917 2873 3294 2938 Ambrosius
3320 2877 3609 2958 assignat
3635 2897 3751 2942 sex
3783 2897 3967 2943 mem-

2425 2979 2570 3058 bra3
2614 2980 2951 3044 dicendum
2999 2982 3172 3064 quod
3217 2983 3326 3046 illa
3367 3002 3480 3048 sex
3523 2986 3822 3051 membra
3872 3006 3967 3051 re—

2425 3085 2750 3151 ducuntur
2779 3087 2861 3153 ad
2904 3088 3028 3153 ista
3055 3094 3347 3171 quatuor.
3379 3089 3763 3158 Ambrosius
3804 3096 3962 3159 enim

2426 3194 2769 3275 distinguit
2824 3215 3033 3260 unum
3079 3198 3519 3264 membrorum
3570 3202 3853 3266 istorum
3902 3204 3963 3266 in

2426 3305 2734 3383 quatuor,
2789 3302 3080 3367 videlicet
3136 3304 3539 3369 dilectionem
3596 3311 3743 3390 eJ'us
3804 3308 3963 3391 quod

2420 3410 2608 3489 juxta
2666 3427 2783 3472 nos
2848 3415 2976 3486 est,
3035 3410 3270 3475 scilicet
3340 3412 3747 3479 dilectionem
3824 3434 3965 3498 pro-

2426 3516 2608 3578 ximi.
2640 3513 2769 3580 Nee
2796 3521 2891 3581 est
2916 3518 3006 3580 ibi
3029 3519 3464 3598 contrarietaS,
3495 3521 3652 3602 quia
3695 3523 3962 3587 Ambro—

2427 3624 2560 3687 sius
2599 3625 2953 3689 considerat
2992 3625 3379 3690 differentias
3414 3628 3830 3710 diligibilium
3862 3650 3960 3694 ac-

2427 3730 2792 3809 cidentales;
2846 3731 3252 3813 Augustinus
3309 3735 3666 3800 considerat
3732 3739 3965 3820 gradus

2426 3838 2579 3903 boni
2605 3844 2670 3904 et
2693 3840 3083 3904 differentias
3111 3842 3321 3921 magis
3346 3845 3713 3909 essentialae
3745 3867 3763 3909 ε
3801 3845 3965 3930 qnod

2427 3945 2659 4009 melius
2676 3947 3004 4029 apparebit
3029 3948 3299 4011 inferius
3317 3949 3359 4011 ¹.

2506 4057 2565 4115 5.
2595 4054 2695 4116 Ad
2719 4052 2875 4118 illud
2902 4054 3074 4136 quod
3100 4055 3399 4137 objicitur
3432 4056 3512 4121 de
3540 4074 3808 4140 corpore
3832 4078 3965 4142 pro·

2425 4159 2607 4239 ximi,
2633 4159 2971 4224 dicendum
3003 4162 3175 4244 quod
3215 4166 3348 4227 tam
3391 4181 3627 4247 corpus
3666 4168 3961 4248 pmximi‚

2425 4285 2620 4349 quam
2647 4285 2878 4351 corpus
2906 4275 3197 4334 nostrum
3228 4275 3323 4334 est
3361 4271 3532 4335 intra
3554 4290 3697 4353 nos,
3726 4279 3793 4339 et
3816 4294 3966 4339 con-

2425 4374 2663 4437 tinetur
2693 4375 2816 4438 sub
2843 4380 3072 4459 quarto
3117 4378 3429 4442 membro.
3459 4376 3589 4443 Nec
3629 4385 3729 4444 est
3767 4383 3967 4446 simile

2424 4482 2502 4546 de
2523 4484 2740 4548 animo
2772 4488 3011 4563 nostro,
3053 4485 3220 4549 etde
3247 4486 3463 4551 animo
3488 4489 3795 4570 proximi,
3819 4491 3967 4573 quia

2424 4589 2847 4656 diversimode
2903 4592 3097 4656 habet
3150 4594 3427 4657 charitas
3482 4598 3841 4679 comparari
3888 4598 3965 4662 ad

2423 4702 2803 4780 utrumque;
2830 4700 2983 4781 quia
3008 4700 3088 4764 ad
3125 4715 3334 4764 unum
3360 4701 3527 4766 sicut
3549 4703 3631 4767 ad
3659 4705 3967 4768 intrinse-

2423 4824 2593 4886 cum,
2621 4808 2700 4872 ad
2722 4808 2897 4872 aliud
2915 4809 3078 4871 sicut
3101 4808 3182 4872 ad
3209 4810 3671 4892 propinquum.
3695 4811 3793 4874 Ad
3823 4830 3966 4875 cor-

2421 4931 2577 4995 pora
2617 4917 2830 4979 autem
2882 4917 3237 4998 comparari
3289 4915 3482 4981 habet
3522 4919 3959 4997 uniformiter-3

2420 5020 2501 5083 ad
2541 5026 2886 5104 utrumque
2910 5023 3086 5086 enim
3112 5028 3519 5105 comparatur
3540 5026 3709 5090 sicut
3750 5028 3833 5091 ad
3860 5029 3958 5090 in·

2418 5128 2634 5193 serius.
2666 5130 2867 5194 Aliter
2891 5130 3119 5194 volunt
3144 5131 3252 5195 alii
3291 5131 3520 5211 dicere,
3545 5135 3716 5217 quod
3758 5136 3959 5200 diiec-

2418 5235 2509 5298 tio
2551 5236 2834 5319 corporis
2877 5238 3154 5318 proximi
3198 5238 3560 5303 continetur
3596 5239 3719 5303 sub
3763 5241 3959 5305 dilec-

2416 5341 2586 5405 tione
2634 5343 2941 5424 proximi,
2987 5343 3142 5426 quia
3176 5342 3583 5410 uniformiter
3624 5364 3952 5431 compara·

2414 5453 2523 5511 tur
2544 5447 2817 5513 charitas
2851 5449 2931 5514 ad
2962 5454 3348 5533 utrumque,
3376 5451 3459 5517 ad
3499 5451 3796 5519 animum
3834 5473 3953 5521 au-
