4185 6288
19 2993 265 3043 Fundam.

1248 470 1446 540 msT.
1489 468 1672 538 XXV.
1716 468 1898 535 ΛΒΤ.
1944 470 2025 536 11.
2072 469 2372 549 QUAEST.
2416 469 2498 535 11.

285 614 474 683 Nunc
498 614 716 680 autem
738 611 956 679 omnia
982 612 1133 676 sunt
1160 608 1500 693 explicita3
1525 624 1645 672 nec
1676 608 1825 671 tan-

282 728 423 789 tum
455 724 611 787 sunt
636 718 957 786 credibilia
974 767 997 800 ‚
1027 719 1163 784 imo
1189 721 1336 783 actu
1361 714 1634 793 credita,
1662 714 1724 778 et
1746 712 1828 777 ad

284 815 672 896 credendum
711 827 1079 911 proposita:
1121 830 1187 890 et
1224 827 1546 908 quantum
1585 819 1664 886 ad
1706 819 1829 883 hoc

282 936 555 1004 dicimus
583 954 658 1001 ea
686 954 823 1000 esse
852 933 1275 1017 multiplicata
1296 977 1315 1009 ‚
1345 930 1492 995 licet
1509 929 1827 1013 quantum

283 1044 365 1110 ad
389 1044 727 1111 veritatem
754 1044 845 1108 rei
868 1060 1003 1108 non
1031 1042 1158 1105 sint
1175 1039 1615 1122 augmentata.

364 1156 427 1218 4.
465 1151 566 1217 Ad
598 1150 756 1216 illud
783 1150 956 1234 quod
994 1148 1326 1232 objicitur,
1356 1143 1530 1229 quod
1557 1141 1830 1208 charitas

281 1277 416 1326 non
442 1258 706 1342 profecit
735 1261 1051 1342 quantum
1081 1255 1162 1320 ad
1191 1268 1542 1318 numerum
1566 1299 1585 1330 ,
1614 1249 1832 1314 dicen-

282 1368 443 1433 dum
472 1366 648 1450 quod
675 1366 727 1431 si
765 1366 1113 1449 loquamur
1150 1361 1228 1427 de
1252 1361 1375 1424 isto
1414 1357 1605 1424 modo
1633 1356 1830 1439 pross-

282 1469 521 1547 ciendi,
549 1469 806 1535 concedi
832 1472 1038 1553 potest
1062 1467 1286 1533 eodem
1326 1463 1519 1529 modo
1557 1462 1637 1527 de
1676 1460 1836 1524 cha-

280 1578 465 1643 ritate
482 1624 501 1656 ,
528 1576 693 1642 sicut
718 1593 1090 1642 concessum
1107 1579 1201 1640 aet
1225 1573 1304 1637 de
1324 1570 1453 1636 fide
1476 1592 1495 1636 τ
1516 1567 1833 1651 quoniam

280 1682 352 1749 in
375 1684 523 1766 lege
551 1682 750 1751 veteri
780 1700 907 1749 non
938 1680 1432 1766 praecipiebatur
1472 1674 1653 1758 diligi
1696 1674 1828 1738 ini-

282 1791 531 1872 micus,
559 1790 687 1855 nisi
716 1789 1058 1874 implicite;
1090 1787 1199 1853 sed
1228 1786 1353 1852 hoc
1380 1787 1450 1851 in
1469 1783 1614 1865 lege
1640 1798 1835 1846 evan-

285 1899 495 1981 gelica
537 1897 890 1982 explicatur
930 1919 949 1962 ι
993 1896 1084 1962 sIc
1121 1899 1184 1960 et
1221 1895 1289 1959 in
1317 1892 1443 1958 nde
1485 1909 1607 1955 suo
1643 1888 1836 1953 modo

285 2006 810 2087 intelligendum,
848 2005 1016 2070 sicut
1060 2003 1242 2087 prius
1275 2003 1520 2065 tactum
1548 1999 1665 2063 oet.
1706 1994 1833 2060 Lo-
1886 2029 1895 2038 ·

288 2114 556 2199 quimur
578 2113 754 2178 enim
780 2112 889 2177 hie
915 2110 994 2176 de
1019 2110 1308 2194 prosectu
1344 2106 1492 2172 fidei
1519 2108 1584 2170 et
1620 2102 1835 2168 chari-

286 2226 437 2290 tatis
466 2242 581 2308 per
610 2219 1148 2307 comparationem
1173 2219 1253 2285 ad
1291 2232 1704 2284 communem
1734 2230 1840 2297 po·

288 2332 426 2416 puli
454 2333 728 2410 statum,
760 2347 890 2395 non
932 2331 1252 2413 quantum
1292 2325 1374 2391 ad
1414 2321 1837 2408 privilegium

289 2438 556 2523 speciale
585 2434 1012 2522 quarumdam
1040 2449 1485 2518 personarum.

791 2666 1199 2748 QUAESTIO
1253 2665 1341 2731 ΙΙ.

318 2818 414 2874 An
442 2816 570 2890 fides
588 2817 879 2890 profecerit
915 2811 1097 2884 quoad
1124 2812 1345 2867 luminis
1356 2806 1750 2883 plenitudinem
1769 2804 1807 2860 ¹.

377 2974 605 3042 Utrum
645 2972 804 3038 fides
833 2970 1167 3056 profecerit
1192 2972 1509 3052 quantum
1536 2967 1616 3033 ad
1656 2966 1844 3031 lumi-

292 3082 396 3149 nis
420 3081 913 3167 plenitudinem3
937 3083 1002 3144 et
1022 3077 1194 3161 quod
1217 3076 1330 3157 sic,
1350 3075 1607 3141 videtur
1631 3073 1842 3157 primo

292 3191 667 3258 auctoritate
715 3188 1049 3271 Gregorii·
1111 3186 1207 3250 in‘
1244 3184 1522 3268 quadam
1567 3180 1843 3247 Romilia

290 3316 487 3382 super
507 3295 668 3361 illud
697 3296 883 3361 Lucoe
904 3300 929 3337 ⁸
958 3312 982 3360 .·
1010 3295 1196 3361 Beati
1222 3291 1416 3371 oculi,
1447 3291 1566 3375 qui
1595 3288 1839 3368 vident,

291 3422 438 3490 ‹111ae
460 3419 575 3471 vos
596 3401 840 3469 videtis
849 3421 877 3484 ,·
894 3401 985 3465 ihi
1013 3399 1390 3481 Gregorius:
1421 3420 1452 3459 α
1476 3397 1841 3463 Secundum

291 3514 688 3580 incrementa
725 3516 1091 3593 temporum
1133 3507 1333 3573 crevit
1370 3505 1633 3571 scientia
1667 3525 1844 3572 sanc·

291 3624 533 3700 tom,
580 3622 645 3684 et
690 3616 1117 3702 spiritualium
1161 3619 1443 3698 patrum.
1489 3612 1569 3678 Et
1602 3618 1843 3696 quanto

294 3727 601 3796 adventui
651 3724 996 3792 Salvatoris
1060 3720 1397 3789 viciniores
1444 3720 1838 3800 extiterunt,

292 3838 474 3902 tanto
529 3832 916 3917 mysterium
973 3828 1197 3894 salutis
1244 3827 1500 3911 plenius
1538 3845 1843 3911 percepe-

295 3947 471 4008 nmt.
503 3963 535 4002 n
569 3940 744 4022 Ergo
772 3937 1044 4024 pleniori
1075 3935 1323 4001 lumine
1349 3938 1793 4016 cognoverunt
1821 3952 1840 3999 t

295 4049 408 4115 sed
451 4067 585 4114 non
627 4048 1072 4129 cognoverunt
1113 4042 1239 4106 nisi
1280 4041 1407 4106 fide
1437 4057 1457 4103 z
1486 4059 1645 4123 ergo
1687 4040 1846 4131 fides

156 4152 175 4162 ‘
297 4156 503 4223 crevit
524 4158 839 4239 quantum
867 4151 946 4216 ad
972 4148 1238 4215 luminis
1274 4147 1759 4231 plenitudinem.

380 4262 569 4342 Item,
609 4247 965 4326 secundum
1019 4274 1386 4341 processum
1441 4259 1841 4338 temporum,

299 4370 500 4435 crevit
530 4368 867 4453 prophetia
897 4368 1217 4449 quantum
1243 4365 1324 4430 ad
1357 4362 1846 4427 illuminationis

298 4474 757 4559 plenitudinem
788 4494 806 4537 ι
838 4490 997 4555 ergo
1022 4470 1340 4537 consimili
1375 4469 1623 4535 ratione
1663 4469 1844 4535 vide·

298 4588 407 4649 tur
434 4583 559 4647 hoc
599 4582 827 4648 debere
860 4579 1127 4664 reperiri
1160 4579 1232 4643 in
1275 4579 1416 4662 ipsa
1454 4577 1602 4642 fide.
1633 4578 1846 4642 Prima

300 4689 606 4773 probatur
631 4705 745 4771 per
770 4686 894 4751 hoc
919 4685 1091 4768 quod
1131 4684 1283 4749 dicit
1321 4684 1525 4751 David
1565 4682 1845 4768 prophe-

298 4794 405 4861 ta*
424 4796 451 4862 ἐ
482 4795 682 4876 Super
715 4808 893 4859 senes
922 4791 1218 4859 intellexti
1243 4813 1269 4858 .·
1296 4790 1375 4856 Et
1401 4791 1637 4856 iterum
1668 4812 1685 4855 ε
1715 4792 1845 4856 Su-

295 4919 411 4985 per
435 4902 722 4971 docentes
742 4918 837 4968 me
858 4900 1155 4968 intellexi
1177 4922 1202 4965 .·
1224 4899 1378 4964 etin
1398 4898 1657 4966 Actibus
1683 4897 1848 4963 dixit

299 5009 590 5077 Petrus⁸:
613 5010 779 5087 Non,
807 5010 976 5076 sicut
994 5008 1355 5087 oestimatis,
1374 5006 1448 5073 1η·
1476 5006 1640 5074 ebrii
1662 5015 1847 5074 sunt.-

299 5116 416 5185 sed
436 5118 548 5185 hoc
576 5122 692 5196 est,
717 5115 889 5201 quod
910 5115 1074 5182 dicit
1096 5131 1212 5198 per
1234 5114 1612 5197 prophetam
1628 5113 1804 5181 lohel
1823 5134 1848 5178 .-

301 5225 384 5293 Et
408 5228 530 5293 erit
554 5227 632 5291 in
656 5224 1028 5292 novissimis
1054 5222 1316 5301 diebus,·
1338 5219 1691 5306 effundam,
1722 5224 1841 5285 etc.

364 5386 382 5423 ¹
400 5385 482 5450 Cf.
508 5385 756 5438 Alexand.
780 5365 1009 5449 AlensisJ
1028 5383 1193 5445 Cone„
1221 5398 1274 5448 p.
1299 5384 1390 5447 111,
1411 5382 1526 5436 coll.
1549 5395 1637 5448 ιι,
1662 5386 1758 5435 art.
1782 5385 1846 5447 33

301 5459 358 5511 S.
375 5458 580 5524 Thom„
601 5457 667 5508 111
697 5456 857 5521 sent„
886 5455 1001 5507 diet.
1021 5466 1146 5519 ην,
1175 5469 1226 5520 q.
1248 5466 1312 5520 11,
1342 5459 1439 5507 art.
1468 5459 1518 5507 2.
1544 5483 1608 5494 —
1631 5456 1656 5492 ¹
1673 5457 1849 5519 Greg.,

3369 474 3486 537 557

1937 605 2004 672 Si
2033 623 2194 690 ergo
2221 606 2577 672 secundum
2605 606 2918 689 majorem
2942 605 3217 692 Spiritus
3233 609 3488 678 effusio·

1938 733 2088 780 nem
2111 716 2333 780 crescit
2358 714 2591 779 mentis
2616 713 3022 793 illuminati0‚
3043 716 3298 784 videtur
3317 716 3491 802 quod

1938 826 2077 911 ipsa
2121 828 2271 893 fidei
2311 827 2592 910 cognitio
2638 827 2992 892 secundum
3043 829 3350 912 temporis
3390 828 3487 894 di·

1942 935 2310 1001 versitatem
2376 934 2646 1000 creverit
2709 939 3026 1018 quantum
3089 934 3170 1000 ad
3224 935 3492 1001 luminis

1941 1041 2430 1124 plenitudinem.

2022 1148 2203 1237 ,Item
2262 1149 2495 1214 clarius
2537 1148 2795 1214 videtur
2852 1149 3362 1234 unumquodque
3410 1149 3493 1214 ad

1944 1255 2350 1340 praesentiam
2378 1256 2559 1337 lucis,
2591 1275 2789 1340 quam
2817 1257 2896 1322 ad
2922 1256 3332 1341 praesentiam
3353 1272 3494 1321 um-

1943 1363 2079 1428 brae
2113 1384 2128 1426 t
2168 1364 2273 1427 sed
2305 1363 2374 1427 in
2399 1381 2572 1429 nova
2599 1364 2773 1446 Lege
2808 1363 2930 1427 fuit
2969 1363 3172 1445 ipsius
3211 1363 3494 1428 veritatis

1944 1468 2288 1548 exhibitio,
2317 1469 2388 1534 in
2414 1471 2615 1535 veteri
2641 1488 2798 1536 vero
2822 1469 2946 1535 fuit
2986 1470 3186 1552 ipsius
3212 1469 3496 1537 veritatis

1945 1578 2340 1642 obumbrans
2383 1579 2827 1661 praeflguratio
2875 1599 2891 1642 :
2940 1594 3097 1659 ergo
3141 1594 3286 1642 secu
3294 1576 3494 1642 ndum

1945 1687 2204 1768 tempus
2239 1703 2429 1750 novae
2468 1684 2658 1766 Legis
2696 1686 2902 1768 major
2927 1684 3001 1748 fit
3024 1684 3095 1747 in
3132 1683 3495 1766 cognitione

1946 1790 2095 1855 fidei
2122 1791 2391 1855 luminis
2415 1789 2767 1878 plenitudO.

2027 1899 2187 1966 Item
2216 1902 2425 1984 major
2449 1900 2833 1965 illuminatio
2865 1898 3015 1964 fidei
3049 1897 3244 1963 habet
3281 1901 3497 1964 ortum

1946 2030 1989 2077 a
2026 2009 2267 2092 duplici
2293 2009 2637 2093 principio,
2668 2008 2961 2074 videlicet
2986 2010 3050 2071 et
3091 2024 3129 2070 a
3156 2006 3366 2088 gratia
3391 2007 3492 2071 in-

1946 2117 2146 2184 terius
2171 2115 2543 2199 inspirante,
2575 2119 2638 2180 et
2665 2116 2746 2179 ab
2771 2114 3188 2180 instructione
3214 2112 3496 2178 exterius

1950 2223 2419 2290 manuducente
2448 2244 2466 2301 3
2533 2222 2642 2287 sed
2705 2227 2991 2304 tempore
3057 2219 3247 2300 Legis
3306 2237 3494 2286 novae

1948 2330 2378 2396 abundantior
2403 2333 2498 2394 est
2523 2328 2750 2410 gratiae
2777 2327 3003 2393 effusio
3029 2326 3098 2390 in
3128 2344 3496 2392 sacramen-

1955 2439 2037 2503 tis
2056 2486 2073 2516 ‚
2121 2441 2185 2502 et
2215 2427 2458 2501 'clarior
2511 2435 2842 2499 instructio
2885 2435 2956 2497 in
3005 2432 3392 2515 evangelicis
3434 2438 3498 2498 et

1956 2545 2312 2629 apostolicis
2354 2543 2752 2609 documentis
2789 2561 2807 2604 :
2840 2559 2999 2624 ergo
3040 2540 3294 2606 videtur
3327 2541 3500 2623 quod

1950 2653 2021 2717 in
2049 2653 2184 2736 ipsa
2210 2651 2337 2715 fide
2362 2648 2717 2716 secundum
2743 2653 2999 2731 tempus
3025 2647 3252 2729 gratiae
3287 2648 3498 2730 major

1950 2761 2033 2825 sit
2061 2757 2388 2844 plenitudo
2415 2757 2700 2821 luminis.

1898 2890 1905 2898 ·
2033 2867 2154 2933 Sed
2203 2870 2423 2930 contra
2462 2886 2480 2929 ε
2516 2870 2571 2929 l.
2621 2862 2802 2941 Quod
2846 2867 2941 2927 est
2981 2881 3179 2946 supra
3222 2868 3497 2946 tempus,

1953 2993 2083 3040 non
2135 2977 2460 3053 mutatur,
2506 2989 2624 3038 nec
2670 2971 2918 3054 proficit
2946 3019 2964 3049 ‚
3010 2989 3129 3036 nec
3172 2972 3383 3037 deficit
3432 2970 3503 3036 in

1953 3088 2240 3167 tempore
2273 3101 2289 3147 :
2323 3082 2431 3147 sed
2461 3079 2846 3146 illuminatio
2872 3078 3023 3144 fidei
3049 3079 3350 3144 innititur
3374 3077 3503 3163 pri-

1954 3209 2082 3257 mae
2111 3190 2360 3255 veritati
2391 3193 2649 3272 propter
2675 3206 2764 3268 se,
2783 3193 2847 3251 et
2870 3205 3063 3270 super
3086 3186 3327 3266 omnia,
3356 3203 3505 3269 quae

1954 3302 2049 3364 est
2099 3297 2364 3362 omnino
2419 3314 2614 3377 supra
2668 3299 2923 3377 tempus
2971 3310 2989 3358 t
3047 3312 3206 3376 ergo
3249 3292 3506 3359 videtur

1955 3404 2124 3490 quod
2171 3405 2317 3468 fidei
2353 3403 2636 3487 cognitio
2674 3403 3029 3468 secundum
3071 3402 3374 3485 temporis
3400 3400 3504 3466 di-

1955 3513 2325 3579 versitatem
2362 3529 2483 3576 nec
2520 3511 2828 3594 proficiat,
2861 3527 2982 3575 nec
3017 3509 3268 3576 deficiat
3294 3528 3505 3593 quan-

1954 3625 2095 3685 tum
2125 3619 2204 3684 ad
2228 3606 2492 3683 luminis
2522 3616 3010 3701 plenitudinem.

2035 3731 2098 3790 2.
2128 3725 2288 3791 Item
2317 3725 2575 3790 videtur
2597 3724 2769 3807 quod
2786 3723 2945 3789 fides
2971 3739 3106 3788 non
3132 3721 3344 3787 solum
3372 3739 3506 3788 non

1953 3833 2289 3916 profecerit
2315 3831 2671 3896 secundum
2710 3829 2977 3894 luminis
3004 3827 3462 3911 plenitudinem
3481 3875 3500 3906 ‚

1955 3940 2089 4004 imo
2128 3939 2342 4024 potius
2376 3937 2731 4005 decreverit
2761 3956 2778 4002 ε
2811 3937 2964 4020 quia
2992 3936 3202 4018 major
3235 3939 3331 4000 est
3355 3934 3506 4001 illu-

1956 4047 2226 4112 minatio
2253 4064 2401 4130 quae
2425 4044 2669 4112 revelat
2695 4043 2906 4127 magis
2932 4042 3275 4124 occultum,
3306 4060 3504 4125 quam

1956 4171 2106 4237 quae
2162 4154 2404 4219 revelat
2441 4152 2654 4233 magis
2698 4150 3106 4216 manifestum
3144 4170 3160 4212 :
3192 4149 3303 4214 sed
3345 4148 3505 4214 fides

1958 4267 2106 4326 ante
2151 4261 2500 4327 adventum
2542 4257 2770 4324 Christi
2810 4257 3080 4323 faciebat
3125 4273 3506 4338 cognoscere

1958 4366 2448 4450 Redemptorem
2471 4370 2535 4429 et
2556 4365 2988 4444 Mediatorem,
3018 4365 3081 4427 et
3105 4362 3229 4428 hoc
3247 4362 3508 4444 quidem

1957 4476 2163 4539 multo
2201 4474 2414 4555 magis
2449 4476 2588 4537 erat
2610 4471 2963 4551 occultum,
2993 4487 3191 4553 quam
3219 4473 3361 4552 post
3390 4470 3503 4534 ad-

1957 4587 2226 4647 ventum
2255 4581 2454 4664 ipsius
2484 4600 2501 4644 :
2533 4596 2694 4661 ergo
2718 4578 2971 4643 videtur
2996 4577 3169 4660 quod
3194 4577 3334 4659 ipsa
3349 4577 3509 4643 fides

1959 4689 2255 4773 ampliori
2282 4693 2344 4753 et
2367 4686 2725 4772 perfectiori
2750 4685 2998 4750 lumine
3020 4689 3176 4749 tunc
3200 4684 3508 4766 temporis

1957 4795 2369 4879 perfunderet
2399 4797 2707 4857 mentem.

2039 4907 2100 4967 3.
2151 4900 2308 4965 Item
2353 4900 2562 4980 maJor
2605 4902 2699 4963 est
2749 4897 3129 4963 illuminatio
3172 4915 3321 4981 quae
3361 4897 3510 4962 facit

1959 5024 2479 5095 praecognoscere
2519 5006 2738 5071 futura
2756 5053 2776 5085 ‚
2807 4997 3003 5087 quam
3031 5021 3178 5088 quae
3217 5004 3364 5070 facit
3403 5021 3510 5070 re-

1958 5116 2305 5182 memorari
2352 5115 2674 5198 praeterita
2706 5132 2723 5178 ε
2765 5115 2875 5181 sed
2915 5114 3074 5179 fides
3117 5115 3188 5179 in
3230 5113 3509 5197 antiquis

1958 5222 2242 5306 patribus
2286 5218 2554 5285 faciebat
2592 5219 2812 5285 futura
2848 5236 3370 5303 praecognoscere
3386 5265 3405 5298 ,
3436 5218 3508 5284 in

1958 5386 2012 5433 in
2035 5381 2235 5443 Ezech„
2265 5381 2406 5432 hom.
2437 5392 2544 5433 xvn
2569 5381 2666 5419 -2
2689 5382 2828 5443 Luc..
2855 5393 2910 5448 x,
2933 5384 3014 5434 23.
3036 5407 3086 5420 -
3115 5384 3135 5418 ⁸
3152 5380 3291 5434 Ptol.
3319 5391 3505 5447 cxvm,

1959 5458 2067 5518 loo,
2097 5457 2177 5506 99.
2200 5479 2255 5490 —
2276 5452 2298 5488 ⁸
2324 5454 2455 5518 Act„
2475 5463 2538 5517 11,
2571 5455 2730 5504 15-17.

3537 2887 3604 2933 Ad
3632 2898 3739 2943 opp.
