4185 6288
1313 481 1509 557 ms‘r.
1551 482 1710 557 XXI.
1754 484 1936 556 ΛΒΤ.
1968 477 2031 557 '1.
2077 486 2379 569 QUAEST.
2426 490 2503 556 11.

323 621 742 706 expediebat,
798 642 917 689 nec
990 624 1080 688 illi
1144 625 1383 691 animae
1444 626 1857 708 congruebat.

320 729 526 796 Deum
567 750 702 797 non
731 731 1011 809 decebat,
1064 733 1214 816 quia
1258 733 1678 805 indissolubili
1719 752 1864 798 ma-

319 837 624 903 trimonio
658 856 802 903 eam
831 840 952 903 sibi
994 843 1448 923 conjunxerat3
1491 841 1661 906 unde
1701 842 1866 906 sicut

319 963 454 1010 non
481 946 657 1012 decet
684 947 900 1011 virum
926 948 1287 1031 relinquere
1303 967 1600 1028 uxorem,
1625 949 1714 1013 sic
1732 967 1864 1013 non

319 1052 531 1118 decuit
555 1053 838 1119 Verbum
865 1054 974 1120 Dei
1003 1055 1084 1119 ab
1107 1058 1320 1121 anima
1335 1056 1638 1139 separari.
1671 1054 1865 1120 Nobis

318 1178 453 1224 non
476 1161 879 1244 expediebat,
910 1164 1067 1246 quia
1091 1164 1145 1227 si
1169 1164 1333 1229 facta
1362 1165 1582 1228 fuisset
1613 1181 1863 1246 separa-

317 1266 430 1347 tio,
470 1268 687 1332 anima
720 1269 827 1333 illa
867 1289 1001 1335 non
1037 1271 1366 1337 habuisset
1392 1272 1742 1355 potentiam
1781 1272 1864 1336 ad

317 1373 761 1440 redimendum
835 1395 1046 1458 genus
1098 1377 1462 1443 humanum
1533 1378 1863 1461 captivum

317 1499 438 1546 nec
463 1480 822 1549 Mediatoris
850 1485 1134 1551 officium
1163 1487 1244 1551 ad
1269 1486 1810 1551 reconciliandum
1842 1505 1859 1549 τ

318 1591 381 1653 et
407 1592 712 1655 neutrum
740 1596 876 1656 erat
900 1592 1082 1656 nobis
1109 1593 1481 1677 expediens»,
1512 1594 1620 1659 sed
1649 1594 1864 1678 potius

317 1698 460 1778 ejus
485 1700 868 1781 oppositum.
905 1699 1157 1766 Animae
1184 1701 1374 1766 etiam
1424 1702 1516 1765 illi
1559 1720 1691 1766 non
1718 1720 1862 1767 con-

319 1805 594 1883 gruehat
611 1853 630 1884 ‚
688 1809 829 1870 tum
888 1808 1042 1890 quia
1091 1807 1608 1873 innocentissima
1628 1856 1646 1887 ,
1716 1813 1858 1872 tum

317 1911 509 1975 etiam
567 1911 719 1995 quia
768 1913 1131 1979 beatissima
1201 1936 1217 1980 ε
1293 1915 1447 1998 quia
1496 1915 1862 1979 beatissima

316 2022 492 2094 erat,
534 2037 666 2084 non
709 2025 956 2103 poterat
997 2027 1218 2086 contra
1244 2023 1646 2087 voluntatem
1672 2041 1859 2086 suam

315 2125 597 2207 separari
641 2127 723 2190 ab
771 2146 882 2206 eo;
938 2130 1089 2212 quia
1132 2130 1647 2195 innocentissima
1698 2134 1855 2208 erat,

314 2249 450 2296 non
491 2239 736 2316 poterat
761 2237 924 2301 velle
966 2238 1246 2321 separari
1281 2257 1322 2302 a
1347 2238 1574 2304 Verbo.
1612 2238 1691 2304 Et
1717 2239 1859 2303 ideo

316 2341 786 2408 concedendum
841 2349 967 2421 est,
1028 2346 1198 2429 quod
1247 2348 1318 2410 in
1386 2352 1589 2412 morte
1642 2347 1859 2411 anima

314 2454 603 2530 separata
629 2469 668 2513 a
697 2449 902 2516 Verbo
929 2471 1060 2516 non
1082 2453 1225 2517 fuit.
1255 2452 1418 2518 Nam
1456 2454 1511 2517 si
1538 2455 1683 2537 quis
1711 2473 1860 2519 con·

313 2557 589 2621 trarium
616 2558 871 2638 diceret,
900 2560 1207 2642 injuriam
1247 2561 1480 2626 faceret
1517 2562 1756 2640 deitati,
1796 2563 1860 2625 et

311 2663 537 2743 nobie,
586 2670 649 2730 et
695 2667 931 2731 animae
980 2667 1208 2732 Christi
1262 2686 1279 2732 τ
1326 2672 1390 2733 et
1431 2669 1574 2733 ideo
1623 2668 1859 2750 dignus

313 2774 477 2835 esset
523 2773 1066 2839 anathematizari.
1110 2774 1188 2841 Et
1215 2776 1356 2841 ideo
1388 2775 1543 2840 dicit
1588 2775 1855 2840 Damas-

313 2896 541 2959 cenus,
578 2882 751 2964 quod
793 2882 1180 2966 quicumque
1220 2883 1343 2947 hoc
1385 2882 1646 2959 dixerit,
1696 2902 1851 2947 ana-

312 2984 530 3050 thema
554 2987 657 3051 sit.
687 2987 1113 3053 Concedendae
1158 2994 1308 3054 sunt
1352 3007 1513 3070 ergo
1549 2990 1851 3070 rationes,

311 3109 460 3175 quae
504 3100 657 3160 sunt
695 3096 776 3162 ad
804 3100 1048 3180 partem
1078 3098 1292 3163 istam.

395 3207 455 3266 1.
487 3202 583 3266 Ad
613 3203 771 3268 illud
796 3222 973 3280 ver0,
1007 3206 1180 3288 quod
1208 3204 1418 3288 primo
1454 3204 1753 3287 objicitur
1786 3204 1857 3267 in

310 3310 729 3387 contrarium,
811 3312 1148 3377 dicendum
1229 3312 1426 3395 quod,
1482 3313 1650 3376 sicut
1705 3312 1857 3376 dicit

310 3417 718 3498 Augustinus
766 3421 811 3499 ¹,
862 3421 1135 3485 verbum
1189 3420 1346 3484 illud
1417 3424 1513 3484 est
1567 3437 1854 3502 personae

311 3521 459 3602 Filii
478 3527 722 3591 ratione
744 3527 955 3591 carnis
977 3533 1342 3610 assumptae.
1375 3526 1452 3591 Et
1480 3527 1535 3591 si
1575 3535 1644 3592 tu
1685 3527 1856 3609 0in-

314 3629 442 3695 cias
463 3634 644 3715 quod,
673 3634 850 3698 carni
891 3653 1024 3700 non
1070 3634 1368 3717 competit
1407 3635 1686 3698 animam
1734 3653 1855 3718 po-

311 3755 487 3819 nere,
518 3758 666 3805 cum
712 3760 846 3807 non
891 3742 1122 3807 habeat
1165 3760 1346 3826 posse
1388 3760 1581 3825 super
1623 3743 1850 3825 ipsam,

308 3845 647 3913 dicendum
690 3850 861 3933 quod
910 3851 1033 3915 hoc
1076 3851 1449 3915 attribuitur
1497 3849 1620 3932 ipsi
1678 3849 1854 3915 carni

306 3953 552 4020 ratione
584 3959 900 4022 manentis
926 3958 995 4022 in
1023 3976 1092 4022 se
1139 3956 1409 4023 deitatis.
1442 3955 1619 4022 Unde
1647 3961 1853 4022 atten-

307 4060 588 4127 dendum
625 4068 741 4142 est,
775 4065 949 4148 quod
975 4068 1070 4130 est
1095 4065 1183 4128 ibi
1210 4064 1555 4148 deponens,
1592 4068 1654 4127 et
1679 4063 1854 4128 unde

306 4168 605 4252 deponit:
635 4171 958 4254 deponens
996 4178 1092 4237 aet
1131 4172 1336 4237 virtus
1383 4171 1635 4252 divina3
1681 4170 1853 4237 unde

306 4292 465 4340 vero
489 4275 768 4361 deponit,
790 4283 886 4344 est
907 4297 1055 4344 caro
1081 4283 1427 4363 assumpta.
1444 4277 1659 4343 Voluit
1675 4279 1853 4343 enim

308 4380 598 4449 Christus
640 4385 925 4450 animam
964 4406 1150 4452 suam
1197 4387 1477 4470 separari
1512 4403 1645 4450 non
1692 4405 1731 4450 a
1757 4403 1848 4466 se,

306 4487 420 4554 sed
445 4507 485 4554 a
510 4509 700 4557 carne
726 4512 845 4558 sua
874 4515 890 4557 ε
921 4499 986 4559 et
1012 4495 1177 4558 sicut
1201 4494 1443 4558 dictum
1479 4477 1576 4557 est
1615 4493 1694 4556 de
1737 4492 1847 4558 de·

306 4596 639 4679 positione,
668 4599 758 4664 ita
782 4600 1271 4683 intelligendum
1296 4604 1391 4664 est
1429 4599 1509 4664 de
1554 4616 1847 4683 resump-

305 4702 500 4769 tione.

313 4841 314 4844 ¹
386 4814 446 4874 2.
477 4812 574 4877 Ad
601 4813 757 4880 illud
786 4817 960 4900 quod
1000 4816 1299 4900 objicitur
1346 4816 1424 4880 de
1472 4814 1850 4881 idiomatum

305 4922 900 5001 communicatione,
932 4923 1271 4989 dicendum
1309 4922 1481 5007 quod
1523 4923 1678 4988 unio
1703 4923 1852 4987 facit

301 5025 607 5095 idiomata
657 5033 1120 5098 communicari
1192 5049 1326 5096 non
1393 5030 1683 5113 partibus
1752 5030 1848 5094 rei

303 5135 598 5218 unibilis,
652 5140 763 5205 sed
806 5142 1018 5222 magis
1058 5141 1180 5223 ipsi
1227 5139 1320 5204 rei
1370 5143 1645 5216 naturae,
1700 5154 1848 5220 quae

369 5261 386 5297 ¹
413 5264 567 5327 Aug,
587 5263 639 5313 in
660 5264 825 5317 loon..
843 5268 989 5316 tract.
1016 5276 1182 5329 xnvu,
1204 5279 1260 5315 n.
1281 5266 1394 5316 9.·-
1413 5264 1432 5298 ’
1451 5260 1657 5327 unuh„
1677 5272 1844 5324 xxvn,

302 5333 385 5383 ⁴6.
409 5357 468 5373 -·
486 5335 510 5370 ⁸
535 5335 616 5398 Cf.
643 5336 891 5387 Alexand.
915 5336 1203 5402 Alensis‚p.
1233 5337 1320 5401 ln,
1344 5350 1396 5400 q.
1422 5347 1538 5398 111,
1557 5334 1754 5385 memb.
1782 5339 1803 5384 t
1827 5347 1843 5396 ;

303 5399 357 5455 S.
385 5405 590 5470 Thom.,
618 5420 671 5470 p.
702 5408 766 5457 ΙΙΙ
787 5444 804 5471 ,
831 5423 882 5473 q.
915 5420 965 5471 L,
993 5412 1091 5459 art.
1123 5413 1179 5470 23
1205 5412 1258 5459 et
1286 5410 1349 5458 ΙΙΙ
1382 5408 1544 5469 Sene„
1571 5405 1691 5456 dist.
1720 5415 1843 5467 xxi,

301 5491 353 5541 q.
385 5488 425 5538 1,
448 5481 544 5529 art.
579 5483 636 5542 ¹3
667 5483 719 5529 et
751 5478 891 5540 Quoi.
923 5482 1013 5544 ul,
1035 5482 1132 5531 art.
1159 5485 1216 5543 63
1246 5479 1546 5542 tticum-dus,
1579 5479 1643 5529 m
1682 5476 1842 5539 Sene„

3398 494 3519 556 445

1970 627 2263 691 nominat
2284 631 2483 691 totam
2529 631 2828 691 naturam
2845 676 2861 707 ,
2912 631 2987 693 ut
3025 627 3093 690 in
3135 622 3464 710 supposito
3498 649 3512 691 :

1971 734 2143 799 unde
2170 734 2470 799 idiomata
2504 733 2648 798 Filii
2667 733 2778 800 Dei
2805 752 2936 800 non
2959 732 3519 798 communicantur

1968 837 2089 921 ipsi
2114 840 2373 920 animae,
2394 840 2504 905 sed
2524 841 3078 906 communicantur
3094 838 3213 922 ipsi
3234 838 3523 931 homini,

1970 950 2033 1010 et
2050 947 2362 1029 quoniam
2385 949 2603 1013 anima
2628 950 2856 1014 unitur
2878 949 3000 1032 ipsi
3021 947 3231 1013 Verbo
3265 950 3340 1010 ut
3369 964 3518 1030 pars

1968 1052 2274 1118 humanae
2328 1059 2575 1120 naturae
2598 1105 2615 1136 ,
2671 1057 2813 1122 ideo
2879 1074 3012 1120 non
3082 1058 3330 1138 oportet
3394 1051 3519 1137 ipsi

1969 1158 2271 1225 idiomata
2297 1163 2777 1227 communicari.

2050 1272 2111 1332 3.
2144 1268 2237 1332 Ad
2270 1268 2429 1334 illud
2450 1270 2621 1353 quod
2643 1270 2966 1354 objicitur,
2999 1268 3170 1353 quod
3206 1268 3319 1332 illa
3342 1267 3517 1333 divi·-

1969 1373 2211 1439 duntur
2252 1376 2321 1439 in
2371 1382 2614 1458 morte,
2661 1395 2808 1460 quae
2857 1379 3199 1460 conjuncta
3244 1380 3397 1440 sunt
3449 1376 3517 1439 in

1968 1482 2319 1562 nativitate,
2379 1483 2723 1548 dicendum
2769 1485 2936 1567 quod
2991 1487 3087 1549 est
3150 1484 3517 1566 conjunctio

1967 1591 2302 1667 naturaliS,
2333 1596 2397 1657 et
2440 1596 2537 1657 est
2577 1593 2942 1676 conjunctio
2984 1591 3511 1675 supernaturalis.

1968 1696 2235 1776 Quando
2260 1716 2423 1780 ergo
2450 1699 2685 1764 dicitur
2714 1699 2884 1781 quod
2928 1698 3036 1763 illa
3081 1699 3150 1763 in
3180 1702 3385 1763 morte
3412 1696 3518 1761 di-

1964 1805 2299 1884 viduntur,
2329 1824 2476 1889 quae
2505 1806 2572 1869 in
2601 1805 2933 1870 nativitate
2960 1807 3306 1888 conjuncta
3341 1808 3513 1886 sunt,

1965 1912 2087 1977 hoc
2128 1912 2513 1994 intelligitur
2562 1913 2641 1978 de
2691 1912 2965 1977 naturali
3026 1914 3291 1978 unione.
3349 1910 3515 1977 Unio

1965 2025 2181 2085 autem
2212 2020 2566 2085 divinitatis
2608 2020 2690 2085 ad
2717 2021 3002 2085 animam
3046 2038 3178 2085 non
3221 2023 3358 2084 erat
3390 2037 3513 2083 na-

1965 2129 2209 2207 turaliS,
2235 2128 2343 2193 sed
2369 2128 2869 2211 supernaturalis
2893 2150 2907 2192 :
2930 2132 2993 2191 et
3016 2127 3158 2192 ideo
3177 2127 3253 2192 de
3271 2127 3515 2195 unione

1964 2234 2074 2297 illa
2101 2234 2373 2299 verbum
2402 2234 2561 2298 illud
2591 2253 2725 2299 non
2754 2235 2944 2299 habet
2969 2234 3263 2314 intelligi.

2044 2345 2105 2405 4.
2138 2342 2233 2406 Ad
2261 2342 2421 2405 illud
2464 2342 2640 2425 quod
2684 2342 3002 2425 objicitur,
3052 2341 3223 2425 quod
3270 2344 3516 2406 remota

1964 2452 2059 2513 est
2079 2447 2406 2513 delectatio
2434 2448 2503 2511 in
2533 2452 2736 2513 morte
2763 2449 2845 2512 ab
2868 2450 3087 2512 anima
3105 2497 3122 2525 ,
3171 2448 3513 2513 dicendum

1964 2555 2135 2638 quod
2157 2602 2173 2633 ,
2206 2555 2370 2619 sicut
2403 2554 2526 2619 lux
2567 2559 2769 2637 potest
2802 2555 3137 2637 dupliciter
3184 2555 3508 2635 offuscari,

1964 2662 2067 2726 vel
2095 2662 2165 2725 in
2193 2680 2283 2741 se,
2314 2660 2418 2726 vel
2445 2662 2513 2725 in
2542 2680 2661 2726 sua
2687 2660 3114 2738 irradiatione,
3149 2662 3242 2727 sic
3284 2665 3349 2727 et
3393 2661 3512 2727 de-

1963 2767 2213 2834 lectatio
2241 2773 2444 2851 potest
2466 2769 2801 2851 dupliciter
2828 2769 3144 2833 removeri
3187 2768 3268 2832 ab
3294 2768 3512 2833 anima

1964 2876 2257 2940 rationali
2286 2899 2312 2941 .·
2340 2881 2451 2941 aut
2478 2876 2633 2959 quia
2672 2877 2813 2959 ipsa
2841 2874 3072 2941 desinit
3114 2874 3182 2938 in
3209 2892 3277 2938 se
3304 2875 3512 2940 delec-

1965 2984 2108 3063 tari,
2131 2989 2244 3049 aut
2265 2983 2418 3064 quia
2436 2984 2517 3065 (a)
2551 2983 2779 3047 desinit
2797 2982 3152 3047 redundare
3170 2982 3238 3045 in
3261 2986 3510 3064 partem

1964 3090 2355 3155 inferiorem.
2391 3088 2547 3156 Cum
2576 3108 2734 3172 ergo
2760 3088 3211 3173 dicitur,‚quod
3248 3088 3511 3155 delecta-

1965 3197 2057 3262 tio
2075 3198 2428 3262 divinitatis
2451 3201 2696 3262 remota
2719 3198 2843 3261 suit
2866 3199 2933 3260 in
2963 3202 3166 3262 morte
3189 3197 3271 3261 ab
3290 3198 3510 3262 anima

1965 3303 2190 3369 Christi
2213 3354 2231 3385 ,
2263 3305 2384 3370 hoc
2411 3322 2541 3368 non
2586 3303 2970 3385 intelligitur
2999 3321 3076 3367 ea
3121 3304 3195 3386 (b)
3237 3305 3504 3381 ratione,

1964 3412 2137 3492 quod
2165 3399 2346 3476 mens
2370 3413 2426 3494 ej
2437 3430 2513 3474 us
2535 3411 2847 3475 desineret
2873 3410 3001 3474 frui
3028 3411 3376 3490 divinitate,
3398 3411 3506 3474 sed

1964 3518 2138 3600 quod
2156 3517 2576 3601 dispensative
2600 3520 2920 3582 subtracta
2941 3518 3064 3582 suit
3084 3517 3507 3581 redundantia

1963 3624 2032 3687 in
2077 3630 2324 3707 partem
2369 3623 2756 3704 sensibilem,
2793 3629 2856 3688 et
2886 3626 3175 3707 exposita
3211 3623 3337 3687 fuit
3371 3642 3508 3707 pas·

1964 3731 2129 3795 sioni
2157 3730 2602 3795 acerbissimae.
2646 3729 2909 3812 Propter
2954 3730 3122 3812 quod
3164 3730 3393 3794 clamat
3435 3731 3504 3793 in

1964 3839 2255 3921 passione
2279 3838 2303 3874 ²
2336 3857 2354 3902 ε
2389 3841 2555 3903 Deus
2581 3853 2790 3917 meus,
2821 3838 2987 3902 Deus
3014 3852 3216 3916 meus,
3245 3837 3507 3919 utquid

1963 3946 2367 4030 dereliquisti
2386 3951 2524 4012 me?
2546 3945 2728 4023 Quod
2756 3963 2887 4009 non
2906 3945 3306 4027 intelligitur,
3330 3945 3505 4028 quod

1961 4055 2298 4137 dereliquit
2335 4052 2641 4118 solvendo
2687 4051 3019 4116 vinculum
3064 4051 3348 4131 unionis,
3395 4051 3508 4115 sed

1962 4162 2339 4246 exponendo
2378 4161 2458 4226 ad
2485 4160 2871 4244 supplicium
2902 4158 3232 4243 passionis,

2488 4336 2847 4416 QUAEsTlo
2889 4336 2968 4402 11.

2033 4486 2128 4534 An
2161 4479 2224 4533 in
2249 4479 2414 4533 morte
2452 4473 2659 4530 Christi
2689 4473 2953 4529 divinitas
2987 4487 3025 4528 a
3064 4486 3224 4527 came
3262 4472 3433 4539 tuerit

2563 4567 2822 4635 separata
2853 4562 2896 4616 ³.

2041 4703 2270 4769 Utrum
2295 4703 2365 4767 in
2392 4705 2599 4767 morte
2627 4700 2853 4766 Christi
2881 4697 3179 4765 divinitas
3207 4698 3289 4763 sit
3312 4715 3500 4780 sepa·
3524 4721 3591 4766 Αιι
3609 4734 3715 4781 opp.

1958 4817 2099 4878 rata
2128 4831 2168 4876 a
2205 4830 2432 4890 carne;
2490 4816 2553 4875 et
2603 4809 2774 4892 quod
2820 4807 2932 4885 sic,
2958 4807 3232 4870 videtur.
3282 4804 3501 4871 Soluto
3567 4815 3574 4826 ’

1960 4919 2190 4998 medi0,
2212 4918 2553 4983 solvuntur
2570 4923 2856 4980 extrema
2882 4936 2896 4977 ε
2921 4914 3030 4977 sed
3051 4911 3332 4978 Verbum
3354 4913 3502 4976 uni·

1959 5032 2069 5092 tur
2121 5026 2299 5091 carui
2354 5025 2669 5088 mediante
2722 5021 3082 5099 intellectu,
3137 5020 3301 5084 sicut
3351 5019 3504 5083 dicit

1958 5134 2383 5197 Damascenus
2410 5136 2456 5210 ⁴,
2510 5135 2574 5194 et
2617 5130 2909 5194 habitum
2957 5132 3051 5192 est
3096 5145 3291 5209 supra
3322 5126 3369 5191 ³.
3428 5124 3500 5191 Si

1959 5259 2075 5309 dist.
2106 5270 2218 5322 xxi,
2245 5271 2296 5321 q.
2318 5268 2384 5320 1¹3
2412 5255 2700 5321 Stephanus
2717 5254 2928 5317 Brulet„
2960 5254 3023 5303 111
3055 5253 3213 5316 sent„
3241 5250 3357 5304 dist.
3387 5262 3498 5316 111,

1957 5345 2010 5394 q.
2041 5342 2110 5392 ¹¹3
2150 5330 2402 5380 Marsilius
2432 5331 2670 5394 inguen„
2710 5329 2773 5379 ΙΙΙ
2809 5329 2966 5390 8εηε.,
2994 5341 3047 5390 q.
3077 5338 3171 5376 χιιι
3196 5360 3209 5387 ,
3232 5330 3328 5374 art.
3361 5326 3409 5374 1.
3435 5348 3500 5361 —

1957 5404 1978 5436 δ
2005 5404 2262 5463 υαωαεο.,
2284 5401 2346 5450 de
2370 5401 2496 5451 Fide
2520 5398 2740 5463 orthod„
2765 5399 2855 5450 lib.
2887 5399 2971 5461 111,
2994 5411 3042 5448 c.
3069 5407 3141 5447 vl.
3165 5424 3226 5433 —
3245 5397 3267 5432 ⁸
3284 5395 3409 5447 nist.
3435 5406 3498 5458 11,

1955 5477 2051 5524 art.
2087 5475 2138 5538 3,
2167 5487 2220 5540 q.
2257 5483 2293 5523 1.
2325 5499 2386 5510 —
2424 5472 2495 5538 (a)
2526 5472 2649 5526 Caet.
2678 5471 2801 5522 edit.
2828 5469 2962 5521 deest
2987 5470 3123 5535 quia.
3154 5466 3299 5533 -(b)
3328 5466 3413 5524 At.
3447 5479 3497 5527 a.
