4185 6288
748 505 873 567 4²12

744 654 878 702 non
921 636 1042 701 nisi
1086 635 1291 700 bonos
1305 682 1323 713 ,
1371 636 1548 719 quod
1609 636 2030 720 semiplenam
2079 635 2309 703 habuit

741 744 1101 819 victoriam,
1130 742 1474 807 dicendum
1516 744 1951 827 quodfalsum
1988 748 2118 808 est:
2154 745 2309 809 mali

744 852 920 916 enim
969 868 1084 933 per
1135 853 1470 933 peccatum
1514 853 1698 936 quasi
1747 851 1914 917 nihil
1948 853 2100 917 facti
2128 856 2304 932 sunt,

744 963 808 1024 et
830 959 910 1023 ad
936 976 1068 1022 non
1094 976 1232 1022 esse
1258 958 1534 1023 tendunt
1565 981 1582 1023 ε
1613 963 1677 1024 et
1701 960 1842 1024 ideo
1870 960 2158 1043 ipsorum
2193 961 2299 1025 de-

1788 497 2423 567 SENTENTIARUM
2465 501 2616 568 Lm.
2660 501 2770 568 111.

2416 638 2576 704 illud
2604 658 2736 706 non
2762 639 3148 722 intelligitur
3188 637 3267 702 de
3324 637 3618 722 paradiso
3660 640 3956 717 terrestri,

2415 748 2567 831 quia
2600 766 2732 813 non
2777 766 3097 831 magnum
3141 750 3305 811 esset
3346 744 3439 809 illi
3476 745 3716 811 animae
3744 747 3957 811 aesein

2415 854 2525 918 illo
2553 855 2844 938 paradiso
2875 875 2892 920 t
2925 873 3082 937 ergo
3110 852 3499 934 intelligitur
3521 851 3600 916 de
3628 851 3888 916 coelaeti.

2495 967 2556 1027 2.
2592 962 2750 1027 Item
2792 964 3006 1026 statim
3056 964 3197 1045 post
3249 964 3525 1024 mortem
3579 963 3803 1043 aperta
3854 961 3963 1026 fuit

744 1068 911 1131 fectu
936 1065 1007 1129 in
1033 1065 1312 1130 nihilum
1339 1069 1797 1149 computantur
1828 1090 1844 1132 ε
1878 1071 1941 1131 et
1959 1072 2306 1152 propterea
2412 1071 2636 1151 janua,
2666 1075 2729 1135 et
2752 1070 2914 1135 nihil
2954 1069 3075 1133 fuit
3118 1067 3385 1133 omnino
3411 1068 3791 1133 retardans:
3821 1087 3963 1151 ergo

745 1174 815 1236 in
841 1172 1021 1237 nullo
1048 1172 1367 1237 minuitur
1393 1172 1725 1255 plenitudo
1755 1174 2062 1252 victoriae,
2099 1175 2154 1238 si
2185 1175 2312 1258 ipsi

748 1300 882 1347 non
924 1282 1305 1361 liberantur,
1353 1281 1518 1347 sicut
1558 1282 1626 1346 in
1656 1281 1838 1346 nullo
1864 1282 2188 1347 diminuta
2215 1283 2310 1346 est

748 1388 1078 1475 plenitudo
1113 1389 1389 1455 civitatis
1442 1406 1742 1473 supernae
1794 1407 1909 1472 per
1952 1388 2310 1454 absentiam

753 1499 1099 1563 malorum.

834 1613 895 1673 5.
941 1608 1041 1672 Ad
1080 1607 1239 1672 illud
1279 1607 1454 1690 quod
1495 1606 1818 1690 objicitur,
1852 1607 2027 1690 quod
2056 1606 2200 1671 illos
2225 1605 2312 1669 li-

751 1716 1001 1781 beravit
1046 1733 1164 1798 pro
1220 1715 1461 1798 quibus
1516 1733 1743 1797 passus
1795 1719 1913 1793 est,
1966 1713 2310 1779 dicendum

753 1824 953 1907 quod,
982 1823 1149 1887 sicut
1173 1821 1523 1901 dicebatur,
1550 1822 1673 1886 hoc
1691 1839 1923 1887 verum
1951 1827 2047 1886 est
2078 1821 2155 1885 de
2180 1818 2313 1884 illis

757 1948 874 2013 pro
908 1928 1140 2011 quibus
1184 1929 1542 2011 patiebatur
1589 1933 1911 2011 quantum
1958 1927 2038 1991 ad
2088 1927 2314 1991 effica-

758 2037 925 2100 ciam
949 2058 966 2099 ι
995 2039 1058 2100 et
1085 2036 1186 2099 isti
1207 2036 1324 2100 soli
1345 2038 1526 2099 erant
1551 2034 1751 2113 electi,
1785 2034 1897 2118 qui
1920 2037 2104 2098 erant
2128 2034 2196 2097 in
2211 2033 2314 2097 in-

756 2145 958 2210 fernO.
1009 2143 1088 2209 Et
1128 2144 1181 2208 si
1212 2147 1286 2208 tu
1322 2142 1636 2226 oincias:
1681 2166 1711 2205 (ι
1738 2143 2022 2209 Christus
2062 2148 2195 2206 noa
2223 2160 2321 2207 so·

755 2250 895 2315 lum
931 2269 1049 2334 pro
1090 2250 1307 2316 electis
1318 2298 1340 2330 ,
1370 2250 1477 2314 sed
1507 2251 1702 2315 etiam
1741 2266 1857 2333 pro
1886 2252 2117 2333 impiis
2140 2265 2318 2317 mor-

762 2364 913 2426 tuus
941 2365 1067 2437 2823
1092 2381 1124 2418 ι)
1166 2358 1506 2423 dicendum
1552 2358 1724 2440 quod
1765 2359 1889 2422 hoc
1935 2358 2319 2440 intelligitur

761 2468 840 2531 de
866 2466 1084 2550 impiis
1112 2467 1225 2549 qui
1252 2469 1437 2529 erant
1463 2467 1531 2529 in
1561 2469 1731 2530 statu
1755 2466 1906 2544 viae,
1939 2484 2071 2529 non
2101 2470 2320 2530 autem

767 2575 845 2639 de
873 2574 996 2638 illis
1037 2574 1152 2656 qui
1191 2577 1377 2638 erant
1419 2573 1702 2638 damnati
1743 2592 1859 2657 per
1902 2571 2321 2659 diffinitivam

766 2682 1169 2761 sententiam,
1217 2680 1438 2763 quales
1477 2686 1659 2745 erant
1704 2681 1794 2745 illi
1839 2680 1953 2763 qui
2008 2684 2192 2745 erant
2252 2680 2323 2744 in

769 2789 1342 2872 profundissimum
1371 2789 1700 2853 infernum
1729 2788 2001 2853 detrusi.

531 2910 661 2964 nesr-
689 2908 743 2949 w!
851 2898 915 2959 6.
952 2894 1050 2960 Ad
1086 2894 1246 2959 illud
1302 2896 1474 2978 quod
1517 2897 1746 2959 ultimo
1792 2895 2203 2977 quaerebatur
2244 2893 2325 2958 de

549 2972 746 3075 ῗὲὲαἷῖἶῖ.
773 3003 1091 3085 parvuli3‚
1134 3003 1307 3085 quod
1348 3003 1708 3068 debuerunt
1749 3003 2044 3080 liberari,
2106 3003 2322 3067 dicen-

774 3111 929 3175 dum
967 3110 1141 3193 quod
1177 3129 1296 3175 nec
1335 3111 1455 3194 ipsi
1486 3115 1831 3195 potuerunt
1856 3109 2145 3189 liberari,
2171 3110 2329 3195 quia

776 3236 909 3283 non
943 3221 1125 3282 erant
1167 3218 1231 3281 in
1269 3222 1439 3282 statu
1497 3221 1569 3284 in
1614 3237 1745 3303 quo
1805 3223 2017 3283 essent
2065 3236 2330 3302 capaces

774 3328 1004 3412 gratiae
1035 3327 1299 3409 Christi3
1350 3347 1466 3393 nec
1501 3330 1727 3393 merita
1771 3327 1999 3393 Christi
2041 3331 2332 3410 poterant

759 3437 870 3530 ‚eis
887 3435 1253 3517 suffragari,
1296 3454 1414 3499 nec
1455 3436 1794 3500 satisfactio
1839 3438 1982 3519 ejus
2027 3454 2142 3520 pro
2180 3454 2330 3519 pec-

761 3532 916 3608 'cato
958 3544 1115 3608 Adae
1160 3545 1237 3607 ad
1281 3562 1389 3609 eos
1428 3544 1706 3608 habebat
1731 3545 2012 3609 extendi.
2050 3544 2150 3609 Ad
2188 3544 2332 3609 illos

777 3657 953 3719 enim
979 3675 1046 3720 se
1075 3657 1379 3736 extendit,
1409 3657 1519 3739 qui
1549 3656 1839 3721 membra
1865 3658 2007 3738 eJus
2035 3657 2333 3721 efficiun-

775 3768 884 3828 tur
911 3782 1025 3847 per
1051 3764 1266 3843 fldem,
1299 3763 1401 3827 vel
1429 3782 1543 3847 per
1568 3764 1828 3846 aliquod
1854 3765 2332 3827 sacramentum

780 3869 952 3935 ndei.
986 3869 1162 3935 Unde
1196 3872 1362 3935 sicut
1397 3870 1650 3953 parvuli
1678 3869 2049 3934 decedentes
2094 3867 2163 3931 in
2203 3867 2332 3931 ori-

781 3978 987 4060 ginali
1032 3983 1288 4062 peccato
1339 3982 1556 4041 carent
1620 3978 1687 4040 in
1755 3984 2142 4059 perpetuum
2203 3976 2339 4041 vita

781 4089 967 4154 beata
990 4139 1007 4167 ‚
1041 4090 1129 4153 sic
1164 4093 1228 4154 et
1263 4089 1353 4153 illi
1384 4090 1494 4173 qui
1516 4091 1659 4170 jam
1697 4089 1769 4152 in
1796 4089 2125 4154 infernum
2155 4091 2340 4154 erant

785 4194 1057 4260 detrusi.
1083 4197 1222 4260 Alia
1251 4214 1404 4261 vero
1433 4213 1581 4278 quae
1609 4195 2083 4278 quaerebantur,
2108 4214 2223 4279 per
2236 4212 2337 4272 ea,

787 4320 934 4385 quae
991 4302 1158 4368 dicta
1204 4306 1387 4382 sunt,
1419 4302 1571 4367 satis
1620 4308 1885 4385 possunt
1919 4301 2335 4368 manifestari.

1310 4528 1671 4610 QUAESTIO
1712 4528 1817 4596 VI.

791 4698 887 4756 An
913 4699 1220 4768 animoeper
1236 4694 1508 4755 Christum
1531 4695 1778 4751 liberatae
1796 4695 1989 4751 statim
2006 4694 2344 4752 ascarides-int

1401 4786 1463 4840 in
1488 4785 1674 4840 coelum
1697 4783 1738 4849 ¹,

565 4951 636 4997 Ad
658 4965 766 5012 opp.
874 4945 1104 5011 Utrum
1141 4943 1356 5008 statim
1426 4945 1568 5026 post
1606 4945 1883 5007 mortem
1924 4941 2354 5006 introduxerit

795 5071 905 5119 eas
929 5054 999 5117 in
1025 5053 1302 5129 coelum3
1332 5055 1394 5114 et
1413 5051 1585 5133 quod
1604 5049 1716 5131 sic,
1744 5049 2003 5116 videtur
2027 5067 2145 5132 per
2165 5047 2348 5129 illud,

798 5161 973 5244 quod
1005 5161 1168 5227 dixit
1209 5158 1518 5224 Dominus
1561 5158 1642 5222 ad
1680 5158 1994 5222 latronem
2022 5158 2046 5193 ³
2077 5177 2098 5222 t
2135 5157 2349 5224 Hodie

803 5285 1045 5335 mecum
1078 5267 1207 5334 eris
1244 5269 1319 5333 in
1363 5265 1700 5347 paradiso.
1761 5265 1837 5331 Et
1884 5269 2132 5330 constat
2177 5263 2351 5349 quod

870 5432 888 5464 ¹
908 5432 990 5494 Cf.
1009 5432 1063 5482 S.
1078 5430 1283 5491 Thom.,
1296 5443 1351 5494 p.
1373 5428 1460 5490 Ill,
1475 5442 1527 5493 q.
1554 5439 1679 5489 nvn,
1697 5432 1793 5478 art.
1818 5430 1842 5476 1
1863 5442 1881 5490 ς
1907 5431 1960 5478 et
1979 5427 2042 5478 ΙΙΙ
2057 5429 2217 5489 Seni„
2233 5428 2351 5479 dist.

805 5516 940 5568 xxn,
962 5506 1058 5552 art.
1081 5507 1128 5564 1,
1144 5516 1195 5568 q.
1220 5513 1316 5563 1¹¹3
1338 5504 1390 5551 et
1411 5500 1583 5564 opusc.
1612 5500 1697 5562 ΙΙΙ,
1720 5514 1767 5550 c.
1793 5509 2029 5563 cenvn3
2052 5499 2352 5563 aichardus,

2419 1177 2678 1243 videtur
2720 1178 2893 1261 quod
2930 1177 3145 1241 anima
3193 1174 3424 1239 Christi
3473 1193 3626 1238 cum
3655 1175 3801 1240 aliis
3839 1176 3962 1240 ani·

2421 1285 2650 1348 mabus
2677 1284 2891 1348 statim
2918 1283 2987 1347 in
3012 1281 3252 1349 coelum
3277 1281 3653 1348 evolaverit.

2502 1392 2563 1455 3.
2623 1392 2785 1457 Item
2830 1392 3007 1456 locus
3061 1390 3355 1472 superior
3427 1389 3735 1472 competit
3790 1390 3966 1453 statui

2422 1497 2670 1581 gloriae,
2719 1499 2885 1563 sicut
2929 1500 3105 1562 locus
3143 1497 3405 1563 inferior
3446 1497 3756 1578 competit
3792 1495 3967 1560 statui

2422 1608 2631 1691 culpae
2660 1628 2678 1673 t
2711 1626 2870 1691 ergo
2919 1608 3084 1672 sicut
3132 1607 3368 1672 animae
3416 1607 3741 1671 damnatae
3770 1606 3967 1668 statim

2424 1715 2815 1781 descendunt
2842 1716 2912 1779 in
2936 1715 3290 1795 infernum,
3322 1714 3412 1779 ita
3437 1714 3673 1778 animae
3698 1713 3969 1779 liberatae

2424 1824 2639 1887 statim
2662 1822 2896 1888 debent
2925 1822 3180 1887 evolare
3207 1822 3277 1886 in
3306 1822 3584 1887 coelum:
3625 1820 3738 1885 sed
3768 1821 3968 1884 statim

2426 1936 2569 2013 post
2614 1935 2888 1997 mortem
2935 1929 3167 1997 Christi
3208 1930 3442 1995 animae
3467 1930 3619 2009 illae,
3664 1946 3819 2011 quae
3844 1928 3971 1991 tue·

2427 2042 2581 2103 runt
2617 2039 2685 2102 in
2711 2038 2984 2115 interm,
3016 2038 3284 2102 fuerunt
3306 2036 3450 2102 luce
3478 2054 3788 2119 superuae
3812 2035 3968 2100 veri-

2427 2145 2574 2210 tatis
2613 2145 2932 2210 irradiatae
2974 2166 2991 2209 :
3040 2162 3200 2228 ergo
3251 2145 3465 2209 statim
3516 2144 3880 2208 debuerunt
3916 2142 3973 2205 in

2428 2254 2666 2318 coelum
2692 2254 2967 2319 traduci.

2511 2365 2574 2426 4.
2622 2360 2779 2425 Item
2823 2361 3003 2425 nulla
3048 2361 3266 2425 anima
3314 2359 3541 2443 purior
3583 2361 3733 2440 fuit,
3794 2378 3975 2443 qnam

2430 2469 2647 2534 anima
2675 2468 2904 2533 Christi
2935 2489 2950 2531 ε
2986 2468 3096 2533 sed
3140 2468 3380 2533 animae
3422 2472 3797 2533 sanctorum
3827 2486 3980 2531 mar-

2432 2581 2689 2659 tyrum,
2741 2576 2853 2658 qui
2905 2576 3096 2639 modo
3133 2576 3533 2655 moriuntur,
3569 2576 3795 2639 statim
3838 2592 3975 2639 evo-

2431 2685 2567 2748 lant
2596 2707 2612 2749 :
2644 2702 2806 2768 ergo
2830 2685 3047 2748 anima
3094 2682 3325 2748 Christi
3366 2683 3578 2747 statim
3615 2683 3898 2749 evolavit
3920 2682 3978 2746 in

2434 2794 2670 2858 coelum
2704 2812 2721 2857 :
2753 2793 2860 2857 sed
2891 2811 3024 2857 non
3052 2792 3335 2859 ascendit
3375 2794 3568 2873 caput
3605 2791 3751 2855 sine
3787 2807 3977 2854 mem·

2434 2901 2607 2966 bris:
2642 2919 2800 2983 ergo
2827 2901 2970 2965 aliae
2999 2901 3237 2965 animae
3274 2903 3412 2983 post
3457 2903 3740 2963 mortem
3768 2899 3978 2963 Christi

2436 3008 2650 3072 statim
2677 3007 2759 3072 ad
2783 3007 3017 3071 coelum
3044 3008 3307 3071 fuerunt
3336 3005 3684 3089 perductae.
3804 3066 3823 3081 ,

2519 3112 2643 3179 Sed
2677 3114 2980 3178 contra':
3016 3111 3320 3180 Ascendit
3352 3110 3646 3195 pandat-3
3683 3113 3820 3180 iter
3854 3116 3982 3178 mile
4004 3130 4125 3174 rum.

2439 3237 2566 3297 208,
2610 3221 2843 3285 dicitur
2890 3221 2968 3284 de
3007 3220 3253 3285 Christo
3295 3243 3311 3283 ε
3363 3220 3469 3285 sed
3520 3220 3821 3286 Christus
3869 3238 3983 3284 non

2440 3329 2722 3392 ascendit
2763 3326 2841 3391 ad
2881 3327 3118 3391 coelum
3162 3346 3367 3410 usque
3394 3326 3473 3390 ud
3505 3326 3679 3391 diem
3720 3328 3985 3411 quadra-

2442 3438 2769 3519 gesimum
2818 3439 2960 3518 post
3008 3436 3537 3502 resurrectionem
3592 3457 3610 3499 z
3668 3454 3840 3518 ergo
3886 3453 3988 3500 nec

2443 3544 2678 3607 animae
2723 3543 2997 3607 aliorum
3039 3546 3433 3620 sanctorum,
3485 3558 3636 3624 quae
3693 3544 3886 3607 erant
3929 3541 3988 3604 in

2444 3652 2666 3716 limbo.

2527 3758 2685 3823 Item
2719 3757 3101 3823 resurrectio
3147 3756 3366 3823 debuit
3400 3756 3769 3839 praecedere
3797 3774 3992 3822 asoen-

2446 3859 2692 3930 siouein
2744 3887 2759 3928 :
2815 3866 2927 3930 sed
2986 3882 3121 3929 non
3179 3864 3537 3928 resurrexit
3588 3865 3813 3928 statim
3868 3867 3992 3946 post

2448 3977 2722 4038 mortem
2770 3995 2787 4036 ι
2842 3991 3003 4054 ergo
3065 3972 3321 4036 videtur
3369 3971 3545 4053 quod
3603 3989 3729 4035 nec
3792 3972 3991 4036 anima

2446 4082 2671 4164 ipsiuS,
2717 4100 2834 4145 nec
2879 4080 3025 4144 aliae
3061 4079 3296 4142 animae
3323 4077 3755 4144 ascenderunt
3782 4079 3855 4145 in
3882 4095 3989 4143 cae·

2450 4190 2588 4254 lum
2619 4193 2766 4253 ante
2794 4188 2963 4253 diem
2988 4185 3276 4250 tertium.

2532 4295 2691 4360 Item
2713 4296 2783 4358 in
2809 4293 3088 4377 quadam
3103 4292 3363 4357 collecta
3384 4292 3453 4356 in
3467 4292 3568 4357 die
3585 4291 3995 4358 Resurrectio

2449 4404 2550 4468 nis
2577 4404 2850 4469 dicitur:
2882 4405 3076 4481 Deua,
3100 4402 3219 4484 qui
3241 4402 3632 4468 (eternitatis
3652 4402 3845 4469 nobis
3864 4398 3994 4467 adi·

2453 4518 2587 4579 tum
2632 4510 2887 4578 devicta
2925 4514 3121 4577 morte
3166 4511 3529 4586 reserasti:
3570 4528 3733 4591 ergo
3762 4510 3997 4576 videtur

2452 4620 2622 4704 quod
2651 4623 2797 4683 ante
2830 4618 3003 4682 diem
3035 4617 3520 4682 resurrectionis
3566 4635 3700 4681 non
3748 4617 3995 4683 fuerunt

2453 4728 2689 4792 animae
2714 4725 2961 4790 eductae
2989 4724 3068 4789 de
3094 4723 3294 4788 limbo
3319 4723 3577 4787 inferni.

2536 4834 2693 4898 Item
2723 4830 3045 4911 Christus,
3070 4847 3223 4894 cum
3261 4830 3637 4907 resurrexit,
3666 4829 3903 4895 dicitur
3924 4827 3993 4892 ab

2455 4941 2676 5006 inferis
2724 4939 2982 5005 rediisse
3025 4937 3107 5002 ad
3160 4954 3428 5020 superos
3474 4958 3491 5001 :
3536 4937 3647 5002 sed
3690 4937 3749 5001 si
3794 4937 3994 5003 anima

2457 5051 2599 5132 ejus
2644 5048 2858 5113 statim
2902 5050 3047 5131 post
3085 5050 3359 5111 mortem
3406 5044 3565 5110 alias
3608 5044 3860 5109 animas
3882 5044 3991 5109 du-

2456 5157 2656 5221 xisset
2694 5156 2776 5220 ad
2802 5154 3027 5234 coelos‚
3066 5173 3199 5220 non
3225 5154 3306 5218 ab
3336 5153 3558 5219 inferis
3598 5153 3887 5218 rediisset
3921 5149 3991 5215 ad

2456 5283 2744 5349 superos,
2774 5265 2885 5330 sed
2917 5264 3128 5348 potius
3154 5263 3233 5328 de
3264 5262 3562 5346 supernis
3585 5260 3993 5328 descendisset

2462 5428 2523 5478 lll
2544 5429 2703 5490 Sene„
2723 5427 2843 5478 dist.
2861 5440 2996 5491 xxu,
3013 5431 3108 5477 art.
3132 5427 3179 5489 4,
3196 5439 3247 5491 q.
3266 5437 3287 5477 1
3305 5426 3512 5489 ;Steph.
3532 5423 3737 5489 BrnleI.‚
3753 5425 3822 5476 Ill
3847 5424 3989 5482 Sext,

2461 5502 2578 5554 dist.
2610 5511 2741 5564 xxn,
2764 5515 2815 5567 q.
2845 5512 2918 5552 vi.
2942 5502 3044 5540 -Λ
3063 5501 3201 5559 Lam,
3228 5509 3386 5560 xxm,
3413 5501 3491 5550 42.
3514 5525 3567 5536 -
3589 5499 3611 5534 ⁸
3631 5497 3807 5559 Mic-h..
3834 5508 3892 5560 11,
3922 5495 3987 5544 13.
