4185 6288
109 3592 287 3638 rufin.

1124 513 1323 581 msr.
1367 512 1529 580 xm.
1574 509 1757 582 m.
1801 514 1853 580 1.
1897 512 2200 594 QUAET.
2246 515 2357 582 111.

306 659 433 720 tem
481 670 810 738 personae3
861 655 927 717 et
970 655 1186 716 tamen
1227 650 1425 714 homo
1458 654 1747 714 remanet
1777 650 1849 714 in

304 781 421 827 sua
453 761 721 839 imitate,
750 764 813 824 et
855 758 1021 823 Deus
1071 758 1139 822 in
1192 775 1311 822 sua
1357 756 1783 822 immensitate
1824 775 1843 821 ε

303 868 603 953 quamvis
621 868 798 933 enim
817 867 1103 932 humana
1122 866 1700 946 naturaexaltetur,
1717 883 1848 931 non

303 981 526 1042 tamen
550 975 782 1040 desinit
803 992 941 1039 esse
966 978 1284 1042 creatura.

385 1087 445 1147 6.
476 1082 577 1147 Ad
624 1081 786 1147 illud
805 1081 980 1164 quod
1005 1080 1343 1163 quaeritur,
1379 1085 1608 1145 utrum
1633 1082 1852 1145 anima

302 1190 534 1256 Christi
576 1189 775 1271 possit
798 1189 1176 1272 amplIorem
1205 1191 1483 1271 gratiam
1531 1193 1846 1272 appetere,

298 1299 644 1364 dicandum
671 1297 845 1380 quod
890 1314 1044 1377 non,
1072 1298 1226 1380 quia
1268 1298 1428 1363 adeo
1475 1296 1599 1361 Deo
1632 1314 1748 1379 per
1772 1295 1850 1360 il:-

298 1408 434 1472 lam
459 1408 739 1488 gratiam
762 1405 947 1469 unita
970 1408 1086 1482 est,
1119 1409 1193 1469 ut
1217 1406 1431 1469 omnis
1457 1407 1600 1488 ejus
1618 1407 1854 1488 appeti-

299 1519 411 1579 tus
433 1513 517 1577 sit
549 1512 785 1595 inipso
824 1513 996 1577 bono
1023 1512 1339 1576 immenso
1378 1512 1702 1594 quietatus
1723 1558 1742 1588 ,
1790 1516 1852 1576 et

301 1619 687 1686 terminatus
706 1617 1098 1701 quietatione
1141 1618 1436 1702 perfecta.
1468 1618 1648 1694 Quod
1694 1636 1854 1701 ergo

301 1726 548 1809 oincit,
577 1726 753 1809 quod
777 1725 955 1790 omni
1003 1725 1187 1789 finito
1222 1729 1429 1807 potest
1453 1724 1696 1807 aliquid
1724 1743 1855 1789 ma·

295 1838 412 1918 jus
436 1836 677 1918 appeti,
704 1834 1044 1899 dicendum
1064 1834 1240 1916 quod
1269 1851 1501 1898 verum
1526 1838 1622 1898 est
1650 1834 1728 1898 de
1777 1834 1852 1897 ss-

301 1942 676 2021 nitoinse3
707 1942 813 2006 sed
844 1941 924 2006 de
955 1940 1272 2006 illofinito
1313 1940 1486 2023 quod
1518 1941 1857 2006 ordinatet

309 2050 457 2115 unit
507 2048 681 2113 bono
717 2048 967 2112 infinito
1011 2050 1318 2131 junctura
1369 2052 1434 2111 et
1459 2048 1856 2114 ordinatione

305 2159 604 2241 perfecta,
626 2174 759 2221 non
786 2155 978 2221 habet
1004 2157 1369 2235 veritatem;
1386 2156 1541 2239 quia
1570 2157 1858 2238 quietare

305 2269 512 2348 potest
534 2269 601 2328 et
620 2263 897 2328 stabilire
943 2264 1193 2327 ratione
1240 2266 1383 2346 ejus
1409 2283 1449 2328 a
1487 2280 1642 2346 quo,
1687 2268 1751 2327 et
1776 2264 1857 2327 ad

306 2373 503 2457 quod.
563 2370 742 2436 Unde
789 2370 1018 2453 gratia,
1050 2371 1349 2454 quamvis
1383 2371 1462 2433 sit
1515 2370 1760 2435 vanitas
1787 2370 1858 2435 in

306 2485 630 2564 quantum
681 2483 971 2543 creatura
987 2527 1006 2558 ,
1062 2478 1257 2542 habet
1308 2482 1523 2541 tamen
1572 2478 1856 2542 animam

306 2589 593 2654 stabilire
618 2588 867 2652 ratione
892 2589 1034 2668 ejus
1060 2587 1210 2650 boni
1236 2605 1276 2649 a
1305 2604 1439 2667 quo
1464 2587 1767 2668 procedit,
1796 2591 1860 2652 et

309 2717 355 2762 a
391 2714 521 2779 quo
570 2713 705 2759 non
729 2697 1059 2777 separatur
1086 2711 1207 2757 nec
1232 2693 1467 2757 recedit
1498 2712 1516 2756 z
1542 2692 1636 2756 sic
1664 2694 1857 2758 etiam

305 2807 596 2889 quietare
639 2805 844 2886 potest
879 2802 1121 2866 ratione
1146 2804 1308 2883 ejus,
1339 2801 1444 2865 cui
1493 2800 1859 2867 immediate

306 2917 376 2977 ct
392 2910 901 2995 inseparabiliter
924 2911 1064 2991 conj
1072 2909 1286 2990 ungit.

833 3151 1190 3232 QUAE'STIO
1232 3152 1338 3218 111.

313 3310 407 3367 An
424 3312 611 3381 qratia
626 3307 1179 3379 damnari-§persona
1196 3308 1258 3362 in
1279 3305 1487 3362 Clu-isto
1510 3308 1679 3375 sisoi-it
1694 3308 1863 3380 plena

713 3399 931 3470 qratia,
963 3400 1127 3468 atque
1141 3398 1391 3468 perfecta
1418 3396 1458 3451 ¹.

395 3557 626 3622 Utrum
652 3556 863 3638 gratia
885 3555 1236 3637 singularis
1259 3572 1553 3638 personae
1573 3555 1643 3617 in
1659 3554 1864 3619 Chris-

314 3670 381 3730 to
431 3666 624 3730 fuerit
672 3662 884 3746 gratia
931 3664 1141 3745 plena,
1196 3667 1388 3744 atque
1434 3662 1740 3745 perfecta3
1799 3665 1864 3726 et

316 3772 483 3854 quod
509 3773 626 3849 sic,
657 3771 913 3835 videtur
932 3772 955 3806 ²
984 3791 1003 3834 ε
1046 3770 1328 3851 Replevit
1352 3786 1496 3835 eum
1521 3772 1759 3853 spiritu
1788 3772 1864 3835 ti-

315 3883 511 3947 moris
563 3878 854 3957 Domini,
905 3877 1138 3942 dicitur
1179 3878 1256 3941 de
1288 3877 1532 3942 Christo
1562 3900 1577 3941 ε
1620 3880 1864 3941 constat

317 3988 486 4070 quod
512 3968 868 4051 secundum
887 3985 1241 4049 humanam
1256 3989 1595 4049 naturam:
1617 3984 1725 4048 sed
1740 4001 1865 4048 cae-

317 4100 454 4161 tera
495 4097 671 4160 dona
696 4093 924 4177 gratiae
963 4096 1114 4156 sunt
1139 4091 1429 4175 {aequalia
1473 4113 1489 4154 :
1526 4109 1684 4172 ergo
1725 4091 1862 4173 pari

317 4204 561 4267 ratione
584 4201 852 4285 replevit
898 4201 1111 4283 ipsum
1139 4199 1364 4281 spiritu
1394 4198 1631 4262 amoris
1650 4245 1667 4274 ‚
1707 4217 1863 4279 gra-

321 4307 449 4386 tiae,
497 4313 562 4373 et
598 4307 691 4371 stc
719 4307 798 4371 de
825 4305 964 4370 aliis
993 4327 1010 4369 ε
1042 4304 1152 4368 sed
1178 4304 1349 4368 dona
1386 4302 1539 4367 talia
1579 4306 1866 4386 spectant

321 4417 399 4480 ad
423 4415 703 4497 gratiam
729 4411 1077 4493 singularis
1101 4427 1392 4494 personae
1424 4429 1442 4474 ε
1470 4428 1650 4491 ergo,
1680 4414 1801 4474 etc.

401 4523 555 4588 Item
583 4525 607 4562 ⁸
642 4539 661 4584 z
712 4518 1013 4586 Vidimus
1061 4518 1335 4601 qlorimn
1373 4517 1547 4599 ejus,
1592 4518 1865 4601 plot-iam

322 4633 512 4713 quasi
553 4627 884 4712 uniqeniti
907 4642 951 4692 a
976 4625 1163 4692 Patre
1176 4672 1198 4704 ,
1239 4624 1499 4706 plenum
1535 4627 1768 4708 qratioe
1807 4631 1870 4692 et

325 4741 644 4807 veritatis.
675 4736 800 4801 Sed
838 4733 1125 4800 Christus
1173 4736 1531 4800 secundum
1576 4735 1865 4799 divinam

324 4852 621 4912 naturam
660 4863 794 4909 non
844 4848 940 4908 est
988 4842 1413 4924 susceptibilis
1450 4842 1701 4925 gratiae,
1735 4842 1868 4905 imo

323 4956 463 5037 ejus
480 4953 869 5039 principium
894 4949 1304 5014 effectivum:
1336 4967 1495 5031 ergo
1539 4949 1662 5012 hoc
1710 4946 1868 5012 dici-

329 5067 430 5126 tur
451 5060 801 5127 secundum
815 5059 1172 5123 humanam
1198 5060 1522 5134 naturam,
1545 5055 1716 5139 quod
1743 5053 1869 5119 ha-

331 5172 533 5237 huerit
564 5173 638 5236 in
662 5189 731 5235 se
766 5168 1046 5252 gratiam
1068 5167 1347 5251 plenam.

393 5372 410 5406 ²
429 5371 510 5433 Cs-
539 5372 592 5422 S.
626 5368 831 5427 Thom„
860 5379 913 5429 p.
948 5364 1048 5429 Ill,
1087 5377 1139 5429 q.
1168 5376 1286 5427 vm,
1314 5370 1412 5416 art.
1434 5366 1492 5426 ὃς
1541 5368 1592 5415 et
1617 5365 1680 5415 III
1709 5364 1871 5416 Sent..

335 5440 445 5493 dist.
466 5453 580 5506 ιω,
597 5455 651 5506 q.
670 5451 751 5505 111,
768 5440 869 5489 art.
890 5439 939 5499 2,
961 5450 1012 5501 q.
1029 5446 1076 5499 13
1104 5439 1156 5486 et
1173 5435 1234 5484 de
1256 5435 1435 5498 Ver-it„
1451 5449 1504 5500 q.
1526 5446 1674 5499 xxix,
1692 5438 1790 5485 art.
1805 5437 1868 5498 23

337 5512 569 5578 etopuae.
606 5511 696 5573 111,
725 5525 774 5564 c.
801 5514 1015 5571 centu
1038 5506 1300 5570 Richard„
1329 5509 1396 5560 Ill
1414 5505 1714 5569 &tamdiu-
1737 5516 1871 5569 xm,

2038 650 2198 716 Item
2243 653 2553 736 capacitas
2587 669 2808 717 carens
2858 653 3257 736 plenitudine
3277 705 3296 736 ,
3329 665 3503 730 caret

1954 760 2017 821 et
2049 759 2430 841 perfectione
2464 783 2479 825 ε
2508 779 2667 843 ergo
2693 762 2807 825 ubi
2838 766 2933 826 est
2985 781 3219 846 ponere
3242 766 3498 848 ,perfec-

1953 866 2219 948 tionem‚
2276 872 2372 932 est
2418 887 2653 950 ponere
2692 869 3151 952 plenitudinem
3197 895 3214 935 t
3276 875 3385 937 sed
3432 873 3500 937 in

1955 972 2223 1051 Christo,
2312 976 2668 1041 secundum
2730 979 2901 1060 quod
2977 981 3071 1043 est
3157 979 3502 1061 singularis

1956 1099 2249 1164 persona,
2280 1087 2376 1146 est
2429 1101 2664 1165 ponere
2691 1084 3127 1149 omnimodam
3168 1087 3502 1169 perfectio-

1956 1208 2108 1255 nem
2134 1190 2390 1257 virtutis
2413 1198 2478 1256 et
2505 1193 2734 1274 gratiae
2783 1214 2799 1258 z
2829 1211 2987 1277 ergo
3018 1200 3081 1259 et
3120 1194 3350 1276 gratiae
3379 1195 3503 1278 ple-

1957 1298 2342 1363 nitudinem.

2040 1404 2198 1469 Item
2224 1405 2442 1470 nullus
2492 1410 2696 1489 potest
2746 1406 2886 1471 aliis
2926 1409 3204 1489 gratiam
3232 1411 3504 1492 perfecte

1957 1513 2456 1589 communicare,
2497 1518 2561 1578 et
2582 1513 2853 1579 influere
2870 1515 3006 1579 sine
3047 1515 3296 1582 defectu
3322 1522 3387 1582 et
3412 1518 3505 1583 di·-

1963 1619 2340 1699 minutione,
2371 1620 2493 1684 nisi
2523 1622 2702 1704 prius
2720 1623 2789 1686 in
2820 1641 2888 1687 se
2916 1624 3257 1706 perfectam
3275 1624 3503 1690 habeat

1960 1728 2188 1808 gratiae
2216 1727 2679 1809 plenitudinem
2710 1749 2728 1792 ε
2759 1730 2866 1794 sed
2904 1729 2928 1765 ⁸
2954 1730 3034 1797 de
3050 1731 3277 1797 Christi
3299 1732 3506 1814 pleni-

1961 1835 2188 1901 mine
2213 1850 2422 1902 omnes
2447 1838 2829 1920 accepimus,
2857 1843 2921 1903 et
2941 1857 3186 1917 omnes,
3216 1840 3271 1903 si
3290 1841 3505 1924 plures

1961 1947 2190 2022 essent,
2216 1949 2470 2026 possent
2494 1946 2797 2029 accipere,
2830 1965 2947 2011 nec
2976 1948 3206 2030 aliquis
3230 1949 3506 2014 derectus

1960 2050 2303 2115 intervenit
2335 2072 2351 2115 ε
2380 2069 2539 2133 ergo
2564 2052 2818 2117 videtur
2842 2054 3014 2135 quod
3038 2053 3323 2119 Christus
3345 2056 3416 2119 in
3439 2075 3505 2121 se

1964 2158 2425 2241 plenitudinem
2453 2160 2680 2240 gratiae
2706 2161 3022 2226 habuerit.

2043 2265 2168 2331 Sed
2195 2272 2414 2332 contra
2446 2290 2461 2332 ε
2495 2274 2525 2332 1
2539 2317 2556 2332 .
2584 2267 2918 2333 Plenitudo
2953 2268 3179 2350 gratiae
3219 2271 3506 2335 consistit
3536 2280 3605 2326 Ad
3638 2290 3741 2336 σιη-

1964 2374 2034 2437 in
2063 2374 2366 2439 omnihus
2413 2375 2735 2440 habitibus
2764 2376 3081 2441 virtutum
3114 2398 3130 2440 ε
3161 2377 3270 2441 oed
3299 2376 3507 2441 Chris-

1964 2485 2071 2545 tus
2131 2500 2263 2546 non
2329 2482 2554 2546 habuit
2620 2483 2812 2547 fldem
2877 2487 2941 2547 et
3007 2500 3187 2565 spem
3253 2502 3272 2546 ε
3345 2500 3504 2564 ergo

1964 2587 2251 2652 Christus
2276 2606 2407 2652 non
2435 2588 2663 2653 hahuit
2709 2590 2921 2653 omnis
2963 2590 3193 2672 gratiae
3235 2589 3506 2672 plenitu-

1964 2696 2205 2761 dinem.
3604 2743 3611 2752 .

2045 2807 2108 2865 2.
2169 2802 2327 2867 Item
2375 2806 2577 2866 status
2606 2802 2870 2866 viatoris
2911 2806 3005 2866 est
3060 2800 3390 2865 ordinatus
3426 2803 3507 2866 ad

1969 2909 2468 2993 proficiendum:
2499 2909 2608 2973 sed
2638 2907 2923 2973 Christus
2948 2908 3068 2972 fuit
3092 2907 3158 2971 in
3189 2911 3358 2972 statu
3371 2908 3508 2973 via-

1967 3016 2124 3080 toris
2159 3035 2177 3079 :
2222 3034 2381 3098 ergo
2407 3017 2613 3099 potuit
2639 3016 2945 3100 proficere
2980 3037 2995 3079 ε
3027 3015 3134 3080 sed
3161 3015 3277 3098 qui
3307 3019 3511 3098 potest

1969 3124 2273 3208 proficere
2294 3123 2365 3189 in
2411 3125 2644 3207 gratia,
2680 3124 2969 3189 nondum
2996 3129 3089 3189 est
3117 3123 3328 3205 gratia
3369 3123 3511 3207 ple-

1969 3251 2132 3297 nus:
2164 3251 2321 3314 ergo
2348 3233 2600 3297 videtur
2624 3232 2797 3314 quod
2813 3231 3099 3296 Christus
3124 3236 3193 3296 in
3232 3232 3355 3298 hac
3379 3234 3513 3299 vita

1969 3359 2102 3405 non
2120 3341 2346 3405 habuit
2373 3338 2836 3423 plenitudinem
2860 3340 3108 3420 gratiae.

2050 3453 2111 3513 3.
2137 3447 2294 3511 Item
2321 3446 2521 3511 Filius
2537 3445 2649 3511 Dei
2673 3445 2814 3509 ideo
2836 3450 3134 3509 naturam
3154 3446 3510 3511 humanam

1970 3555 2339 3638 assumpsit,
2367 3560 2443 3619 ut
2485 3553 2663 3618 daret
2687 3552 2870 3617 nobis
2895 3552 3260 3635 exemplum
3292 3571 3513 3635 perve-

1970 3663 2189 3728 niendi
2237 3662 2315 3725 ad
2344 3661 2615 3744 patriam
2662 3683 2677 3724 z
2727 3660 2836 3723 sed
2858 3659 2962 3724 via
2986 3660 3401 3741 perveniendi
3429 3662 3512 3726 ad

1971 3773 2246 3855 gloriam
2272 3774 2367 3836 est
2392 3789 2507 3853 per
2530 3786 2862 3833 ascensum
2907 3767 2985 3831 de
3010 3766 3251 3831 virtute
3285 3766 3353 3830 in
3376 3767 3513 3832 vir-

1969 3885 2172 3946 tutem
2203 3903 2219 3943 :
2247 3879 2356 3943 sed
2385 3878 2498 3962 qui
2524 3878 2601 3942 de
2629 3877 2865 3940 virtute
2878 3875 2944 3938 in
2958 3874 3265 3939 virtutem
3287 3892 3515 3940 ascen—

1969 3988 2082 4068 dit,
2132 3987 2380 4070 prosscit
2434 3984 2775 4068 paulative,
2811 3986 2875 4047 et
2902 4000 3033 4046 non
3071 3982 3264 4045 habet
3287 3982 3514 4063 gratiae

1972 4093 2435 4177 plenitudinem
2490 4116 2506 4157 ι
2564 4110 2743 4174 erg0,
2812 4095 2932 4155 etc.
2993 4089 3059 4154 Si
3119 4088 3291 4153 dicas
3340 4091 3514 4171 quod

1972 4202 2259 4268 Christus
2285 4201 2618 4266 videbatur
2644 4198 2950 4281 proficere
3001 4196 3305 4275 exterius„
3348 4196 3516 4262 sicut

1971 4310 2121 4374 dicit
2169 4308 2386 4373 Glossa
2422 4311 2485 4371 et
2529 4306 2849 4388 Magister,
2880 4309 2945 4370 et
2973 4304 3113 4368 ideo
3146 4304 3515 4387 exemplum

1972 4417 2190 4497 dabat3
2233 4419 2451 4481 contra
2480 4437 2497 4477 ι
2530 4415 2662 4478 Aut
2694 4431 2851 4496 ergo
2895 4412 3247 4476 secundum
3290 4412 3518 4477 verita-

1973 4529 2106 4588 tem
2134 4523 2499 4606 proflciehat
2518 4520 2810 4597 interius,
2828 4523 3125 4584 autnon:
3150 4518 3204 4581 si
3218 4517 3332 4596 sic,
3355 4536 3515 4601 ergo

1975 4650 2108 4696 non
2137 4635 2273 4696 erat
2312 4632 2539 4713 plenus
2576 4627 2823 4709 gratia3
2854 4626 2909 4689 si
2946 4643 3100 4702 non,
3133 4640 3293 4706 ergo
3332 4624 3517 4689 aliter

1974 4738 2359 4816 ostendebat,
2389 4754 2585 4819 quam
2603 4752 2707 4798 res
2730 4733 3004 4798 habebat
3026 4748 3217 4811 :ergo
3240 4730 3518 4796 mendax

1976 4850 2113 4910 erat
2143 4868 2159 4910 ε
2186 4845 2296 4909 sed
2318 4847 2414 4908 est
2439 4841 2897 4909 inconveniens
2918 4840 3088 4903 circa
3112 4841 3318 4922 ipsam
3342 4836 3517 4905 Veri-

1976 4957 2173 5017 tatem
2197 4950 2605 5016 mendacium
2633 4968 2867 5034 ponere
2899 4970 2916 5016 :
2949 4968 3130 5033 ergo,
3165 4954 3284 5014 etc.

2057 5064 2121 5124 4.
2165 5058 2346 5138 ltem,
2367 5056 2650 5122 Christus
2688 5058 2891 5122 multa
2914 5058 3083 5122 bona
3098 5075 3290 5140 opera
3324 5057 3519 5122 tacie-

1979 5164 2117 5243 bat3
2147 5165 2261 5225 aut
2293 5178 2452 5240 ergo
2488 5159 2796 5224 veraciter
2831 5161 3151 5224 crescebat
3191 5160 3261 5223 in
3287 5177 3364 5224 eo
3399 5160 3519 5224 do-

1980 5289 2144 5335 num
2168 5267 2419 5351 gratim,
2447 5272 2561 5332 aut
2582 5285 2716 5334 non
2746 5287 2764 5331 ε
2794 5266 2850 5331 si
2869 5285 3024 5348 non,
3046 5282 3207 5350 ergo
3230 5284 3379 5332 cum
3395 5267 3517 5333 bo-

1983 5445 2148 5498 q.111;
2194 5431 2370 5495 steph.
2402 5428 2608 5490 Brulef„
2641 5429 2706 5480 III
2744 5427 2905 5489 Sena,
2944 5428 3061 5479 dist.
3092 5440 3229 5492 xm,
3269 5442 3323 5494 q.
3355 5441 3433 5481 ιιι.
3454 5455 3520 5471 -

1983 5506 2006 5542 ⁸
2034 5506 2155 5568 lua„
2182 5515 2257 5568 ιι,
2282 5505 2330 5555 3.
2354 5530 2416 5542 -
2434 5502 2639 5565 Um„
2666 5513 2707 5566 ι,
2737 5504 2816 5556 u.
2837 5500 3111 5566 -⁸1bi'd.,
3142 5500 3222 5557 ¹65
3282 5534 3291 5545 .
