4185 6288
708 455 791 513 ⁴³6
1840 445 2458 515 SENTENTIARUM
2510 450 2658 513 Ltss.
2708 450 2810 514 ΙΙΙ.

797 582 978 663 Item,
1011 584 1066 648 si
1097 583 1379 649 Christus
1404 591 1500 648 est
1531 586 1704 649 filius
1733 585 2008 669 Spiritus
2035 586 2258 660 sancti,

715 691 872 774 quia
910 698 1207 773 operatus
1242 696 1336 755 est
1364 695 1504 773 ejus
1540 693 2018 775 conceptionem
2040 741 2057 771 ,
2104 710 2261 772 ergo

719 799 858 880 pari
882 799 1124 862 ratione
1156 798 1438 863 Christus
1464 804 1557 862 est
1583 799 1754 863 filius
1782 818 1939 864 suus
1969 820 1985 862 ε
2013 800 2120 863 sed
2142 799 2263 862 hoc

716 925 834 970 nec
858 908 1041 984 rati0,
1065 926 1182 969 nec
1212 907 1368 970 fides
1396 907 1690 984 admittit,
1723 908 1892 989 quod
1915 907 2136 971 eadem
2162 925 2265 970 res

715 1014 986 1095 seipsam
1008 1014 1261 1095 gignat,
1291 1015 1461 1095 quod
1492 1014 1661 1077 idem
1691 1015 1770 1077 sit
1799 1019 1976 1097 pater
2006 1019 2066 1105 et
2096 1014 2265 1077 tilius

715 1120 876 1183 sibi:
910 1138 1104 1201 ergo,
1149 1120 1204 1182 si
1246 1118 1529 1183 Christus
1558 1139 1691 1183 non
1733 1127 1829 1185 est
1871 1121 2044 1184 filius
2075 1139 2259 1199 suuS,

716 1227 855 1309 pari
884 1228 1129 1291 ratione
1157 1246 1277 1291 nec
1308 1227 1581 1309 Spiritus
1607 1235 1863 1292 sanctus
1889 1235 2068 1311 pater
2097 1231 2257 1310 ejus,

796 1333 953 1398 Item
1008 1334 1087 1397 ad
1159 1334 1278 1396 hoc
1339 1338 1433 1396 est
1477 1335 1815 1397 auctoritas
1872 1332 2261 1415 Augustini,

714 1458 907 1522 quam
947 1442 1129 1524 ponit
1172 1440 1473 1522 Magister
1515 1442 1581 1503 in
1615 1441 1821 1505 littera
1853 1460 1868 1501 ε
1909 1463 1939 1499 α
1969 1440 2124 1516 Quis
2165 1440 2259 1504 di·

713 1566 856 1614 cere
895 1549 1155 1613 audebit
1195 1548 1519 1611 Christum
1560 1566 1694 1611 esse
1734 1547 1944 1611 filium
1990 1546 2266 1629 Spiritus

712 1658 934 1732 sancti,
981 1675 1130 1720 cum
1168 1656 1290 1718 hoc
1316 1656 1406 1718 ita
1447 1655 1527 1718 sit
1553 1656 1931 1735 absurdum,
1966 1660 2039 1718 ut
2064 1656 2263 1719 nullae

713 1766 999 1829 fidelium
1028 1782 1214 1829 aures
1242 1764 1362 1827 hoc
1406 1763 1660 1827 valeant
1700 1766 2011 1828 sustinere
2030 1765 2061 1825 *Ρ
2090 1784 2122 1822 n
2164 1762 2268 1828 Vi-

715 1872 901 1935 detur
928 1889 1085 1952 ergo
1118 1875 1421 1952 tanquam
1453 1869 1830 1934 haereticum
1872 1871 2082 1935 dicere
2131 1869 2268 1953 Spi-

715 1981 915 2044 ritum
938 1983 1231 2043 sanctum
1257 1997 1392 2043 esse
1421 1983 1666 2060 patrem
1697 1978 1949 2043 Christi.

1270 2268 1722 2335 CONCLUSIO.

717 2438 862 2494 Licet
891 2436 1132 2493 Christus
1157 2439 1231 2492 sit
1258 2441 1536 2508 conceptus
1571 2434 1634 2492 de
1662 2436 1881 2507 Spiritu
1906 2439 2091 2491 sancto
2109 2477 2125 2498 ,
2158 2450 2269 2491 non

790 2533 969 2584 tamen
1010 2533 1085 2583 est
1131 2526 1555 2593 admittendum,
1610 2526 1754 2597 quod
1808 2525 2050 2581 Christus
2096 2527 2268 2597 possit

790 2618 903 2673 dici
926 2618 1073 2687 filius
1101 2617 1344 2689 Spiritus
1367 2618 1546 2672 sancti
1565 2656 1583 2686 ‚
1608 2619 1838 2689 propter
1863 2614 2153 2671 vitandum
2178 2630 2265 2670 er-

785 2723 955 2764 rorem
981 2711 1094 2761 tam
1121 2709 1266 2761 circa
1289 2708 1685 2776 qenerationem
1715 2705 2083 2777 temporalem,
2106 2720 2267 2775 quam

782 2802 1058 2854 oeternam.

796 2958 979 3040 Resp.
1009 2957 1088 3021 ad
1115 2974 1257 3038 arg.
1290 2956 1641 3021 Dicendum
1669 2955 1842 3037 quod
1865 2955 2106 3037 absque
2133 2955 2262 3020 du-

714 3064 820 3129 bio
845 3065 964 3127 ista
990 3062 1226 3127 locutio
1271 3081 1404 3125 non
1437 3062 1823 3137 admittitur,
1871 3079 1988 3124 nec
2016 3065 2114 3125 est
2152 3062 2265 3125 ad-

717 3172 1061 3254 mittenda,
1111 3174 1367 3254 propter
1410 3169 1749 3233 vitandum
1791 3186 2074 3232 errorem
2124 3173 2264 3232 tum

717 3283 886 3347 circa
911 3279 1390 3362 generationem
1419 3276 1834 3358 temporalem
1858 3324 1877 3356 ,
1907 3281 2049 3340 tum
2099 3276 2265 3340 circa

718 3387 1196 3470 generationem
1227 3389 1535 3449 aeternam
1566 3405 1581 3446 ε
1609 3383 1690 3448 ad
1716 3383 2054 3448 vitandum
2085 3402 2263 3447 erro-

717 3514 855 3560 rem
885 3496 1052 3559 circa
1086 3492 1565 3575 generationem
1597 3490 2013 3573 temporalem
2030 3538 2048 3569 ‚
2078 3491 2259 3573 quia,

716 3621 866 3667 cum
908 3600 1261 3665 secundum
1301 3598 1477 3662 illam
1511 3598 1743 3661 dicitur
1785 3595 2072 3661 Christus
2108 3616 2265 3662 con-

717 3713 938 3793 ceptus
962 3709 1040 3771 de
1066 3705 1336 3787 Virgine
1364 3709 1428 3768 et
1469 3703 1713 3787 Spiritu
1736 3707 1984 3784 sanct0,
2012 3705 2068 3768 si
2094 3705 2261 3769 dice-

714 3824 894 3883 retur
955 3815 1230 3899 Spiritus
1294 3819 1552 3877 sanctus
1612 3815 1756 3894 ejus
1817 3811 2004 3878 Pater
2025 3861 2044 3893 ,
2098 3813 2264 3878 sicut

712 3925 912 4008 Virgo
966 3927 1108 4006 ejus
1156 3926 1381 4000 mater,
1434 3922 1576 4001 Jam
1634 3920 1961 3986 videretur
2012 3939 2097 3986 ex
2140 3922 2263 3987 hoc

714 4032 999 4096 Christus
1066 4034 1256 4094 natus
1323 4048 1457 4092 esse
1511 4028 1590 4092 de
1648 4026 1847 4091 Maria
1896 4030 1962 4091 et
2017 4026 2262 4111 Spiritu

712 4144 969 4217 sancto,
1001 4139 1164 4203 sicut
1206 4136 1492 4200 nascitur
1530 4134 1738 4218 proles
1777 4134 1856 4199 de
1894 4135 2166 4201 muliere
2198 4144 2261 4202 et

711 4251 855 4315 viro
887 4270 903 4314 z
946 4249 1115 4333 quod
1159 4249 1212 4311 si
1256 4247 1379 4311 hoc
1420 4248 1654 4311 falsum
1696 4253 1825 4323 est,
1860 4247 2013 4329 quia
2053 4247 2262 4329 proles

712 4364 959 4443 partem
991 4356 1218 4440 accipit
1245 4375 1284 4419 a
1322 4359 1535 4438 patre,
1587 4360 1650 4419 et
1689 4358 1935 4437 partem
1964 4374 2004 4417 a
2055 4361 2259 4419 matre

710 4467 960 4549 accipit,
1006 4465 1078 4528 in
1107 4483 1239 4548 qua
1276 4463 1663 4527 assimilatur
1691 4462 1851 4545 patri
1879 4468 1942 4525 et
1970 4464 2160 4526 matri
2186 4463 2258 4526 in

710 4574 931 4639 eadem
961 4572 1168 4636 forma
1194 4576 1257 4635 et
1278 4573 1532 4645 natura,
1563 4572 1626 4631 et
1651 4568 1774 4631 hoc
1802 4585 1934 4631 non
1956 4572 2052 4632 est
2080 4586 2258 4651 repe-

709 4683 836 4745 rire
862 4682 931 4744 in
967 4678 1212 4744 Christo
1256 4682 1572 4760 quantum
1601 4677 1682 4739 ad
1709 4678 1852 4757 ejus
1892 4678 2254 4760 conceptio-

709 4805 883 4863 nem,
918 4787 1051 4850 imo
1097 4784 1214 4848 soli
1265 4784 1454 4847 matri
1503 4783 1888 4847 assimilatur
1912 4783 1984 4847 in
2025 4790 2257 4850 natura

711 4898 1034 4976 assumpta
1066 4915 1080 4956 ε
1119 4892 1259 4954 ideo
1290 4909 1419 4954 non
1450 4891 1635 4953 debet
1659 4889 1907 4954 admitti
1934 4891 2255 4955 Christum

710 5021 844 5066 esse
870 5000 1079 5064 fllium
1106 4999 1379 5081 Spiritus
1405 5000 1645 5076 sancti,
1679 4999 1787 5063 sed
1814 5000 2008 5063 solius
2039 4998 2256 5082 Virgi-

709 5111 810 5173 nis
837 5107 1061 5171 matris
1090 5107 1169 5170 ad
1212 5106 1741 5170 manifestandam
1771 5111 1834 5170 et
1876 5108 2253 5173 servandam

708 5215 1043 5281 veritatem
1074 5217 1140 5278 et
1166 5212 1609 5296 proprietatem
1646 5214 2013 5295 temporalis
2053 5232 2253 5294 gene-

709 5324 995 5388 rationis.
1023 5321 1314 5385 Sumitur
1339 5319 1530 5383 etiam
1557 5319 1722 5382 ratio
1749 5337 1830 5383 ex
1856 5324 2035 5402 parte
2059 5337 2256 5399 gene-

709 5428 974 5496 rat-ionis
999 5433 1286 5501 aeteruae,
1315 5442 1514 5505 quare
1557 5424 1852 5489 catholici
1894 5426 2088 5490 talem
2119 5445 2251 5490 ser·

2373 603 2632 649 monem
2663 605 2795 650 non
2836 587 3208 668 admittant,
3257 607 3340 653 ne
3364 589 3599 654 scilicet
3633 591 3916 655 confusio

2372 694 2484 756 ssat
2508 699 2900 757 aeternarum
2927 695 3314 775 relationum
3346 703 3410 760 et
3435 698 3911 780 proprietatum.

2376 800 2551 864 Unde
2586 820 2735 865 cum
2781 803 3113 884 proprium
3151 803 3233 867 sit
3258 822 3548 886 persouae
3577 803 3779 869 Patris
3804 824 3916 886 ge—

2373 925 2599 970 nerare
2642 913 2933 990 respectu
2986 928 3275 992 personae
3326 910 3509 990 Filii,
3560 912 3917 976 nullatenus

2373 1014 2735 1078 admittitur
2788 1015 3108 1080 Christum
3167 1037 3302 1082 esse
3370 1019 3580 1082 {ilium
3650 1019 3917 1103 Spiritus

2372 1124 2603 1203 sancti,
2637 1125 2704 1187 in
2731 1144 2862 1207 quo
2904 1125 3147 1190 Christo
3173 1145 3306 1191 non
3332 1132 3430 1191 est
3454 1128 3578 1191 alia
3618 1144 3913 1210 persona,

2373 1230 2477 1294 vel
2522 1231 2877 1314 hypostasis
2901 1281 2918 1313 ,
2964 1253 3159 1316 quam
3207 1234 3315 1298 illa
3365 1254 3567 1317 quam
3618 1234 3799 1298 Pater
3840 1235 3917 1298 ab

2378 1343 2619 1403 aeterno
2649 1341 2876 1421 genuit
2906 1363 2921 1404 z
2956 1341 3095 1405 ideo
3125 1346 3383 1426 propter
3423 1343 3717 1408 vitandos
3753 1359 3918 1406 erro·

2375 1464 2478 1510 res
2527 1450 2658 1509 tam
2704 1449 2870 1510 circa
2924 1449 3404 1528 generationem
3461 1448 3875 1533 temporalem
3895 1496 3912 1525 ,

2374 1573 2572 1635 quam
2614 1555 2781 1618 circa
2823 1560 3169 1634 aeternam,
3210 1576 3341 1621 non
3382 1557 3701 1640 recipiunt
3740 1556 3916 1620 theo-

2375 1660 2508 1742 logi
2532 1661 2898 1742 praedictam
2927 1662 3340 1728 locutionem.
3372 1663 3551 1729 Unde
3580 1665 3918 1729 conceden-

2375 1767 2473 1831 dae
2499 1773 2650 1831 sunt
2676 1771 2949 1835 rationes
2979 1771 3059 1834 ad
3091 1771 3457 1853 praedictam
3485 1778 3755 1854 partem.

2458 1881 2517 1939 1.
2563 1876 2660 1940 Ad
2690 1876 2846 1941 illud
2890 1877 3062 1961 quod
3100 1878 3401 1960 objicitur
3443 1877 3654 1961 primo
3689 1878 3768 1942 de
3804 1878 3917 1942 Da-

2377 2002 2673 2048 mascene
2693 2034 2711 2063 ,
2759 1986 2931 2068 quod
2978 1985 3264 2051 Verbum
3319 1986 3430 2051 Dei
3480 1987 3803 2052 descendit
3851 1987 3917 2049 in

2375 2090 2708 2172 Virginem
2770 2094 2849 2157 ad
2910 2094 3179 2158 modum
3220 2076 3486 2158 seminis
3507 2143 3524 2174 ,
3585 2094 3916 2159 dicendum

2377 2200 2547 2281 quod
2572 2218 2793 2264 semen
2821 2201 2889 2265 in
2914 2219 2982 2265 se
3007 2201 3202 2266 habet
3226 2201 3549 2285 duplicem
3577 2201 3918 2284 proprieta-

2376 2312 2508 2372 tem
2550 2331 2565 2371 :
2611 2327 2809 2371 unam
2855 2308 2923 2371 in
2964 2309 3085 2372 hoc
3122 2308 3295 2391 quod
3339 2308 3531 2373 habet
3578 2309 3648 2372 in
3687 2327 3753 2372 se
3791 2307 3918 2373 vim

2378 2416 2687 2493 activam3
2724 2416 2989 2480 alteram
3028 2416 3098 2480 in
3126 2416 3249 2480 hoc
3292 2415 3464 2498 quod
3507 2417 3647 2498 agit
3686 2416 3917 2499 produ-

2378 2522 2577 2587 cendo
2630 2523 2838 2587 simile
2878 2523 2944 2586 in
2996 2524 3203 2588 forma
3246 2528 3309 2587 et
3350 2526 3609 2588 natura.
3662 2521 3920 2587 Damas-

2377 2649 2576 2695 cenus
2618 2651 2775 2714 ergo
2821 2633 3089 2696 assumit
3140 2632 3628 2696 similitudinem
3671 2629 3919 2695 seminis

2377 2738 2454 2803 ad
2491 2742 2924 2822 operationem
2952 2739 3224 2822 Spiritus
3267 2740 3466 2803 sancti
3498 2739 3750 2804 ratione
3792 2737 3916 2820 pri-

2378 2864 2503 2910 mae
2552 2846 2988 2929 proprietatis,
3035 2865 3165 2910 non
3208 2845 3526 2911 secundae.
3581 2844 3739 2911 Cum
3772 2863 3917 2910 vero

2376 2955 2723 3018 assumitur
2753 2954 2824 3017 in
2849 2953 3115 3034 ratione,
3155 2953 3325 3036 quod
3358 2954 3645 3036 operatio
3678 2953 3758 3017 ad
3783 2971 3933 3043 mo-¹

2377 3061 2532 3124 dum
2571 3061 2831 3126 seminis
2866 3061 3009 3126 facit
3057 3061 3510 3144 productivum
3540 3060 3916 3144 principium

2374 3169 2608 3233 habere
2650 3169 3094 3234 habitudinem
3130 3169 3232 3234 vel
3279 3169 3762 3234 similitudinem
3809 3186 3917 3250 pa-

2374 3277 2489 3340 tris
2506 3325 2525 3357 ,
2567 3277 2691 3341 hoc
2730 3277 3113 3359 intelligitur
3135 3278 3380 3342 ratione
3423 3277 3722 3343 secundae
3770 3295 3913 3359 pro-

2373 3384 2676 3466 prietatis·

2452 3496 2513 3556 2.
2566 3493 2663 3557 Ad
2710 3492 2869 3558 illud
2918 3494 3089 3576 quod
3139 3494 3460 3576 objicitur,
3504 3493 3683 3578 quod
3739 3495 3909 3575 pater

2371 3605 2466 3663 est
2517 3600 2629 3682 qui
2680 3599 2970 3682 perducit
3012 3619 3152 3666 rem
3195 3602 3277 3665 ad
3331 3619 3468 3666 esse
3491 3649 3509 3677 ,
3578 3599 3908 3665 dicendum

2371 3708 2543 3789 quod
2569 3708 2691 3770 ista
2716 3725 2848 3772 non
2871 3712 2965 3772 est
2984 3713 3118 3773 tota
3157 3708 3319 3772 ratio
3348 3708 3551 3792 patris
3570 3757 3589 3789 ,
3619 3707 3769 3791 quia
3798 3723 3902 3771 ne·

2371 3829 2541 3878 cesse
2565 3821 2659 3879 est
2684 3815 2855 3897 quod
2881 3817 3216 3880 conveniat
3233 3817 3304 3880 in
3326 3820 3565 3882 natura
3584 3821 3648 3881 et
3664 3817 3901 3880 forma:

2370 3921 2483 3985 sed
2545 3920 2820 4005 Spiritus
2875 3927 3134 3988 sanctus
3193 3941 3325 3987 non
3399 3923 3703 3988 convenit
3758 3939 3900 3987 cum

2372 4027 2616 4094 Christo
2643 4030 2710 4094 in
2737 4036 2969 4096 natura
2994 4038 3058 4096 et
3092 4032 3299 4096 forma
3332 4032 3692 4097 secundum
3718 4047 3902 4114 quam

2371 4138 2658 4218 perducit
2678 4140 2891 4221 ipsum
2919 4139 3001 4203 ad
3029 4158 3187 4204 esse.

2452 4250 2490 4309 3
2533 4252 2595 4310 et
2639 4250 2701 4310 4.
2745 4247 2843 4310 Ad
2891 4246 3020 4310 duo
3061 4248 3307 4328 objecta
3343 4246 3703 4329 ⁴sequentia
3747 4245 3908 4328 patet

2370 4353 2695 4435 responsio
2738 4371 2852 4436 per
2868 4355 3009 4435 jam
3050 4338 3236 4418 dicta.
3279 4353 3460 4430 Quod
3503 4354 3682 4419 enim
3717 4369 3905 4435 oppo-

2369 4461 2546 4524 nitur
2565 4508 2583 4538 ,
2631 4461 2806 4543 quod
2844 4459 3045 4543 Virgo
3090 4461 3319 4525 dicitur
3362 4465 3604 4540 mater,
3656 4477 3810 4542 ergo
3847 4465 3906 4521 et

2369 4567 2642 4651 Spiritus
2667 4574 2921 4632 sanctus
2948 4571 3149 4651 pater,
3184 4568 3529 4632 dicendum
3566 4566 3741 4650 quod
3777 4581 3902 4629 non

2369 4681 2462 4741 est
2495 4676 2703 4741 simile
2717 4725 2734 4754 ,
2777 4677 2932 4759 quia
2972 4676 3168 4759 Virgo
3208 4676 3644 4740 conformatur
3671 4673 3903 4738 Christo

2368 4784 2437 4846 in
2460 4789 2714 4864 natura,
2746 4784 3101 4848 secundum
3126 4802 3324 4867 quam
3350 4786 3690 4866 conceptus
3707 4784 3904 4846 estex

2368 4895 2651 4972 tempore
2681 4913 2696 4954 ;
2728 4890 3001 4973 Spiritus
3034 4896 3253 4955 autem
3292 4895 3587 4966 sanctus„
3615 4873 3900 4972 quamvis

2308 5013 2311 5016 ·
2367 4996 2611 5061 Christo
2637 4999 2720 5060 sit
2748 4998 2973 5061 similis
2997 4999 3064 5061 in
3092 5004 3345 5079 natura,
3377 5017 3507 5063 non
3530 5003 3744 5062 tamen
3770 4997 3901 5077 ejus

2366 5110 2462 5168 est
2517 5107 2905 5189 principium
2959 5107 3316 5170 secundum
3366 5107 3542 5171 illam
3591 5125 3608 5170 ε
3665 5109 3728 5169 et
3769 5102 3901 5167 ideo

2368 5230 2498 5276 non
2526 5214 2701 5294 cogit
2727 5215 2889 5278 ratio
2914 5215 3122 5293 tertia,
3151 5232 3271 5278 nec
3300 5219 3552 5298 quarta.

2449 5325 2510 5383 5.
2571 5322 2665 5385 Ad
2724 5321 2882 5384 illud
2942 5325 3159 5386 autem
3213 5323 3389 5404 quod
3439 5321 3782 5405 opponitur
3828 5315 3900 5379 de

2367 5429 2578 5511 gratia
2595 5475 2613 5507 ,
2658 5428 2999 5492 dicendum
3038 5427 3210 5511 quod
3232 5475 3250 5505 ,
3307 5429 3607 5514 quamvis
3648 5429 3724 5492 de
3768 5423 3900 5488 aliis
