4185 6288
1383 470 1579 539 mST.
1623 466 1847 537 XXIII.
1886 470 2069 537 ΛΒΤ.
2116 471 2195 537 11.
2242 471 2543 550 QUAEST.
2588 473 2664 540 V.

281 611 667 694 positionem
696 630 847 677 cum
872 617 1019 678 actu
1046 612 1194 677 fidei
1222 610 1510 675 formatoe
1541 630 1557 672 ε
1591 608 1697 672 sed
1725 625 1825 671 ac.-

285 721 391 783 tus
415 719 568 784 fidei
615 720 905 785 formatae
927 768 945 799 ,
981 720 1095 803 qui
1139 715 1398 802 quidem
1441 719 1536 780 est
1568 714 1825 779 credere

281 844 414 891 non
438 828 839 911 apparentia,
871 830 936 892 et
959 826 1179 892 videre
1222 842 1338 907 per
1382 823 1717 906 speculum
1761 826 1826 887 et

281 934 354 998 in
378 935 748 1017 aenigmate,
774 954 1079 1018 magnam
1105 932 1602 1018 repugnantiam
1630 931 1825 996 habet

290 1058 448 1105 cum
481 1045 651 1106 statu
670 1041 1073 1125 gloriaezideo
1095 1059 1226 1106 non
1245 1041 1335 1105 sic
1345 1042 1633 1116 evacuat,
1657 1037 1824 1102 sicut

281 1152 656 1213 evacuatur.
694 1149 828 1215 Hoc
866 1154 1081 1214 autem
1117 1148 1281 1212 infra
1298 1149 1316 1185 ¹
1353 1146 1585 1213 melius
1621 1144 1824 1209 mani-

286 1255 645 1337 festabitur,
675 1275 828 1322 cum
850 1258 929 1322 de
953 1256 1368 1322 evacuatione
1389 1253 1536 1319 fidei
1563 1256 1817 1335 agetur.

354 1366 419 1427 Ξ.
463 1362 563 1428 Ad
606 1364 766 1429 illud
806 1364 979 1447 quod
1023 1362 1362 1446 oincitur,
1391 1360 1563 1445 quod
1608 1361 1824 1442 majus

280 1467 501 1533 lumen
548 1470 845 1535 absorbet
898 1470 1117 1534 minus
1163 1467 1384 1532 lumen
1413 1514 1431 1545 ,
1478 1467 1820 1531 dicendum

278 1578 452 1659 quod
500 1578 664 1645 illud
710 1597 841 1644 non
892 1577 1278 1659 intelligitur
1331 1576 1410 1642 de
1463 1574 1822 1640 luminibus

275 1701 423 1767 qum
450 1689 607 1750 sunt
643 1686 726 1751 ad
763 1686 1040 1751 invicem
1091 1684 1381 1749 ordinata
1398 1731 1420 1764 ,
1450 1684 1560 1748 sed
1602 1683 1681 1747 de
1721 1682 1823 1746 bis

274 1809 425 1877 quae
465 1792 707 1858 habent
747 1793 1075 1876 quandam
1121 1791 1582 1875 oppositionem
1615 1793 1679 1854 et
1724 1808 1822 1854 re-

274 1900 702 1982 pugnantiam
729 1948 750 1981 ,
806 1900 929 1964 nisi
1008 1900 1408 1981 intelligatur
1480 1898 1820 1962 absorbere

275 2010 597 2090 quantum
632 2006 713 2071 ad
751 2006 1210 2091 apparentiam.
1252 2005 1328 2071 Et
1373 2005 1681 2090 quoniam
1717 2003 1823 2070 lu·-

274 2130 423 2178 men
454 2113 611 2179 fidei
638 2114 933 2178 informis
958 2114 1249 2179 ordinem
1277 2112 1471 2177 habet
1496 2112 1577 2177 ad
1601 2111 1822 2175 lumen

271 2220 536 2301 gratiae,
585 2238 715 2286 non
760 2220 1261 2305 oppositionem;
1313 2218 1468 2283 hinc
1514 2221 1612 2282 est
1649 2216 1821 2301 quod

272 2328 352 2391 ab
377 2328 523 2411 ipso
548 2345 682 2392 non
719 2327 1130 2406 absorbetur,
1161 2326 1270 2391 sed
1315 2325 1528 2408 magis
1568 2326 1636 2388 in
1685 2342 1822 2389 esse

271 2435 583 2500 salvatur.

351 2546 409 2607 3.
460 2541 564 2608 Ad
590 2542 748 2607 illud
773 2542 944 2626 quod
973 2542 1294 2625 objicitur,
1324 2540 1495 2625 quod
1536 2541 1694 2605 fides
1718 2539 1824 2612 ina·-⁴

273 2649 499 2715 formis
535 2668 666 2714 non
702 2653 798 2714 est
833 2648 956 2713 nisi
999 2649 1066 2712 in
1097 2647 1535 2731 peccatoribus
1569 2651 1634 2712 et
1672 2665 1823 2711 cum

272 2762 555 2840 peccam,
597 2756 941 2822 dicendum
976 2756 1148 2840 quod
1189 2756 1313 2821 hoc
1349 2774 1582 2821 verum
1625 2758 1720 2820 est
1748 2774 1825 2820 ea

271 2865 557 2942 ratIone,
587 2882 720 2946 qua
760 2864 918 2928 fides
955 2862 1245 2928 informis
1284 2862 1576 2928 nominat
1614 2862 1820 2927 defec-

271 2974 408 3036 tum
456 2970 708 3047 formae,
747 2987 881 3034 non
922 2967 1278 3034 secundum
1320 2968 1492 3051 quod
1536 2969 1827 3034 nominat

266 3079 571 3144 habitum
619 3098 636 3141 z
666 3081 727 3142 et
773 3077 917 3142 ideo
958 3095 1041 3141 ex
1075 3076 1200 3141 hoc
1240 3093 1375 3140 non
1417 3077 1622 3157 potest
1667 3092 1822 3140 con·

266 3187 444 3252 cludi
462 3235 480 3265 ,
506 3187 680 3270 quod
709 3203 823 3269 per
849 3186 1127 3269 gratiam
1160 3183 1607 3249 advenientem
1636 3183 1821 3248 tolla-

267 3298 371 3359 tur
399 3294 557 3358 fldei
582 3293 874 3357 informis
911 3293 1171 3357 habitus
1192 3339 1211 3372 ,
1256 3290 1366 3356 sed
1404 3291 1615 3356 solum
1649 3289 1823 3373 quod

267 3401 537 3466 tollatur
561 3401 967 3465 informitatis
989 3399 1289 3465 defectus.

346 3511 419 3571 4.
467 3505 561 3571 Ad
600 3505 762 3571 illud
805 3505 976 3590 quod
1023 3507 1344 3589 objicitur,
1385 3504 1559 3589 quod
1600 3521 1826 3570 omnes

270 3613 546 3679 virtutes
576 3613 1007 3679 infunduntur
1033 3612 1253 3691 simul,
1280 3613 1624 3678 dicendum
1652 3612 1825 3694 quod

270 3739 507 3788 verum
532 3725 628 3786 est
652 3726 969 3805 quantum
1007 3721 1089 3786 ad
1115 3720 1274 3785 illud
1308 3721 1479 3804 quod
1518 3723 1613 3784 est
1637 3715 1705 3784 ih
1733 3720 1826 3784 eis

271 3828 578 3907 formale3
607 3833 927 3912 quantum
949 3833 1167 3893 autem
1192 3828 1273 3892 ad
1302 3827 1624 3893 materiale
1638 3875 1657 3908 ,
1686 3828 1825 3892 sive

274 3935 352 4000 ad
397 3934 692 4000 habitum
726 3934 1142 4013 substratum,
1172 3953 1304 3999 non
1348 3934 1544 3998 habet
1584 3933 1826 3998 verita-

275 4046 412 4109 tem
428 4090 447 4122 ,
492 4043 616 4108 nisi
663 4042 919 4126 quando
963 4060 1095 4107 non
1137 4042 1387 4106 invenit
1426 4041 1721 4105 habitum
1753 4039 1824 4104 in

273 4151 588 4233 subjecto,
634 4167 830 4233 quem
874 4149 1175 4214 informet
1202 4149 1283 4232 (a)
1320 4170 1336 4213 :
1379 4153 1443 4213 et
1484 4148 1628 4213 ideo
1672 4165 1825 4212 cum

276 4258 491 4341 gratia
532 4257 878 4323 adveniens
913 4258 1162 4323 invenit
1202 4258 1495 4322 habitum
1535 4257 1684 4322 fidei
1717 4257 1825 4321 in-

273 4365 499 4432 formis
516 4411 537 4443 ,
588 4384 720 4431 non
770 4369 1019 4450 oportet
1067 4365 1241 4449 quod
1287 4364 1825 4448 superinducatur

272 4492 448 4538 nova
480 4474 660 4539 fides.
695 4473 1013 4539 Praeterea
1049 4473 1214 4538 ratio
1257 4472 1365 4535 illa
1406 4472 1477 4536 in
1503 4471 1628 4536 alio
1664 4471 1824 4538 defi·-

274 4582 391 4658 cit,
436 4581 591 4665 quia
615 4582 825 4662 gratia
849 4586 1108 4664 gratum
1145 4579 1381 4644 faciens
1419 4597 1572 4644 cum
1614 4578 1823 4661 grafia

275 4688 477 4770 gratis
518 4689 663 4753 data
701 4707 833 4753 non
868 4693 962 4753 est
997 4690 1056 4771 ej
1066 4688 1287 4753 usdem
1323 4688 1551 4772 speciei
1585 4708 1601 4750 ε
1639 4690 1705 4752 et
1733 4687 1823 4751 ita

275 4795 559 4876 procedit
585 4813 668 4860 ex
692 4794 847 4860 falsa
880 4795 1338 4878 suppositione.

357 4907 418 4966 5.
467 4903 564 4967 Ad
610 4903 766 4967 illud
808 4902 981 4986 quod
1023 4902 1345 4984 objicitur,
1384 4902 1557 4986 quod
1595 4902 1822 4969 lumen

276 5009 504 5092 gratiae
550 5013 812 5091 gratum
850 5008 1138 5073 facientis
1175 5008 1360 5074 debet
1404 5010 1696 5074 sufficere
1742 5009 1822 5075 ad

278 5117 664 5183 credendum
682 5164 705 5196 ‚
758 5115 1098 5181 dicendum
1137 5116 1310 5199 quod
1350 5117 1583 5182 sufficit
1613 5118 1821 5199 gratia

345 5291 498 5342 mist.
530 5302 654 5354 xm,
682 5294 778 5342 art.
806 5293 856 5351 2,
883 5303 934 5354 q.
963 5300 997 5338 ι.
1016 5314 1080 5325 -
1098 5289 1120 5322 ¹
1148 5287 1229 5351 Cf.
1250 5289 1393 5339 Alex.
1419 5289 1635 5355 Mensis,
1660 5304 1710 5354 p.
1732 5291 1819 5356 ΙΙΙ,

253 5376 330 5428 ·q.
364 5371 509 5425 mv,
532 5363 746 5414 membr.
803 5364 872 5424 ὃς
913 5363 968 5411 s.
1003 5359 1248 5422 Thomas,
1281 5361 1420 5424 ιΙ-ΙΙ,
1447 5375 1502 5425 q.
1526 5372 1605 5422 w,
1629 5366 1723 5413 art.
1745 5365 1814 5427 1⁴3

342 5457 409 5522 (α)
439 5456 560 5506 Cet.
585 5456 708 5507 odit.
739 5454 999 5508 informat.

3367 479 3483 540 507

1937 613 2197 689 gratum
2250 608 2484 673 faciens
2501 656 2520 685 ,
2568 626 2720 673 cum
2767 609 3338 693 praesuppositione
3385 613 3481 673 ta-

1937 732 2084 778 men
2126 715 2356 797 gratiae
2383 716 2585 796 gratis
2612 716 2800 781 datae.
2831 715 3008 782 Dona
3047 717 3223 781 enim
3253 716 3484 798 gratim

1933 825 2196 903 gratum
2230 823 2514 888 facientis
2554 842 2682 888 non
2726 824 3076 890 excludunt
3119 825 3286 889 dona
3324 842 3483 906 gra-

1931 928 2038 993 tiae
2065 929 2269 1011 gratis
2296 930 2459 994 datae
2485 952 2504 1008 3
2536 929 2667 995 imo
2707 932 2919 1013 magis
2959 922 3092 996 illa‘
3112 932 3180 995 in
3209 950 3328 996 suo
3366 931 3478 995 ad-

1932 1038 2131 1100 ventu
2178 1037 2502 1120 complent
2541 1041 2605 1102 et
2648 1038 3031 1121 perficiunt,
3079 1045 3143 1104 et
3201 1040 3483 1122 quodam

1934 1144 2125 1209 modo
2172 1146 2254 1209 ab
2304 1146 2398 1209 eis
2441 1146 2825 1228 vigorantur
2884 1151 2946 1212 et
2991 1148 3410 1231 perficiuntur
3460 1168 3478 1212 ι

1931 1250 2074 1315 ideo
2109 1270 2241 1317 non
2279 1253 2572 1336 sequitur
2610 1254 2781 1336 quod
2803 1303 2824 1334 ‚
2853 1254 3231 1319 adveniente
3274 1252 3485 1336 gratia

1930 1362 2196 1440 gratum
2222 1360 2509 1441 faciente,
2536 1360 2890 1443 superfluat
2913 1362 3170 1426 habitus
3204 1360 3354 1426 fidei
3376 1362 3479 1427 in·

1930 1465 2154 1529 formis
2177 1516 2195 1547 ,
2252 1486 2372 1532 nec
2388 1516 2409 1547 ‚
2473 1473 2843 1535 remanente
2891 1469 3119 1535 habitu
3172 1467 3477 1547 informi,

1930 1580 2190 1657 propter
2214 1575 2336 1639 hoc
2362 1575 2585 1641 lumen
2613 1577 2841 1657 gratiae
2886 1580 3150 1659 gratum
3190 1576 3481 1641 facientis

1931 1681 2017 1744 sit
2040 1679 2433 1746 insufficiens
2461 1683 3005 1767 :unumquodque
3032 1683 3206 1748 enim
3236 1682 3479 1747 donum

1930 1787 2043 1854 Dei
2084 1791 2405 1856 sufficiens
2432 1795 2567 1872 est,
2600 1792 2956 1857 secundum
2998 1790 3158 1856 illud
3200 1789 3281 1854 ad
3306 1790 3478 1874 quod

1931 1896 2124 1963 babet
2148 1898 2462 1965 ordinem.

2461 2119 2823 2201 QUAESTIO
2862 2121 2938 2188 V.

1929 2272 2023 2329 An
2047 2273 2175 2345 fides
2200 2276 2454 2343 informis
2468 2277 2572 2347 fiat
2595 2276 2861 2344 somata,
2891 2274 3207 2332 adveniente
3231 2278 3420 2347 qratia
3434 2280 3475 2332 ².

2010 2434 2101 2500 De
2137 2435 2342 2518 ipsius
2371 2435 2516 2500 fidei
2547 2435 2835 2499 informis
2865 2402 3265 2514 formatione,
3293 2438 3358 2499 et
3382 2437 3477 2499 est
3504 2447 3711 2491 ranam.

1929 2541 2199 2623 quaestio
2240 2544 2465 2605 utrum
2504 2541 2881 2607 adveniente
2919 2541 3132 2622 gratia
3171 2540 3329 2605 fides
3373 2541 3477 2605 in-

1930 2646 2153 2712 formis
2195 2648 2308 2711 flat
2347 2648 2658 2726 formata3
2703 2651 2769 2712 et
2814 2647 2990 2731 quod
3036 2646 3149 2726 sic,
3195 2647 3469 2714 videtur.

1929 2754 2292 2837 Antequam
2342 2754 2575 2837 aliquis
2624 2757 2875 2837 peccet,
2927 2774 3056 2820 non
3103 2756 3295 2821 habet
3349 2757 3475 2822 nisi

1930 2860 2125 2925 fldem
2151 2860 2490 2925 formatam
2515 2882 2534 2939 3
2567 2879 2717 2925 cum
2742 2869 2960 2927 autem
2983 2866 3223 2946 peccat,
3249 2862 3477 2947 incipit

1931 2966 2168 3032 habere
2209 2967 2402 3032 fldem
2451 2967 2792 3033 informem
2837 2990 2853 3032 ε
2903 2968 2958 3032 si
3006 2987 3167 3052 ergo
3212 2970 3282 3034 in
3321 2989 3476 3054 pec-

1932 3073 2134 3139 cando
2157 3092 2288 3139 non
2323 3073 2686 3139 infunditur
2712 3074 2773 3139 ei
2799 3093 2970 3141 nova
2994 3078 3152 3142 fides
3171 3126 3191 3159 ,
3223 3095 3477 3144 necesse

1931 3182 2222 3266 estquod
2247 3201 2365 3265 per
2389 3186 2720 3266 peccatum
2752 3184 2910 3249 fides
2936 3184 3207 3250 formata
3234 3186 3346 3251 flat
3370 3185 3471 3251 in-

1931 3289 2157 3355 formis
2187 3311 2202 3354 :
2233 3291 2287 3354 si
2314 3308 2472 3372 ergo
2498 3290 2654 3356 fides
2680 3292 2971 3356 informis
3007 3296 3155 3357 ante
3193 3292 3313 3357 fuit
3344 3294 3475 3359 for-

1932 3400 2135 3473 mata,
2164 3396 2422 3462 videtur
2456 3398 2628 3482 quod
2652 3398 2707 3462 si
2733 3399 2965 3483 aliquis
2992 3399 3364 3464 restituatur
3384 3399 3474 3463 in

1934 3504 2215 3587 gradum
2264 3506 2605 3589 pristinum
2653 3525 2768 3591 per
2810 3507 3161 3573 adventum
3208 3508 3470 3590 gratim,

1932 3613 2103 3695 quod
2131 3613 2286 3678 fides
2308 3614 2600 3680 informis
2622 3615 2737 3679 flat
2760 3616 3052 3680 formata.

2014 3719 2172 3785 ltem
2193 3720 2402 3802 gratia
2428 3722 2777 3787 adveniens
2802 3723 3104 3788 informat
3128 3726 3469 3789 naturam:

1931 3828 1985 3892 si
2021 3847 2181 3911 ergo
2207 3829 2363 3894 fides
2396 3829 2690 3894 informis
2714 3830 2861 3914 plus
2886 3831 3291 3915 approximat
3318 3848 3469 3913 gra·

1929 3936 2062 4015 tiae,
2112 3954 2309 4020 quam
2351 3937 2490 4019 ipsa
2531 3940 2764 4002 natura
2783 3985 2802 4017 ,
2847 3936 3104 4003 videtur
3145 3939 3316 4021 quod
3358 3955 3474 4020 per

1931 4041 2146 4107 locum
2197 4060 2237 4105 a
2281 4042 2515 4107 minori
2557 4044 2714 4109 fides
2753 4043 3047 4109 informis
3087 4044 3318 4110 habeat
3358 4062 3473 4128 per

1932 4148 2207 4232 gratiam
2235 4149 2585 4215 informari.
3552 4141 3563 4156 ⁸

2012 4257 2170 4322 Item
2223 4256 2367 4341 plus
2391 4257 2688 4324 convenit
2723 4258 2983 4325 habitus
3018 4259 3273 4326 infusus
3324 4279 3474 4326 cum

1930 4367 2162 4447 gratia,
2195 4384 2344 4448 quae
2370 4370 2465 4430 est
2489 4366 2721 4445 infusa,
2751 4384 2952 4450 quam
2978 4367 3235 4433 habitus
3258 4368 3477 4452 acqui·

1931 4472 2034 4535 siti
2089 4494 2107 4537 :
2159 4472 2266 4537 sed
2317 4472 2576 4537 habitus
2632 4473 2922 4556 acquisiti
2968 4492 3083 4557 per
3125 4473 3473 4540 adventum

1930 4579 2160 4661 gratiae
2186 4579 2647 4659 inter-mantum
2678 4578 2849 4662 quod
2877 4582 3069 4663 patet,
3100 4580 3252 4663 quia
3274 4581 3345 4646 in
3369 4600 3475 4649 eo-

1929 4704 2080 4751 rum
2108 4686 2409 4751 exercitio
2448 4690 2511 4750 et
2552 4704 2680 4750 usu
2717 4685 2914 4751 homo
2956 4692 3283 4754 meretur:
3315 4707 3473 4772 ergo

1932 4794 2134 4859 multo
2173 4794 2397 4858 fortius
2421 4792 2677 4858 habitus
2712 4793 2859 4857 fidei
2894 4793 3186 4860 informis
3227 4797 3473 4863 sorma-

1930 4906 2035 4966 tur
2059 4919 2174 4985 per
2197 4901 2403 4984 ipsam
2432 4901 2709 4983 gratiam
2736 4902 3315 4984 supervenientem.

2011 5010 2168 5075 Item
2195 5027 2386 5092 opera
2411 5010 2789 5074 mortificata
2813 5028 2931 5092 per
2951 5010 3300 5077 adventum
3325 4997 3472 5096 gra-

1929 5118 2038 5183 tiae
2064 5117 2494 5196 vivificantur,
2525 5115 2879 5182 secundum
2908 5118 3082 5200 quod
3109 5122 3470 5186 eommuni-

1927 5228 2024 5288 ter
2064 5223 2298 5288 dicitur
2327 5241 2346 5287 ε
2386 5240 2546 5304 ergo
2584 5222 2724 5305 pari
2765 5223 3013 5289 ratione
3035 5272 3054 5304 ,
3100 5227 3165 5290 et
3210 5225 3471 5293 habitus

1928 5390 1981 5437 et
1997 5387 2060 5435 ΙΙΙ
2077 5385 2237 5448 8ειιι.,
2252 5383 2369 5436 dist.
2389 5394 2549 5442 xxm,
2566 5397 2616 5446 q.
2647 5394 2730 5443 111,
2750 5389 2847 5434 art.
2865 5386 2925 5447 ⁴5
2949 5383 3073 5435 etde
3094 5384 3267 5449 Ver-it„
3288 5401 3339 5451 q.
3361 5399 3466 5451 xiv,

1928 5460 2024 5512 art.
2051 5459 2116 5519 73
2145 5455 2384 5520 stephan.
2423 5454 2631 5520 titulos„
2664 5455 2729 5509 ΙΙΙ
2761 5457 2920 5521 Sem„
2958 5457 3073 5508 dist.
3094 5470 3249 5523 xxm,
3269 5473 3320 5526 q.
3348 5470 3401 5514 x.
