4185 6288
719 464 839 535 1³⁴

716 595 1047 680 loquimur
1072 594 1176 660 hic
1207 594 1286 661 de
1312 610 1616 676 persona,
1644 592 1801 675 quia
1825 592 1966 658 haec
1988 594 2083 656 est
2106 609 2261 657 con-

1881 453 2507 523 SENTENTIARUM
2542 454 2694 521 LIB.
2733 454 2842 521 111.

2373 592 2616 657 minem
2665 592 3027 675 assumpsit,
3068 591 3233 657 hene
3273 590 3564 675 sequitur
3602 590 3771 674 quod
3808 608 3903 654 as·

717 702 1014 771 sideratio
1036 700 1462 785 grammatici,
1485 718 1618 765 non
1638 699 1959 782 theologi:
1980 699 2070 763 sic
2089 698 2263 763 enim
2373 701 2718 783 sumpserit
2742 700 3093 764 hominem.

718 810 930 893 magis
968 807 1224 892 respicit
1269 806 1534 873 modum
1577 806 1979 890 significandi
1998 854 2017 886 ,
2062 823 2261 890 quam

719 917 1168 1004 proprietatem
1194 915 1312 980 rei.
1365 936 1378 939 “

799 1030 860 1091 6.
906 1023 1004 1089 Ad
1043 1022 1199 1087 illud
1239 1022 1410 1106 quod
1457 1021 1685 1086 ultimo
1727 1020 2047 1103 objicitur,
2090 1021 2264 1105 quod

717 1133 936 1205 anima
960 1130 1239 1215 gloriosa
1263 1134 1522 1213 propter
1556 1131 2019 1213 separationem
2048 1149 2087 1193 a
2125 1149 2268 1195 cor·-

716 1258 871 1325 pore
893 1257 1027 1304 non
1051 1239 1245 1304 habet
1270 1238 1700 1303 conditionem
1732 1237 2132 1313 deteriorem,
2168 1236 2267 1300 di·

717 1347 994 1415 cendum
1048 1346 1219 1429 quod
1270 1345 1380 1410 illa
1433 1347 1595 1411 ratio
1645 1346 1855 1409 deficit
1907 1344 2263 1427 dupliciter.

720 1453 936 1522 Primo
975 1453 1235 1537 quidem
1253 1500 1272 1531 ,
1316 1453 1470 1536 quia
1514 1453 1811 1535 quamvis
1863 1470 1993 1515 non
2040 1452 2274 1516 habeat

723 1560 1150 1627 conditionem
1190 1559 1568 1625 deteriorem
1622 1562 1940 1642 quantum
1985 1558 2066 1622 ad
2109 1558 2272 1622 bene

725 1685 862 1733 esse
880 1715 900 1747 ,
946 1670 1166 1751 utpote
1208 1670 1523 1751 quantum
1567 1667 1650 1730 ad
1699 1666 1808 1731 Dei
1856 1666 2269 1745 fruitionem3

728 1775 947 1840 minus
1020 1777 1236 1839 tamen
1301 1774 1538 1839 bonam
1596 1774 1788 1838 hahet
1845 1774 2275 1838 conditionem

729 1885 1046 1965 quantum
1070 1882 1151 1947 ad
1175 1900 1311 1947 esse
1338 1886 1608 1947 naturae.
1650 1880 2068 1945 Personalitas
2104 1881 2276 1945 enim

655 1982 660 1989 ’
732 2007 864 2055 non
904 1989 1249 2054 attenditur
1293 1993 1611 2073 quantum
1648 1989 1731 2053 ad
1766 1989 1931 2053 bene
1968 2007 2104 2053 esse
2123 2037 2141 2068 ,
2175 1988 2278 2052 vel

733 2113 870 2161 esse
912 2096 1172 2176 gratiae,
1205 2096 1315 2160 sed
1358 2099 1676 2179 quantum
1710 2095 1792 2160 ad
1831 2114 1967 2160 eme
1992 2098 2276 2175 naturae,

735 2203 870 2268 sive
904 2203 984 2268 ad
1024 2221 1159 2267 esse
1194 2203 1502 2286 primum.
1549 2203 1732 2268 Alius
1770 2202 1965 2268 etiam
2003 2203 2282 2268 detectus

738 2314 854 2391 est,
904 2311 1210 2394 quoniam
1247 2312 1515 2377 intentio
1559 2312 2023 2395 personalitatis
2065 2329 2282 2376 conse·

739 2420 960 2502 quitur
996 2419 1280 2484 animam
1324 2419 1573 2484 unitam
1619 2419 1906 2503 corpori,
1947 2420 2037 2483 ita
2066 2422 2283 2483 tamen

741 2525 912 2608 quod
953 2543 1070 2590 nec
1117 2526 1373 2604 anima,
1425 2543 1543 2590 nec
1584 2543 1815 2609 corpus
1858 2530 1953 2590 est
1980 2543 2281 2609 persona,

741 2632 851 2697 sed
886 2635 1093 2697 totum
1128 2635 1543 2716 conjunctum
1576 2654 1591 2698 ε
1622 2635 1686 2696 et
1728 2632 1869 2697 ideo
1905 2648 2037 2697 non
2070 2631 2288 2715 sequi·

745 2742 874 2820 tur,
902 2739 1075 2823 quod
1117 2739 1259 2804 talis
1292 2739 1571 2821 dignitas
1597 2742 1923 2807 remaneat
1957 2739 2031 2804 in
2069 2739 2288 2803 anima

744 2848 1063 2929 separata,
1091 2846 1198 2911 vel
1236 2846 1626 2930 proprietas;
1657 2845 1824 2910 sicut
1860 2864 1979 2910 nec
2020 2846 2290 2910 visibili-

619 3030 627 3037 ,
747 2956 872 3032 tas,
903 2969 1052 3035 quae
1088 2956 1183 3017 est
1221 2952 1570 3036 proprietas
1611 2956 1902 3036 respectu
1941 2952 2287 3035 conjuncti,

521 3858 588 3901 Ad
605 3869 710 3914 opp.

749 3062 892 3140 post
933 3059 1391 3141 separationem
1436 3078 1555 3123 nec
1599 3063 1888 3125 remanet
1929 3060 1999 3123 in
2043 3059 2257 3125 anima
2270 3107 2287 3138 ,

749 3182 869 3229 nec
894 3165 1059 3231 circa
1086 3184 1349 3250 corpus,
1375 3169 1495 3230 etc.

1274 3410 1629 3490 QUAESTIO
1674 3411 1774 3478 IV.

865 3563 954 3621 An
978 3564 1357 3623 concedendum
1382 3569 1483 3634 sit,
1512 3568 1653 3638 quod
1677 3570 1814 3625 Deus
1841 3570 2190 3642 assumpserit

1363 3657 1624 3713 hominem
1655 3660 1693 3710 ¹.

839 3814 1067 3879 Utrum
1110 3816 1585 3881 concedendum
1629 3817 1742 3897 sit,
1772 3818 1942 3900 quod
1988 3817 2154 3882 Deus
2191 3836 2299 3882 as-

754 3924 1099 4005 sumpserit
1135 3922 1504 4001 hominem;
1551 3927 1616 3987 et
1660 3923 1829 4004 quod
1875 3923 1963 3987 sic
1983 3971 1998 3999 ,
2044 3923 2301 3989 videtur

755 4045 870 4111 per
897 4027 1056 4092 illud
1087 4026 1358 4097 Psalmi·
1386 4047 1404 4091 ε
1434 4032 1702 4107 Beatus,
1735 4045 1917 4111 quem
1951 4028 2203 4111 eleqisti
2237 4036 2297 4097 et

756 4135 1220 4216 assumpsisti:
1246 4134 1354 4200 sed
1383 4134 1600 4201 beatus
1623 4140 1745 4199 stat
1769 4136 1857 4197 ibi
1886 4154 2001 4218 pro
2031 4136 2246 4217 aliquo
2279 4159 2294 4201 ε

754 4258 888 4306 non
909 4245 1004 4305 est
1027 4245 1244 4312 autem
1267 4241 1416 4308 dare
1441 4242 1739 4324 aliquem,
1770 4242 1894 4306 nisi
1923 4241 2254 4307 hominem
2279 4265 2294 4306 ε

754 4365 936 4430 ergo,
966 4351 1087 4414 etc.

833 4460 893 4518 2.
929 4454 1085 4520 Item
1111 4455 1533 4536 Augustiana,
1564 4456 1632 4520 in
1663 4456 2090 4539 Eoepositione
2122 4456 2301 4539 Sym-

754 4562 882 4631 boli
899 4564 921 4599 ⁸
954 4581 970 4625 ε
1009 4584 1040 4622 α
1065 4563 1132 4628 Si
1167 4561 1315 4644 quis
1341 4561 1575 4627 dixerit
1599 4563 1928 4628 hominem
1974 4583 2013 4627 a
2055 4563 2299 4628 Christo

752 4674 1156 4753 assumptum
1182 4669 1541 4753 depositum
1578 4688 1735 4747 esse,
1762 4671 2106 4740 anathema
2129 4670 2231 4733 sit.
2261 4694 2292 4730 n

834 4781 895 4842 3.
927 4776 1083 4842 Item
1117 4776 1455 4841 Anselmus
1492 4777 1641 4841 dicit
1677 4777 1744 4840 in
1771 4764 1936 4842 libro
1966 4777 2044 4843 de
2072 4778 2299 4844 Incar-

754 4885 1046 4964 natione,
1078 4882 1249 4967 quod
1266 4883 1289 4919 ⁸
1316 4901 1449 4948 non
1492 4884 1835 4967 assumpsit
1862 4883 2193 4952 hominem
2231 4884 2302 4948 in

754 4993 1104 5074 communi,
1137 4992 1247 5057 sed
1274 4991 1447 5057 hunc
1476 4992 1807 5058 hominem
1839 5015 1854 5058 z
1886 4992 1995 5057 sed
2020 4992 2101 5057 ad
2129 4993 2301 5056 hunc

753 5096 1080 5164 hominem
1109 5099 1400 5182 sequitur
1430 5099 1626 5166 homo
1653 5122 1669 5165 ι
1700 5119 1858 5182 ergo
1884 5100 1937 5164 si
1970 5099 2146 5165 hunc
2173 5098 2302 5172 ho-

819 5279 836 5311 2
859 5277 941 5340 Cf.
967 5276 1112 5328 Alex.
1132 5276 1328 5340 Alens„
1349 5291 1399 5341 p.
1423 5278 1509 5342 ΙΙΙ,
1543 5293 1597 5345 q.
1622 5290 1690 5341 tv,
1711 5279 1902 5330 memb.
1923 5282 1979 5342 73
2016 5280 2070 5330 S.
2091 5276 2298 5340 Thous„

752 5363 804 5413 p.
830 5348 920 5408 m,
940 5361 992 5413 q.
1023 5359 1082 5410 11,
1105 5352 1202 5408 art.
1232 5351 1280 5407 6,
1314 5351 1365 5398 et
1389 5362 1440 5413 q.
1467 5360 1539 5411 iv,
1563 5352 1663 5401 art.
1687 5352 1716 5400 3
1739 5366 1756 5413 3
1786 5349 2046 5411 mebant,
2071 5349 2136 5399 ΙΙΙ
2162 5348 2300 5399 flent.

809 5447 887 5512 ea)
915 5447 1038 5500 eea.
1064 5445 1188 5500 ait.
1215 5444 1350 5498 dem
1369 5445 1431 5498 si.

2455 812 2518 871 4.
2551 806 2710 873 Item
2738 806 3089 890 proprietas
3111 805 3303 870 unius
3330 804 3529 888 partis
3554 804 3914 869 denominat

2378 919 2622 995 totum;
2654 916 2826 979 unde
2854 914 3080 979 Petrus
3114 913 3345 976 dicitur
3383 912 3597 989 albus,
3628 911 3911 976 sisolum

2377 1040 2610 1105 corpus
2634 1023 2716 1086 sit
2748 1022 2969 1085 album
3003 1039 3019 1085 ε
3054 1039 3216 1102 ergo
3257 1020 3463 1083 multo
3505 1018 3731 1082 fortius
3772 1036 3910 1101 pro-

2378 1130 2613 1212 prietas
2664 1130 3003 1212 utriusque
3059 1153 3072 1193 :
3123 1128 3231 1193 sed
3289 1145 3520 1193 verum
3572 1132 3667 1191 est
3717 1126 3913 1190 dicere

2380 1237 2703 1303 Christum
2744 1237 3161 1319 assumpsisse
3202 1254 3456 1300 carnem
3485 1237 3549 1299 et
3587 1234 3866 1298 animam
3895 1256 3910 1297 ε

2380 1363 2536 1428 ergo
2564 1363 2796 1410 verum
2820 1348 2915 1411 est
2937 1345 3143 1409 dicere
3170 1343 3343 1427 quod
3371 1342 3782 1425 assumpserit
3806 1341 3916 1405 ho-

2381 1454 2644 1517 minem.

2463 1562 2522 1622 5.
2563 1558 2721 1622 item
2767 1557 2967 1622 Filius
3004 1556 3115 1622 Dei
3162 1558 3506 1641 assumpsit
3543 1557 3821 1622 animam
3862 1560 3920 1620 et

2383 1682 2614 1748 corpus
2655 1684 2672 1729 :
2711 1671 2775 1730 et
2813 1666 2956 1730 haec
2999 1666 3340 1749 assumpsit
3382 1665 3565 1730 unita
3611 1684 3628 1728 z
3678 1681 3831 1744 ergo
3870 1662 3919 1726 si

2383 1790 2614 1855 corpus
2666 1777 2732 1837 et
2787 1773 3002 1838 anima
3051 1773 3235 1837 unita
3276 1773 3519 1837 faciunt
3566 1772 3915 1847 hominem,

2384 1898 2543 1962 ergo
2570 1881 2821 1946 videtur
2846 1882 3019 1963 quod
3043 1881 3459 1965 assumpserit
3486 1882 3833 1946 hominem.
3858 1878 3919 1944 Si

2385 1992 2460 2053 tu
2486 1989 2657 2052 dicas
2683 1984 2856 2070 quod
2880 2006 3014 2052 non
3033 1989 3294 2053 fuerunt
3313 1989 3491 2070 prius
3515 1988 3716 2064 unita,
3733 2005 3918 2070 quam

2387 2099 2747 2179 assumpta;
2784 2113 2898 2179 per
2930 2095 3054 2160 hoc
3091 2098 3222 2160 non
3264 2095 3637 2161 dissolvitur
3673 2099 3737 2159 et
3769 2095 3919 2160 effu-

2389 2205 2568 2287 gitur
2591 2206 2791 2270 ratio:
2815 2206 2969 2289 quia
2992 2205 3048 2270 si
3078 2205 3292 2270 anima
3312 2209 3378 2270 et
3400 2223 3633 2288 corpus
3648 2223 3776 2270 non
3799 2205 3922 2268 tue-

2390 2318 2548 2377 runt
2586 2317 2733 2379 ante
2756 2314 2937 2402 unita
2955 2362 2974 2391 ,
3004 2332 3202 2396 quam
3228 2317 3588 2396 assumpta,
3616 2313 3921 2397 prioritate

2392 2421 2696 2503 temporis
2716 2468 2734 2501 ,
2785 2420 3008 2485 saltem
3068 2420 3264 2485 simul
3329 2421 3590 2485 ruerunt
3660 2419 3923 2482 invicem

2392 2530 2679 2610 tempore
2719 2527 2899 2591 unita
2947 2532 3012 2592 et
3054 2531 3381 2610 assumpta
3426 2547 3443 2590 z
3491 2544 3652 2608 ergo
3690 2526 3925 2589 videtur

2395 2634 2566 2715 quod
2610 2634 2678 2698 in
2728 2652 2845 2698 sua
2887 2635 3322 2717 assumptione
3372 2634 3702 2698 hominem
3751 2632 3925 2696 facie-

2398 2743 2554 2806 bant
2583 2765 2598 2807 ε
2630 2747 2694 2806 et
2720 2743 2772 2806 si
2798 2743 2921 2807 hoc
2949 2761 3178 2807 verum
3204 2747 3319 2822 est,
3349 2759 3531 2824 ergo,
3559 2745 3680 2806 etc.

2478 2853 2539 2912 6.
2572 2848 2758 2926 Item,
2790 2850 2955 2932 sua)
2990 2849 3189 2914 Filius
3222 2853 3316 2914 est
3355 2850 3583 2928 homo,
3614 2851 3726 2912 aut
3748 2846 3926 2911 homo

2399 2975 2595 3040 quem
2638 2959 3008 3040 assumpsit,
3040 2962 3154 3021 aut
3193 2957 3387 3021 homo
3434 2973 3632 3038 quem
3668 2971 3796 3018 non
3835 2969 3927 3015 as-

2400 3064 2673 3148 sumpsit
2722 3087 2736 3128 :
2787 3066 2841 3127 si
2887 3065 3083 3129 homo
3124 3083 3318 3147 quem
3359 3062 3734 3147 assumpsit,
3785 3077 3959 3140 ergo.

2403 3172 2742 3254 assumpsit
2774 3173 3101 3237 hominem
3121 3195 3137 3251 ;
3169 3172 3225 3235 si
3251 3175 3345 3235 est
3367 3171 3567 3235 homo
3592 3186 3783 3253 quem
3808 3184 3928 3230 non

2402 3280 2777 3362 assumpsit,
2809 3298 2966 3362 ergo
2992 3284 3105 3344 aut
3129 3278 3384 3356 Petrus,
3410 3278 3514 3343 vel
3545 3277 3777 3342 Paulus
3792 3323 3809 3354 ,
3836 3271 3928 3338 vel

2404 3388 2483 3452 de
2511 3387 2775 3451 caeteriS.
2807 3386 2873 3452 Si
2916 3405 3075 3468 ergo
3109 3387 3364 3451 nullum
3387 3385 3619 3450 talium
3646 3385 3738 3448 est
3759 3382 3926 3457 dare,

2404 3490 2659 3553 videtur
2707 3507 2865 3569 ergo
2909 3489 3278 3573 simpliciter
3322 3506 3458 3553 esse
3503 3505 3732 3553 verum
3773 3482 3929 3568 quod

2405 3598 2815 3680 assumpserit
2839 3597 3191 3662 hominem.

2487 3703 2603 3769 Sed
2630 3709 2850 3769 contra
2881 3727 2896 3769 ε
2927 3704 3002 3768 In
3025 3704 3189 3768 libro
3215 3702 3292 3768 de
3320 3700 3585 3785 Repulis
3611 3699 3766 3781 fidet·
3787 3694 3929 3761 dici-
3954 3715 4113 3762 rum.

2407 3816 2549 3891 tur,
2599 3814 2771 3894 quod
2804 3813 3144 3876 ‘assumens
3187 3828 3320 3874 non
3367 3813 3461 3872 est
3495 3809 3926 3889 assumptum:

2409 3938 2567 4001 ergo
2593 3920 2647 3983 si
2672 3919 2873 3983 Filius
2917 3919 3026 3984 Dei
3055 3923 3147 3982 est
3185 3920 3417 3994 hom0,
3446 3915 3680 3980 falsum
3721 3917 3809 3978 est
3833 3909 3929 3975 Fi-

2410 4026 2571 4089 lium
2599 4026 2707 4090 Dei
2734 4026 3145 4108 assumpsisse
3171 4024 3524 4088 hominem.

2492 4134 2671 4212 Item,
2693 4135 2747 4198 si
2775 4135 3116 4215 assumpsit
3140 4132 3493 4210 hominem,
3528 4135 3592 4196 et
3621 4139 3931 4207 nunquam

2410 4241 2701 4323 deposuit
2739 4260 2933 4324 quem
2967 4241 3344 4324 assumpsit,
3373 4257 3532 4321 ergo
3564 4251 3803 4319 semper
3826 4229 3936 4294 fuit

2409 4352 2603 4415 homo
2650 4373 2665 4415 t
2714 4369 2872 4432 ergo
2926 4350 3184 4434 quando
3238 4352 3376 4413 erat
3438 4351 3729 4411 mortuus
3752 4387 3770 4418 ,
3814 4341 3936 4404 erat

2409 4459 2604 4522 homo
2644 4477 2660 4521 t
2694 4457 2866 4540 quod
2902 4476 3033 4521 non
3079 4456 3333 4522 videtur
3373 4471 3640 4530 verum,
3684 4464 3826 4514 cum
3865 4444 3937 4508 sit

2408 4566 2723 4649 oppositio
2746 4566 2818 4629 in
2841 4566 3106 4647 adjecto.

2492 4673 2647 4736 ltem
2661 4722 2678 4752 ,
2719 4673 2771 4736 si
2817 4669 3157 4753 assumpsit
3193 4669 3555 4745 hominem,
3599 4667 3711 4729 aut
3747 4656 3934 4725 homi-

2409 4782 2651 4846 nemin
2686 4778 3035 4857 communi,
3075 4781 3189 4841 aut
3213 4778 3390 4841 hunc
3416 4772 3741 4838 hominem
3773 4790 3788 4831 ε
3817 4779 3933 4828 non

2408 4889 2736 4954 hominem
2762 4888 2832 4950 in
2858 4885 3189 4950 communi
3213 4906 3228 4948 :
3252 4881 3592 4963 assumpsit
3606 4893 3759 4959 ergo
3775 4875 3931 4938 hunc

2408 4997 2738 5061 hominem
2786 5014 2804 5058 ε
2847 4993 2957 5065 sed
3004 4991 3111 5056 hic
3154 4991 3350 5055 homo
3398 4987 3687 5052 nominat
3731 4995 3930 5064 perso-

2408 5121 2560 5167 nam
2574 5151 2590 5181 ,
2624 5100 2726 5164 vel
2763 5098 2987 5164 saltem
3024 5095 3416 5179 hypostasim
3448 5114 3464 5158 ε
3495 5109 3651 5174 ergo
3680 5089 3748 5152 in
3773 5080 3927 5150 Chri·

2404 5302 2520 5353 dist.
2547 5315 2601 5362 V,
2622 5304 2718 5351 art.
2749 5301 2799 5362 t,
2831 5313 2886 5364 q.
2917 5301 2967 5360 2;
2997 5295 3171 5362 Steph.
3194 5293 3405 5353 Brulet„
3438 5293 3500 5344 nt
3538 5291 3695 5346 sent..
3731 5285 3848 5336 dist.
3874 5293 3920 5336 v·

2408 5386 2460 5437 q.
2492 5384 2603 5423 vm.
2626 5396 2679 5408 -—
2696 5372 2721 5407 ¹
2742 5368 2874 5420 Psal.
2905 5381 3049 5432 thv’,
3070 5370 3115 5418 5.
3137 5392 3190 5403 -
3214 5366 3235 5400 ⁸
3254 5368 3484 5430 August„
3508 5364 3687 5425 Expos.
3710 5351 3920 5420 symb·-

2339 5487 2345 5494 .
2410 5445 2432 5481 ⁸
2451 5444 2705 5506 Anselm„
2730 5441 2930 5492 deride
2955 5436 3438 5492 rrin.e1daelnearn.
3469 5433 3629 5486 Verbi.
3646 5445 3692 5482 c.
3715 5423 3853 5487 mal.
3872 5429 3915 5468 v·
