4185 6288
506 1942 577 1987 Ad
590 1955 697 2000 opp.

735 497 816 560 76

1840 478 2482 561 SENTENTIARIJM,
2504 479 2653 547 ΠΒ.
2699 479 2805 547 111.

821 627 980 694 Item
1031 628 1154 694 hoc
1205 629 1421 711 ipsum
1471 625 1728 690 videtur
1780 619 2026 685 ratione
2062 640 2079 682 ι
2137 616 2289 700 quia
2366 642 2397 717 ¹-u

735 737 947 821 proles
987 736 1057 800 in
1100 735 1473 818 parentibus
1514 733 1721 815 potest
1760 726 2019 793 liberari
2043 773 2062 803 ‚
2110 729 2175 791 et
2218 724 2290 788 in

736 846 1111 911 servitutem
1136 843 1368 925 redigi,
1394 842 1547 927 quia
1565 857 1791 906 servus
1813 841 2003 901 natus
2026 837 2119 898 est
2148 850 2290 899 ser-
2392 854 2397 859 ’

739 952 887 1016 vilis
913 951 1326 1016 conditionis:
1357 968 1520 1031 ergo
1553 948 1695 1030 pari
1732 945 1977 1010 ratione
2005 941 2286 1015 videtur,

738 1059 909 1142 quod
961 1059 1028 1121 in
1074 1057 1442 1141 parentibus
1495 1054 1793 1120 dantibus
1843 1049 2121 1117 decimas
2174 1046 2289 1112 filii

737 1165 1017 1230 habeant
1042 1164 1368 1229 decimari.

823 1271 981 1336 Item
1028 1270 1363 1335 decimatio
1414 1274 1594 1334 actus
1639 1272 1735 1332 est
1781 1264 2123 1348 figuralis:
2179 1262 2290 1327 sed

738 1378 956 1460 figura
998 1395 1132 1442 non
1169 1382 1420 1442 tantum
1457 1382 1554 1441 est
1592 1377 1885 1458 respectu
1928 1370 2287 1456 praesentiS‚

738 1486 849 1551 sed
876 1485 1185 1569 praeteriti
1220 1488 1284 1549 et
1327 1484 1530 1550 futuri
1565 1506 1580 1548 ε
1626 1502 1786 1565 ergo
1823 1480 2077 1547 videtur
2119 1479 2289 1562 quod

740 1612 872 1659 non
900 1599 1150 1659 tantum
1184 1593 1381 1677 possit
1414 1593 1717 1658 decimari
1760 1592 1829 1655 in
1870 1590 2126 1673 propria
2152 1606 2290 1672 per-

739 1720 897 1767 sona
937 1701 1129 1777 filius»,
1171 1700 1280 1764 sed
1316 1700 1508 1764 etiam
1546 1701 1612 1763 in
1653 1702 1915 1782 parente
1960 1701 2289 1779 tamquam

733 1808 809 1873 -in
829 1827 1021 1874 causa
1047 1812 1112 1872 et
1143 1809 1436 1872 materia.

822 1914 945 1979 Sed
972 1917 1193 1979 contra
1225 1936 1242 1978 ι
1291 1920 1351 1978 1.
1394 1913 1802 1994 Augustinus
1826 1959 1844 1991 ,
1874 1927 2069 1994 super
2103 1910 2294 1976 Gene-

741 2023 869 2089 sim
912 2022 1000 2087 ad
1028 2021 1361 2088 litteram:
1394 2046 1424 2082 (ι
1455 2019 1530 2084 ln
1553 2018 1796 2084 lumbis
1820 2018 2097 2083 Abrabae
2134 2018 2293 2083 illud

742 2127 1179 2193 decimabatur
1199 2176 1219 2208 ,
1263 2128 1438 2210 quod
1504 2127 1871 2192 curabatur.
1916 2149 1947 2186 ι)
2008 2125 2131 2191 Sed
2178 2126 2292 2190 tilii

743 2234 1070 2300 Abraham
1107 2252 1240 2298 non
1277 2239 1431 2299 sunt
1456 2234 1662 2298 curati
1696 2234 1777 2297 ab
1804 2233 2128 2314 originali,
2160 2232 2293 2298 imo

742 2342 877 2406 nati
911 2346 1063 2405 sunt
1104 2359 1254 2405 cum
1284 2343 1540 2424 peccato
1580 2339 1922 2422 originali:
1954 2357 2114 2420 ergo
2159 2358 2292 2404 non

743 2449 998 2514 videtur
1027 2447 1201 2532 quod
1237 2448 1306 2512 in
1338 2446 1667 2512 Abraham
1703 2447 1938 2511 fuerint
1971 2446 2288 2511 decimati.

822 2561 884 2620 2.
911 2555 1093 2636 Item,
1128 2574 1277 2621 cum
1305 2555 1551 2620 decima
1590 2555 1778 2620 datur
1823 2554 1900 2619 de
1941 2555 2289 2632 frument0,

742 2681 875 2728 non
916 2667 1173 2747 propter
1203 2663 1327 2728 hoc
1357 2663 1544 2728 datur
1588 2663 1835 2727 decima
1875 2662 1953 2727 de
1998 2663 2108 2726 illo
2153 2662 2290 2727 fru-

743 2776 990 2851 mento,
1034 2771 1200 2854 quod
1249 2771 1433 2835 debet
1484 2772 1659 2834 nasci
1703 2770 1782 2835 de
1836 2787 2040 2852 grano
2076 2792 2091 2833 z
2129 2788 2291 2852 ergo

743 2877 881 2961 pari
907 2879 1176 2955 ratione,
1209 2897 1359 2943 cum
1381 2878 1570 2943 datur
1597 2878 1843 2942 decima
1861 2896 1977 2960 pro
2002 2877 2289 2955 homine,

745 3002 878 3047 non
904 2983 1160 3048 videtur
1186 2985 1356 3067 quod
1397 2985 1503 3048 ille
1520 3033 1537 3064 ‚
1566 2986 1682 3067 qui
1706 2985 2068 3049 nasciturus
2094 2988 2293 3049 estex

745 3109 843 3171 ec,
874 3091 1226 3156 decimetur
1253 3092 1321 3155 in
1348 3109 1446 3156 eo,
1482 3090 1659 3157 Sicut
1685 3092 1861 3155 enim
1888 3091 2083 3158 homo
2113 3092 2293 3157 estin

744 3197 1009 3262 homine
1037 3198 1452 3278 seminaliter,
1495 3199 1586 3263 sic
1622 3217 1904 3281 granum
1930 3200 2000 3263 in
2037 3218 2287 3280 grano:

746 3321 905 3386 ergo
933 3306 1096 3369 ratio
1125 3306 1242 3369 ista
1268 3306 1436 3370 bona
1464 3324 1598 3369 non
1624 3306 1900 3370 videtur.

827 3416 884 3477 3.
934 3413 1114 3493 Item,
1155 3413 1317 3478 sicut
1362 3412 1757 3478 circumcisio
1798 3413 2156 3476 remedium
2200 3419 2294 3476 est

746 3524 966 3584 contra
1000 3520 1313 3601 originale
1345 3521 1412 3584 in
1447 3521 1591 3602 lege
1627 3523 1897 3602 figurae,
1944 3525 2009 3584 et
2047 3520 2292 3602 baptis-

746 3645 895 3693 mus
929 3628 1000 3692 in
1047 3629 1192 3711 lege
1228 3629 1479 3710 gratiae,
1532 3629 1620 3692 sic
1653 3628 1989 3692 decimatio
2034 3629 2103 3691 in
2150 3629 2294 3709 lege

745 3739 1021 3814 naturae,
1066 3739 1142 3799 ut
1180 3735 1331 3799 dicit
1373 3735 1565 3816 Hugo
1605 3735 1683 3799 de
1730 3739 1946 3800 sancto
1975 3734 2225 3801 Victore
2246 3736 2290 3800 ².

747 3841 816 3906 Si
844 3859 1001 3924 ergo
1031 3842 1248 3906 nullus
1271 3843 1337 3905 in
1371 3846 1591 3906 ventre
1636 3843 1857 3906 matris
1883 3843 2117 3925 poterit
2143 3842 2294 3925 bap-

748 3949 950 4028 tizari,
979 3967 1097 4013 nec
1121 3949 1508 4029 circumcidi,
1539 3968 1698 4032 ergo
1726 3968 1844 4014 nec
1870 3949 2197 4015 decimari.

831 4060 890 4119 4.
946 4055 1104 4120 Item
1150 4061 1263 4121 aut
1308 4057 1613 4121 decimari
1668 4063 1764 4123 est
1813 4075 1929 4141 per
1979 4058 2292 4122 decimam

750 4162 984 4242 curari,
1016 4167 1134 4227 aut
1175 4164 1476 4228 decimari
1519 4169 1613 4229 est
1655 4164 1736 4229 ad
1775 4164 2087 4229 decimam
2128 4164 2292 4230 obli-

750 4270 916 4352 gari,
943 4273 1057 4334 aut
1081 4271 1384 4335 decimari
1400 4277 1495 4335 est
1517 4273 1594 4335 de
1613 4272 1827 4354 aliquo
1854 4275 2101 4355 partem
2125 4272 2294 4336 deci-

748 4396 927 4442 mam
971 4378 1144 4458 dare,
1187 4383 1299 4441 aut
1341 4379 1641 4443 decimari
1679 4383 1777 4444 est
1820 4398 1934 4462 per
1979 4379 2293 4444 decimam

749 4485 1159 4568 praefigurari
1191 4506 1205 4548 ε
1254 4486 1362 4550 sed
1405 4484 1584 4549 nullo
1628 4486 1898 4550 istorum
1954 4487 2294 4551 modorum

749 4593 873 4658 ruit
901 4593 971 4656 in
1011 4592 1338 4656 Abraham
1369 4591 1518 4656 Levi
1550 4590 1902 4657 decimatus
1934 4615 1949 4656 ε
1982 4594 2136 4675 quia
2161 4613 2293 4658 non

749 4718 864 4783 per
890 4699 1204 4764 decimam
1231 4704 1520 4778 curatus3
1552 4718 1670 4763 nec
1696 4700 1776 4763 ad
1808 4699 2090 4764 dandum
2119 4700 2290 4765 deci-

750 4825 889 4871 mas
935 4807 1286 4890 obligatuS,
1337 4826 1488 4871 cum
1534 4806 1748 4889 potius
1790 4807 2132 4890 reciperet3
2177 4827 2295 4872 nec

750 4914 1059 4978 decimam
1093 4915 1285 4995 dedit,
1315 4934 1433 4980 nec
1470 4933 1586 4998 per
1618 4915 1932 4980 decimam
1976 4917 2295 4998 figuratus

750 5020 874 5085 fuit
913 5039 930 5084 t
977 5040 1134 5104 ergo
1181 5022 1361 5086 nullo
1408 5022 1598 5087 modo
1648 5024 1903 5089 videtur
1945 5024 2297 5090 decimatus

750 5127 945 5192 fuisse
972 5129 1043 5193 in
1069 5130 1394 5195 Abraham
1421 5149 1438 5195 τ
1484 5133 1549 5195 et
1586 5131 1639 5194 si
1677 5130 1782 5195 ille
1806 5149 1939 5195 non
1971 5132 2097 5196 fuit
2125 5132 2292 5197 deci-

749 5245 988 5316 matus,
1013 5237 1154 5319 pari
1178 5239 1424 5303 ratione
1450 5257 1570 5305 nec
1592 5239 1792 5323 aliqui
1821 5240 1954 5306 alii.

818 5406 840 5444 ²
856 5409 991 5472 flag.
1012 5410 1076 5459 de
1105 5411 1160 5461 S.
1191 5409 1345 5474 Vict.‚
1372 5409 1462 5461 lib.
1493 5411 1532 5474 1,
1550 5413 1681 5474 part.
1699 5421 1774 5472 11,
1801 5424 1848 5460 c.
1873 5421 1935 5462 111
1959 5411 2011 5460 et
2034 5408 2297 5477 deinceps,

754 5483 807 5532 et
831 5478 922 5532 lib.
948 5481 1009 5541 ΙΙ,
1030 5485 1163 5545 part.
1182 5493 1258 5543 11,
1278 5495 1325 5531 c.
1341 5484 1491 5532 V.—¹
1510 5486 1655 5546 Aug„
1678 5483 1738 5533 de
1767 5482 1889 5534 Gen.
1906 5481 1976 5531 od
1998 5481 2127 5545 titt„
2143 5495 2188 5533 c.
2207 5493 2295 5534 xx.

2950 745 3406 815 CONCLUSIO.

2399 940 2582 997 Proles
2607 938 2794 1009 aliquo
2820 936 2975 993 modo
3019 940 3197 1009 potest
3232 940 3296 993 in
3319 936 3642 1010 parentibus
3666 938 3936 1010 decimari,

2467 1028 2752 1086 madiam
2786 1043 2905 1083 eum
2931 1027 3141 1083 modum
3166 1067 3181 1095 ‚
3222 1042 3324 1098 quo
3351 1027 3639 1085 decimatio
3667 1027 3810 1083 ‚nihil
3837 1044 3935 1101 po-

2474 1123 2563 1176 nit
2589 1123 2654 1176 in
2671 1122 2799 1175 actu
2827 1120 2972 1173 circa
2999 1118 3319 1188 decimatos,
3351 1118 3445 1175 sed
3467 1118 3749 1175 secundum
3772 1121 3937 1190 siqni-

2471 1213 2780 1283 ficationem
2801 1211 3150 1281 praesentium
3177 1212 3229 1264 et
3251 1211 3586 1278 futurorum.

2481 1376 2668 1459 Resp.
2700 1373 2779 1438 ad
2805 1390 2951 1454 arg.
2975 1371 3073 1436 Ad
3094 1370 3546 1455 praedictorum
3576 1371 3941 1455 intelligen-

2400 1485 2557 1548 tiam
2610 1484 2705 1546 est
2755 1479 3110 1545 notandum
3134 1526 3153 1559 ,
3212 1477 3384 1560 quod
3436 1478 3772 1543 decimatio
3829 1479 3941 1545 fuit

2400 1594 2580 1655 actus
2629 1587 2925 1663 moralis,
2987 1584 3463 1649 sacramentalis
3509 1589 3574 1650 et
3630 1585 3934 1668 figuralis.

2402 1696 2770 1764 Secundum
2796 1693 2967 1778 quod
2994 1694 3113 1758 fuit
3138 1695 3320 1757 actus
3342 1693 3624 1770 moralis,
3655 1693 3751 1758 sic
3776 1694 3938 1758 deci-

2401 1805 2599 1870 matio
2634 1804 2865 1868 dicitur
2902 1801 3175 1883 alicujus
3220 1805 3408 1865 certae
3456 1801 3651 1883 partis
3694 1801 3943 1867 donatio

2401 1916 2480 1980 ad
2508 1913 3033 1979 sustentationem
3074 1929 3300 1975 eorum
3319 1960 3337 1990 ,
3369 1911 3481 1994 qui
3505 1911 3798 1976 serviunt
3822 1911 3942 1976 Do-

2403 2025 2602 2104 mino,
2636 2027 2698 2089 et
2721 2021 3003 2106 deputati
3033 2024 3185 2085 suut
3211 2020 3415 2084 cultui
3440 2020 3701 2085 divino:
3742 2025 3806 2085 et
3829 2021 3944 2087 hoc

2401 2132 2594 2197 modo
2657 2129 2991 2195 decimatio
3047 2131 3410 2211 perseverat
3469 2147 3678 2211 usque
3735 2129 3939 2194 modo.

2403 2238 2770 2305 Secundum
2810 2236 2984 2320 quod
3029 2235 3362 2300 decimatio
3402 2240 3496 2300 est
3528 2240 3709 2301 actus
3737 2255 3942 2302 sacra-

2403 2345 2727 2424 mentalis,
2776 2343 2866 2408 sic
2914 2343 3248 2407 decimatio
3294 2346 3390 2407 est
3434 2342 3711 2426 alicujus
3757 2344 3945 2428 partis

2401 2453 2658 2518 donatio
2677 2451 2754 2514 ad
2785 2450 3180 2514 curationem
3209 2449 3419 2512 morbi
3447 2449 3801 2531 originalis.
3831 2448 3944 2514 Se-

2402 2559 2687 2625 cundum
2741 2562 2960 2622 autem
3010 2556 3185 2639 quod
3241 2557 3579 2622 decimatio
3630 2560 3727 2620 est
3778 2562 3945 2623 actus

2402 2666 2731 2750 figuram,
2784 2665 2876 2728 sic
2920 2663 3258 2729 decimatio
3302 2666 3399 2727 est
3445 2665 3712 2728 decimae
3758 2665 3946 2749 partis

2402 2775 2657 2840 donatio
2684 2773 2764 2836 ad
2803 2771 3396 2854 praefigurationem
3421 2771 3775 2836 curationis
3800 2772 3944 2837 uni-

2401 2881 2667 2947 versalis
2689 2929 2707 2959 ,
2757 2898 2905 2963 quae
2951 2881 3171 2943 futura
3215 2883 3353 2942 erat
3404 2897 3519 2961 per
3562 2879 3944 2944 oblationem

2402 2990 2654 3055 Christi.
2686 2989 2947 3052 Duobus
2981 2988 3208 3069 primis
3247 2986 3454 3051 modis
3494 2990 3750 3069 accepta
3778 2988 3944 3053 deci-

2402 3097 2598 3163 matio
2621 3095 2875 3180 respicit
2904 3097 3159 3160 tantum
3183 3098 3438 3177 tempus
3466 3112 3771 3178 praesens,
3803 3097 3947 3181 quia

2401 3225 2532 3270 non
2559 3205 2748 3270 datur
2776 3203 2899 3268 nisi
2932 3203 3011 3268 de
3048 3204 3171 3267 hoc
3196 3203 3367 3285 quod
3398 3202 3668 3266 habetur
3685 3253 3702 3280 ,
3729 3207 3796 3268 et
3821 3223 3944 3269 non

2402 3318 2665 3378 curatur
2689 3312 2812 3376 nisi
2842 3311 3015 3395 quod
3040 3314 3179 3393 jam
3206 3311 3398 3375 habet
3439 3311 3766 3376 morbum.
3797 3312 3946 3378 Ter-

2402 3424 2488 3488 tio
2526 3426 2742 3488 autem
2771 3421 2960 3486 modo
2998 3420 3330 3484 decimatio
3358 3424 3614 3503 accepta
3638 3439 3771 3485 non
3808 3424 3944 3484 tan-

2400 3533 2542 3594 tum
2570 3535 2664 3594 est
2702 3528 3062 3611 praesentiS,
3093 3527 3203 3591 sed
3240 3526 3435 3590 etiam
3466 3526 3689 3607 futuri,
3729 3545 3846 3611 pro
3874 3545 3945 3592 eo

2401 3636 2573 3718 quod
2608 3635 2911 3717 figuratio
2938 3639 3033 3698 est
3061 3634 3376 3715 signatio:
3418 3637 3481 3697 et
3515 3634 3794 3715 signatio
3818 3653 3946 3699 non

2400 3748 2652 3808 tantum
2681 3743 2964 3808 extendit
2999 3762 3066 3808 se
3105 3745 3183 3806 ad
3215 3744 3551 3826 praesentia
3571 3791 3587 3819 ,
3621 3744 3732 3807 sed
3759 3744 3946 3809 etiam

2401 3852 2480 3916 ad
2499 3851 2718 3915 futura
2741 3854 2839 3915 :et
2857 3852 2981 3915 hoc
3005 3850 3193 3915 modo
3213 3850 3515 3914 dicuntur
3539 3849 3652 3912 filii
3671 3848 3944 3914 Abrahae

2401 3958 2692 4024 decimati
2732 3959 2802 4022 in
2842 3957 3168 4022 Abraham
3197 3976 3215 4022 t
3241 3957 3397 4039 quia
3434 3955 3752 4039 perillam
3782 3957 3943 4021 deci-

2403 4067 2748 4130 mationem
2767 4067 3168 4149 praetlgurati
3191 4070 3345 4129 sunt
3371 4083 3598 4130 omnes
3616 4064 3730 4128 filii
3754 4065 3945 4130 Abra-

2401 4173 2555 4237 ham
2583 4173 2851 4238 curandi
2878 4192 3011 4238 esse
3041 4192 3156 4257 per
3183 4192 3332 4238 eum
3352 4223 3369 4253 ,
3401 4174 3515 4257 qui
3546 4173 3945 4254 figurabatur

2403 4300 2515 4364 per
2560 4280 3015 4346 Melchisedech
3032 4330 3048 4361 ,
3081 4282 3147 4344 id
3186 4286 3281 4346 est
3319 4300 3435 4363 per
3479 4300 3712 4346 verum
3742 4299 3942 4346 sacer-

2403 4388 2615 4452 dotem
2655 4388 2998 4452 Christum.
3044 4388 3124 4453 Et
3156 4388 3279 4452 hoc
3304 4393 3398 4453 est
3427 4388 3599 4471 quod
3626 4389 3778 4452 dicit
3807 4389 3944 4453 Au-

2400 4498 2701 4580 gustinus
2723 4545 2740 4573 ,
2788 4512 2978 4579 super
3036 4496 3324 4563 Genesim
3371 4496 3461 4563 ad
3525 4496 3809 4562 litteram
3851 4501 3876 4535 ¹
3920 4517 3944 4561 .-

2411 4627 2442 4666 α
2486 4604 2645 4669 Cum
2689 4604 2827 4687 ipsa
2878 4603 3214 4669 decimatio
3262 4604 3342 4668 ad
3398 4592 3945 4687 praefigurandam

2402 4711 2783 4776 medicinam
2801 4711 3199 4795 pertinuerit,
3223 4710 3328 4776 ille
3346 4712 3414 4775 in
3439 4710 3766 4775 Abrabam
3783 4710 3945 4776 deci-

2403 4818 2721 4897 mabatur,
2751 4819 2865 4901 qui
2892 4820 3256 4896 curabatur,
3287 4836 3418 4882 non
3445 4818 3704 4900 quando
3733 4819 3945 4901 praefl-

2403 4922 2796 5007 gurabatur‚
2826 4925 2935 4990 sed
2970 4924 3228 5006 quando
3255 4924 3426 4989 illius
3451 4925 3686 5005 flgurae
3717 4925 3946 4989 veritas

2403 5033 2807 5117 implebatur.
2847 5056 2877 5094 n
2915 5032 3341 5098 Concedendae
3369 5036 3524 5096 sunt
3551 5050 3730 5114 ergo·
3749 5033 3944 5097 ratio-

2404 5160 2520 5207 nes
2560 5142 2989 5222 ostendentes»,
3036 5141 3207 5224 quod
3248 5139 3464 5224 aliquo
3510 5140 3700 5205 modo
3749 5142 3945 5224 potest

2404 5248 2708 5315 decimari
2740 5250 2950 5331 proles
2986 5248 3053 5313 in
3083 5251 3346 5331 parente
3363 5297 3381 5328 ,
3411 5248 3766 5312 secundum
3794 5264 3943 5312 eum

2406 5356 2674 5421 modum
2715 5374 2847 5440 quo
2888 5355 3223 5422 decimatio
3263 5355 3431 5421 nihil
3466 5355 3651 5440 ponit
3686 5355 3758 5420 in
3798 5357 3942 5420 actu

2408 5463 2573 5530 circa
2600 5463 2971 5539 decimatos,
3001 5463 3111 5530 sed
3135 5463 3346 5532 solum
3366 5464 3723 5530 secundum
3743 5462 3943 5546 signi·-
