4185 6288
1291 482 1489 549 DlS'l'.
1534 482 1701 548 Vm.
1748 480 1929 547 ΛΒΤ.
1978 483 2056 549 11.
2103 483 2408 564 QUAEST.
2458 486 2508 550 1.

295 627 467 686 ratur
497 621 634 705 ipsa
670 620 1057 697 aeternitate,
1084 622 1148 682 et
1184 619 1491 683 nativitas
1519 622 1836 701 tempora·

293 729 371 792 lis
397 729 524 810 ipso
550 732 861 811 tempore,
893 727 985 790 ita
1009 725 1183 808 quod
1210 725 1322 790 illa
1345 726 1835 808 completionem

296 834 476 899 habet
502 835 571 898 in
598 853 773 899 nunc
800 833 1202 909 aeternitatis,
1236 833 1356 897 ista
1379 833 1448 896 in
1474 852 1650 898 nunc
1675 837 1835 897 tem-

294 942 491 1023 poris3
523 942 677 1007 hinc
710 945 807 1005 est
831 940 1003 1023 quod
1039 939 1295 1005 concedi
1322 944 1527 1022 potest
1562 943 1625 1004 et
1651 939 1839 1004 debet

296 1052 608 1117 Christum
648 1051 752 1115 his
804 1068 941 1116 esse
994 1052 1243 1113 natum.
1298 1046 1377 1111 Et
1419 1047 1836 1112 concedendae

291 1162 436 1222 sunt
462 1158 744 1222 rationes
771 1162 835 1221 et
858 1155 1267 1220 auctoritates
1291 1154 1371 1218 ad
1392 1154 1513 1218 hoc
1530 1152 1829 1218 inductae.

372 1271 428 1329 1.
457 1266 557 1330 Ad
596 1265 758 1330 illud
791 1282 949 1330 vero
977 1262 1151 1346 quod
1180 1261 1485 1343 obiicitur
1528 1260 1736 1343 primo
1770 1262 1836 1325 in

289 1373 679 1439 eontrarium
698 1421 718 1452 ‚
776 1371 949 1455 quod
998 1371 1095 1438 bis
1136 1368 1289 1434 dicit
1331 1368 1617 1452 ejusdem
1658 1372 1839 1433 actus

288 1479 819 1561 geminationem,
864 1479 1203 1543 dicendum
1230 1477 1403 1559 quod
1429 1494 1561 1540 non
1591 1480 1839 1559 oportet

287 1587 457 1669 quod
483 1588 654 1653 dicat
684 1587 1187 1669 geminationem
1218 1586 1275 1667 ej
1285 1584 1508 1649 usdem
1532 1588 1712 1648 actus
1737 1601 1840 1648 se-

288 1694 576 1759 cundum
602 1694 919 1759 unitatem
946 1694 1433 1768 univocationis,
1463 1694 1573 1759 sed
1601 1693 1835 1757 sufficit

288 1799 456 1881 quod
483 1799 655 1864 dieat
682 1802 1038 1865 fflcundum
1074 1800 1585 1866 convenientiam
1624 1799 1839 1863 analo-

286 1907 436 1989 giae.
469 1907 653 1974 Unde
686 1909 856 1973 sicut
895 1914 1098 1992 potest
1131 1909 1387 1974 concedi
1410 1957 1429 1988 ,
1460 1908 1634 1991 quod
1675 1907 1840 1972 Deus

288 2020 353 2079 et
397 2016 595 2081 homo
626 2021 780 2080 sunt
816 2017 946 2082 duo
988 2017 1160 2081 entia
1197 2017 1300 2081 vel
1330 2035 1462 2095 res,
1505 2034 1637 2079 non
1668 2015 1840 2098 quod

284 2121 582 2188 dicantur
621 2122 772 2187 duae
817 2141 950 2204 res,
985 2124 1088 2188 vel
1129 2124 1261 2189 duo
1308 2123 1503 2201 entia,
1542 2123 1836 2202 univoce,

286 2230 397 2294 sed
432 2229 808 2312 analogice3
841 2230 931 2295 ita
974 2231 1233 2295 concedi
1273 2235 1477 2313 potest
1519 2231 1691 2313 quod
1735 2249 1843 2311 ge-

286 2336 532 2402 neratio
560 2334 815 2415 Christi,
846 2342 914 2401 et
936 2340 1208 2417 aeterna,
1241 2339 1307 2401 et
1334 2339 1729 2420 temporalis,
1761 2338 1843 2402 sit

286 2443 521 2527 duplex
589 2444 942 2526 generatio.
1000 2443 1081 2507 Et
1161 2445 1252 2508 sic
1313 2448 1516 2527 potest
1583 2445 1841 2510 concedi

284 2552 453 2633 quod
492 2552 579 2615 sit
613 2551 715 2614 bis
741 2556 1119 2631 generatus,
1148 2552 1304 2634 quia
1339 2555 1593 2615 tantum
1632 2570 1701 2615 se
1726 2570 1841 2615 ex-

283 2660 486 2723 tendit
537 2676 855 2723 numerus
900 2658 1351 2722 adverbiorum
1405 2659 1840 2723 numeralium

284 2769 578 2849 respectu
607 2765 825 2843 verbi,
852 2770 1171 2848 quantum
1201 2784 1514 2830 numerus
1547 2786 1844 2833 numera·

285 2873 445 2938 lium
472 2874 820 2939 nominum
847 2879 1141 2956 respectu
1163 2875 1524 2939 nominum.

361 2987 427 3047 2.
462 2981 563 3046 Ad
590 2981 753 3045 illud
778 2981 950 3064 quod
982 2980 1317 3064 objicitur,
1341 2982 1514 3064 quod
1548 2982 1739 3049 semel
1779 2986 1844 3047 et

288 3088 383 3157 bis
423 3089 650 3155 dicunt
695 3088 1206 3156 vicissitudinem
1226 3138 1243 3169 ,
1285 3088 1628 3155 dicendum
1672 3090 1843 3174 quod

286 3198 444 3265 illud
470 3217 607 3263 non
636 3204 733 3262 oet
759 3217 989 3264 verum
1033 3200 1114 3263 de
1151 3200 1612 3281 significatione
1651 3219 1843 3282 gene-

284 3307 403 3371 rali
425 3355 446 3386 ,
487 3306 602 3371 sed
654 3307 845 3373 aemi
892 3306 1044 3370 dicit
1092 3311 1272 3371 actus
1323 3308 1839 3390 completionem.

289 3411 473 3490 Quod
497 3417 721 3479 autem
747 3412 899 3477 dicit
925 3413 1453 3495 vicissitudinem,
1482 3415 1607 3480 hoc
1632 3417 1843 3482 solum

289 3527 381 3586 est
400 3570 418 3599 ,
466 3521 624 3605 quia
658 3520 904 3603 adiacet
946 3521 1119 3585 actui
1161 3522 1492 3604 temporali
1541 3544 1557 3585 ε
1597 3528 1661 3587 et
1702 3523 1843 3587 ideo

289 3630 443 3713 quia
480 3629 814 3709 generatio
850 3626 1081 3691 Christi
1116 3633 1358 3693 aeterna
1394 3648 1527 3694 non
1561 3631 1845 3712 subJacet

289 3736 464 3800 actui
489 3734 828 3818 temporali
849 3782 868 3814 ,
894 3753 1025 3799 non
1051 3740 1147 3799 est
1171 3754 1425 3801 necesse
1452 3737 1625 3818 quod
1651 3737 1842 3801 etiam

290 3847 612 3927 quantum
639 3843 721 3906 ad
748 3841 858 3905 illa
884 3842 1047 3905 dicat
1072 3842 1602 3907 vicissitudinem.

362 3956 428 4016 3.
463 3950 569 4015 Ad
594 3948 752 4014 illud
778 3948 953 4031 quod
977 3949 1282 4031 objicitur
1299 3996 1318 4026 ,
1349 3949 1520 4031 quod
1560 3948 1658 4015 bis
1692 3949 1847 4013 dicit

287 4057 852 4141 interruptionem,
873 4057 1214 4122 dicendum
1237 4057 1407 4140 quod
1428 4058 1589 4122 illud
1617 4076 1845 4125 verum

289 4172 379 4230 est
405 4167 481 4229 in
505 4165 636 4229 illis
659 4163 930 4242 actibus,
959 4164 1073 4246 qui
1098 4183 1234 4228 non
1259 4170 1685 4230 numerantur
1708 4165 1847 4230 sine

286 4273 777 4357 interruptione,
820 4272 988 4336 sicut
1024 4273 1263 4355 legere,
1296 4273 1399 4340 vel
1442 4274 1682 4338 morari
1724 4272 1847 4338 Pa-

287 4385 491 4460 risiis,
518 4382 628 4448 vel
652 4381 895 4464 aliquid
920 4382 1045 4446 tffle
1068 4403 1085 4445 ι
1108 4383 1177 4445 in
1201 4381 1306 4445 his
1330 4387 1550 4446 autem
1570 4382 1841 4460 actibuS,

289 4493 401 4575 qui
445 4491 583 4555 sine
636 4489 1102 4571 interruptione
1151 4489 1481 4553 numerari
1540 4492 1841 4570 possunt,

289 4617 423 4664 non
475 4599 672 4663 habet
716 4596 1093 4676 veritatem3
1133 4597 1297 4661 sicut
1342 4596 1579 4660 coelum
1615 4594 1847 4660 dicitur

288 4710 389 4774 bis
430 4727 567 4774 esse
607 4707 972 4774 revolutum
991 4755 1012 4787 ,
1065 4712 1130 4771 et
1174 4714 1392 4772 tamen
1437 4710 1653 4771 motus
1702 4705 1846 4787 ejus

287 4836 425 4883 non
469 4818 704 4884 dicitur
750 4834 886 4881 oese
928 4815 1441 4881 discontinuatus
1493 4815 1595 4878 vel
1642 4813 1847 4877 inter-

288 4932 538 5011 ruptus.
568 4925 626 4993 N
629 4925 951 4993 umeratio
985 4925 1160 4988 enim
1197 4922 1675 4990 revolutionum
1715 4938 1847 4984 non

291 5035 468 5103 venit
495 5055 577 5102 ex
604 5038 823 5100 motus
847 5031 1457 5111 discontinuatione,
1485 5029 1595 5094 sed
1625 5047 1850 5094 secun-

3379 490 3489 551 ¹91

1946 619 2107 684 dum
2137 619 2567 685 circulationis
2595 618 3080 703 completionem
3107 642 3134 685 .·
3162 623 3225 685 et
3262 637 3492 684 secun-

1947 728 2104 793 dum
2155 727 2331 791 illam
2380 727 2866 810 completionem
2919 727 3349 792 circulationis
3401 732 3500 792 est

1946 837 2309 900 numeratio
2357 837 2609 901 dierum
2656 842 2720 901 et
2772 839 3137 919 temporum
3188 856 3203 899 :
3248 842 3312 902 et
3355 836 3500 901 talis

1947 945 2308 1008 numeratio
2355 945 2742 1028 importatur
2791 964 2903 1027 per
2955 945 3359 1009 adverbium.
3421 944 3500 1010 Et

1946 1051 2251 1132 quoniam
2277 1052 2604 1133 generatio
2634 1052 2862 1115 Christi
2890 1069 2971 1115 ex
3001 1050 3185 1116 Patre
3209 1056 3273 1115 et
3295 1056 3501 1117 matre

1948 1159 2212 1223 modum
2239 1160 2430 1224 habet
2457 1178 2666 1223 unum
2694 1157 3103 1237 numerandi,
3138 1162 3212 1222 ut
3239 1159 3501 1242 praedio-

1949 1269 2088 1329 tum
2127 1271 2254 1344 est,
2283 1266 2424 1331 ideo
2449 1285 2604 1332 sane
2641 1270 2845 1349 potest
2880 1266 3135 1331 concedi
3175 1265 3500 1331 Christum

1947 1373 2046 1436 bis
2072 1378 2294 1437 natum
2324 1392 2485 1438 esse.

2026 1483 2088 1543 4.
2119 1479 2215 1544 Ad
2244 1479 2404 1543 illud
2444 1480 2614 1562 quod
2656 1480 2987 1562 objicitur,
3024 1479 3198 1562 quod
3233 1480 3330 1546 bis
3373 1479 3499 1544 im·-

1948 1590 2162 1669 portat
2185 1586 2702 1652 terminationem
2724 1591 2926 1664 actus,
2957 1586 3301 1652 dicendum
3328 1588 3501 1670 quod

1946 1694 2314 1759 terminatio
2362 1698 2543 1758 actus
2597 1694 2935 1777 dupliciter
2996 1694 3230 1758 dicitur
3292 1716 3307 1757 ε
3368 1711 3502 1759 uno

1948 1800 2175 1880 mod0‚
2205 1819 2288 1866 ex
2315 1801 2734 1884 completione
2760 1823 2776 1878 ;
2807 1800 2932 1864 alio
2962 1799 3186 1878 modo,
3216 1818 3297 1864 ex
3333 1800 3502 1864 desi-

1947 1909 2123 1972 tione
2156 1930 2171 1971 :
2216 1926 2378 1989 ergo
2405 1927 2554 1972 cum
2582 1908 2812 1972 dicitur
2856 1908 3027 1989 quod
3065 1907 3164 1974 bis
3203 1907 3502 1992 importat

1950 2016 2467 2081 terminationem
2489 2065 2507 2095 ‚
2564 2017 2618 2079 si
2679 2015 3074 2097 intelligatur
3137 2016 3503 2081 terminatio

1951 2123 2378 2215 communiter
2423 2123 2503 2187 ad
2549 2127 2899 2205 utrumque
2938 2123 3244 2199 modum,
3284 2122 3501 2187 dicen-

1951 2231 2109 2296 dum
2136 2232 2308 2315 quod
2338 2250 2567 2296 verum
2598 2237 2729 2310 est;
2762 2232 2816 2294 si
2841 2235 3060 2295 autem
3089 2231 3255 2295 dicat
3287 2231 3503 2295 termi-

1950 2340 2278 2403 nationem
2306 2357 2421 2422 per
2446 2338 2824 2403 desitionem
2851 2341 3124 2417 tantum,
3154 2356 3285 2402 non
3313 2339 3504 2404 habet

1953 2446 2286 2510 veritatem
2333 2469 2348 2511 ε
2397 2446 2518 2511 hoc
2564 2445 2738 2510 enim
2792 2445 3017 2511 accidit
3069 2447 3504 2511 numerationi

1950 2553 2224 2636 aliqu'us
2271 2557 2487 2631 actus,
2546 2553 2717 2635 quod
2759 2571 2893 2617 non
2934 2553 3130 2635 possit
3186 2571 3324 2618 esse
3367 2553 3505 2618 sine

1952 2666 2131 2725 actus
2157 2659 2487 2737 desitione,
2515 2660 2683 2723 sicut
2713 2665 2953 2724 tactum
2988 2664 3103 2724 est.

2034 2773 2094 2831 5.
2126 2767 2221 2831 Ad
2253 2766 2410 2831 illud
2452 2767 2622 2850 quod
2662 2766 2960 2849 objicitur
2980 2815 2998 2847 ,
3031 2766 3202 2850 quod
3234 2766 3332 2833 bis
3358 2767 3506 2832 dicit

1951 2873 2366 2939 successionis
2419 2874 2711 2938 ordinem
2735 2921 2752 2951 ,
2809 2873 3153 2938 dicendum
3216 2874 3507 2939 similiter

1951 2985 2124 3065 quod
2151 2984 2272 3047 hoc
2301 3000 2435 3047 non
2463 2987 2558 3047 est
2581 2981 2659 3045 de
2686 2980 3084 3060 necessitate3
3116 2981 3227 3047 sed
3246 2980 3505 3064 quando

1950 3090 2257 3175 importat
2292 3094 2475 3156 actus
2515 3088 3020 3172 geminationem
3060 3093 3127 3153 et
3155 3089 3505 3153 successio-

1951 3219 2128 3279 nem,
2162 3207 2225 3264 et
2250 3205 2540 3284 respectu
2567 3198 2854 3281 eiusdem
2883 3197 3179 3279 principii
3211 3216 3228 3261 ε
3259 3197 3353 3261 sic
3379 3216 3503 3262 au-

1950 3312 2081 3374 tem
2110 3326 2237 3372 non
2268 3313 2364 3371 est
2402 3305 2665 3388 reperiri
2704 3305 2810 3368 hic
2846 3325 2860 3368 ;
2892 3309 2956 3368 et
2994 3303 3084 3368 sic
3119 3308 3293 3387 patet
3319 3305 3500 3372 illud.

2031 3421 2092 3479 6.
2139 3414 2236 3479 Ad
2277 3415 2434 3478 illud
2478 3429 2632 3477 vero
2680 3411 2853 3493 quod
2904 3411 3128 3476 ultimo
3180 3413 3503 3495 objicitur,

1951 3522 2125 3605 quod
2152 3540 2324 3586 nunc
2358 3519 2662 3603 temporis
2689 3525 2751 3582 et
2774 3537 2947 3582 nunc
2977 3520 3349 3584 aeternitatis
3374 3539 3505 3585 non

1952 3635 2200 3711 ponunt
2227 3628 2294 3692 in
2325 3644 2675 3691 numerum
2697 3673 2715 3704 ‚
2758 3625 3098 3689 dicendum
3137 3627 3307 3709 quod
3333 3627 3387 3689 si
3419 3627 3507 3691 lo-

1951 3753 2235 3817 quamur
2259 3734 2337 3798 de
2361 3751 2633 3798 numero
2659 3732 2912 3815 proprie
2939 3736 3229 3815 accepto,
3264 3733 3507 3797 verita-

1951 3848 2081 3908 tem
2106 3843 2337 3921 habet;
2370 3843 2425 3906 si
2450 3847 2668 3906 autem
2695 3842 2898 3924 large,
2922 3841 3258 3906 falsitatem
3287 3841 3502 3907 hahet.

1953 3951 2295 4016 AEternitas
2336 3951 2510 4015 enim
2534 3998 2552 4027 ,
2600 3954 2664 4014 et
2705 3956 2986 4032 tempus,
3041 3955 3194 4014 sunt
3237 3949 3507 4015 diversae

1954 4077 2274 4124 mensurae
2315 4077 2430 4141 per
2472 4057 2833 4134 essentiam,
2874 4062 2939 4121 et
2982 4056 3314 4139 productio
3355 4075 3506 4140 quae

1952 4172 2367 4232 mensuratur
2392 4172 2677 4248 tempore
2695 4212 2712 4242 ,
2743 4170 2838 4229 est
2865 4164 2993 4228 alia
3027 4182 3067 4229 a
3091 4162 3507 4246 productione

1951 4295 2102 4360 quae
2158 4279 2567 4340 mensuratur
2625 4274 2976 4338 aeternitate
2999 4320 3018 4351 ,
3073 4276 3137 4336 et
3199 4270 3508 4354 posterior

1953 4384 2062 4447 illa
2098 4405 2113 4448 :
2159 4388 2222 4447 et
2247 4382 2388 4447 ideo
2415 4381 2542 4445 illae
2585 4380 2733 4445 duae
2771 4380 3218 4462 productiones
3243 4384 3509 4461 possunt

1952 4490 2077 4554 dici
2121 4490 2314 4553 etiam
2359 4489 2505 4552 duae
2538 4505 2884 4552 mensurae.
2934 4485 3063 4551 Nec
3102 4487 3302 4564 valet,
3335 4487 3507 4569 quod

1954 4616 2088 4662 una
2118 4597 2437 4662 clauditur
2463 4597 2531 4659 in
2558 4596 2681 4660 alia
2713 4617 2727 4659 :
2756 4595 2879 4659 hoc
2905 4594 3077 4659 enim
3105 4612 3239 4658 non
3270 4599 3367 4658 est
3394 4612 3507 4676 per

1954 4703 2409 4769 continentiam
2468 4720 2616 4785 quae
2664 4701 2846 4765 tollat
2891 4718 3239 4765 numerum
3266 4748 3284 4780 ,
3344 4700 3510 4766 sicut

1955 4811 2322 4874 continetur
2346 4827 2494 4892 pars
2523 4809 2695 4872 intra
2723 4811 2970 4886 totum;
2998 4808 3109 4873 sed
3140 4825 3256 4890 per
3283 4825 3509 4889 quam-

1955 4918 2103 4983 dam
2131 4916 2765 5000 praesuppositionem
2783 4962 2802 4994 ,
2831 4933 2982 4997 quae
3010 4915 3274 4998 quidem
3308 4914 3507 4980 relin-

1955 5025 2100 5108 quit
2121 5025 2435 5103 ordinem,
2465 5025 2601 5088 sive
2630 5022 3120 5089 distinctionem.
