4185 6288
554 1299 615 1342 De
642 1300 740 1343 fidei

537 1361 755 1405 sufficien-

612 1425 683 1467 t'a.

560 4820 620 4864 De
650 4822 734 4865 fide

571 4884 731 4957 signpn-

581 4958 708 4991 eeeee

778 447 900 515 538
1870 459 1873 462 '
1921 445 2541 518 SENTENTIARUM
2578 450 2730 517 LIB.
2770 449 2880 517 111.

1761 800 2604 898 DISTINCTIO
2689 800 2984 900 XXV

1011 1084 1090 1130 DE
1117 1082 1278 1129 rum
1301 1081 1715 1130 sumamma
1742 1083 1817 1129 AC
1846 1084 1922 1130 DE
1947 1081 2346 1138 AEQUALITATE
2371 1082 2558 1150 me,
2587 1083 2741 1149 svnt,
2771 1082 3160 1148 (numum,
3191 1083 3266 1130 m·
3292 1081 3721 1130 ornmnoms.

870 1282 1207 1353 Praedictis
1233 1282 1672 1376 adjiciendum
1700 1291 1797 1352 est
1822 1283 1903 1353 de
1931 1281 2323 1353 sufficientia
2350 1283 2507 1358 fidei
2533 1284 2614 1353 ad
2643 1284 2945 1354 salutem.
2977 1284 3119 1354 Illis
3142 1285 3320 1355 enim
3347 1285 3465 1377 qui
3500 1293 3962 1377 praecesserunt

783 1399 1140 1469 adventum
1190 1399 1432 1469 Christi
1485 1407 1551 1469 et
1599 1400 1715 1492 qui
1788 1407 2160 1493 sequuntur
2184 1454 2201 1486 ,
2247 1400 2510 1470 videtur
2578 1400 2920 1494 profecisse
2993 1400 3155 1470 fides
3215 1401 3577 1471 secundum
3653 1402 3962 1494 temporis

781 1537 1180 1608 processum,
1211 1517 1379 1584 sicut
1407 1515 1676 1608 profecit
1705 1517 2014 1607 cognitio.
2047 1517 2239 1586 Fides
2262 1518 2506 1612 quippe
2552 1542 2791 1610 magua
2835 1518 3077 1588 dicitur
3113 1519 3516 1609 cognitione,
3551 1527 3616 1587 et
3656 1517 3967 1588 articulo-

780 1653 932 1701 rum
959 1633 1347 1724 quantitate,
1382 1633 1486 1702 vel
1515 1633 1899 1720 constantia,
1931 1642 1996 1702 et
2038 1633 2408 1705 devotione.
2459 1636 2574 1703 Est
2617 1644 2839 1705 autem
2884 1635 3189 1728 quaedam
3239 1634 3395 1704 fidei
3438 1657 3783 1722 mensura,
3829 1636 3968 1704 sine

780 1772 916 1840 qua
971 1770 1318 1840 nunquam
1377 1748 1590 1841 potuit
1633 1771 1769 1818 esse
1807 1750 2003 1819 salus.
2043 1750 2233 1818 Unde
2277 1751 2626 1842 Apostolus
2673 1754 2691 1789 ¹
2754 1778 2768 1818 :
2817 1754 3087 1843 Oportet
3140 1750 3557 1821 accedentem
3613 1751 3709 1820 ad
3757 1754 3966 1822 Deum

763 1864 1038 1935 -credere
1067 1866 1223 1958 quia
1251 1867 1424 1935 Deus
1455 1878 1571 1949 est,
1611 1879 1675 1934 et
1702 1866 1878 1958 quod
1900 1879 2358 1937 remunerator
2384 1880 2479 1937 cst
2504 1867 2915 1960 sperantium
2954 1868 3028 1936 in
3076 1890 3165 1936 se.
3214 1867 3345 1935 Sed
3384 1868 3706 1958 quaeritur
3742 1878 3966 1938 utrum

781 1982 902 2050 hoc
930 1981 1191 2050 credere
1216 1990 1367 2051 ante
1399 1984 1756 2051 adventum
1784 1992 1847 2052 et
1875 1992 2024 2052 ante
2050 1984 2263 2073 legem
2310 1984 2393 2052 ad
2433 1984 2712 2052 salutem
2746 1984 3076 2052 suffecerit
3125 2008 3142 2050 ι
3192 2006 3348 2052 nam
3398 1993 3690 2076 tempore
3744 1987 3969 2074 gratiae

778 2105 1030 2166 constat
1074 2098 1428 2166 certissime
1473 2097 1595 2166 hoc
1638 2121 1771 2167 non
1816 2098 2155 2185 sufficere3
2205 2106 2456 2192 oportet
2499 2100 2679 2168 enim
2728 2100 3037 2168 universa
3073 2099 3291 2185 credi,
3341 2122 3493 2191 quae
3538 2099 3614 2169 in
3656 2101 3972 2192 symbolis

779 2214 1222 2282 continentur.
1257 2212 1386 2282 Sed
1415 2237 1532 2283 nec
1557 2222 1708 2283 ante
1736 2215 2120 2302 adventum,
2150 2238 2269 2284 nec
2309 2225 2461 2285 ante
2498 2216 2708 2304 legem
2738 2216 2999 2285 videtur
3041 2215 3165 2285 hoc
3211 2216 3579 2303 suffecisse,
3633 2217 3796 2310 quia
3831 2219 3970 2288 sine

781 2328 911 2398 fide
937 2329 1311 2399 Mediatoris
1346 2330 1612 2399 nullum
1660 2331 1994 2400 hominem
2025 2332 2129 2399 vel
2180 2340 2366 2418 ante,
2403 2334 2505 2401 vel
2541 2340 2684 2423 post
2725 2331 2925 2401 fuisse
2968 2331 3227 2402 salvum
3252 2386 3271 2419 ,
3309 2331 3704 2402 Sanctorum
3753 2343 3973 2405 aucto-

781 2446 1004 2515 ritates
1042 2454 1509 2515 contestantur.
1560 2446 1751 2515 Unde
1797 2447 2253 2537 AugustinuS,
2303 2448 2396 2517 ad
2438 2452 2761 2540 Optatam
2805 2450 2827 2484 ⁸
2873 2473 2888 2516 :
2939 2460 2974 2514 t<
3027 2448 3151 2516 Illa
3196 2447 3359 2517 fides
3403 2472 3586 2518 sacra
3637 2458 3777 2536 est,
3840 2475 3973 2542 qua

778 2564 1105 2632 credimus
1146 2563 1409 2632 nullum
1457 2563 1791 2632 homiuem
1836 2563 1973 2632 sive
2019 2564 2324 2656 majoris,
2388 2564 2525 2633 sive
2576 2564 2850 2633 minoris
2910 2564 3115 2634 aetatis
3166 2564 3437 2633 liberari
3491 2589 3531 2633 a
3583 2567 3969 2656 contagione

779 2680 1008 2748 mortis
1060 2689 1123 2748 et
1194 2681 1594 2770 obligatione
1664 2682 1947 2772 peccati,
2029 2682 2210 2774 quod
2280 2680 2493 2773 prima
2558 2681 2898 2751 nativitate
2957 2681 3312 2767 contraxit,
3372 2681 3503 2750 nisi
3565 2704 3685 2773 per
3758 2706 3969 2752 unum

778 2795 1202 2865 mediatorem
1256 2796 1376 2864 Dei
1428 2806 1491 2866 et
1544 2797 1891 2866 hominum
1946 2797 2170 2866 Jesum
2229 2797 2562 2867 Christum
2621 2821 2637 2866 ε
2693 2797 2883 2889 cujus
2953 2795 3282 2882 hominis,
3357 2796 3787 2889 ejusdemque
3849 2798 3964 2866 Dei

776 2912 1211 2980 saluberrima
1252 2912 1381 2981 fide
1438 2912 1635 2982 etiam
1688 2914 1790 2981 illi
1827 2913 1992 3005 justi
2041 2915 2208 2983 salvi
2250 2914 2403 2983 facti
2451 2923 2638 3001 sunt,
2684 2913 2802 3006 qui
2857 2914 3244 3006 priusquam
3293 2913 3551 2982 veniret
3614 2914 3689 2982 in
3739 2937 3957 2999 carne,

777 3027 1194 3097 crediderunt
1218 3028 1286 3096 in
1321 3050 1584 3098 carnem
1618 3037 1995 3099 venturum.
2030 3030 2272 3100 Eadem
2300 3031 2475 3099 enim
2503 3030 2666 3100 fides
2706 3039 2803 3101 est
2829 3038 2891 3099 et
2921 3030 3191 3099 illorum
3216 3082 3234 3116 ,
3283 3038 3347 3098 et
3380 3038 3628 3099 nostra.
3676 3030 3962 3100 Proinde

776 3167 929 3213 cum
979 3168 1207 3214 omnes
1243 3146 1432 3237 justi,
1479 3146 1619 3215 sive
1665 3155 1815 3216 ante
1870 3147 2411 3234 incarnationem,
2466 3147 2603 3217 sive
2658 3155 2834 3240 post,
2898 3169 3016 3216 nec
3065 3146 3352 3215 vixerint
3392 3169 3515 3215 nec
3554 3147 3785 3216 vivant
3838 3148 3962 3217 nisi

775 3283 856 3330 ex
885 3262 1014 3332 fide
1041 3262 1507 3331 incarnationis
1533 3262 1809 3348 Christi;
1844 3263 2129 3354 profecto
2155 3264 2332 3356 quod
2359 3265 2673 3356 scriptum
2704 3272 2798 3332 est
2826 3268 2848 3303 ⁸
2890 3287 2906 3331 ε
2956 3267 3110 3334 Non
3153 3285 3285 3331 esse
3323 3262 3515 3332 aliud
3557 3286 3803 3332 nomen
3847 3263 3960 3331 sub

778 3380 962 3466 caelo,
992 3380 1066 3448 in
1091 3402 1215 3472 quo
1241 3392 1540 3471 oporteat
1567 3380 1818 3469 salvari
1844 3404 1982 3462 nos,
2019 3402 2101 3448 ex
2131 3380 2249 3450 illo
2283 3388 2572 3472 tempore
2601 3381 2776 3449 valet
2801 3379 2882 3448 ad
2909 3379 3299 3449 salvandum
3326 3401 3538 3467 genus
3563 3378 3957 3464 humanum,

778 3519 859 3565 ex
885 3497 1116 3588 quoin
1144 3497 1357 3566 Adam
1385 3496 1691 3565 vitiatum
1720 3504 1837 3565 est.
1872 3522 1905 3559 ι)
1942 3496 2123 3565 Idem
2150 3503 2211 3564 ⁸:
2247 3523 2283 3563 «
2311 3496 2519 3565 Nemo
2549 3495 2867 3565 liberatur
2893 3518 2933 3563 a
2958 3495 3402 3578 damnatione,
3430 3517 3583 3586 quae
3611 3517 3728 3587 per
3752 3494 3961 3564 Adam

774 3617 943 3685 facta
966 3622 1085 3701 est,
1116 3614 1244 3682 nisi
1272 3637 1387 3705 per
1419 3613 1614 3682 fidem
1652 3613 1808 3682 Jesu
1854 3611 2118 3682 Christi.
2176 3638 2211 3676 n
2275 3613 2451 3681 Idem
2483 3613 2552 3680 ⁸:
2614 3638 2651 3679 α
2694 3611 2939 3681 Eadem
2985 3611 3149 3680 fides
3195 3610 3621 3698 MediatoriS,
3658 3633 3808 3703 quae
3849 3634 3964 3680 nos

773 3732 1009 3817 salvat,
1074 3732 1289 3800 salvos
1340 3731 1554 3822 justos
1604 3730 1880 3799 faciebat
1931 3730 2261 3822 antiquos,
2319 3729 2594 3821 pusillos
2645 3751 2797 3797 cum
2855 3729 3157 3817 magnis3
3212 3728 3375 3820 quia
3422 3727 3593 3795 sicut
3643 3728 3963 3796 credimus

774 3847 1109 3916 Christum
1134 3847 1205 3916 in
1229 3869 1422 3915 carne
1455 3847 1726 3935 venisse,
1760 3847 1852 3915 ita
1878 3846 1979 3915 illi
2002 3855 2396 3933 venturum;
2429 3854 2493 3915 et
2519 3846 2686 3914 sicut
2713 3868 2832 3913 nos
2859 3853 3223 3930 mortuum,
3258 3845 3352 3912 ita
3377 3844 3481 3912 illi
3527 3846 3953 3932 moriturum3

773 3972 840 4033 et
865 3963 1031 4032 sicut
1059 3986 1177 4032 nos
1204 3963 1657 4049 resurrexisse,
1691 3963 1782 4032 ita
1809 3963 1910 4031 illi
1956 3971 2513 4048 resurrecturum,
2556 3970 2621 4030 et
2661 3984 2783 4029 nos
2833 3969 2897 4029 et
2932 3960 3030 4031 illi
3074 3959 3158 4029 ad
3194 3960 3526 4052 judicium
3553 3963 3864 4031 vivorum
3895 3973 3957 4030 et

771 4086 1189 4148 mortuorum
1243 4088 1627 4149 venturum.
1674 4106 1710 4145 »
1764 4080 2144 4169 GregoriuS,
2193 4103 2386 4173 super
2433 4078 2845 4148 Ezechielem
2888 4077 2910 4112 ⁶
2964 4103 2979 4145 :
3021 4080 3116 4145 Et
3162 4078 3276 4169 qui
3311 4078 3673 4170 praeibant,
3730 4092 3795 4146 et
3846 4080 3953 4170 qui

770 4194 1230 4288 sequebantur,
1288 4197 1676 4265 clamabant
1733 4195 2021 4267 dicentes
2064 4196 2086 4230 '¹
2127 4222 2146 4264 .·
2204 4200 2479 4266 Osanna
2518 4194 2666 4287 filio
2706 4192 2953 4280 David,
3010 4194 3170 4286 quia
3215 4215 3443 4263 omnes
3494 4194 3681 4262 electi
3725 4195 3844 4286 qui
3891 4195 3958 4262 in

772 4310 1001 4381 Judaea
1027 4334 1163 4382 esse
1192 4320 1573 4405 potuerunt,
1604 4313 1741 4381 sive
1769 4313 1885 4405 qui
1914 4312 2191 4381 nuncin
2220 4313 2503 4381 Ecclesia
2548 4319 2726 4396 suut,
2772 4312 2843 4378 in
2885 4309 3312 4379 Mediatorem
3351 4310 3468 4379 Dei
3514 4318 3578 4378 et
3616 4309 3961 4379 hominum

774 4426 1193 4509 crediderunt
1245 4437 1310 4497 et
1358 4428 1655 4498 credunt.
1722 4429 1842 4498 His
1894 4430 2172 4520 aliisque
2224 4429 2528 4520 pluribus
2595 4425 2983 4497 testimoniis
3049 4427 3387 4520 perspicue
3458 4427 3728 4495 docetur
3798 4427 3963 4496 nulli

777 4568 1076 4637 unquam
1103 4546 1379 4615 salutem
1407 4569 1541 4615 esse
1568 4546 1831 4632 factam,
1865 4545 1992 4614 nisi
2037 4567 2155 4638 per
2198 4544 2400 4613 fidem
2438 4544 2839 4613 MediatoriS.
2896 4550 3167 4637 Oportet
3194 4566 3345 4635 erqo
3382 4542 3406 4577 ⁸
3437 4539 3854 4610 accedentem
3878 4540 3967 4609 ad

781 4665 993 4732 Deum
1022 4661 1278 4732 credere
1304 4685 1451 4755 quae
1476 4684 1676 4752 supra
1700 4661 1869 4729 dixit
1895 4662 2273 4754 Apostolus,
2305 4662 2418 4731 sed
2445 4683 2582 4730 non
2606 4662 2873 4732 sufficit.

873 4780 1048 4862 Quid
1079 4802 1234 4869 ergo
1261 4778 1503 4847 dicitur
1537 4778 1618 4847 de
1644 4776 1779 4848 illis
1808 4777 2239 4869 simplicibuS,
2270 4778 2514 4872 quibus
2553 4801 2688 4847 non
2732 4785 2873 4847 erat
2913 4777 3281 4846 revelatum
3326 4775 3718 4869 mysterium
3760 4777 3964 4844 incar-

785 4895 1094 4982 nationis,
1124 4895 1243 4987 qui
1269 4893 1373 4986 pie
1400 4894 1750 4964 credebant
1775 4894 1954 4986 quod
1981 4895 2075 4963 eis
2103 4893 2421 4964 traditum
2449 4895 2622 4964 fuit?
2671 4893 2811 4962 Dici
2851 4901 3085 4986 potest,
3139 4893 3408 4961 nullum
3448 4893 3651 4962 fuisse
3685 4894 3960 4985 justum,

786 5012 891 5081 vel
918 5012 1203 5099 salvum,
1232 5012 1342 5079 cui
1370 5032 1504 5078 non
1530 5019 1695 5080 esset
1721 5011 1889 5079 facta
1914 5011 2227 5081 revelatio
2270 5012 2377 5079 vel
2403 5011 2734 5098 distincta,
2768 5011 2874 5078 vel
2898 5011 3145 5096 velata3
3178 5009 3285 5080 vel
3327 5010 3400 5077 in
3441 5018 3667 5101 aperto
3687 5062 3706 5096 ,
3754 5009 3858 5078 vel
3894 5008 3962 5075 in

783 5127 1093 5221 mysterio
1152 5151 1168 5194 ε
1226 5126 1556 5215 distincta,
1615 5134 1692 5196 ut
1742 5127 2054 5215 Abrahae,
2110 5135 2175 5197 et
2231 5127 2466 5219 Moysi,
2524 5127 2803 5218 ahisque
2856 5126 3253 5218 majoribus,
3310 5125 3431 5216 qui
3483 5124 3962 5194 distinctionem

844 5300 865 5333 ¹
889 5297 1061 5355 Hebr„
1082 5308 1157 5359 xi,
1188 5301 1236 5347 5.
1255 5323 1316 5334 —
1340 5297 1362 5331 ⁸
1383 5297 1534 5361 Aug„
1555 5298 1720 5361 Epist.
1747 5299 1968 5361 camel
1993 5310 2108 5355 cxc.
2141 5312 2189 5350 c.
2215 5310 2278 5361 11,
2304 5312 2361 5349 ιι.
2387 5302 2436 5359 5,
2459 5301 2507 5359 6,
2535 5301 2582 5349 8.
2603 5297 2704 5335 -ῑ
2726 5296 2858 5361 Act„
2888 5307 2960 5359 1v,
2986 5296 3181 5348 12.—⁸
3208 5298 3360 5360 Aug„
3379 5294 3440 5343 de
3464 5295 3697 5359 corrept.
3728 5301 3776 5346 ee
3803 5295 3964 5352 Grat„

777 5383 823 5421 c.
856 5381 950 5430 vn,
977 5381 1032 5419 n.
1063 5372 1139 5418 Η.
1169 5394 1232 5405 -
1251 5368 1273 5403 ⁸
1297 5369 1393 5430 ld„
1422 5368 1483 5418 de
1508 5369 1665 5433 Nupt.
1695 5371 1747 5419 et
1775 5369 2015 5434 Concup„
2041 5368 2129 5420 lib.
2161 5370 2226 5434 ll,
2250 5383 2296 5419 c.
2326 5379 2403 5432 11,
2429 5383 2483 5421 ιι.
2512 5369 2605 5432 2⁴3
2626 5370 2814 5421 lanan-r.
2843 5370 2896 5417 in
2918 5369 2998 5419 Ps.
3016 5378 3199 5426 nur.
3219 5370 3299 5426 25,
3319 5379 3467 5418 conc.
3490 5378 3643 5431 111,n.
3665 5371 3724 5431 43
3751 5369 3805 5417 in
3822 5368 3896 5417 Ps.
3915 5376 3962 5425 ι,

779 5443 855 5503 u,
884 5451 1061 5503 serm„
1089 5452 1143 5489 ιι.
1175 5440 1252 5489 16.
1273 5439 1369 5476 -6
1394 5440 1570 5504 Grec„
1599 5441 1651 5489 in
1680 5440 1875 5505 Erech„
1904 5441 2043 5492 hom.
2069 5452 2198 5504 xvn,
2227 5441 2280 5492 in
2302 5440 2467 5505 princ.
2491 5465 2551 5477 —
2571 5441 2593 5476 '¹
2615 5440 2794 5503 Marc„
2825 5450 2902 5501 xi,
2934 5440 3008 5490 19.
3032 5464 3090 5476 —
3116 5437 3139 5472 ⁸
3164 5436 3339 5500 Helm,
3361 5448 3439 5501 ιι,
3467 5441 3517 5487 3.
