4185 6288
64 2157 116 2433 7

55 3429 60 3474 s

1345 448 1541 517 DlS‘l'.
1583 449 1661 515 V.
1704 447 1888 516 ΛΒΤ.
1934 447 2013 514 11.
2058 447 2358 528 QUAEST.
2406 449 2483 518 11.
3411 452 3529 519 ¹29

308 588 576 655 illarum
621 588 1134 653 notificationum
1185 586 1532 670 accipiatur
1579 585 1689 650 illa
1749 603 1871 650 na·-

311 703 481 776 tura,
534 695 682 762 dico
725 697 896 780 quod
941 693 1301 760 secundum
1351 711 1613 760 omnem
1669 696 1876 776 potest

311 803 542 887 accipi,
578 803 860 867 maxime
895 805 1113 865 tamen
1151 800 1506 865 secundum
1547 799 1869 877 ultimam,

2067 591 2129 650 3.
2162 585 2318 651 ltem
2355 587 2573 652 anima
2611 588 2936 652 rationalis
2961 572 3145 653 unita
3177 589 3354 653 carni
3380 589 3533 655 facit

1985 711 2362 777 personam:
2390 694 2499 759 sed
2519 712 2668 760 cum
2696 693 2861 761 Deus
2887 694 3241 761 humanam
3271 714 3530 763 carnem

1984 802 2357 885 assumpsit,
2406 803 2691 867 animam
2733 802 3108 868 rationalem
3140 804 3318 868 carni
3371 822 3530 869 con-

314 910 474 993 quia
500 909 955 991 completivam
997 912 1061 972 et
1103 909 1461 991 specificam
1497 907 1723 972 habuit
1751 906 1871 970 ho-
1977 909 2201 990 junxit
2247 927 2263 972 ε
2309 928 2467 990 ergo
2511 911 2564 973 si
2609 911 2953 994 assumpsit
3006 911 3292 976 animam
3355 912 3531 977 carui

315 1018 519 1082 minis
565 1017 1014 1082 differentiam.
1073 1014 1199 1080 Nec
1261 1018 1477 1081 valent
1543 1014 1670 1079 illae
1733 1014 1873 1077 ins-

316 1125 546 1189 tantiae
600 1146 617 1186 ε
665 1125 818 1206 quia
867 1124 1152 1190 Christus
1211 1141 1344 1188 non
1388 1123 1596 1188 solum
1642 1121 1877 1186 dicitur

317 1232 745 1315 assumpsisse
770 1231 1124 1297 humanam
1160 1235 1459 1296 naturam
1473 1279 1491 1312 ,
1527 1228 1637 1295 sed
1676 1232 1874 1292 totam

316 1341 680 1405 humanam
706 1344 1035 1419 naturam;
1067 1357 1185 1404 nec
1208 1339 1442 1404 dicitur
1462 1337 1877 1420 assumpsisse

317 1447 685 1531 specificam
754 1447 1175 1512 differentiam
1201 1496 1219 1527 ,
1280 1445 1635 1512 secundum
1704 1442 1876 1527 quod

319 1554 620 1639 specifica
642 1554 997 1619 differentia
1036 1553 1315 1619 sumitur
1356 1571 1470 1636 per
1505 1551 1878 1616 abstractio-

319 1682 479 1728 nem
508 1682 550 1726 a
583 1662 1054 1744 singularibus;
1094 1662 1202 1727 sed
1247 1660 1592 1745 assumpsit
1628 1657 1876 1742 specifi-

323 1789 475 1836 cam
531 1763 954 1835 differentiam
1014 1770 1081 1832 in
1140 1768 1509 1853 particulari
1568 1765 1882 1832 veraciter

327 1879 733 1944 existentem.
775 1875 855 1943 Et
895 1876 1018 1942 hoc
1075 1877 1262 1942 datur
1294 1876 1565 1958 intelligi
1619 1872 1880 1939 nomine

328 1993 603 2054 naturae.
638 1989 712 2053 In
737 1988 860 2053 hoe
896 1989 1070 2053 enim
1115 1988 1324 2053 differt
1361 1986 1632 2054 essentia
1673 2003 1715 2049 a
1755 2002 1878 2049 na-

333 2104 504 2176 tura,
543 2096 695 2179 quia
719 2097 994 2161 essentia
1035 2097 1324 2162 nominat
1365 2097 1458 2162 rei
1493 2096 1767 2161 formam
1812 2092 1882 2155 in

338 2207 614 2289 quadam
654 2205 1074 2270 abstractione
1090 2254 1108 2285 ,
1147 2211 1379 2270 natura
1409 2223 1554 2269 eam
1593 2200 1887 2271 nominat

339 2319 554 2378 entem
595 2313 664 2376 in
717 2316 924 2390 motu,
972 2317 1036 2378 et
1083 2312 1350 2377 materia
1378 2316 1453 2377 ut
1493 2315 1882 2381 naturalium

339 2421 784 2503 operationum
826 2419 1216 2503 principium
1263 2441 1278 2485 ε
1314 2425 1378 2485 et
1415 2420 1559 2487 ideo
1600 2423 1887 2491 doctores

342 2527 630 2593 catholici
666 2527 881 2609 magis
924 2528 1047 2591 isto
1086 2528 1284 2593 verbo
1327 2529 1422 2592 uti
1475 2530 1819 2597 voluerunt
1864 2554 1881 2598 ε

350 2660 381 2697 ι
435 2636 603 2700 Deus
658 2634 1003 2717 assumpsit
1057 2634 1412 2699 humanam
1459 2642 1788 2718 naturam,
1847 2660 1880 2699 s

342 2761 534 2828 quam
562 2741 687 2806 hoc
718 2764 736 2805 ε
780 2764 811 2802 ι
836 2741 1003 2806 Deus
1043 2743 1388 2825 assumpsit
1412 2743 1767 2810 humanam
1793 2764 1889 2811 es-

341 2851 605 2916 sentiam
638 2870 657 2911 :
689 2870 721 2908 ι»
763 2848 1061 2931 quamvis
1101 2852 1374 2932 utraque
1416 2850 1501 2915 sit
1541 2870 1726 2930 vera,
1770 2853 1890 2918 ista

341 2962 554 3023 tamen
581 2960 680 3021 aet
694 2955 905 3039 magis
927 2957 1208 3040 propria.

873 3171 1153 3250 QUAEST
1158 3173 1234 3239 10
1275 3172 1354 3237 11.

444 3345 540 3396 Δπ
566 3339 706 3396 Deus
732 3341 1080 3410 asumpserit
1109 3338 1400 3396 monam
1420 3354 1708 3411 personam
1734 3341 1776 3396 ¹.

53 3537 58 3590 l
122 3533 181 3574 u
206 3543 318 3589 m,
424 3499 656 3565 Utrum
690 3497 860 3564 Deus
893 3500 1303 3584 assumpserit
1346 3500 1700 3566 humanam
1745 3519 1892 3586 per-

345 3625 607 3685 sonam;
644 3609 707 3671 et
733 3605 905 3690 quod
932 3606 1057 3686 sic,
1084 3607 1362 3673 videtur.
1402 3607 1687 3688 Boetius,
1718 3608 1893 3673 diffl-

348 3714 537 3777 niens
560 3731 918 3795 personam,
949 3713 1098 3777 dicit
1129 3720 1154 3755 ¹
1179 3714 1351 3796 quod
1388 3738 1419 3775 ι
1445 3719 1539 3780 est
1554 3714 1893 3782 individua

353 3821 701 3886 substantia
719 3819 1050 3886 rationalis
1073 3826 1323 3886 naturae
1348 3840 1366 3885 z
1402 3843 1434 3881 υ
1467 3823 1576 3887 sed
1601 3823 1890 3888 Christus

361 3928 692 4011 assumpsit
712 3927 1108 3993 individuam
1128 3929 1544 3993 substantiam
1572 3930 1897 3996 rationalis

366 4041 621 4118 naturae,
647 4041 720 4102 ut
744 4037 897 4103 dicit
921 4036 1347 4103 Damascenus
1373 4044 1397 4079 ⁸
1427 4061 1443 4105 ε
1485 4063 1516 4100 ι
1533 4039 1896 4123 Assumpsit

318 4157 327 4161 ·
381 4142 537 4206 enim
564 4149 858 4210 naturam
879 4144 949 4208 in
977 4148 1191 4210 atomo
1223 4167 1239 4209 :
1280 4168 1313 4205 n
1350 4164 1509 4228 ergo
1552 4146 1896 4230 assumpsit

388 4262 712 4326 personam.

458 4358 512 4418 2.
545 4356 694 4422 Item
728 4358 810 4424 ad
844 4358 1229 4440 dignitatem
1268 4358 1617 4442 singularIs
1657 4363 1896 4443 spectat

400 4462 537 4539 quod
544 4464 690 4530 illud
697 4466 1027 4548 singulare
1041 4464 1123 4529 sit
1136 4484 1430 4549 persona,
1445 4468 1897 4550 personaenim

400 4580 598 4635 nomen
613 4577 704 4638 est
725 4572 1056 4655 diguitatis
1073 4591 1091 4636 ε
1110 4572 1218 4638 sed
1237 4576 1471 4637 natura
1487 4578 1813 4656 assumpta
1829 4574 1898 4637 in

402 4667 610 4744 Christo
636 4698 813 4763 aeque
852 4679 960 4747 vel
1001 4681 1212 4762 magis
1253 4680 1485 4745 nobilis
1528 4684 1657 4760 est,
1700 4697 1898 4765 quam

402 4778 549 4847 sitin
572 4785 775 4871 aliquo
817 4787 946 4853 alio
985 4786 1248 4853 homine
1300 4810 1315 4851 ε
1360 4787 1414 4851 si
1452 4805 1611 4881 ergo
1654 4787 1720 4850 in
1761 4787 1905 4852 aliis

401 4902 512 4953 non
532 4894 748 4959 amittit
762 4896 1081 4960 rationem
1103 4912 1415 4978 personae,
1440 4894 1696 4959 videtur
1726 4894 1899 4977 quod

398 4991 458 5058 in
479 4995 695 5068 Christo
720 5002 954 5069 habeat
977 5002 1302 5086 potissime
1329 5020 1350 5065 ε
1379 5019 1561 5085 ergo,
1591 5004 1710 5066 etc.

451 5159 467 5193 ¹
496 5161 566 5226 Cf.
602 5168 652 5218 S.
684 5166 891 5230 Thom.,
929 5180 982 5231 p.
1016 5165 1103 5228 111,
1132 5179 1182 5230 q.
1221 5176 1291 5227 ιν,
1321 5168 1416 5215 art.
1457 5165 1517 5225 ὃς
1564 5167 1616 5213 et
1643 5162 1708 5213 ΙΙΙ
1739 5161 1900 5227 Seni„

396 5226 493 5285 dist.
520 5246 629 5303 inq.
655 5250 745 5305 111,
767 5242 866 5289 art.
896 5240 962 5303 33
993 5242 1046 5288 et
1071 5237 1189 5287 dist.
1213 5248 1284 5299 v1,
1312 5250 1365 5302 q.
1393 5248 1430 5298 1,
1459 5238 1555 5286 art.
1589 5239 1642 5297 l;
1687 5234 1900 5300 scotus,

389 5298 450 5353 111
475 5305 618 5374 Seni„
655 5310 767 5362 dist.
799 5321 851 5372 v,
891 5323 943 5374 q.
980 5312 1035 5374 ¹3
1064 5307 1370 5372 Richardus,
1413 5306 1475 5356 ΙΙΙ
1509 5305 1673 5358 Semu
1699 5304 1815 5355 dist.
1847 5314 1898 5365 v,

388 5385 431 5440 q·
451 5390 500 5443 13
527 5380 817 5447 Dux-andus,
845 5383 915 5434 111
941 5381 1105 5442 Seni„
1128 5379 1240 5430 dist.
1266 5390 1318 5442 v,
1348 5393 1397 5442 q.
1429 5390 1448 5427 1
1462 5393 1480 5441 ;
1509 5376 1810 5426 Franciscus
1836 5375 1900 5426 de

378 5443 546 5515 ΠΨ..
573 5453 638 5506 ιιι
664 5454 826 5517 sent„
852 5451 976 5503 dist.
1005 5460 1058 5514 v,
1095 5451 1400 5516 q.1;.10an.
1431 5448 1605 5510 saec..
1636 5448 1700 5496 ιιι
1739 5448 1901 5506 sent„

594 5561 746 5613 ¹201.
790 5560 886 5611 tv.

1986 1016 2415 1097 conjunctam,
2442 1016 2696 1084 videtur
2726 1018 2898 1102 quod
2935 1019 3346 1103 assumpserit
3378 1039 3529 1103 per-

1987 1138 2235 1187 sonam.

2066 1233 2128 1294 4.
2148 1228 2306 1293 Item
2325 1248 2597 1312 persona
2613 1249 2744 1296 non
2768 1230 2983 1314 gignit
3006 1231 3128 1296 nisi
3149 1250 3485 1316 personam
3510 1252 3530 1299 t

1987 1336 2097 1400 sed
2128 1336 2236 1401 Dei
2262 1335 2460 1402 Filius
2488 1339 2833 1422 assumpsit
2848 1339 3021 1422 quod
3045 1338 3246 1422 Virgo
3263 1342 3529 1423 genuit:

1987 1462 2146 1526 ergo
2189 1446 2246 1509 si
2294 1444 2494 1529 Virgo
2542 1465 2813 1530 persona
2864 1448 2985 1513 tuit
3002 1497 3019 1526 ,
3050 1447 3306 1514 videtur
3362 1450 3533 1534 quod

1989 1551 2157 1617 Deus
2180 1572 2264 1618 ex
2288 1573 2365 1619 ea
2391 1571 2731 1637 personam
2757 1556 3191 1640 assumpserit.

2070 1660 2194 1726 Sed
2219 1666 2440 1727 contra
2471 1684 2485 1728 :
2517 1663 2920 1745 Augustinus
2946 1663 2992 1743 ⁸,
3023 1663 3101 1730 de
3120 1663 3285 1731 nde
3310 1664 3402 1731 ad
3418 1664 3536 1732 Pe·
3561 1688 3771 1739 rusa..

1990 1775 2162 1836 trum
2197 1790 2213 1832 ε
2253 1793 2284 1830 α
2311 1769 2478 1835 Deus
2504 1775 2805 1837 naturam
2849 1770 3131 1837 hominis
3169 1772 3533 1857 assumpsit,

1989 1895 2124 1942 non
2147 1895 2507 1960 personam.
2538 1901 2570 1939 n

2073 1984 2232 2048 Item
2258 1985 2381 2050 hoc
2418 1986 2630 2069 ipsum
2673 1985 2952 2051 ostendit
2980 1985 3238 2052 Boetius
3274 1985 3385 2052 tali
3426 2006 3535 2052 ra-

1989 2091 2210 2158 tione:
2252 2092 2499 2158 Christo
2533 2112 2664 2159 non
2712 2098 2808 2158 est
2852 2094 2977 2159 nisi
3020 2114 3155 2161 una
3198 2114 3470 2179 persona
3514 2115 3534 2161 z

1993 2218 2152 2281 ergo
2178 2200 2228 2265 si
2258 2200 2366 2265 Dei
2391 2199 2593 2266 Filius
2610 2203 2954 2286 assumpsit
2972 2221 3336 2286 personam,
3366 2204 3538 2269 idem

1993 2312 2435 2395 assumpsisset
2458 2313 2740 2395 seipsum
2771 2332 2790 2377 τ
2816 2317 2881 2379 et
2903 2313 3027 2377 hoc
3065 2320 3161 2379 est
3191 2316 3446 2395 falsum,
3475 2319 3541 2380 et

1994 2437 2127 2484 non
2154 2419 2557 2501 intelligibile
2592 2443 2607 2483 ε
2648 2439 2806 2502 ergo
2839 2427 2904 2486 et
2947 2421 3104 2488 illud
3138 2440 3222 2487 ex
3263 2441 3393 2507 quo
3432 2441 3539 2489 se-

1994 2528 2250 2611 quitur,
2285 2527 2519 2591 scilicet
2565 2528 2733 2610 quod
2780 2546 3051 2611 persona
3093 2529 3215 2594 fuit
3256 2547 3298 2594 a
3331 2529 3540 2595 Verbo

1995 2639 2339 2717 assumpta.
2386 2633 2619 2700 Probat
2660 2638 2875 2701 autem
2922 2636 3197 2718 primam
3248 2637 3539 2721 proposi·-

1995 2744 2239 2809 tionem
2264 2744 2376 2821 sic,
2406 2745 2644 2809 scilicet
2661 2745 2830 2829 quod
2863 2746 3149 2812 Christus
3174 2746 3257 2811 sit
3281 2765 3456 2811 unus
3472 2747 3542 2812 iu

1996 2868 2267 2935 persona
2314 2874 2329 2917 ι
2381 2851 2582 2917 Omne
2623 2853 2796 2935 quod
2838 2858 2967 2932 est,
3015 2853 3159 2918 ideo
3207 2857 3334 2932 est,
3389 2853 3545 2937 quia

1997 2975 2208 3022 unum
2255 2976 2528 3023 numero
2571 2962 2667 3023 est
2719 2982 2734 3020 ε
2787 2960 2840 3024 si
2885 2978 3044 3042 ergo
3091 2959 3374 3027 Christus
3421 2965 3540 3042 est,

1998 3082 2255 3129 necesse
2281 3067 2375 3129 est
2399 3082 2611 3130 unum
2650 3083 2786 3131 esse
2824 3066 2981 3131 :sed
3025 3084 3159 3132 non
3198 3070 3293 3132 est
3335 3085 3546 3132 unum

2000 3169 2071 3236 in
2097 3175 2372 3237 natura:
2420 3190 2578 3254 ergo
2613 3191 2867 3240 necesse
2906 3177 3002 3239 est
3043 3191 3249 3240 unum
3293 3193 3428 3241 esse
3475 3176 3548 3241 in

1999 3296 2292 3361 persona.

2085 3384 2242 3450 Item
2286 3385 2407 3450 hoc
2450 3386 2662 3468 ipsum
2702 3386 3061 3452 ostenditur
3108 3404 3223 3468 per
3265 3388 3549 3452 nominis

2002 3493 2313 3559 rationem
2348 3516 2363 3558 ε
2394 3511 2666 3576 persona
2691 3494 2865 3558 enim
2891 3493 3042 3558 dicit
3081 3494 3240 3576 quid
3276 3494 3550 3579 comple·
3676 3519 3683 3532 ’

2002 3602 2167 3678 tum,
2197 3603 2259 3665 et
2281 3600 2652 3665 distinctum
2679 3599 2909 3665 ultima
2934 3600 3354 3684 completione
3384 3620 3404 3666 ε
3438 3603 3549 3668 sed

2004 3707 2178 3790 quod
2204 3707 2575 3785 assumitur,
2603 3724 2681 3772 eo
2711 3707 2848 3791 ipso
2870 3708 3046 3791 quod
3070 3709 3447 3792 assumitur,
3467 3710 3549 3775 ad

2004 3816 2380 3900 completius
2406 3816 2738 3882 ordinatur
2767 3837 2784 3881 t
2812 3835 2970 3897 ergo
3001 3816 3255 3883 videtur
3280 3817 3453 3901 quod
3480 3818 3552 3882 in

2005 3941 2074 3988 se
2100 3942 2231 3989 non
2257 3922 2485 3986 habeat
2513 3922 2823 3988 rationem
2851 3941 3162 4006 personae.

2088 4030 2268 4111 Item,
2316 4031 2372 4094 si
2420 4029 2784 4114 assumpsit,
2818 4035 2932 4095 aut
2974 4029 3390 4114 consumpsit,
3439 4035 3553 4096 aut

2007 4138 2406 4202 conservavit
2437 4159 2453 4202 :
2485 4141 2728 4202 constat
2750 4137 2922 4220 quod
2965 4156 3095 4203 non
3134 4136 3549 4221 consumpffit,

2007 4245 2166 4329 quia
2212 4245 2432 4310 divina
2474 4249 2706 4309 natura
2746 4246 3054 4309 humanoe
3098 4248 3348 4310 naturae
3388 4243 3554 4309 nihil

2009 4351 2351 4417 nobilitatis
2372 4352 2636 4416 abstulit
2654 4375 2672 4430 ;
2694 4351 2746 4415 si
2775 4351 3196 4432 conservavit,
3224 4369 3383 4433 ergo
3402 4369 3550 4416 cum

2009 4477 2343 4524 assumens
2381 4477 2512 4524 non
2550 4458 2633 4522 sit
2672 4463 3098 4543 assumptum,
3148 4461 3342 4525 restat
3382 4457 3555 4541 quod

2010 4570 2077 4631 in
2118 4567 2360 4631 Christo
2385 4567 2513 4631 sint
2538 4567 2685 4632 duae
2712 4573 2964 4633 naturae
2991 4576 3055 4633 et
3073 4568 3221 4633 duae
3240 4583 3550 4652 personae,

2010 4674 2248 4739 scilicet
2273 4675 2563 4739 humana
2602 4679 2666 4739 et
2704 4675 2924 4740 divina
2969 4695 2986 4739 ε
3032 4693 3190 4757 ergo
3231 4692 3351 4739 nec
3386 4673 3557 4738 Deus

2010 4787 2106 4848 est
2129 4782 2348 4864 homo,
2380 4802 2498 4847 neo
2521 4782 2718 4849 homo
2745 4788 2840 4848 est
2864 4783 3034 4848 Deus
3059 4802 3076 4847 ε
3106 4801 3263 4865 ergo
3287 4800 3422 4847 non
3459 4785 3559 4848 est

2012 4885 2105 4949 ibi
2131 4885 2346 4968 aliqua
2372 4886 2551 4962 uni0,
2583 4903 2657 4950 ac
2685 4903 2799 4968 per
2822 4884 2947 4950 hoc
2971 4904 3092 4950 nec
3135 4884 3489 4968 assumptio
3533 4904 3554 4950 ε

2011 4993 2063 5056 si
2091 5010 2251 5073 ergo
2292 4994 2388 5056 est
2424 4991 2514 5055 ibi
2550 4992 2899 5075 assumptio
2925 5011 3100 5073 vera,
3147 4991 3555 5057 manifestum

2010 5102 2108 5165 est
2133 5098 2303 5183 quod
2327 5116 2597 5181 persona
2621 5117 2754 5164 non
2776 5105 2873 5165 est
2896 5107 3244 5185 assumpta.

2012 5229 2129 5280 dist.
2161 5240 2211 5291 ν,
2242 5241 2294 5291 q.
2325 5239 2371 5290 13
2398 5225 2574 5290 Steph.
2606 5226 2816 5291 Brulet„
2845 5227 2905 5278 ΙΙΙ
2936 5227 3096 5293 Seni„
3128 5228 3244 5280 dist.
3270 5238 3323 5293 v,
3350 5241 3403 5295 q.
3428 5230 3558 5279 6.-

2009 5301 2033 5338 ¹
2062 5303 2229 5363 Boet„
2256 5298 2317 5349 de
2356 5297 2520 5349 Duab.
2562 5297 2685 5347 Nat.
2708 5302 2867 5350 etun.
2896 5313 3028 5364 pers.
3061 5300 3256 5351 Christi
3270 5336 3288 5365 ‚
3325 5313 3372 5349 c.
3413 5309 3557 5351 ιι.-

2010 5374 2034 5409 ⁸
2050 5374 2301 5430 Damaso„
2325 5370 2387 5420 de
2412 5368 2538 5421 Fide
2560 5368 2776 5434 orthod„
2798 5370 2886 5422 lib.
2920 5373 2960 5434 l,
2981 5387 3028 5423 c.
3045 5385 3122 5424 xx.
3139 5399 3202 5411 -
3217 5372 3239 5405 ὅ
3258 5373 3367 5421 lmo
3386 5370 3556 5438 Fulg„

2011 5444 2071 5494 de
2098 5443 2228 5494 Fide
2247 5442 2493 5504 adPetr„
2515 5454 2559 5492 c.
2591 5452 2719 5508 xvn,
2746 5455 2802 5493 n.
2829 5446 2909 5495 6⁰.
3028 5480 3042 5490 .
