4185 6288
1305 461 1312 466 .
1434 398 1814 467 ms‘rlNC'l'.
1858 398 2157 467 XXVIIII.
3281 404 3400 467 625

228 552 350 598 non
376 539 592 600 tamen
617 539 713 601 est
737 536 1104 620 simpliciter
1135 559 1151 602 t
1187 541 1249 602 et
1287 539 1430 603 ideo
1469 537 1749 601 defectus
1864 537 2080 600 anima
2123 534 2422 617 diligitur
2464 536 2651 604 Deus.
2681 558 2715 597 n
2749 536 2829 603 Et
2865 537 2989 602 hoc
3020 536 3235 620 ipsum
3261 537 3404 604 vult

228 646 317 705 est
354 661 392 704 a
434 643 710 725 perfecta
756 644 1058 709 totalitate
1074 693 1092 721 ,
1143 663 1289 728 quae
1339 649 1435 710 est
1478 643 1755 709 totalitas
1865 646 2072 710 dicere
2100 643 2427 726 Magister,
2456 663 2605 710 cum
2630 644 2784 710 dicit
2810 644 2979 728 quod
3005 643 3257 727 impleri
3288 662 3401 728 po-

230 755 514 813 motuum
543 753 609 814 et
633 755 1031 835 temporum:
1065 756 1128 817 et
1155 753 1296 817 haec
1322 755 1414 816 est
1439 769 1585 833 quae
1612 752 1759 814 sim·
1866 755 1986 815 test
2012 751 2122 814 hic
2147 751 2378 816 modus
2412 752 2753 834 praedictus
2779 751 3131 816 secundum
3156 751 3400 834 perfec-

228 858 464 943 pliciter
486 861 765 926 excludit
787 868 1036 927 motum
1065 868 1444 928 extraneum
1482 885 1498 926 ε
1530 867 1591 927 et
1617 861 1759 926 ideo
1869 859 2111 922 tionem
2153 858 2279 922 viae
2308 906 2329 937 ,
2379 876 2525 940 quae
2570 863 2665 922 est
2706 859 3003 942 perfectio
3052 858 3402 938 currentiS,

230 968 519 1048 quamvis
547 967 762 1052 aliquo
800 971 991 1034 modo
1018 970 1270 1053 impleri
1309 970 1507 1052 possit
1532 969 1762 1032 modus
1870 983 2002 1030 non
2031 964 2381 1028 secundum
2407 965 2857 1047 perfectionem
2882 965 3127 1048 patriae,
3150 982 3296 1048 quae
3316 969 3410 1029 est

228 1071 360 1151 ille,
389 1092 521 1138 non
565 1079 783 1140 tamen
830 1078 1094 1142 omnino
1122 1127 1140 1156 ‚
1189 1078 1354 1142 sicut
1394 1076 1761 1140 insinuatur
1872 1072 2172 1155 perfectio
2197 1073 2670 1154 pervenientis:
2705 1075 2769 1137 et
2798 1073 2888 1137 ita
2916 1072 3059 1138 vult
3082 1072 3254 1155 quod
3286 1073 3412 1135 im-

228 1179 294 1241 in
317 1180 424 1245 illo
461 1187 796 1267 praecepto.
830 1183 908 1247 Et
935 1185 1056 1249 hoc
1082 1185 1298 1249 innuit
1317 1183 1755 1265 Augustinus,
1874 1179 2035 1263 pleri
2082 1180 2279 1263 possit
2328 1199 2410 1244 ex
2451 1184 2663 1264 parte,
2710 1199 2842 1246 non
2884 1185 3100 1247 tamen
3147 1181 3413 1245 omnino

229 1270 554 1353 eum’dicit
579 1291 597 1326 ¹
630 1311 645 1354 ε
687 1313 717 1349 α
744 1289 904 1355 Cum
932 1289 1173 1374 aliquid
1198 1290 1410 1354 adhuc
1434 1293 1530 1354 est
1555 1307 1768 1353 carna·
1877 1287 2185 1371 perfecte,
2217 1290 2280 1351 et
2305 1288 2577 1370 integre.

230 1395 304 1458 lis
332 1395 857 1479 concupiscentiae
875 1445 893 1477 ‚
938 1415 1069 1461 non
1115 1396 1479 1463 omnimode
1516 1414 1600 1461 ex
1640 1399 1772 1460 tota

1153 1717 1952 1814 DISTINCTIO
2054 1718 2532 1815 XXVIII

714 2001 793 2047 ΒΕ
822 2000 1168 2048 ΟΗΑΒΙΤΑΤΕ
1195 1999 1485 2054 ΟῸΔΝἸἮΗ
1512 1999 1593 2045 ΑΙ)
1619 1999 2018 2047 mmmmmtm
2042 1999 2334 2047 nummum
2362 2001 2438 2046 ΕΤ
2464 1999 2951 2046 msTmC'rIONnu.

319 2217 448 2286 Hic
473 2224 683 2309 potest
708 2217 921 2310 quaeri
959 2226 1181 2286 utrum
1216 2218 1285 2286 in
1318 2217 1435 2285 illo
1464 2216 1770 2285 mandato
1796 2216 2162 2286 dilectionis
2189 2218 2476 2309 proximi
2512 2193 2719 2308 totum
2749 2218 3165 2309 proximum,
3195 2216 3265 2285 id
3302 2223 3421 2302 est,
3502 2249 3566 2299 Qu
3569 2246 3624 2290 ..α

231 2334 529 2402 animam
558 2342 623 2401 et
647 2356 908 2425 corpus,
939 2356 1192 2425 nosque
1232 2334 1404 2426 ipsos
1449 2340 1617 2402 totos
1661 2333 1936 2422 diligere
1977 2334 2459 2425 praecipiamur.
2509 2334 2614 2403 Ad
2659 2333 2831 2424 quod
2877 2333 3178 2416 dicimuS,
3232 2354 3475 2416 omne
3451 2381 3578 2430 ΜΡ.

3452 2311 3668 2417 ἰΙΙοιρῖ-

3480 2388 3652 2545 huzman-

229 2471 444 2537 genus
506 2449 992 2540 diligendarum
1060 2472 1283 2518 rerum
1354 2450 1422 2517 in
1486 2449 1620 2518 illis
1667 2449 1927 2517 duobus
1993 2449 2316 2518 mandatis
2379 2448 2723 2519 contineri.
2796 2474 2832 2515 ι(
2879 2448 3178 2531 Quatuor
3247 2449 3422 2516 enim
3465 2500 3542 2542 ὼ,
3531 2513 3624 2556 ,W

229 2564 578 2655 diligenda
604 2573 784 2652 sunt,
816 2572 890 2635 ut
918 2566 1010 2633 ait
1035 2566 1549 2655 Augustinus¹:
1585 2589 1798 2635 unum
1826 2565 2002 2658 quod
2028 2589 2230 2657 supra
2256 2589 2375 2635 nos
2400 2574 2531 2653 est,
2562 2566 2806 2634 scilicet
2848 2566 3061 2651 Deus3
3113 2564 3421 2652 alterum,
3496 2569 3629 2607 ¹⁰⁰¹¹¹¹

3490 2640 3610 2682 ΡΙὈῙΙ

230 2682 414 2773 quod
476 2703 598 2749 nos
673 2704 937 2765 sumus;
995 2682 1303 2767 tertium,
1374 2681 1551 2774 quod
1617 2682 1812 2773 juxta
1890 2704 2012 2750 nos
2091 2689 2221 2768 est,
2306 2681 2552 2750 scilicet
2615 2681 2996 2773 proximus3
3072 2689 3483 2796 quartum,
3455 2704 3525 2733 ¹1¹⁸·
3528 2703 3600 2744 m
3626 2695 3669 2733 εἰ

3485 2758 3590 2797 osto
3564 2725 3672 2804 niun.

230 2797 416 2888 quod
477 2796 656 2865 infra
704 2820 823 2866 nos
877 2805 1001 2884 est,
1058 2797 1301 2866 scilicet
1366 2819 1623 2889 corpus.
1700 2797 1794 2866 De
1859 2797 2145 2866 secundo
2204 2804 2269 2866 et
2312 2806 2549 2890 quarto
2604 2799 2794 2867 nulla
2844 2806 3163 2889 praecepta
3213 2766 3483 2866 danda
3459 2821 3503 2860 et
3553 2827 3675 2859 nne·

229 2921 450 2999 erant,
513 2913 754 2981 scilicet
810 2920 887 2980 ut
939 2912 1364 3003 diligeremus
1417 2936 1586 3000 nos,
1645 2914 1747 2981 vel
1802 2935 2038 3004 corpus
2086 2922 2387 2983 nostrum
2443 2940 2458 2982 z
2513 2914 2889 3006 praecipitur
2967 2922 3187 2982 autem
3258 2913 3433 2982 Deus

226 3030 428 3119 diligi
512 3037 578 3098 et
659 3030 1028 3119 proximus,
1118 3030 1209 3099 Ut
1289 3037 1512 3098 autem
1576 3029 1858 3121 quisque
1924 3052 1991 3098 se
2069 3029 2340 3119 diligat,
2431 3038 2747 3123 praecepto
2837 3053 2971 3099 non
3066 3039 3165 3099 est
3242 3052 3429 3121 opus,

226 3146 751 3229 Quantumlibet
799 3146 977 3215 enim
1027 3146 1224 3215 homo
1270 3146 1522 3215 excidat
1576 3169 1616 3214 a
1661 3146 1974 3233 veritate,
2019 3154 2315 3215 remanet
2371 3146 2475 3213 illi
2540 3144 2802 3216 dilectio
2861 3147 2998 3233 sui,
3058 3155 3123 3216 ot
3177 3146 3437 3216 dilectio

226 3264 538 3356 corporis
585 3262 714 3348 sui,
755 3262 914 3354 quia
954 3262 978 3296 ⁸
1026 3284 1219 3331 nemo
1262 3284 1561 3353 unquam
1602 3283 1870 3330 carnem
1911 3285 2105 3330 suam
2141 3261 2291 3330 odio
2331 3261 2590 3330 habuit.
2642 3261 2811 3330 Nam
2840 3261 2862 3295 ⁴
2899 3261 3075 3331 «viri
3107 3262 3291 3353 justi,
3320 3262 3439 3355 qui

223 3403 481 3473 corpus
537 3401 735 3447 suum
791 3378 1109 3464 cruciant,
1171 3402 1305 3447 non
1349 3400 1625 3470 corpus,
1673 3379 1785 3447 sed
1831 3378 2280 3469 corruptiones
2324 3377 2466 3468 ejus
2508 3385 2575 3446 et
2614 3377 2871 3469 pondus
2911 3378 3213 3447 oderunt.
3246 3402 3286 3463 J)
3314 3378 3439 3447 Hic

226 3497 514 3565 videtur
544 3494 962 3583 Augustinus
989 3494 1265 3577 tradere,
1299 3494 1476 3587 quod
1503 3517 1585 3563 ex
1611 3502 1928 3587 praecepto
1964 3518 2100 3563 non
2149 3503 2491 3563 teneamur
2529 3494 2804 3584 diligere
2849 3495 3300 3587 nosmetipsOS,
3335 3495 3438 3563 vel

223 3634 484 3704 corpus
531 3617 838 3679 nostrum
892 3636 907 3677 z
964 3611 1142 3704 quod
1188 3612 1244 3680 si
1298 3621 1423 3699 est,
1479 3634 1614 3680 non
1666 3634 1861 3680 omne
1913 3634 2123 3701 genus
2173 3611 2657 3701 diligendarum
2718 3634 2939 3680 rerum
2991 3611 3126 3680 illis
3181 3610 3440 3681 duobus

223 3726 592 3821 praeceptis
617 3727 1011 3816 continetur,
1045 3727 1204 3820 quia
1232 3750 1381 3796 cum
1414 3734 1478 3796 et
1505 3728 1863 3821 nosipsos,
1901 3736 1965 3797 et
2009 3750 2248 3819 corpus
2292 3735 2588 3796 nostrum
2628 3726 2901 3817 diligere
2946 3727 3321 3815 debeamu5‚
3354 3727 3433 3796 ad

221 3845 298 3915 id
347 3844 804 3914 necessarium
849 3853 944 3912 est
991 3852 1389 3937 praeceptum
1413 3898 1431 3931 ,
1480 3868 1632 3914 cum
1671 3845 1984 3937 scriptum
2030 3846 2135 3943 sit·
2162 3855 2184 3891 ⁸
2235 3869 2251 3911 ε
2304 3845 2434 3928 Qui
2484 3842 2707 3937 diliqit
2766 3843 3193 3935 iniquitatem
3219 3895 3239 3930 ,
3297 3842 3440 3913 odit

223 3963 563 4031 animam
590 3981 807 4028 suam.
841 3960 970 4028 Sed
998 3961 1272 4053 speciale
1299 3961 1380 4029 de
1407 3960 1530 4029 hoc
1558 3971 1954 4052 praeceptum
1983 3983 2119 4029 non
2152 3968 2291 4028 erat
2319 3960 2638 4047 dandum,
2668 3982 2789 4029 nec
2813 3959 3078 4051 speciali
3121 3969 3441 4052 praecepto

222 4101 406 4173 opus
436 4084 590 4146 erat
615 4076 682 4146 id
712 4076 909 4163 tradi,
942 4084 1018 4144 ut
1043 4075 1324 4168 quisque
1349 4099 1443 4164 se,
1475 4077 1582 4145 vel
1610 4100 1846 4168 corpus
1870 4100 2069 4145 suum
2097 4077 2433 4167 diligeret,
2476 4077 2638 4169 quia
2681 4076 2804 4145 hoc
2847 4077 2920 4145 in
2967 4077 3086 4146 illo
3127 4085 3444 4169 praecepto

221 4196 633 4264 continetur
677 4216 692 4259 ε
746 4193 995 4284 Diliqes
1041 4191 1427 4285 proximum
1481 4205 1668 4260 tuum
1720 4194 1892 4261 sicut
1937 4196 2241 4285 teipsum.
2286 4193 2389 4261 Ibi
2432 4194 2610 4261 enim
2650 4193 3028 4285 proximum
3073 4201 3329 4281 totum,
3379 4200 3446 4262 et

220 4318 291 4381 te
320 4320 563 4380 totum
591 4308 957 4398 intelligere
983 4308 1202 4376 debes.
1234 4308 1425 4376 Unde
1455 4308 1870 4397 Augustinus
1899 4309 1971 4377 in
1999 4309 2229 4378 eodem
2256 4316 2278 4349 ⁶
2310 4334 2326 4377 t
2364 4336 2400 4376 α
2424 4309 2494 4379 Si
2520 4316 2583 4378 te
2611 4317 2822 4378 totum
2848 4309 3190 4399 intelligis,
3222 4309 3289 4377 id
3319 4317 3439 4397 est,

219 4426 547 4496 animam
578 4431 644 4490 et
669 4445 928 4515 corpus„
960 4431 1024 4491 et
1056 4424 1431 4516 proximum
1462 4432 1698 4513 totum,
1728 4424 1796 4493 id
1824 4434 1943 4513 est,
1973 4426 2265 4495 animam
2291 4434 2354 4494 et
2381 4447 2639 4518 corpuS,
2669 4425 2867 4494 homo
2894 4426 3070 4494 enim
3112 4449 3193 4495 ex
3220 4427 3443 4495 anima

215 4550 505 4616 constat
563 4548 628 4608 et
677 4562 971 4631 corpore,
1026 4541 1293 4610 nullum
1352 4563 1574 4610 rerum
1644 4541 2134 4632 diligendarum
2200 4566 2410 4633 genus
2469 4544 2540 4610 in
2606 4542 2710 4611 his
2772 4543 3032 4612 duobus
3108 4543 3448 4634 praeceptis

215 4651 773 4752 praetermissum
802 4659 919 4720 est.
951 4650 1118 4720 Cum
1166 4652 1339 4719 enim
1384 4662 1740 4745 praecurrat
1784 4654 2045 4723 dilectio
2081 4654 2232 4743 Dei,
2274 4655 2545 4747 ejusque
2591 4653 2956 4723 dilectionis
3001 4653 3237 4723 modus
3280 4675 3445 4747 prae-

216 4774 541 4865 seriptus
566 4776 908 4859 appareat3
941 4777 1005 4837 et
1031 4777 1344 4861 sequatur
1370 4769 1629 4838 dilectio
1658 4771 1941 4862 proximi
1966 4824 1984 4858 ‚
2016 4772 2098 4841 de
2142 4779 2258 4841 tua
2288 4772 2634 4840 dilectione
2668 4770 2837 4839 nihil
2874 4771 3123 4839 dictum
3153 4771 3438 4841 videtur.

215 4888 366 4961 Sed
429 4906 600 4954 cum
654 4883 905 4952 dictum
958 4891 1054 4952 est
1111 4910 1126 4952 ε
1175 4885 1426 4977 Diliqes
1459 4888 1851 4978 proximum
1901 4900 2089 4956 tuum
2130 4889 2303 4956 sicut
2355 4889 2659 4981 teipsum,
2723 4887 2922 4956 simul
2962 4895 3027 4956 et
3070 4889 3170 4957 tui
3209 4888 3327 4958 abs
3372 4895 3436 4957 te

217 5004 522 5078 dilectio
560 5001 995 5091 praetermissa
1020 5023 1155 5071 non
1180 5010 1298 5071 est.
1330 5026 1367 5067 >³
1399 5003 1561 5072 Ecce
1589 5004 1695 5104 liic
1722 5012 1942 5096 aperte
1971 5005 2152 5095 dicit,
2186 5006 2255 5074 in
2284 5005 2404 5074 illo
2442 5012 2764 5097 praecepto
2810 5027 2943 5076 non
2989 5004 3447 5076 tantummodo

297 5210 317 5247 ι
352 5208 529 5267 Aug„
565 5205 693 5250 com.
726 5197 945 5262 Coelest„
971 5202 1090 5263 post
1118 5215 1253 5267 resp.
1287 5214 1456 5253 ,wn-
1481 5205 1504 5238 ¹
1525 5203 1619 5266 td„
1645 5204 1706 5253 de
1735 5205 1902 5253 θοι-ἐν.
1932 5205 2129 5264 christ„
2168 5204 2256 5255 lib.
2289 5206 2327 5263 1.
2359 5221 2403 5256 c.
2434 5216 2590 5268 xxm,
2621 5220 2672 5259 n.
2699 5208 2778 5256 22.
2810 5230 2868 5242 -—
2905 5205 2927 5239 θ
2952 5204 3154 5269 Ephesi„
3194 5216 3243 5269 v,
3288 5208 3367 5255 229.
3389 5231 3452 5244 —

217 5282 245 5320 ι
269 5283 448 5344 Aug„
480 5272 585 5324 lib.
616 5271 725 5334 eit„
752 5285 799 5321 c.
830 5280 976 5334 xxm,
1003 5284 1060 5321 n.
1080 5274 1160 5322 24.
1184 5274 1287 5311 -⁸
1314 5274 1396 5323 Px.
1426 5286 1476 5334 x,
1508 5276 1557 5324 6.
1587 5300 1640 5312 -—
1665 5277 1684 5306 ⁸
1717 5279 1867 5340 Aug„
1895 5275 1983 5338 lib,
2012 5276 2119 5342 cit.,
2148 5291 2194 5327 c.
2227 5280 2307 5341 26,
2336 5292 2395 5327 n·
2421 5280 2499 5328 27.

293 5372 370 5436 (a)
413 5364 560 5418 Coet.
590 5358 715 5409 edit.
731 5358 851 5409 add.
878 5361 932 5410 et
955 5359 1187 5425 angelos.

617 5467 766 5516 ‘mu-
807 5466 904 5514 lv.
3177 5462 3258 5522 ω

3482 2879 3656 2936 ¹⁰⁵(⁰·)
