4185 6288
713 621 902 686 datus
920 626 1015 686 est
1042 621 1288 688 Christo
1307 623 1583 708 Spiritus
1598 644 1730 690 non
1755 625 1837 691 ad
1851 641 2245 701 mensuram,

713 728 1051 794 dicendum
1076 732 1248 813 quod
1276 733 1330 797 si
1348 732 1741 815 intelligatur
1779 734 1858 798 de
1879 733 2133 796 datione
2157 748 2250 795 ω-

713 841 917 913 terna,
947 838 1049 902 vel
1075 840 1156 903 de
1198 840 1450 905 datione
1491 859 1605 924 per
1645 841 2026 906 idiomatum
2052 842 2251 920 {com-

714 945 1235 1028 municationem,
1279 953 1435 1014 tunc
1480 950 1773 1031 privatur
1827 949 1919 1012 ibi
1949 966 2253 1013 mensura

712 1052 1110 1135 simplicium
1132 1057 1186 1119 si
1213 1062 1430 1121 autem
1448 1075 1562 1140 per
1578 1057 1873 1140 spiritum
1898 1056 2120 1121 datum
2147 1057 2247 1120 in-

713 1159 1079 1241 telligamus
1102 1163 1306 1247 ipsam
1333 1166 1741 1230 donationem
1768 1165 2086 1230 donorum
2113 1165 2250 1247 Spi-

713 1267 875 1331 ritus
904 1271 1128 1349 sancti,
1180 1273 1271 1336 sic
1305 1292 1436 1338 non
1483 1273 1771 1355 privatur
1813 1272 1903 1336 ibi
1947 1289 2251 1335 mensura

711 1376 1116 1458 simpliciter,
1185 1382 1294 1446 sed
1360 1380 1896 1446 commensuratio
1957 1382 2252 1462 respectu

711 1485 932 1562 nostri,
950 1487 1186 1568 quibus
1202 1489 1391 1554 datur
1415 1487 1686 1572 Spiritus
1709 1493 1967 1552 sanctus
1993 1487 2071 1550 ad
2094 1504 2253 1550 usus

711 1590 1074 1674 aliquorum
1098 1595 1416 1660 donorum
1443 1595 1856 1660 determinate
1899 1592 2251 1656 secundum

714 1696 988 1782 Spiritus
1019 1700 1557 1780 distributionem,
1586 1700 2128 1784 quemadmodum
2154 1700 2254 1764 di-

711 1805 879 1868 citur
904 1812 924 1847 ¹
977 1827 992 1870 ε
1023 1808 1159 1873 Alii
1202 1807 1401 1874 datur
1421 1824 1533 1890 per
1567 1807 1887 1889 Spiritum
1916 1823 2117 1873 sermo
2144 1822 2254 1872 sa-

709 1912 997 1992 pimioe,
1080 1913 1205 1980 alii
1254 1930 1455 1981 sermo
1522 1916 1816 1981 scientiae
1839 1961 1861 1992 ,
1927 1919 2048 1978 etc.
2130 1913 2253 1978 Sed

713 2018 959 2084 Christo
989 2019 1135 2085 data
1157 2026 1307 2085 sunt
1334 2022 1552 2085 omnia
1568 2022 1676 2085 illa
1697 2022 1867 2085 dona
1893 2020 2028 2085 sine
2046 2025 2256 2085 arcta-

712 2127 884 2191 tione
924 2127 1138 2211 aliqua
1193 2152 1210 2193 ε
1262 2134 1323 2193 et
1367 2147 1483 2212 pro
1519 2133 1698 2193 tanto
1727 2130 1958 2194 dicitur
1984 2131 2044 2194 ei
2070 2130 2255 2194 datus

710 2232 984 2316 Spiritus
1008 2236 1147 2300 sine
1176 2254 1495 2302 mensura.

792 2347 853 2406 Ξ.
880 2343 976 2407 Ad
995 2343 1154 2408 illud
1183 2345 1356 2426 quod
1382 2345 1703 2427 objicitur,
1733 2343 1904 2426 quod
1931 2343 2098 2408 Deus
2123 2362 2253 2408 non

713 2451 921 2534 potuit
962 2450 1114 2516 dare
1148 2451 1428 2534 pleniuS‚
1464 2452 1807 2517 dicendum
1848 2452 2022 2534 quod
2050 2451 2254 2516 Deum

715 2577 845 2623 non
890 2576 1071 2641 posse
1097 2559 1340 2642 aliquid
1367 2559 1639 2641 pleniuS,
1693 2559 1790 2621 vel
1836 2561 2048 2640 majus
2077 2559 2250 2638 dare,

707 2666 813 2731 vel
861 2668 1087 2746 facere,
1130 2667 1253 2731 hoc
1303 2672 1509 2749 potest
1557 2666 1830 2748 intelligi
1890 2666 2120 2749 triplici
2172 2686 2254 2732 ex

707 2792 900 2838 causa
945 2796 960 2837 t
991 2775 1298 2857 quoniam
1337 2779 1450 2839 aut
1478 2778 1576 2838 est
1616 2774 1778 2838 ratio
1813 2793 1895 2838 ex
1939 2779 2117 2857 parte
2144 2774 2252 2838 Dei

706 2865 1199 2963 operantiS,'aut
1254 2900 1337 2946 ex
1376 2886 1556 2965 parte
1581 2881 1912 2964 producti,
1938 2886 2051 2945 aut
2084 2885 2254 2945 certe

707 2993 964 3070 propter
998 2989 1441 3054 limitationem
1469 2990 1885 3073 suscipientis.
1908 2990 2064 3053 Cum
2095 3008 2253 3072 ergo

706 3094 939 3159 dicitur
992 3096 1163 3179 quod
1207 3115 1337 3162 non
1393 3097 1599 3181 potuit
1651 3099 1902 3182 plenius
1941 3098 2249 3178 conferre,

706 3203 834 3269 hoc
856 3223 988 3269 non
1013 3211 1107 3270 est
1123 3207 1607 3289 intelligendum
1631 3211 1890 3290 propter
1913 3206 2252 3270 immensi-

709 3316 904 3377 tatem
930 3312 1021 3376 rei
1050 3313 1296 3378 collatae
1317 3363 1334 3391 ,
1392 3314 1494 3378 vel
1537 3315 1847 3377 finitatem
1871 3314 2109 3378 divinae
2137 3332 2254 3396 po-

709 3422 925 3485 tentiae
954 3443 972 3501 ;
1024 3423 1132 3487 sed
1177 3426 1437 3505 propter
1483 3422 1926 3486 limitationem
1954 3424 2253 3504 potentiae

710 3530 1109 3611 susceptivae,
1143 3530 1295 3613 quia
1317 3548 1466 3595 cum
1516 3530 1597 3593 sit
1627 3534 1856 3609 creata,
1883 3534 1979 3593 est
2006 3529 2250 3612 capaci-

707 3637 855 3700 tatis
878 3637 1100 3717 finitae,
1131 3642 1194 3702 et
1217 3656 1344 3701 non
1376 3641 1576 3720 potest
1602 3637 1724 3701 nisi
1750 3638 2003 3702 finitum
2051 3639 2253 3701 susci-

710 3761 861 3825 pere
888 3750 932 3806 ¹.
963 3744 1041 3808 Et
1064 3744 1117 3807 si
1145 3749 1217 3809 tu
1235 3745 1500 3828 oincias
1525 3745 1694 3827 quod
1734 3744 1938 3826 potuit
1965 3744 2118 3808 dare
2157 3762 2255 3807 ca·

704 3851 1051 3933 pacitatem
1079 3854 1411 3934 majorem,
1437 3853 1772 3917 dicendum
1800 3851 1972 3933 quod
2001 3869 2254 3916 necesse

714 3957 999 4038 estquod
1024 3961 1336 4039 creatura,
1358 3977 1434 4023 eo
1462 3960 1598 4041 ipso
1624 3958 1794 4041 quod
1821 3961 2114 4023 creatura
2135 3962 2250 4037 est,

714 4063 943 4128 habeat
966 4067 1376 4149 capacitatem
1403 4067 1673 4130 finitam.
1708 4066 1782 4130 Et
1811 4084 2068 4143 rursm,
2100 4066 2256 4148 quia

714 4176 1005 4236 creatura
1032 4177 1124 4237 est
1154 4174 1221 4236 in
1247 4174 1355 4237 tali
1400 4175 1626 4256 specie,
1658 4175 1756 4238 vel
1789 4191 2047 4255 genere,
2080 4172 2275 4236 limi-'

713 4280 1021 4345 tationem
1047 4274 1261 4359 habet,
1291 4281 1460 4345 ultra
1480 4300 1677 4363 quam
1706 4299 1912 4361 genus
1936 4281 2120 4361 illud,
2151 4281 2255 4345 vel

714 4387 974 4469 species,
1006 4405 1072 4451 se
1100 4405 1230 4451 non
1284 4391 1487 4469 potest
1537 4387 1874 4452 extendere
1922 4406 1939 4451 ε
1969 4390 2033 4451 et
2058 4388 2152 4451 sic
2186 4388 2254 4451 in

714 4494 1036 4576 proposito
1061 4494 1549 4575 intelligendum
1576 4498 1691 4558 est.

797 4605 856 4665 3.
878 4600 979 4665 Ad
1020 4600 1178 4664 illud
1206 4600 1372 4682 quod
1400 4601 1721 4684 objicitur,
1750 4601 1924 4684 quod
1952 4602 2255 4667 meritum

715 4708 943 4772 Christi
968 4711 1061 4773 est
1089 4708 1437 4786 infinitum,
1467 4708 1806 4774 dicendum
1853 4710 2023 4792 quod
2047 4711 2259 4774 influi-

714 4823 812 4882 tas
837 4817 1048 4882 meriti
1073 4818 1404 4899 consurgit
1432 4836 1514 4882 ex
1539 4819 1778 4883 unione
1806 4818 1977 4882 illius
2021 4821 2256 4886 animae

716 4920 798 4984 ad
839 4937 1178 5003 personam
1230 4921 1539 5001 divinam,
1592 4922 1675 4984 ob
1719 4938 1914 5003 quam
1950 4922 2256 4987 unionem

715 5044 845 5090 non
868 5031 1119 5092 tantum
1147 5028 1365 5106 homo,
1390 5029 1498 5093 sed
1514 5029 1705 5092 etism
1732 5028 1898 5092 Deus
1916 5029 2149 5093 mereri
2166 5030 2258 5093 di-

717 5134 905 5213 citur,
928 5140 1186 5219 propter
1206 5136 1376 5218 quod
1408 5135 1710 5200 meritum
1736 5135 1891 5200 illud
1920 5140 2014 5199 est
2041 5136 2257 5199 infini-

718 5244 859 5304 tum
884 5257 1014 5305 non
1042 5241 1287 5307 ratione
1302 5241 1533 5323 gratiae
1562 5243 1790 5305 creatae
1806 5242 1874 5304 in
1902 5259 1991 5320 se,
2012 5241 2122 5305 sed
2148 5259 2253 5305 ra-

783 5399 832 5448 ιΙ
856 5400 994 5459 Cor„
1021 5411 1117 5463 111,
1142 5403 1190 5450 8.
1210 5426 1273 5437 —
1291 5403 1314 5435 ¹
1331 5401 1439 5452 Lib.
1472 5404 1511 5464 1,
1531 5400 1648 5452 dist.
1677 5412 1880 5459 xxxvn,
1905 5404 2001 5451 art.
2033 5403 2082 5459 2,
2105 5416 2158 5467 q.
2184 5413 2261 5462 iv,

586 5475 592 5481 ·
720 5469 914 5521 etdist.
956 5480 1185 5523 xuV.-
1216 5470 1511 5537 ⁸Anee1m.,
1535 5472 1802 5525 eur-Deus
1841 5471 2008 5533 honio,
2047 5470 2136 5523 lib.
2179 5473 2255 5538 ll,

1823 481 2446 555 Sssmsn’rufflmt
2484 485 2634 554 Lis.
2682 490 2788 555 ΙΙΙ.

2355 621 2529 688 tione
2576 625 2848 689 infinitae
2879 623 3214 706 dignitatis
3259 645 3568 709 personas.
3611 630 3790 697 Unde
3840 638 3907 698 et

2357 728 2478 795 hoc
2522 732 2663 798 vult
2690 731 3035 796 Anselmus
3079 732 3310 812 dicere,
3343 753 3492 799 cum
3526 737 3675 802 dicit
3695 738 3907 822 'quod

2357 839 2705 921 oportuerit
2730 839 2939 917 illum,
2966 841 3078 922 qui
3111 842 3469 908 satisfacere
3515 849 3741 927 posset,
3769 865 3910 913 esse

2358 940 2561 1005 Deum
2585 948 2649 1006 et
2672 943 3028 1010 hominem.

2435 1053 2497 1112 4.
2550 1049 2649 1113 Ad
2673 1051 2828 1116 illud
2866 1053 3037 1134 quod
3079 1052 3419 1136 objicitur}‚
3449 1058 3622 1139 quod
3650 1058 3908 1123 finitum

2356 1173 2490 1220 non
2515 1157 2760 1221 excedit
2782 1158 2958 1223 aliud
3006 1160 3265 1224 finitum
3293 1161 3416 1224 nisi
3443 1163 3643 1244 finite,
3690 1164 3912 1230 dicen-

2357 1263 2514 1328 dum
2569 1266 2739 1348 quod
2794 1266 2952 1331 illud
3005 1267 3197 1333 habet
3245 1271 3603 1349 veritatem,
3648 1275 3914 1355 quando

2357 1372 2625 1438 omnino
2641 1377 2794 1438 sunt
2818 1375 3107 1457 ejusdem
3147 1377 3401 1459 generis
3413 1375 3695 1462 proximi
3718 1400 3912 1446 :nam

2358 1480 2410 1543 si
2438 1498 2569 1544 non
2602 1486 2756 1545 sunt
2783 1485 3065 1565 ejusdem
3095 1486 3352 1567 generis
3380 1487 3686 1569 proximi,
3743 1489 3915 1553 falsi-

2356 1584 2552 1650 tatem
2580 1588 2793 1667 habet,
2819 1591 2983 1654 sicut
3001 1597 3176 1674 patet
3202 1594 3374 1675 quod
3397 1594 3566 1658 linea
3597 1595 3669 1659 in
3691 1596 3916 1660 infini-

2358 1695 2499 1757 tum
2527 1695 2776 1760 excedit
2799 1704 3133 1779 punctum,
3164 1704 3230 1764 et
3255 1702 3628 1783 superficies
3644 1702 3913 1770 lineam.

2360 1798 2574 1865 Gratia
2600 1806 2818 1867 autem
2847 1804 3075 1869 Christi
3100 1824 3231 1870 non
3264 1811 3516 1871 tantum
3540 1808 3916 1890 disponitad

2358 1908 2726 1975 fruitionem
2761 1913 3116 1977 aecundum
3142 1916 3315 1998 quod
3345 1916 3489 1980 aliae
3515 1918 3765 1998 gratiae,
3794 1937 3918 1983 ve-

2360 2032 2510 2078 rum
2553 2019 2747 2081 etiam
2790 2020 2869 2083 ad
2910 2020 3239 2086 unionem.
3287 2023 3365 2087 Et
3403 2025 3555 2087 hinc
3593 2029 3690 2089 est
3729 2029 3906 2109 quod

2361 2141 2511 2188 cum
2542 2125 2715 2189 uniri
2736 2143 2887 2190 cum
2913 2127 3142 2192 deitate
3182 2129 3265 2192 sit
3291 2148 3502 2194 novus
3524 2135 3588 2194 et
3612 2132 3918 2215 siugula—

2361 2229 2450 2293 ris
2497 2230 2725 2295 modus
2746 2232 2986 2297 divinae
3012 2235 3362 2301 existentiae
3393 2241 3456 2300 et
3505 2235 3921 2306 habitationis

2361 2338 2434 2401 in
2459 2344 2779 2421 creatura,
2810 2347 3127 2423 quantum
3168 2343 3247 2408 ad
3295 2346 3416 2409 hoc
3446 2350 3649 2428 potest
3673 2351 3921 2415 attendi

2363 2463 2683 2526 excessua,
2712 2447 2845 2512 sive
2881 2467 3205 2514 mensura.

2443 2557 2502 2617 5.
2537 2554 2635 2619 Ad
2650 2555 2811 2619 illud
2830 2557 3003 2639 quod
3030 2557 3353 2640 obiicitur,
3384 2562 3558 2642 quod
3598 2567 3777 2627 tanta
3822 2570 3923 2629 est

2362 2662 2595 2743 gratia,
2624 2666 2941 2744 quantum
2967 2668 3064 2727 est
3087 2664 3247 2730 illud
3300 2667 3381 2731 ad
3414 2667 3586 2750 quod
3609 2669 3918 2753 disponit,

2361 2770 2699 2835 dicendum
2744 2772 2916 2854 quod
2953 2772 3116 2836 illud
3141 2774 3377 2838 habere
3429 2779 3631 2857 potest
3672 2779 3919 2844 verita-

2361 2881 2518 2958 tem,
2540 2880 2593 2942 si
2622 2879 2918 2962 disponat
2935 2899 3050 2962 per
3080 2881 3345 2946 modum
3372 2884 3782 2965 necessitatis,
3818 2889 3916 2951 si·-

2363 3002 2443 3050 ve
2498 2986 3009 3066 condignationis
3028 3035 3047 3064 ,
3092 2988 3258 3051 sicut
3302 2971 3604 3054 meritum
3648 2991 3728 3056 ad
3756 3009 3921 3074 prae-

2362 3092 2604 3156 mium:
2632 3092 2741 3158 sed
2761 3092 2967 3173 gratia
2994 3093 3339 3176 singularis
3362 3113 3653 3180 personae
3698 3098 3919 3182 dispo-

2362 3201 2458 3263 nit
2476 3201 2559 3265 ad
2585 3201 2891 3266 unionem
2916 3201 3324 3285 dispositione
3346 3206 3787 3287 congr-uitatis.
3834 3209 3923 3273 11-

2361 3307 2423 3372 ls
2469 3307 2644 3371 enim
2670 3308 2831 3373 unio
2858 3328 2990 3374 non
3016 3314 3271 3376 tantum
3305 3313 3586 3394 gratuita
3619 3315 3777 3394 fuit,
3805 3318 3921 3382 sed

2363 3416 2531 3480 inter
2551 3434 2775 3481 omnes
2820 3418 3080 3500 gratias,
3110 3424 3185 3483 ut
3229 3420 3378 3485 dicit
3431 3420 3844 3503 Augustinus
3870 3428 3915 3505 ⁸,

2364 3524 2688 3605 potissime
2712 3526 2923 3589 tenuit
2953 3526 3264 3591 rationem
3287 3528 3517 3610 gratiae
3533 3576 3552 3607 ,
3586 3530 3757 3593 sicut
3804 3531 3921 3597 ha-

2364 3630 2570 3695 bitum
2617 3635 2712 3695 est
2743 3650 2940 3715 supra
2966 3682 2983 3710 ,
3016 3634 3418 3700 distinctione
3466 3641 3717 3717 quarta,
3760 3640 3919 3720 quia

2364 3739 2540 3802 nulla
2566 3741 2795 3804 merita
2812 3741 3193 3806 sufficientia
3223 3747 3568 3825 potuerunt
3580 3761 3724 3809 eam
3743 3763 3914 3827 prae·

2363 3848 2584 3911 venire
2615 3866 2632 3925 ;
2670 3853 2927 3929 propter
2973 3848 3097 3912 hoc
3133 3867 3264 3913 non
3318 3854 3593 3932 oportet,
3637 3853 3813 3933 quod
3860 3854 3919 3917 si

2364 3972 2500 4018 esse
2535 3953 2738 4018 Deum
2764 3956 2845 4018 sit
2873 3957 3120 4021 bonum
3154 3956 3485 4020 infinitum
3512 3955 3913 4040 simpliciter,

2362 4061 2535 4144 quod
2561 4061 2769 4142 gratia
2822 4061 2902 4126 ad
2949 4063 3071 4128 hoc
3116 4080 3481 4145 praeparans
3524 4063 3608 4127 sit
3635 4064 3914 4131 infinita.

2365 4167 2582 4233 Posset
2606 4169 2800 4232 etiam
2825 4173 2888 4233 et
2914 4170 3095 4235 aliter
3118 4171 3277 4249 dici,
3318 4170 3491 4252 quod
3540 4178 3675 4237 esse
3708 4170 3920 4238 Deum

2363 4274 2698 4357 dupliciter
2737 4274 2971 4340 dicitur
3011 4276 3090 4340 de
3120 4277 3334 4360 aliquo
3361 4324 3379 4354 ‚
3435 4281 3551 4342 aut
3602 4277 3922 4359 praedica-

2364 4382 2536 4446 tione
2576 4401 2690 4464 per
2742 4383 3104 4462 essentiam,
3158 4389 3271 4448 aut
3314 4402 3427 4466 per
3455 4383 3764 4449 unionem
3800 4408 3818 4449 :
3865 4385 3921 4449 si

2367 4490 2814 4572 praedicatione
2839 4508 2951 4573 per
3013 4492 3375 4569 essentiam,
3403 4496 3558 4556 tunc
3585 4490 3921 4556 infinitum

2367 4598 2668 4681 praedicat
2698 4598 2939 4662 bonum
2964 4598 3033 4661 in
3060 4597 3465 4678 rectitudine;
3495 4598 3550 4662 si
3587 4617 3701 4681 per
3728 4600 3924 4664 unio-

2366 4723 2538 4785 nem,
2570 4710 2723 4770 tunc
2765 4705 3064 4788 praedicat
3103 4707 3431 4771 infinitum
3476 4708 3722 4770 bonum
3782 4725 3924 4773 non

2367 4812 2532 4877 circa
2548 4811 2706 4876 illud
2735 4811 2813 4876 de
2840 4830 2969 4895 quo
2989 4812 3391 4895 praedicatur,
3424 4811 3533 4876 sed
3561 4813 3728 4877 circa
3753 4814 3923 4880 illud

2368 4919 2538 5002 quod
2568 4919 2970 5002 praedicatur.
3002 4917 3181 4982 Unde
3205 4935 3357 4982 cum
3393 4918 3625 4983 dicitur
3675 4941 3691 4984 :
3733 4943 3765 4981 α
3796 4920 3922 4985 Iste

2367 5027 2564 5091 homo
2589 5029 2684 5090 oet
2707 5026 2900 5104 Deus;
2931 5048 2962 5087 n
3015 5024 3164 5090 vel:
3207 5049 3240 5087 α
3269 5026 3389 5090 Iste
3435 5026 3632 5090 homo
3669 5030 3764 5091 est
3810 5027 3923 5092 bo-

2370 5152 2531 5199 num
2558 5134 2910 5212 infinitum,
2935 5156 2966 5195 n
3003 5133 3175 5198 idem
3198 5138 3294 5198 est
3320 5151 3395 5197 ac
3440 5132 3495 5197 si
3545 5133 3869 5201 diceretur
3898 5158 3915 5199 ε
4008 5208 4015 5215 ,

2371 5241 2494 5307 Iste
2520 5241 2716 5306 homo
2736 5245 2835 5306 est
2876 5242 3098 5307 unitus
3123 5240 3251 5306 Deo
3272 5240 3589 5306 immenso
3612 5242 3683 5308 in
3710 5243 3920 5310 unita·

2370 5418 2415 5454 c.
2444 5403 2642 5455 vin—⁸
2670 5406 2820 5469 Aug„
2847 5404 2907 5453 de
2943 5403 3098 5463 Tria„
3127 5401 3214 5453 lib.
3237 5401 3371 5466 xlii,
3399 5417 3447 5454 c.
3476 5414 3598 5467 1115
3630 5402 3923 5469 Enem'rid„

2370 5489 2417 5526 e.
2448 5487 2519 5529 n.
2543 5475 2822 5539 etm3de
2854 5474 3092 5527 Prodest.
3113 5475 3303 5536 Suet„
3332 5487 3382 5526 c.
3406 5485 3492 5525 xv.
