4185 6288
1302 469 1498 537 ms'r.
1542 465 1876 535 lxsan'r.
1923 467 1970 533 1.
2015 466 2316 547 QUAEST.
2364 469 2471 537 111.

318 603 393 665 tri
415 603 762 672 dominium
803 608 1152 692 majestatis
1199 631 1215 669 ε
1262 624 1421 689 ergo
1457 623 1610 670 cum
1650 603 1836 669 latria

321 709 392 772 sit
425 712 625 778 cultus
668 716 985 798 majestati
1048 716 1296 780 debitus
1309 763 1330 796 ,
1382 714 1521 798 pari
1589 712 1834 780 ratione

322 821 721 886 communicat
750 824 811 887 ei
833 824 1037 888 latriae
1065 823 1333 888 cultum.

382 930 431 991 3.
471 926 630 993 Item
671 948 819 995 caro
861 930 1090 996 Christi
1141 928 1488 995 consimilis
1536 929 1660 993 fuit
1710 947 1832 993 na-

311 1034 476 1109 turae,
504 1040 568 1099 et
592 1036 1143 1101 consubstantialis
1161 1036 1338 1101 carni
1368 1035 1650 1117 Virginis
1680 1036 1831 1100 :sed

311 1138 573 1206 Christus
591 1145 947 1209 secundum
965 1146 1323 1209 humanam
1347 1147 1647 1208 naturam
1670 1143 1829 1208 ado-

307 1247 524 1312 randus
566 1254 664 1313 est
721 1251 1088 1316 adoratione
1151 1251 1357 1316 latriae
1407 1273 1423 1315 z
1482 1269 1641 1332 ergo
1692 1250 1829 1333 pari

302 1355 529 1421 ratione
594 1358 883 1422 humana
945 1362 1178 1424 natura
1246 1359 1314 1422 in
1364 1356 1631 1439 Virgine
1686 1360 1829 1439 ejus

303 1467 508 1528 matre.

361 1577 416 1636 4.
452 1571 615 1636 Item
660 1572 863 1637 Filius
908 1574 1014 1637 Dei
1058 1573 1353 1639 exhibuit
1402 1571 1825 1636 reverentiam

295 1681 347 1740 et
363 1677 678 1744 honorem
706 1680 829 1763 ipsi
849 1680 1098 1762 Virgini
1115 1730 1132 1759 ,
1177 1681 1343 1744 sicut
1387 1698 1523 1744 suae
1566 1680 1754 1744 matri
1803 1701 1819 1744 z

293 1805 436 1869 ergo
455 1789 509 1851 si
532 1789 802 1879 subjecit
827 1808 917 1869 se,
945 1791 1085 1855 vult
1102 1807 1217 1873 per
1238 1806 1631 1871 consequens
1650 1790 1822 1871 quod

291 1896 728 1979 unusquisque
756 1898 961 1961 eidem
986 1899 1386 1980 subjiciatur,
1412 1902 1475 1961 et
1499 1898 1670 1980 quod
1697 1897 1822 1961 ho-

291 2020 399 2067 nor
431 2003 547 2085 qui
593 2004 713 2066 sibi
765 2004 1192 2087 impenditur,
1237 2006 1297 2069 ei
1336 2005 1748 2088 impendatur
1802 2028 1815 2070 :

286 2110 334 2172 si
356 2129 514 2192 ergo
538 2111 913 2193 hujusmodi
941 2119 1032 2178 est
1049 2114 1256 2192 latria,
1280 2115 1558 2191 videtur,
1573 2119 1696 2178 etc.

60 2200 260 2248 ‘⁸⁵⁴²’-
358 2216 480 2281 Sed
515 2224 737 2283 eontra
778 2243 793 2284 ε
840 2219 1042 2303 Virgo
1083 2223 1267 2287 beata
1318 2221 1539 2286 adorat
1586 2220 1820 2287 Filium

284 2345 471 2391 suum
497 2328 866 2394 adoratione
895 2330 1097 2393 latriae
1131 2352 1145 2393 ε
1175 2330 1281 2393 sed
1319 2330 1515 2393 unius
1551 2332 1614 2393 et
1653 2332 1819 2413 ejus-

284 2434 423 2498 dem
471 2437 825 2501 secundum
869 2436 1158 2500 eamdem
1201 2441 1501 2500 naturam
1540 2456 1672 2501 non
1724 2441 1821 2502 est

282 2540 562 2622 adorare,
592 2548 656 2607 et
671 2544 922 2608 adorari
952 2545 1040 2607 :si
1067 2562 1226 2626 ergo
1253 2544 1319 2607 in
1348 2545 1530 2608 beata
1551 2543 1818 2626 Virgine

279 2653 369 2712 est
411 2669 545 2714 una
586 2655 839 2716 tantum
885 2656 1139 2729 natura,
1167 2652 1423 2717 videtur
1465 2652 1637 2735 quod
1680 2653 1818 2735 ipsa

278 2774 401 2820 non
435 2759 517 2821 sit
540 2758 728 2823 latria
758 2759 1099 2824 adoranda.

354 2864 511 2929 Item
534 2865 764 2930 :Beata
782 2866 985 2948 Virgo
1009 2870 1104 2930 est
1116 2885 1278 2950 pura
1303 2869 1629 2931 creatura:
1658 2884 1816 2948 ergo

274 2989 399 3035 non
425 2973 697 3037 debetur
722 2974 784 3037 ei
809 2973 1038 3049 honor,
1070 2975 1194 3037 nisi
1220 2975 1336 3057 qui
1366 2978 1462 3038 est
1488 2974 1657 3039 inter
1686 2979 1812 3039 ter-

274 3080 477 3144 minos
517 3085 831 3147 creaturae
870 3104 887 3147 ι
917 3083 1026 3147 sed
1053 3082 1170 3148 iste
1209 3088 1304 3149 est
1340 3083 1552 3148 honor
1590 3083 1810 3163 duliae,

269 3207 397 3252 non
426 3188 631 3254 latriae
661 3209 677 3252 :
710 3208 889 3271 erg0‚
922 3195 1041 3254 etc.

346 3295 503 3362 Item
547 3298 761 3361 honor
805 3297 1011 3361 latriae
1059 3298 1346 3363 redditur
1393 3297 1521 3364 Deo
1567 3301 1812 3365 ratione

266 3420 539 3468 summae
565 3406 692 3487 maj
701 3405 913 3470 aetatis
945 3423 963 3469 z
991 3405 1099 3469 sed
1128 3406 1292 3470 hanc
1326 3425 1456 3471 non
1494 3412 1591 3471 est
1628 3426 1815 3491 repe-

268 3510 378 3574 riri
401 3512 470 3576 in
495 3511 766 3594 Virgine
805 3535 822 3578 ε
870 3532 1027 3595 ergo
1055 3532 1186 3578 non
1224 3513 1477 3579 videtur
1522 3515 1693 3596 quod
1730 3516 1813 3579 sit

268 3617 436 3683 cultu
462 3619 670 3684 latriae
694 3620 1037 3685 adoranda.

342 3724 500 3790 Item
550 3727 667 3810 qui
726 3728 947 3792 adorat
1002 3727 1282 3811 aliquem
1341 3730 1521 3794 cultu
1572 3731 1804 3810 latriae,

266 3833 596 3914 confitetur
617 3835 833 3918 ipsum
857 3853 992 3899 esse
1010 3835 1211 3900 Deum
1236 3859 1251 3901 ε
1273 3856 1433 3919 ergo
1458 3838 1571 3921 qui
1588 3838 1810 3902 adorat

266 3938 592 4023 Vlrginem
617 3943 797 4007 cultu
820 3943 1057 4023 latriae,·
1077 3945 1417 4010 confltetur
1444 3945 1652 4028 ipsam
1671 3965 1808 4010 esse

265 4047 443 4113 deam
475 4069 678 4132 :ergo
701 4051 756 4114 si
798 4052 922 4116 hoc
961 4058 1056 4116 est
1093 4053 1437 4136 impietatis
1475 4054 1803 4134 maximae,

267 4155 517 4224 videtur
543 4159 718 4241 quod
742 4159 960 4240 etiam,
993 4164 1113 4225 etc.

793 4392 1248 4461 CONCLUSIO.

266 4569 518 4627 Gloriosoe
540 4573 766 4643 Vimim'
784 4573 967 4631 latrioe
985 4573 1234 4632 adoratio
1256 4589 1367 4630 non
1387 4578 1463 4632 est
1482 4575 1801 4643 exhibenda,

332 4674 448 4714 cum
467 4674 618 4730 pura
648 4663 725 4716 sit
751 4666 1033 4728 creatura3
1070 4661 1164 4717 sed
1190 4665 1404 4718 tantum
1443 4662 1764 4736 hyperdulia
1782 4706 1800 4728 ,

330 4758 447 4800 cum
471 4749 844 4802 &naturarum
863 4748 940 4802 sit
966 4747 1431 4804 excellentissima.

198 4974 205 4979 ,
338 4901 521 4988 Resp.
551 4906 631 4969 ad
658 4923 802 4988 arg.
835 4904 1184 4971 Dicendum
1227 4906 1397 4989 quod
1441 4906 1803 4973 beatissima

255 5009 452 5094 Virgo
495 5012 695 5077 Maria
722 5031 888 5097 pura
913 5018 1201 5078 creatura
1228 5017 1322 5077 oet
1368 5033 1386 5076 ε
1431 5018 1495 5077 et
1534 5014 1676 5080 ideo
1719 5015 1800 5079 ad

254 5119 560 5186 honorem
587 5126 652 5186 et
674 5122 923 5187 cultum
947 5119 1149 5186 latriae
1176 5139 1310 5185 non
1336 5122 1616 5186 ascendit
1650 5122 1801 5188 :sed

251 5231 551 5312 quoniam
598 5229 1206 5295 excellentissimum
1258 5247 1500 5298 nomen
1563 5229 1796 5312 habet,

250 5335 335 5400 ita
360 5339 530 5419 quod
556 5336 972 5403 excellentius
993 5355 1176 5421 purae
1205 5340 1519 5401 creaturae
1558 5355 1797 5402 conve-

310 5462 330 5498 ¹
358 5462 521 5515 Glou.
549 5464 747 5530 mpori
780 5462 917 5527 fleo„
943 5473 1031 5514 vn.

3372 480 3493 542 205

1943 605 2082 668 nire
2129 624 2259 670 non
2305 608 2508 689 potest
2537 628 2552 684 ;
2589 605 2732 670 ideo
2775 624 2907 670 non
2944 610 3200 675 tantum
3226 609 3495 678 debetur

1942 710 1999 775 ei
2030 712 2240 776 honor
2267 712 2483 793 duliae,
2515 714 2625 778 sed
2649 714 3070 797 hyperduliae.
3107 716 3241 783 Hoc
3273 724 3493 787 autem

1940 837 2176 883 nomen
2203 824 2331 897 est,
2361 821 2533 904 quod
2576 820 2774 904 Virgo
2808 822 3118 904 existenS,
3150 824 3260 890 Dei
3289 833 3494 895 mater

1939 931 2034 990 ost
2078 950 2092 990 :
2140 929 2309 1011 quod
2353 929 2612 1011 quidem
2640 930 2728 992 ita
2770 918 2964 995 tanta}
2994 932 3329 1014 dignitatis
3370 941 3490 1017 est,

1938 1035 2110 1115 quod
2151 1053 2281 1100 non
2323 1036 2534 1100 solum
2568 1036 2863 1114 viatore5‚
2915 1038 3023 1102 sed
3059 1040 3256 1105 etiam
3307 1061 3491 1108 oom-

1939 1140 2357 1222 prehensores
2396 1163 2413 1223 ;
2441 1161 2571 1207 non
2624 1144 2835 1208 solum
2887 1144 3202 1224 homines,
3255 1167 3489 1215 verum

1936 1248 2129 1311 etiam
2154 1248 2368 1331 angeli
2397 1268 2540 1313 eam
2569 1256 2987 1316 revereantur
3012 1254 3291 1335 quadam
3314 1274 3489 1338 prae-

1934 1356 2230 1437 rogativa
2255 1356 2531 1439 speciali.
2574 1356 2671 1422 Ex
2711 1357 2835 1422 hoc
2861 1358 3035 1422 enim
3080 1361 3252 1442 quod
3282 1367 3487 1429 mater

1935 1463 2041 1527 Dei
2064 1468 2182 1541 est,
2209 1464 2470 1548 praelata
2495 1470 2589 1529 est
2615 1465 2861 1530 caeteris
2889 1468 3221 1549 creaturis,
3248 1473 3312 1533 et
3339 1488 3485 1536 eam

1932 1572 2330 1652 praecaeteris
2355 1572 2579 1637 decens
2601 1579 2697 1636 est
2732 1573 3035 1639 honorari
3064 1579 3128 1640 et
3153 1579 3475 1644 venerari.

1936 1672 2049 1737 Hic
2076 1679 2289 1738 autem
2319 1673 2525 1738 honor
2553 1676 2882 1741 consuevit
2931 1696 2972 1740 a
3001 1678 3327 1758 magistris
3353 1680 3482 1764 hy-

1932 1780 2219 1864 perdulia
2238 1783 2476 1847 vocari.
2509 1782 2585 1846 Et
2609 1784 2916 1866 accipitur
2937 1785 3210 1850 verbum
3226 1786 3382 1852 illud
3402 1788 3483 1853 de

1931 1889 2147 1952 Glossa
2170 1898 2213 1967 ¹,
2246 1891 2362 1955 ubi
2402 1892 2631 1956 dicitur
2684 1892 2858 1956 dulia
2910 1895 3138 1975 major,
3193 1899 3256 1957 et
3306 1895 3482 1961 dulia

1929 1998 2165 2061 minor.
2239 1999 2665 2063 Concedendae
2725 2005 2876 2064 sunt
2938 2020 3096 2082 ergo
3162 2003 3478 2084 rationes,

1927 2106 2098 2186 quod
2124 2106 2377 2189 Virgini
2407 2108 2621 2174 Mariae
2651 2129 2781 2174 non
2810 2111 2892 2174 sit
2913 2111 3317 2177 exhibendus
3344 2113 3482 2179 cul·

1928 2216 2033 2275 tus
2062 2213 2289 2279 latriae.

2008 2326 2067 2384 1.
2102 2322 2200 2384 Ad
2228 2322 2384 2387 illud
2413 2342 2567 2386 vero
2611 2324 2782 2405 quod
2813 2325 3024 2408 primo
3070 2326 3371 2409 objicitur
3410 2327 3481 2392 in

1926 2430 2341 2508 contrarium,
2371 2431 2544 2513 quod
2594 2432 2800 2496 honor
2829 2432 3045 2497 Matris
3085 2435 3357 2499 refertur
3400 2434 3482 2498 ad

1926 2534 2187 2613 Filium,
2208 2537 2549 2602 dicendum
2596 2539 2766 2620 quod
2807 2540 3117 2605 honorem
3147 2540 3373 2604 referri
3399 2539 3482 2603 ad

1923 2640 2203 2723 aliquem
2230 2647 2325 2706 est
2350 2643 2686 2726 dupliciter
2724 2666 2739 2706 :
2769 2648 2881 2708 aut
2917 2645 3082 2708 sicut
3108 2645 3187 2709 ad
3221 2645 3476 2727 subjec-

1923 2753 2089 2826 tum,
2119 2756 2232 2812 aut
2281 2749 2446 2813 sicut
2483 2750 2562 2812 ad
2597 2752 2815 2814 finem.
2867 2750 3088 2815 Honor
3117 2755 3334 2815 autem
3365 2752 3479 2834 qui

1928 2856 2267 2919 exhibetur
2288 2855 2496 2930 Matri,
2519 2857 2793 2921 refertur
2827 2858 2908 2921 ad
2938 2857 3172 2922 Filium
3205 2859 3372 2923 sicut
3397 2860 3478 2924 ad

1922 2964 2148 3039 finem3
2168 2962 2375 3027 honor
2403 2982 2558 3028 vero
2588 2982 2719 3047 quo
2747 2964 3093 3029 adoramus
3121 2966 3475 3048 imaginem

1921 3071 2173 3151 Christi,
2217 3071 2491 3135 refertur
2518 3072 2599 3135 ad
2646 3072 2859 3155 ipsum
2898 3076 3064 3137 sicut
3106 3075 3187 3138 ad
3216 3076 3469 3159 subjec-

1923 3183 2065 3242 tum
2114 3200 2130 3243 t
2179 3179 2351 3243 unde
2393 3180 2507 3261 qui
2550 3179 2773 3245 adorat
2812 3181 3041 3245 Christi
3086 3182 3466 3264 imaginem,

1920 3286 2239 3350 Christum
2293 3287 2542 3367 adorat,
2599 3307 2731 3352 non
2773 3290 3163 3372 imaginem;
3204 3293 3317 3374 qui
3354 3311 3472 3358 au·

1918 3399 2049 3458 tem
2094 3395 2316 3459 adorat
2361 3395 2585 3460 Christi
2635 3395 2901 3461 Matrem
2922 3445 2939 3475 ,
3006 3398 3199 3462 etiam
3251 3400 3474 3466 adorat

1918 3499 2270 3578 Christum,
2302 3508 2363 3567 et
2396 3503 2661 3567 Matrem
2683 3524 2892 3569 suam.

1997 3614 2059 3673 2.
2094 3608 2190 3672 Ad
2219 3609 2377 3673 illud
2404 3609 2576 3691 quod
2604 3610 2902 3692 objicitur
2921 3659 2938 3687 ‚
2970 3613 3141 3694 quod
3173 3632 3468 3679 commu-

1915 3715 2082 3780 nicat
2123 3716 2306 3780 Matri
2335 3717 2691 3780 dominium
2722 3720 3090 3800 majestatis,
3122 3721 3465 3787 dicendum

1914 3822 2087 3905 quod
2114 3828 2208 3887 est
2249 3823 2610 3889 dominium
2633 3826 3077 3907 praesidentiae‚
3113 3832 3176 3890 et
3215 3832 3312 3892 est
3343 3829 3467 3894 do·-

1916 3936 2192 4000 minium
2239 3937 2584 4020 majestatis
2635 3942 2698 4001 et
2747 3937 3247 4020 omnipotentiae.
3302 3940 3465 4006 Cum

1914 4062 2072 4126 ergo
2121 4045 2373 4123 dicitur,
2403 4045 2574 4127 quod
2603 4044 2806 4109 Filius
2822 4047 3254 4111 communicat
3279 4048 3466 4114 Matri

1911 4152 2294 4231 dominium,
2318 4150 2700 4233 intelligitur
2716 4153 2795 4217 de
2813 4154 3094 4217 dominio
3113 4154 3465 4237 praesiden-

1912 4259 2057 4339 tiae3
2108 4278 2258 4324 cum
2311 4278 2466 4324 vero
2492 4260 2913 4344 subjungitur
2958 4263 3132 4345 quod
3179 4262 3463 4327 dominio

1910 4368 2198 4433 redditur
2223 4369 2434 4433 cultus
2454 4368 2683 4449 latriae,
2718 4369 3103 4452 intelligitur
3145 4370 3223 4436 de
3251 4370 3462 4435 domi-

1912 4476 2019 4540 nio
2086 4478 2433 4560 majestatis
2490 4481 2555 4543 et
2611 4478 3086 4561 omnipotentiae
3133 4498 3150 4542 :
3220 4482 3285 4541 et
3339 4480 3463 4545 hoc

1909 4584 2173 4666 quidem
2203 4586 2365 4649 Deus
2401 4584 2563 4648 nulli
2607 4585 3037 4650 communicat
3061 4603 3242 4667 purae
3271 4604 3460 4652 crea-

1909 4695 2102 4755 turae.

1990 4802 2051 4863 3.
2082 4796 2180 4861 Ad
2204 4797 2360 4860 illud
2389 4798 2559 4880 quod
2607 4798 2929 4882 objicitur,
2962 4800 3135 4882 quod
3166 4801 3458 4882 ejusdem
3570 4841 3574 4846 -

1908 4910 2157 4969 naturae
2187 4908 2250 4968 et
2299 4905 2648 4968 consimilis
2675 4910 2771 4970 est
2797 4924 2944 4970 earo
2988 4904 3278 4988 Virginis
3305 4928 3458 4975 cum

1909 5031 2098 5076 carne
2121 5009 2334 5092 Verbi,
2365 5011 2707 5075 dicendum
2737 5012 2908 5093 quod
2931 5030 3079 5076 caro
3109 5012 3298 5078 Verbi
3324 5033 3460 5082 non

1907 5120 2212 5184 adoratur
2254 5118 2622 5182 adoratione
2644 5117 2864 5184 ,latriae
2915 5118 2982 5182 in
3015 5125 3336 5201 quantum
3363 5127 3462 5186 est

1907 5245 2055 5292 caro
2080 5226 2369 5289 humana
2387 5273 2404 5304 ,
2464 5226 2573 5289 sed
2601 5225 2667 5287 in
2697 5231 3010 5308 quantum
3041 5231 3136 5290 est
3163 5245 3310 5291 caro
3350 5247 3459 5291 as-

1905 5338 2182 5418 sumpta.
2217 5333 2387 5397 Licet
2435 5338 2649 5398 autem
2705 5351 2852 5397 caro
2877 5332 3165 5416 Virginis
3205 5335 3456 5399 confor-

1908 5443 2033 5507 mis
2064 5443 2146 5506 sit
2174 5441 2349 5506 carni
2375 5440 2565 5506 Verbi
2593 5447 2908 5527 quantum
2939 5443 3019 5507 ad
3048 5442 3458 5506 conformita-
