4185 6288
43 4859 106 4902 Ad
122 4872 227 4917 opp.

1319 469 1514 541 DIST.
1558 471 1715 543 xlx.
1760 479 1944 549 Au'r.
1991 484 2068 550 11.
2117 483 2415 567 QUAEST.
2463 496 2539 562 Il.

867 637 1225 716 QUAESTIO
1268 645 1346 709 Il.

399 796 493 853 An
542 798 785 859 Christus
823 807 899 862 sit
946 808 1215 867 mediator
1252 813 1534 871 sectandum
1574 816 1802 875 alteram

943 901 1203 956 naturam
1228 905 1265 957 ¹.

325 1262 677 1327 ostenditur
702 1269 1076 1337 auctoritate
1103 1273 1451 1357 Augustini
1486 1280 1554 1344 in
1601 1281 1765 1348 libro
1791 1285 1867 1353 de

327 1364 603 1436 civitate
640 1374 762 1439 Dei
787 1375 810 1410 ’
835 1397 863 1440 .·
899 1400 929 1438 a
977 1378 1387 1448 Mediatorem
1434 1386 1600 1451 inter
1642 1408 1762 1455 nos
1804 1398 1868 1457 et

323 1469 548 1553 Deum,
568 1483 634 1542 et
662 1484 1114 1552 mortalitatem
1143 1495 1425 1574 oportuit
1445 1495 1681 1562 habere
1698 1504 1866 1565 tran-

319 1589 610 1650 seuntem
634 1638 652 1669 ‚
693 1596 757 1656 et
798 1593 1257 1665 beatitudinem
1298 1610 1800 1686 permanentem.
1824 1632 1854 1668 n

318 1692 442 1759 Sed
480 1702 834 1785 utrumque
867 1706 1100 1773 horum
1144 1716 1445 1796 competit
1485 1716 1731 1785 Christo
1771 1740 1865 1786 se-

318 1803 600 1869 cundum
627 1809 983 1880 humanam
1015 1823 1313 1885 naturam
1343 1844 1365 1885 .·
1392 1843 1574 1907 ergo,
1607 1832 1724 1893 etc.

399 1911 556 1979 Item
616 1917 738 1984 hoc
799 1923 1011 2006 ipsum
1078 1933 1432 1997 ostenditur
1488 1937 1859 2004 auctoritate

316 2018 606 2102 Magistri
633 2028 701 2092 in
745 2030 957 2098 littera
995 2057 1009 2100 :
1066 2061 1098 2098 α
1138 2038 1444 2107 Mediator
1492 2045 1721 2112 dicitur
1757 2067 1853 2113 se·

3407 516 3524 588 tt?

1984 621 2073 686 ita
2095 625 2176 688 sit
2201 628 2473 708 medius,
2508 636 2579 697 ut
2624 634 2789 702 Deus
2816 640 2899 705 sit
2922 650 3182 729 propter
3226 660 3525 726 naturam

1981 729 2355 817 divinitatis,
2386 742 2450 803 et
2466 739 2662 808 homo
2690 753 2947 830 propter
2964 758 3263 824 naturam
3290 761 3526 831 huma-

1980 837 2236 904 nitatis?
2281 865 2340 924 ns
2351 843 2523 929 Ergo
2577 867 2713 915 esse
2768 857 3179 927 mediatorem
3228 875 3529 956 competit

1981 943 2228 1013 Christo
2255 931 2614 1023 s‘ecundum
2642 965 2982 1049 utramque
3008 977 3329 1041 naturam.

2058 1058 2118 1118 2.
2155 1053 2313 1122 Item
2338 1059 2622 1130 Christus
2647 1072 2743 1132 est
2758 1073 3067 1141 mediator
3093 1099 3227 1147 non
3248 1103 3363 1168 per
3384 1089 3523 1169 pri-

1843 1226 1864 1257 ,
1983 1160 2327 1246 vationem,
2358 1170 2468 1234 sed
2500 1191 2614 1255 per
2639 1177 3017 1258 positionem
3047 1208 3060 1248 :
3098 1189 3204 1254 sed
3235 1194 3521 1262 medium

1982 1285 2099 1349 per
2120 1272 2504 1351 positionem
2521 1285 2616 1344 est
2635 1284 2920 1352 medium
2956 1310 3072 1374 per
3088 1299 3520 1384 participatio-

1980 1394 2129 1441 nem
2161 1382 2489 1467 utriusque
2519 1392 2790 1456 extremi
2844 1417 2858 1459 :
2889 1416 3047 1481 ergo
3074 1401 3361 1472 Christus
3386 1429 3519 1478 non

1972 1486 2179 1565 potuit
2207 1506 2342 1554 esse
2390 1496 2699 1562 mediator
2736 1498 2849 1566 Dei
2878 1508 2942 1568 et
2966 1511 3166 1574 nostri
3187 1560 3211 1591 ,
3251 1515 3374 1579 nisi
3403 1537 3517 1600 per

1970 1588 2095 1655 hoc
2118 1597 2288 1676 quod
2310 1603 2405 1663 est
2451 1601 2616 1668 Deus
2639 1612 2702 1671 et
2725 1606 2920 1677 homo
2954 1637 2969 1678 ι
3003 1634 3161 1699 ergo
3208 1623 3517 1691 mediator

1970 1702 2324 1768 secundum
2347 1711 2686 1795 utramque
2714 1723 3031 1788 naturam.

2051 1810 2111 1871 3.
2146 1807 2324 1891 Item,
2354 1833 2693 1901 nunquam
2721 1827 3008 1894 medium
3047 1834 3273 1916 jungit
3295 1844 3512 1906 extre-

1968 1932 2100 1993 ma,
2131 1919 2254 1981 nisi
2284 1940 2397 2004 per
2418 1924 2541 1990 hoc
2567 1932 2739 2011 quod
2763 1932 2956 2001 hahet
2982 1946 3507 2014 communicatio-

1966 2040 2119 2087 nem
2138 2043 2290 2091 cum
2317 2035 2622 2117 utroque:
2653 2057 2810 2123 ergo
2838 2043 3120 2113 Christus
3168 2069 3505 2137 nunquam

1737 2155 1751 2169 ·
1805 2155 1859 2204 ·,,
1964 2147 2083 2195 nos
2109 2138 2544 2208 reconciliaret
2568 2144 2718 2227 Deo,
2758 2151 2880 2214 nisi
2898 2160 3062 2220 esset
3095 2157 3260 2224 Deus
3286 2167 3348 2226 et
3383 2164 3507 2229 ho-

313 2466 469 2531 ergo
502 2455 811 2524 mediator
855 2461 965 2527 Dei
1016 2469 1078 2529 et
1122 2466 1463 2536 hominum
1499 2474 1683 2541 debet
1719 2496 1854 2544 esse

312 2556 476 2624 infra
496 2560 699 2628 Deum
725 2572 786 2630 et
812 2587 1007 2652 supra
1032 2572 1326 2641 homines
1362 2602 1377 2644 ε
1409 2582 1518 2646 sed
1567 2583 1853 2651 Christus

310 2669 663 2734 secundum
691 2672 974 2741 divinam
1000 2685 1299 2748 naturam
1329 2694 1569 2754 nonest
1590 2691 1852 2760 inferior

311 2772 438 2838 Deo
466 2798 481 2838 :
518 2795 676 2859 ergo
701 2784 1058 2851 secundum
1084 2789 1370 2857 divinam
1391 2800 1690 2863 naturam
1715 2819 1848 2867 non

307 2886 512 2962 potest
536 2903 672 2951 esse
698 2890 1032 2958 mediator.
1071 2895 1180 2961 Est
1200 2918 1358 2982 ergo
1383 2904 1591 2971 solum
1606 2910 1846 2974 media-

308 2992 405 3052 tor
431 2993 785 3059 secundum
811 3004 1107 3067 naturam
1135 3015 1551 3093 assumptam.

384 3096 543 3162 Item
598 3103 879 3171 medium
923 3108 1107 3177 debet
1151 3114 1383 3182 habere
1422 3118 1844 3190 differentiam

302 3203 384 3267 ab
407 3211 708 3281 extremis
741 3234 756 3277 :
787 3215 895 3280 sed
919 3216 1204 3287 Christus
1228 3229 1580 3294 secundum
1606 3231 1844 3298 divini-

302 3312 495 3378 tatem
528 3321 623 3382 est
663 3322 927 3390 omnino
971 3344 1179 3394 unum
1224 3352 1371 3398 cum
1409 3334 1593 3403 Patre
1632 3361 1647 3403 :
1681 3359 1841 3423 ergo

299 3435 430 3483 non
480 3423 755 3508 videtur,
813 3433 983 3514 quod
1036 3440 1388 3505 secundum
1444 3443 1837 3512 divinitatem

298 3526 530 3594 habeat
554 3535 865 3602 rationem
885 3542 1273 3611 mediatoris.

377 3636 532 3703 Item
568 3663 700 3709 una
741 3653 835 3712 est
868 3651 1111 3718 offensa
1153 3658 1347 3723 totius
1372 3659 1716 3744 Trinitatis,
1748 3667 1834 3729 si-

290 4064 362 4127 fit
387 4067 722 4135 satisfactio
750 4071 933 4156 Filio,
960 4078 1125 4170 sicut
1179 4078 1345 4148 Patri
1398 4107 1414 4149 ι
1447 4088 1556 4153 sed
1586 4096 1832 4157 constat

287 4172 459 4252 quod
478 4174 761 4259 alterius,
792 4184 855 4244 et
880 4183 1141 4251 alterius
1155 4197 1406 4257 naturae
1434 4200 1529 4259 est
1554 4199 1828 4265 satisfac-

287 4277 529 4346 tionem
556 4285 805 4368 offerre‚
836 4294 900 4354 et
926 4293 1411 4364 satisfactionem
1446 4305 1766 4389 suscipere
1797 4331 1813 4372 ε

289 4402 447 4468 ergo
480 4389 533 4452 si
579 4388 861 4460 Christus
898 4400 1195 4469 satisfacit
1246 4409 1599 4475 secundum
1647 4416 1821 4496 quod

288 4493 505 4576 homo,
536 4502 600 4562 et
621 4518 699 4565 eo
728 4502 867 4585 ipso
894 4510 988 4570 est
1014 4510 1322 4578 mediator
1348 4535 1479 4599 quo
1503 4520 1823 4602 satisfacit,

288 4600 540 4667 videtur
564 4608 736 4688 quod
761 4610 844 4674 sit
890 4614 1200 4683 mediator
1236 4622 1447 4691 solum
1474 4628 1826 4694 secundum

285 4706 639 4777 humanam
668 4721 986 4787 naturam.

366 4814 487 4882 Sed
524 4825 742 4888 contra
789 4825 910 4893 hoc
956 4852 971 4894 :
1020 4837 1077 4897 1.
1127 4833 1240 4899 Est
1290 4842 1634 4909 auctoritas
1680 4845 1824 4930 illa,

286 4941 479 5007 quam
501 4927 806 5012 Magister
830 4937 1087 5005 adducit
1114 4942 1182 5007 in
1208 4945 1415 5012 littera
1448 4972 1460 5013 :
1488 4973 1519 5009 α
1546 4950 1612 5015 Si
1642 4952 1828 5019 Chri-

284 5032 419 5094 stus
472 5035 827 5103 secundum
871 5060 1008 5124 vos,
1040 5065 1079 5109 o
1104 5046 1414 5130 haeretici,
1448 5071 1648 5119 unam
1681 5061 1827 5123 tan-

286 5139 429 5202 tum
451 5140 644 5207 habet
666 5150 988 5231 naturam,
1017 5154 1191 5219 unde
1221 5158 1471 5224 medius
1515 5164 1656 5246 erit,
1689 5168 1827 5232 nisi

1965 2255 2072 2303 mo
2108 2263 2122 2304 :
2155 2243 2318 2309 redit
2342 2265 2499 2330 ergo
2524 2251 2696 2318 idem
2725 2259 2894 2339 quod
2913 2262 3113 2343 prius.

2044 2353 2104 2411 4.
2139 2346 2296 2415 Item
2341 2355 2502 2420 nihil
2524 2362 2695 2426 tenet
2723 2365 3036 2432 rationem
3069 2374 3260 2438 medii
3284 2395 3507 2444 secun·

1962 2450 2122 2517 dum
2168 2457 2348 2541 illud,
2376 2467 2728 2534 secundum
2757 2474 2931 2554 quod
2972 2480 3140 2544 tenet
3190 2483 3504 2550 rationem

1962 2570 2231 2632 extremi
2260 2591 2278 2636 ε
2305 2575 2415 2639 sed
2443 2575 2730 2645 Christus
2756 2587 2925 2650 tenet
2951 2589 3264 2656 rationem
3290 2599 3500 2660 extre-

1959 2673 2051 2735 mi
2076 2679 2430 2744 secundum
2456 2683 2811 2753 humanam
2840 2698 3159 2776 naturam,
3182 2699 3337 2782 quia
3366 2702 3492 2767 hu·

1958 2798 2151 2847 mana
2203 2792 2437 2854 natura
2500 2798 2900 2866 reconciliata
2955 2809 3047 2868 est
3092 2805 3219 2871 Deo
3271 2827 3288 2872 ε
3340 2828 3499 2893 ergo

1955 2905 2088 2953 non
2114 2896 2209 2955 est
2231 2896 2540 2964 mediator
2566 2905 2828 2984 praecise
2845 2912 3202 2977 secundum
3226 2915 3426 2981 illam.

2034 3002 2095 3061 5.
2144 2999 2324 3081 Item,
2374 3005 2427 3068 si
2473 3006 2758 3076 Christus
2784 3019 2879 3079 est
2920 3019 3229 3087 mediator
3270 3042 3499 3090 secun-

1952 3106 2108 3174 dum
2161 3113 2516 3184 humanam
2565 3128 2883 3208 naturam,
2935 3129 3059 3196 hoc
3103 3154 3235 3200 non
3289 3142 3495 3221 potest

1951 3234 2085 3282 esse
2108 3220 2231 3285 nisi
2261 3223 2330 3288 in
2356 3229 2634 3308 quadam
2663 3236 3044 3318 proprietate
3071 3246 3496 3313 communicet

1948 3330 2307 3412 nobiscum,
2337 3337 2406 3401 in
2427 3342 2705 3422 quadam
2755 3365 2906 3411 cum
2931 3348 3057 3415 Deo
3091 3375 3105 3417 :
3138 3355 3247 3419 sed
3273 3359 3489 3439 angeli

1947 3434 2122 3515 honi,
2177 3445 2242 3505 et
2266 3446 2480 3527 angeli
2529 3452 2702 3533 mali,
2748 3454 2815 3518 in
2843 3456 3056 3539 aliqua
3098 3464 3483 3544 proprietate

1944 3547 2280 3615 nobiscum
2309 3560 2719 3640 conveniunt,
2768 3562 2839 3626 in
2886 3565 3099 3648 aliqua
3127 3587 3278 3633 cum
3305 3570 3433 3636 Deo
3466 3596 3480 3637 :

1942 3669 2102 3735 ergo
2151 3667 2417 3741 possunt
2456 3664 2581 3730 dici
2637 3670 3013 3737 mediatores
3070 3676 3238 3741 inter
3263 3697 3380 3743 nos
3425 3686 3488 3745 et

1943 3758 2146 3826 Deum
2180 3767 2266 3829 :si
2288 3786 2446 3851 ergo
2470 3773 2849 3842 mediatores
2868 3798 2996 3843 non
3025 3782 3349 3866 dicuntur,
3385 3791 3483 3850 vi-

1941 3869 2129 3934 detur
2155 3875 2327 3956 quod
2382 3879 2677 3947 mediatio
2703 3903 2835 3949 non
2863 3891 3200 3954 conveniat
3232 3892 3484 3959 Christo

1939 3979 2294 4046 secundum
2322 3989 2831 4055 convenientiam
2859 3996 3342 4081 proprietatum,
3374 4005 3481 4066 sed

1939 4089 2290 4154 secundum
2316 4095 2863 4179 participationem
2906 4103 3186 4169 duarum
3214 4114 3482 4175 natura-

1938 4211 2086 4258 rum
2114 4214 2131 4260 ε
2162 4216 2318 4279 ergo
2344 4200 2434 4265 ita
2458 4206 2758 4270 convenit
2785 4207 3029 4275 Christo
3081 4231 3217 4279 esse
3242 4218 3486 4282 media-

1936 4306 2143 4367 torem
2169 4308 2521 4374 secundum
2546 4311 2831 4379 divinam
2858 4322 3180 4402 naturam,
3211 4322 3374 4391 sicut
3393 4346 3486 4389 se-

1938 4410 2224 4477 cundum
2250 4413 2604 4483 humanam
2632 4426 2956 4490 naturam.

2484 4615 2931 4688 CONCLUSIO.

1939 4738 2178 4796 Christus
2204 4744 2284 4797 est
2309 4747 2487 4800 noster
2512 4747 2778 4805 mediator
2805 4752 2985 4822 quoad
3008 4760 3267 4814 naturam
3293 4759 3482 4816 hama-

2010 4845 2166 4897 nam,
2198 4846 2306 4888 non
2343 4834 2523 4903 quoad
2547 4836 2813 4907 divinam,
2847 4846 2980 4913 quia
3015 4845 3358 4917 humanitate
3391 4867 3485 4910 nos

2009 4922 2404 4980 reconciliavit.

2018 5061 2207 5145 Resp.
2238 5064 2317 5128 ad
2345 5084 2486 5147 arg.
2520 5067 2613 5133 Ad
2642 5072 3092 5152 praedictorum
3119 5080 3486 5165 intelligen-

1938 5169 2097 5233 tiam
2124 5175 2219 5236 est
2241 5173 2619 5258 notandum,
2649 5180 2823 5261 quod
2854 5182 3064 5249 differt
3092 5187 3298 5256 dicere
3352 5211 3487 5261 esse

1746 5404 1761 5450 ἰ
1815 5479 1828 5492 .
1944 5442 2004 5493 ΙΙΙ
2030 5411 2522 5513 89ητίᾱίει.ἰικ,’ᾳ.
2544 5424 2933 5515 V13Gah.Biel.‚
2960 5424 3209 5524 lll’Sent„
3229 5429 3345 5515 dist.
3370 5434 3484 5518 xlx„

1789 5547 1826 5574 .‚
1942 5529 1994 5579 q.
2018 5528 2057 5575 1,
2077 5517 2796 5586 dub.1v.-¹Aug.‚decivtt.
2816 5528 2929 5590 Dei,
2955 5529 3042 5580 nb.
3067 5533 3148 5595 tx,
3177 5548 3221 5584 ο.
3251 5548 3337 5600 xv,
3360 5552 3414 5587 n.
3443 5528 3492 5602 ιζ

3178 5630 3254 5689 2¹1
