4185 6288
732 489 852 549 u!
1786 480 2413 549 SENTENTIARUM
2451 482 2605 548 LIB.
2650 484 2753 549 111.

730 620 953 704 titum,
981 620 1088 688 vel
1115 620 1499 706 calceatum,
1531 629 1595 687 et
1621 618 2026 710 hujusmodi.
2065 617 2144 685 In
2168 618 2414 709 quibus
2440 619 2750 687 omnibus
2793 618 3147 707 generibus
3173 618 3599 687 manifestum
3624 619 3822 686 estin
3851 641 3928 687 ea

732 759 804 804 re
829 735 958 804 dici
980 736 1310 823 habitum,
1343 758 1494 827 quae
1523 735 1753 804 accidit
1777 735 2000 820 alicui,
2030 733 2124 802 ita
2151 742 2227 801 ut
2251 757 2395 802 eam
2426 735 2631 827 possit
2658 734 2856 802 etiam
2883 756 3021 803 non
3050 733 3312 802 babere.
3355 734 3493 802 Hoc
3537 741 3760 802 autem
3807 755 3929 803 no·-

519 850 704 970 „122⁸
733 875 880 921 men
909 852 1181 920 ductum
1212 862 1308 921 est
1328 853 1411 921 ab
1440 852 1558 922 illo
1584 853 1788 922 verbo
1814 851 1993 943 quod
2020 858 2118 919 est
2142 851 2422 920 Habere.
2454 851 2737 919 Habitus
2762 873 2919 939 ergo
2945 852 3017 920 in
3046 873 3124 919 ea
3150 873 3220 919 re
3258 849 3525 935 dicitur,
3556 873 3707 942 quae
3732 851 3926 921 nobis

509 975 690 1019 mnus.
731 976 806 1036 ut
839 967 1181 1053 habeatur,
1214 969 1468 1036 accidit.
1500 969 1975 1038 Verumtamen
2004 967 2129 1035 hoc
2154 968 2461 1052 interest,
2496 968 2654 1058 quia
2694 967 2994 1058 quaedam
3022 990 3251 1036 eorum
3295 988 3447 1059 quae
3482 967 3817 1052 accidunt,
3846 974 3923 1035 ut

730 1083 1030 1152 habitum
1068 1084 1333 1169 faciant,
1368 1107 1502 1152 non
1531 1091 1898 1169 mutantur,
1931 1084 2041 1152 sed
2087 1084 2229 1173 ipsa
2256 1106 2377 1151 nos
2424 1090 2706 1167 mutant,
2739 1083 2811 1150 in
2851 1106 2919 1151 se
2958 1083 3216 1171 integra
3252 1091 3316 1150 et
3356 1083 3745 1151 inconcussa
3790 1105 3929 1152 ma-

732 1201 977 1288 nentia,
1009 1200 1178 1268 sicut
1204 1200 1525 1291 sapientia
1551 1200 1846 1269 accidens
1887 1198 2169 1284 homini,
2202 1222 2337 1268 non
2379 1200 2521 1290 ipsa
2571 1208 2891 1286 mutatur,
2921 1199 3030 1268 sed
3072 1199 3411 1269 hominem
3458 1206 3698 1287 mutat,
3730 1222 3929 1289 quem

492 1349 618 1403 spec,
645 1353 684 1392 2,
731 1316 809 1385 «le
837 1316 1039 1385 stulto
1067 1318 1426 1409 sapientem
1460 1316 1634 1385 facit.
1667 1316 1988 1397 Quaedam
2017 1338 2174 1383 vero
2202 1315 2293 1383 sic
2318 1314 2647 1400 accidunt,
2682 1324 2757 1383 ut
2793 1323 3049 1383 mutent
3074 1324 3141 1383 et
3180 1323 3527 1385 mutentur
3558 1341 3574 1384 z
3606 1323 3687 1384 ut
3716 1315 3924 1400 cibus,

731 1434 848 1524 qui
873 1434 1179 1501 amittens
1205 1434 1485 1526 speciem
1513 1456 1728 1518 suam,
1760 1435 1831 1501 in
1853 1454 2090 1523 corpus
2118 1431 2426 1518 vertitur,
2457 1440 2522 1499 et
2561 1453 2682 1499 nos
2708 1432 2854 1500 cibo
2882 1432 3104 1500 refecti
3130 1432 3214 1500 ab
3241 1432 3528 1501 exilitate
3562 1439 3767 1523 atque
3791 1432 3931 1499 lan-

493 1598 617 1653 Spoe·
639 1600 676 1640 3·
731 1570 935 1637 guore
960 1548 1033 1616 in
1073 1548 1278 1617 robur
1304 1557 1502 1640 atque
1531 1549 1886 1617 valentiam
1913 1555 2276 1616 mutamur.
2308 1548 2605 1616 Tertium
2653 1570 2865 1635 genus
2904 1556 3206 1633 est,.cum
3247 1570 3348 1633 ea,
3405 1570 3556 1639 quae
3603 1546 3932 1633 accidunt,

734 1686 850 1731 nec
877 1671 1135 1732 mutant
1168 1686 1244 1731 ea
1272 1665 1518 1756 quibus
1543 1665 1872 1750 accidunt,
1907 1687 2025 1732 nec
2053 1664 2135 1731 ab
2163 1664 2256 1731 eis
2281 1663 2421 1755 ipsa
2466 1671 2836 1750 mutantur,
2885 1664 3056 1732 sicut
3099 1663 3391 1733 annulus
3431 1664 3689 1756 positus
3723 1663 3795 1731 in
3838 1662 3933 1730 di-

493 1814 617 1868 spee.
639 1818 679 1855 ι.
732 1780 868 1867 gito
901 1806 916 1849 ε
949 1780 1127 1872 quod
1156 1802 1367 1868 genus
1395 1781 1722 1849 rarissime
1752 1781 2098 1872 reperitur.
2132 1780 2459 1860 Quartum
2500 1802 2711 1868 genus
2742 1789 2869 1869 est,
2920 1804 3074 1850 cum
3112 1804 3190 1849 ea
3223 1803 3375 1873 quae
3413 1780 3747 1867 accidunt,
3790 1802 3933 1849 mu·

733 1902 957 1964 tantur
987 1919 1124 1964 non
1152 1919 1191 1963 a
1217 1919 1338 1964 sua
1357 1904 1622 1982 natura,
1651 1896 1761 1964 sed
1794 1896 1993 1965 aliam
2018 1896 2297 1987 speciem
2327 1904 2390 1964 et
2417 1895 2701 1964 sormam
2746 1896 3102 1988 accipiunt,
3136 1905 3211 1965 ut
3258 1905 3354 1965 est
3381 1896 3607 1984 vestie,
3632 1917 3788 1988 quae
3824 1894 3934 1964 de-

721 2013 893 2103 jecta
918 2021 1117 2104 atque
1144 2013 1439 2105 deposita
1466 2036 1600 2081 non
1627 2012 1824 2081 habet
1851 2035 1996 2081 eam
2040 2012 2321 2080 formam
2351 2035 2555 2103 quam
2584 2013 2791 2081 sumit
2827 2014 3085 2082 induta.
3135 2013 3376 2082 Induta
3403 2014 3584 2081 enim
3623 2012 3932 2082 membris

729 2130 960 2221 accipit
985 2131 1299 2214 formam,
1333 2154 1535 2220 quam
1564 2153 1700 2198 non
1736 2129 2017 2198 habebat
2057 2139 2277 2198 exuta.
2314 2156 2349 2195 »
2378 2130 2567 2210 Quod
2626 2153 2838 2219 genus
2887 2130 3195 2220 congruit
3228 2129 3386 2197 huic
3435 2127 3926 2222 comparationi.

737 2274 770 2312 α
800 2233 975 2315 Deus
1026 2248 1202 2315 enim
1248 2247 1461 2315 Filius
1491 2250 1504 2281 ¹
1537 2248 1963 2340 semetipsum
2003 2247 2392 2333 exinanivit,
2424 2270 2558 2315 non
2598 2247 2877 2316 formam
2917 2271 3105 2316 suam
3144 2255 3434 2334 mutanS,
3490 2246 3605 2315 sed
3658 2246 3933 2315 formam

729 2363 900 2430 servi
929 2363 1273 2454 accipienS,
1307 2386 1523 2453 neque
1557 2385 1937 2449 conversus,
1968 2372 2084 2431 aut
2121 2370 2597 2431 transmutatus
2636 2363 2707 2432 in
2747 2363 3081 2433 hominem
3126 2365 3362 2433 amissa
3410 2360 3932 2432 incommutabili

731 2479 1107 2564 stabilitate,
1136 2478 1248 2548 sed
1291 2479 1362 2547 in
1399 2479 1902 2548 similitudinem
1939 2480 2289 2548 hominum
2331 2479 2541 2547 factus
2589 2488 2685 2548 est
2723 2480 2860 2571 ipse
2895 2490 3227 2573 susceptor
3249 2507 3268 2567 ;
3313 2502 3547 2548 verum
3601 2479 3931 2549 hominem

731 2595 1146 2686 suscipiendo
1176 2595 1409 2664 habitu
1437 2596 1750 2664 inventus
1777 2604 1874 2664 est
1899 2604 1976 2664 ut
2002 2596 2227 2682 hom0,
2248 2596 2316 2664 id
2337 2604 2455 2682 est,
2483 2596 2785 2664 habendo
2806 2597 3144 2666 hominem
3164 2598 3475 2666 inventus
3488 2604 3590 2665 est
3614 2604 3694 2665 ut
3714 2597 3927 2680 homo,

737 2734 870 2780 non
900 2711 1051 2798 sibi,
1083 2711 1196 2780 sed
1228 2712 1320 2779 eis
1347 2712 1591 2803 quibus
1618 2713 1689 2779 in
1716 2712 1984 2780 homine
2012 2713 2336 2802 apparuit.
2357 2711 2548 2792 Quod
2576 2724 2799 2781 autem
2820 2713 3000 2798 dicit,
3023 2724 3095 2784 ut
3121 2713 3341 2795 homo,
3359 2712 3707 2781 veritatem
3724 2710 3934 2801 expri-

737 2829 879 2895 mit.
904 2828 1187 2896 Nomine
1219 2850 1377 2916 ergo
1407 2827 1669 2897 habitus
1697 2828 1853 2896 satis
1887 2827 2283 2916 significavit
2311 2829 2692 2917 Apostolus,
2729 2830 3014 2920 qualiter
3039 2829 3280 2897 dixerit
3310 2829 3385 2897 in
3426 2826 3931 2897 similitudinem

735 2944 1082 3012 hominum
1103 2946 1357 3035 factm,
1389 2943 1549 3035 quia
1587 2966 1723 3012 non
1749 2944 2325 3034 transfiguratione
2352 2944 2423 3011 in
2447 2944 2808 3030 hominem,
2825 2944 2937 3012 sed
2964 2945 3195 3013 habitu
3221 2945 3430 3014 factus
3442 2952 3725 3030 est,cum
3749 2942 3936 3011 indu-

739 3068 845 3127 tus
872 3068 971 3127 est
992 3059 1572 3151 hominem,quem
1600 3060 1727 3127 sibi
1753 3060 1994 3128 uniens
2007 3060 2495 3152 quodammodo
2520 3068 2717 3152 atque
2738 3060 3158 3129 conformans
3185 3060 3669 3129 immortalitati
3686 3057 3933 3130 oeterni·

737 3176 986 3268 tatique
1012 3177 1309 3245 sociaret.
1345 3177 1493 3244 Non
1523 3200 1679 3266 ergo
1706 3185 1960 3268 oportet
1986 3178 2273 3266 intelligi
2300 3186 2630 3246 mutatum
2661 3201 2800 3246 esse
2830 3178 3132 3247 Verbum
3164 3178 3577 3269 susceptione
3615 3175 3924 3260 hominis,

738 3292 905 3360 sicut
931 3315 1050 3359 nec
1078 3293 1376 3361 membra
1403 3301 1580 3361 veste
1606 3292 1839 3361 induta
1866 3301 2235 3379 mutantur,
2259 3294 2565 3385 quamvis
2589 3294 2709 3362 illa
2738 3294 3081 3385 susceptio
3114 3293 3535 3362 ineffabiliter
3562 3300 3926 3383 susceptum

737 3408 1120 3500 suscipienti
1148 3409 1509 3500 copularet.
1544 3409 1708 3476 »His
1734 3409 1952 3477 verbis
1978 3419 2200 3501 aperte
2225 3409 2504 3478 innuere
2532 3410 2798 3478 videtur
2829 3410 3267 3499 AugustinuS‚
3302 3408 3515 3478 Deum
3534 3409 3669 3478 dici
3694 3409 3928 3478 factum

739 3524 1074 3593 hominem
1102 3525 1464 3593 secundum
1498 3524 1823 3593 habitum.
1853 3525 1984 3606 Qui
2012 3526 2208 3594 etiam
2237 3525 2444 3617 ipsius
2470 3526 2941 3594 incarnationis
2970 3525 3242 3594 modum
3268 3525 3498 3594 volens
3541 3527 3923 3618 exprimere,

737 3641 1189 3732 quaerentibus
1217 3642 1289 3709 in
1317 3641 1489 3709 libro
1515 3649 1752 3733 quarto
1777 3640 1860 3708 de
1890 3641 2215 3711 Trinitate
2240 3643 2334 3711 ait
2356 3655 2381 3690 ¹
2413 3668 2429 3709 :
2470 3670 2506 3710 α
2535 3642 2607 3711 Si
2636 3642 2961 3734 quaeritur
2986 3641 3354 3711 incarnatio
3383 3663 3519 3734 quo
3545 3641 3743 3711 modo
3769 3641 3929 3711 facta

740 3758 848 3843 sit,
879 3757 1100 3849 ipsum
1129 3758 1428 3828 Verbum
1458 3757 1577 3825 Dei
1604 3757 1748 3825 dico
1775 3781 2041 3826 carnem
2068 3759 2344 3845 factum,
2374 3759 2444 3828 id
2470 3770 2590 3844 est,
2620 3758 2959 3827 hominem
2982 3758 3253 3845 factum,
3287 3766 3662 3827 nontamen
3690 3759 3760 3825 in
3785 3757 3924 3841 hoc,

740 3874 918 3964 quod
947 3874 1194 3942 factum
1223 3882 1343 3959 est,
1376 3895 1766 3942 conversum
1803 3883 2000 3967 atque
2027 3883 2392 3960 mutatum3
2429 3876 2539 3943 sed
2570 3897 2790 3962 carne,
2824 3884 2901 3943 ut
2926 3875 3301 3944 carnalibus
3343 3881 3786 3964 congruenter
3822 3894 3926 3962 ap-

742 3993 1022 4081 pareret,
1053 3990 1391 4058 indutum.
1423 3990 1523 4057 Ita
1548 4013 1702 4058 sane
1727 3990 2002 4076 factum,
2035 3999 2112 4059 ut
2149 3990 2243 4059 ibi
2269 3991 2354 4059 sit
2380 4014 2512 4060 non
2542 3998 2801 4059 tantum
2828 3991 3129 4061 Verbum
3176 3990 3295 4058 Dei
3341 3997 3406 4058 et
3442 3989 3731 4058 hominis
3759 4008 3921 4074 caro,

741 4105 850 4174 sed
881 4107 1076 4173 etiam
1107 4106 1447 4175 rationalis
1474 4107 1758 4175 hominis
1784 4107 2030 4191 anima,
2061 4116 2259 4198 atque
2285 4107 2410 4176 hoc
2440 4115 2651 4177 totum
2678 4116 2745 4177 et
2786 4107 2961 4176 Deus
3003 4107 3261 4175 dicatur
3301 4115 3569 4198 propter
3606 4105 3840 4189 Deum,
3868 4108 3930 4171 et

739 4221 938 4290 homo
966 4230 1232 4313 propter
1257 4221 1620 4292 hominem.
1638 4222 1829 4303 Quod
1853 4224 1907 4291 si
1927 4222 2200 4291 difficile
2221 4223 2647 4313 intelligitur,
2674 4245 2861 4291 mens
2887 4223 3018 4292 fide
3046 4231 3368 4316 purgetur
3387 4246 3426 4291 a
3443 4221 3720 4314 peccatis
3740 4218 3930 4289 absti-

739 4338 981 4419 nendo,
1013 4349 1077 4405 et
1105 4338 1277 4407 bona
1292 4339 1646 4431 operando;
1677 4366 1712 4404 »
1736 4339 2036 4408 difficilia
2061 4340 2241 4408 enim
2269 4349 2425 4408 sunt
2463 4340 2620 4410 haec.
2652 4340 2836 4409 Idem
2863 4340 2885 4374 ⁸
2911 4341 2983 4409 in
3011 4341 3182 4409 libro
3210 4339 3293 4409 de
3317 4339 3482 4408 Fide
3508 4338 3603 4408 ad
3624 4342 3923 4409 Petrum:

748 4482 783 4520 α
809 4455 931 4523 Dei
956 4454 1196 4542 Filius,
1230 4476 1382 4522 cum
1403 4456 1489 4523 sit
1519 4455 1696 4523 Deus
1722 4463 2006 4525 aeternus
2031 4463 2098 4524 et
2122 4479 2346 4543 verus,
2375 4480 2497 4548 pro
2520 4456 2711 4525 nobis
2739 4457 2949 4525 sactus
2976 4466 3070 4525 est
3114 4456 3313 4525 homo
3340 4479 3539 4526 verus
3560 4464 3626 4525 et
3651 4456 3881 4548 plenus
3907 4474 3924 4515 t

739 4573 813 4639 in
842 4594 918 4640 eo
936 4593 1158 4657 verua,
1193 4570 1350 4662 quia
1378 4594 1604 4639 veram
1633 4571 1832 4640 habet
1856 4571 2033 4640 Deus
2060 4572 2175 4639 ille
2202 4572 2567 4641 humanam
2613 4581 2965 4659 naturam;
3014 4572 3086 4639 in
3115 4596 3191 4640 eo
3219 4595 3373 4641 vere
3401 4573 3661 4667 plenuS,
3692 4570 3845 4663 quia
3869 4573 3927 4635 et

738 4710 1003 4756 carnem
1031 4687 1392 4756 humanam
1420 4687 1726 4778 suscepit,
1758 4696 1826 4756 et
1854 4688 2147 4756 animam
2174 4688 2588 4758 rationalem.
2622 4715 2657 4754 »
2705 4690 2867 4756 Item
2902 4689 2925 4722 ⁴
2959 4711 2975 4754 ε
3016 4716 3051 4754 (ι
3080 4688 3227 4757 Νοιι
3269 4689 3453 4757 aliud
3496 4690 3626 4757 fuit
3660 4687 3776 4755 illa
3817 4682 3927 4751 Dei

738 4805 981 4873 summi
1013 4803 1359 4895 susceptio.
1401 4803 1506 4871 vel
1539 4803 1923 4891 exinanitio,
1955 4803 2082 4870 nisi
2111 4803 2338 4874 formae
2366 4806 2646 4892 servilis»,
2678 4805 2747 4872 id
2779 4814 2876 4873 est
2916 4814 3172 4874 naturae
3212 4806 3519 4875 humanae
3565 4799 3922 4894 susceptio:

740 4931 1020 5013 utraque
1052 4942 1208 5008 ergo
1250 4926 1345 4985 est
1371 4915 1439 4986 in
1468 4918 1726 4988 Christo
1754 4920 1992 5004 forma,
2025 4920 2186 5011 quia
2215 4931 2495 5014 utraque
2523 4944 2682 4990 vera
2708 4929 2771 4989 et
2798 4922 2997 5013 plena
3042 4930 3138 4990 est
3165 4922 3235 4989 in
3264 4922 3523 4991 Christo
3550 4915 3921 4998 substantia,

741 5037 967 5105 divina
998 5035 1241 5103 scilicet
1268 5043 1330 5102 et
1360 5034 1657 5103 humana
1681 5044 1943 5105 natura.
1969 5063 2004 5102 »
2040 5037 2222 5105 Idem
2261 5038 2333 5105 in
2360 5039 2533 5107 libro
2560 5038 2845 5107 secundo
2876 5049 3105 5109 contra
3134 5040 3596 5109 Maximinum
3625 5047 3680 5105 ⁸:
3720 5034 3923 5103 «Cum

741 5161 907 5221 esset
932 5174 1046 5244 per
1070 5152 1357 5242 seipsum
1386 5151 1764 5239 invisibilis,
1800 5153 2080 5222 visibilis
2135 5156 2208 5223 in
2252 5155 2523 5224 homine
2578 5155 2883 5248 apparuit
2932 5177 3132 5248 quem
3182 5155 3263 5224 de
3315 5155 3564 5224 femina
3617 5152 3924 5243 suscipere

809 5354 825 5386 ¹
853 5356 1004 5415 Aug„
1032 5349 1091 5400 dc
1133 5351 1318 5401 divers.
1358 5351 1612 5402 LXXXIII
1642 5355 1840 5416 ςιιιειιιη
1881 5367 1935 5417 q.
1965 5364 2165 5415 uun,
2193 5367 2248 5404 n.
2277 5356 2338 5417 2,
2390 5353 2568 5417 paucis
2595 5353 2819 5404 mutatis.
2858 5377 2912 5387 -·
2941 5354 3139 5418 ⁸Aug..
3173 5352 3234 5400 de
3262 5352 3468 5412 Trinit„
3503 5351 3592 5402 lib.
3625 5351 3713 5413 lv,
3741 5362 3788 5398 c·
3819 5353 3920 5404 1¹¹2

742 5438 795 5474 n.
824 5426 903 5474 3¹.
920 5447 982 5459 -—
1000 5422 1151 5475 ⁸1mo
1178 5422 1343 5487 Fulg„
1372 5422 1432 5472 de
1454 5422 1568 5473 Fid.
1596 5423 1668 5472 ad
1689 5425 1845 5487 Petr„
1873 5439 1921 5474 c.
1943 5435 2002 5484 11,
2026 5439 2082 5474 n.
2111 5428 2254 5475 10.-
2275 5423 2460 5489 ⁸wid„
2487 5439 2541 5487 n,
2573 5427 2652 5490 20,
2676 5426 2758 5475 2¹.
2776 5449 2839 5462 -
2865 5425 2887 5459 ⁸
2914 5426 3067 5490 Aug„
3094 5424 3269 5472 contra
3296 5423 3584 5483 maximin„
3605 5420 3694 5472 lib.
3720 5419 3777 5481 ΙΙ,
3803 5416 3862 5466 al.
3885 5423 3920 5476 ι,

743 5510 790 5548 c.
817 5505 932 5557 ιιι,
955 5493 1124 5557 quoad
1148 5507 1384 5555 seusum3
1410 5493 1472 5543 de
1496 5492 1613 5543 Fid.
1642 5498 1815 5544 eontra
1836 5494 2079 5559 Maniam,
2103 5509 2152 5545 c.
2172 5506 2305 5558 1111,
2330 5505 2477 5545 xxvx.
