4185 6288
540 4308 609 4351 Ad
628 4321 729 4366 opp.

738 458 866 523 {5⁰

742 594 913 658 2111·ae
950 586 1231 655 habeant
1268 582 1586 651 rationem
1625 582 1821 649 medii
1835 634 1858 667 ,
1885 587 2035 670 plus
2076 592 2292 655 tamen

1847 450 2476 521 SENTENUARUM
2516 451 2665 519 mn.
2712 450 2819 517 111.

2488 585 3950 667 2.1tem1)amasceuus‚inlihrotertio⁸:dn

745 701 1063 784 quantum
1109 694 1192 760 ad
1234 692 1549 759 unitatem
1592 712 1662 760 se
1704 700 1922 762 tenent
1963 716 2115 761 cum
2159 698 2296 782 ipsa
2406 696 2675 763 Domino
2697 694 2852 759 Jesu
2877 693 3130 759 Christo
3154 694 3315 759 duas
3342 700 3603 762 naturas
3628 701 3953 782 cognosci-

743 802 1094 892 hypostasi.
1117 801 1195 867 Et
1218 800 1382 865 ratio
1408 801 1607 886 hujus
1635 810 1733 867 est
1754 803 1992 888 duplex
2019 805 2294 888 :prima,
2407 821 2578 879 mus»,
2610 807 2675 867 et
2697 820 2898 866 unam
2924 801 3321 884 hypostasim
3348 820 3430 868 ex
3458 805 3749 888 utrisque
3776 825 3952 873 com-

745 916 901 1001 quia
925 929 1032 977 res
1073 916 1323 977 naturae
1360 909 1747 991 praedicam
1786 913 1864 977 de
1908 914 2048 996 ipsa
2085 913 2296 996 hypo-
2407 913 2699 997 positam.
2750 933 2781 970 υ
2820 910 2888 975 Si
2930 926 3091 991 ergo
3139 910 3494 975 secundum
3534 913 3750 997 ipsum
3787 914 3953 982 idem

672 1026 677 1033 ’
747 1022 922 1100 stasi,
951 1020 1063 1093 sed
1089 1036 1220 1083 non
1247 1016 1634 1101 praedicatur
1662 1020 1741 1083 de
1768 1020 1908 1103 ipsa
1936 1027 2169 1085 natura
2196 1021 2304 1085 ab-

747 1129 1044 1195 stractive
1088 1124 1486 1190 considerata
1501 1173 1519 1202 ‚
1548 1143 1667 1190 nec
1711 1146 1747 1192 e
1791 1146 2146 1207 convers03
2178 1129 2304 1193 alia

748 1237 936 1315 ratio,
966 1234 1119 1318 quia
1148 1231 1579 1298 denominatio
1605 1234 1679 1297 fit
1714 1252 1755 1297 a
1788 1235 2064 1300 termino
2099 1257 2113 1300 :
2146 1235 2305 1300 unio

747 1348 965 1410 autem
992 1341 1326 1407 ordinatur
1362 1341 1443 1405 ad
1480 1340 1687 1423 ipsam
1731 1342 2131 1426 hypostasim
2147 1393 2166 1423 ,
2199 1343 2304 1407 vel

748 1467 1092 1538 personam
1113 1497 1133 1529 ‚
1161 1451 1471 1530 tanquam
1506 1449 1587 1513 ad
1614 1449 1965 1513 terminum
1998 1472 2013 1513 ε
2047 1453 2111 1514 et
2155 1451 2308 1532 quia

748 1562 821 1626 in
861 1558 1112 1623 Christo
1148 1560 1397 1620 naturae
1426 1556 1497 1618 in
1528 1575 1661 1620 una
1701 1556 2033 1639 hypostasi
2060 1557 2306 1622 uniun-

752 1673 894 1746 tur,
924 1663 1069 1729 ideo
1094 1681 1199 1729 res
1225 1666 1475 1729 naturae
1509 1662 1579 1727 in
1623 1662 1875 1727 Christo
1902 1682 2036 1727 non
2062 1669 2314 1746 ponunt

754 1775 825 1839 in
869 1789 1216 1837 numerum
1231 1819 1248 1850 ,
1280 1774 1354 1835 ut
1389 1773 1649 1852 propter
1683 1770 1855 1852 ipsas
1897 1770 2187 1835 Christus
2223 1771 2315 1836 di-

752 1885 940 1948 eatur
961 1898 1101 1946 esse
1130 1879 1285 1944 duo.

840 2005 902 2064 7.
931 1998 1033 2063 Ad
1057 1996 1218 2062 illud
1243 1994 1418 2078 quod
1445 1992 1747 2076 objicitur
1764 2042 1784 2072 ,
1812 1992 1986 2076 quod
2026 1993 2317 2059 Christus

763 2111 859 2174 est
896 2104 1136 2188 aliquid
1171 2102 1343 2186 quod
1372 2105 1470 2165 est
1502 2100 1722 2179 Pater,
1756 2101 2100 2166 dicendum
2146 2100 2320 2184 quod

765 2233 915 2280 cum
958 2212 1189 2277 dicitur
1222 2232 1238 2274 ι
1284 2232 1315 2270 «ι
1343 2207 1634 2273 Christus
1675 2212 1773 2272 est
1802 2207 2049 2290 aliquid
2089 2226 2317 2273 secun-

763 2322 920 2389 dum
947 2319 1121 2405 quod
1147 2318 1345 2382 homo
1362 2364 1380 2396 ,
1408 2337 1439 2377 n
1476 2314 1731 2398 aliquid
1763 2334 1895 2379 non
1933 2316 2083 2380 dicit
2113 2317 2321 2399 ipsam

762 2433 1065 2497 naturam
1115 2427 1523 2504 abstractam,
1565 2424 1676 2489 sed
1724 2429 1976 2489 naturae
2025 2425 2320 2508 supposi-

762 2540 941 2605 tum:
965 2536 1158 2614 unde,
1191 2551 1340 2599 cum
1367 2532 1603 2597 dicitur
1629 2531 1919 2597 Christus
1946 2549 2085 2597 esse
2101 2531 2321 2613 hom0,

766 2640 990 2706 relatio
1007 2638 1369 2721 implicatur
1389 2635 1798 2699 intrinsecus.
1822 2633 2002 2699 Sicut
2020 2652 2183 2715 ergo
2195 2652 2325 2700 non

763 2746 968 2826 valet,
1008 2769 1040 2807 α
1077 2744 1364 2811 Christus
1406 2745 1503 2805 est
1536 2741 1843 2820 essentia,
1885 2760 2033 2824 quae
2081 2745 2177 2806 est
2205 2741 2326 2808 Pa-

763 2857 887 2932 ter,
916 2855 980 2918 et
1003 2855 1099 2916 est
1126 2838 1434 2934 persona,
1466 2867 1616 2932 quae
1645 2866 1778 2913 non
1806 2854 1897 2913 est
1926 2849 2135 2928 Pater,
2168 2867 2325 2930 ergo

765 2966 862 3028 est
886 2960 1056 3039 duo;
1092 2980 1124 3019 n
1149 2958 1301 3041 quia
1326 2958 1597 3022 essentia
1623 2976 1756 3022 non
1777 2958 1953 3041 ponit
2000 2958 2326 3023 innume-

766 3087 916 3136 rum
940 3084 1094 3132 cum
1121 3084 1424 3150 persona,
1465 3082 1584 3129 nec
1626 3066 1866 3129 dictum
1903 3066 2327 3132 substantiali-

773 3181 873 3242 ter
895 3225 914 3255 ,
947 3193 1097 3239 cum
1123 3193 1200 3238 eo
1227 3173 1399 3257 quod
1427 3173 1659 3238 dicitur
1688 3174 2043 3238 secundum
2069 3175 2330 3240 relatio-

770 3301 958 3361 nem;
992 3281 1083 3345 sic
1109 3299 1241 3345 non
1278 3280 1472 3345 habet
1491 3279 1791 3361 vigorem
1821 3280 2019 3346 illatio
2063 3281 2329 3348 rationis

773 3387 1116 3474 praedictae.
1149 3386 1328 3453 Unde
1356 3391 1685 3470 peccatum
1705 3387 1880 3452 illius
1906 3388 2209 3456 illationis
2233 3409 2329 3456 re-

774 3499 923 3565 duci
965 3500 1173 3581 potest
1216 3498 1297 3562 ad
1338 3497 1554 3562 locum
1599 3496 2043 3579 sophisticum,
2075 3498 2190 3582 qui
2234 3502 2328 3565 est

774 3606 995 3688 figura
1020 3603 1337 3672 dictionis.

1280 3839 1689 3920 QUAESTIO
1743 3840 1831 3907 11.

776 4008 871 4065 An
901 4021 1136 4080 persona
1174 4004 1377 4064 Christi
1412 4005 1488 4060 sit
1520 4017 1635 4059 una
1668 4006 1888 4062 unitate
1922 4006 2160 4079 simplici
2180 4048 2197 4076 ,
2243 4009 2331 4066 vel

1376 4096 1674 4166 composita
1701 4092 1744 4151 ¹.

862 4258 1092 4325 Utrum
1110 4274 1384 4341 persona
1405 4255 1639 4322 Christi
1666 4257 1748 4321 sit
1772 4274 1904 4322 una
1918 4255 2164 4321 unitate
2179 4257 2333 4322 sim-

782 4366 929 4450 plici
944 4414 961 4443 ,
991 4370 1103 4430 aut
1145 4363 1496 4448 composita
1513 4413 1532 4444 ,
1579 4365 1743 4430 sicut
1770 4365 2019 4431 dicebat
2053 4366 2332 4430 secunda

784 4474 1022 4557 opinio.
1049 4472 1129 4538 Et
1158 4473 1331 4557 quod
1354 4472 1588 4538 habeat
1611 4472 1679 4536 in
1712 4490 1780 4537 se
1813 4473 2126 4537 unitatem
2153 4492 2332 4539 com-

784 4581 1057 4665 positam
1071 4627 1088 4658 ,
1110 4579 1369 4644 videtur
1393 4579 1606 4663 primo
1631 4598 1745 4664 per
1769 4579 1927 4646 illud
1970 4580 2142 4662 quod
2169 4581 2326 4646 dici-

779 4690 983 4756 turin
1011 4688 1316 4773 Symbolo
1341 4696 1364 4730 ²
1394 4707 1411 4753 ε
1447 4711 1479 4751 c
1503 4687 1667 4754 Nam
1701 4689 1864 4754 sicut
1885 4689 2107 4754 anima
2131 4689 2325 4754 ratio-

778 4796 944 4861 nalis
990 4800 1057 4861 et
1099 4814 1248 4861 caro
1290 4813 1462 4862 unus
1507 4800 1605 4862 est
1645 4796 1873 4874 homo,
1919 4795 2011 4860 ita
2059 4795 2226 4862 Deus
2267 4799 2332 4860 et

778 4903 975 4969 homo
1018 4922 1191 4970 unus
1239 4908 1336 4970 est
1383 4904 1691 4971 Christus.
1738 4927 1771 4966 ι
1823 4903 1947 4971 Sed
1990 4904 2188 4970 homo
2235 4910 2331 4970 est

779 5012 1167 5094 compositus
1192 5030 1275 5077 ex
1302 5013 1519 5079 anima
1544 5016 1610 5077 et
1636 5029 1829 5077 carne
1857 5034 1871 5074 ε
1906 5029 2070 5094 ergo
2098 5011 2329 5079 Christi

777 5135 1050 5201 persona
1084 5123 1181 5185 est
1217 5120 1568 5205 composita
1605 5138 1688 5186 ex
1728 5119 2061 5187 divinitate
2095 5125 2162 5187 et
2198 5121 2325 5186 hu·

775 5225 1099 5293 manitate.

845 5387 861 5421 ¹
881 5385 963 5447 Cf.
978 5387 1235 5447 Richsrd„
1262 5392 1324 5440 ΙΙΙ
1344 5391 1504 5452 Sene„
1523 5390 1641 5442 dist.
1666 5402 1748 5452 vr,
1769 5403 1819 5454 q.
1845 5402 1905 5453 11;
1929 5390 2323 5456 StephBruieL,

764 5458 1036 5522 inflent„
1065 5460 1181 5513 dist.
1209 5472 1283 5525 vi,
1318 5478 1371 5528 q.
1401 5475 1440 5515 ιι
1458 5479 1476 5526 ;
1503 5463 1816 5526 Gugiielmus
1846 5463 2027 5527 verli„
2058 5464 2124 5516 ΙΙΙ
2165 5464 2325 5528 Sena,

2410 1026 2506 1086 est
2532 1018 2915 1103 hypostasis,
2946 1023 3010 1083 et
3037 1035 3334 1099 persona,
3362 1037 3548 1102 ergo,
3577 1025 3698 1085 ete.

2492 1129 2552 1191 3.
2601 1128 2758 1191 ltem
2795 1125 3152 1191 intellectus
3190 1145 3481 1209 personae
3522 1131 3956 1215 praesupponit

2413 1236 2808 1301 intellectum
2834 1238 3085 1299 naturae
3115 1252 3133 1298 t
3164 1235 3276 1300 sed
3300 1236 3357 1298 si
3380 1239 3475 1299 est
3495 1238 3869 1321 compositio
3890 1240 3956 1304 in

2415 1361 2493 1408 eo
2514 1341 2685 1425 quod
2712 1340 3249 1425 praesupponitur,
3280 1343 3639 1408 necessario
3666 1349 3765 1409 est
3789 1363 3957 1411 com·

2416 1450 2643 1534 positio
2670 1449 2741 1512 in
2768 1467 2844 1513 eo
2878 1449 3051 1531 quod
3077 1451 3422 1532 supponit:
3462 1470 3614 1515 cum
3639 1471 3805 1535 ergo
3841 1471 3957 1518 na-

2417 1564 2564 1626 tura
2585 1560 2872 1625 humana
2891 1560 2960 1623 in
2982 1559 3230 1626 Christo
3257 1562 3339 1626 sit
3358 1565 3732 1647 composita,
3757 1584 3959 1630 neces·

2418 1668 2587 1733 sario
2626 1666 2807 1750 sequi
2832 1667 3088 1755 ¹videtur
3112 1671 3285 1752 quod
3320 1688 3596 1753 persona
3621 1673 3962 1757 composita

2421 1775 2545 1841 dici
2570 1774 2817 1839 debeat.

2503 1889 2564 1946 4.
2605 1882 2785 1962 Item,
2810 1884 2864 1946 si
2904 1883 3194 1950 Christus
3220 1890 3384 1952 esset
3409 1886 3623 1953 solum
3650 1907 3735 1955 ex
3758 1890 3965 1958 anima

2423 1989 2714 2053 rationali
2747 1994 2811 2054 et
2833 2009 3046 2067 carne,
3077 1991 3340 2059 haberet
3365 1995 3766 2080 hypostasim
3796 2016 3963 2064 com-

2425 2098 2697 2180 positam
2733 2117 2749 2162 :
2781 2116 2944 2180 ergo
2982 2117 3131 2164 cum
3170 2101 3400 2167 habeat
3434 2104 3505 2167 in
3554 2123 3627 2169 se
3671 2105 3961 2187 animam,

2428 2209 2491 2267 et
2517 2222 2812 2284 carnem,
2842 2210 2907 2270 et
2931 2206 3355 2290 divinitatem,
3383 2228 3497 2292 per
3522 2210 3740 2275 locum
3769 2230 3808 2276 a
3848 2212 3959 2275 mi-

2427 2311 2572 2374 nori
2593 2360 2608 2388 ,
2661 2311 2866 2377 multo
2920 2315 3133 2396 magis
3179 2317 3431 2382 videtur
3469 2318 3711 2385 habere
3771 2318 3963 2404 hypo-

2429 2418 2651 2482 stasim
2676 2422 3112 2504 compositam.

2512 2530 2573 2589 5.
2623 2525 2781 2591 Item
2823 2529 3108 2596 Christus
3155 2537 3252 2597 est
3289 2534 3486 2600 homo
3529 2540 3646 2601 aut
3683 2534 3964 2619 simplex,

2430 2640 2549 2698 aut
2572 2638 2959 2719 compositus
3002 2662 3018 2704 :
3045 2644 3290 2725 constat
3312 2642 3484 2725 quod
3509 2661 3649 2708 non
3676 2640 3956 2726 simplex,

2433 2742 2588 2823 quia
2613 2742 2755 2807 haec
2789 2748 2884 2808 est
2916 2749 3138 2812 contra
3172 2751 3470 2813 naturam
3506 2749 3962 2815 humanitatis:

2434 2852 2530 2912 est
2564 2867 2722 2932 ergo
2758 2851 2957 2918 homo
2992 2855 3398 2938 compositus.
3443 2854 3573 2921 Sed
3617 2857 3810 2921 homo
3848 2871 3970 2920 non

2435 2959 2819 3039 praedicatur
2843 2961 2923 3026 de
2948 2961 3195 3027 Christo
3225 2963 3348 3027 nisi
3377 2964 3628 3030 ratione
3652 2962 3968 3047 suppositi,

2436 3070 2500 3130 et
2523 3067 2886 3151 hypostasis
2913 3091 2929 3132 :
2957 3088 3116 3153 ergo
3144 3072 3402 3136 videtur
3426 3073 3602 3157 quod
3629 3091 3892 3158 persona
3908 3072 3970 3135 in

2437 3173 2684 3241 Christo
2705 3177 2932 3243 debeat
2956 3179 3081 3243 dici
3107 3181 3473 3264 composita.

2517 3282 2642 3348 Sed
2675 3289 2897 3350 contra
2934 3304 2951 3349 ε
2984 3286 3188 3352 Omne
3213 3286 3648 3370 compositum
3673 3284 3962 3370 composi·
3994 3318 4131 3363 fuum

2436 3388 2610 3454 tione
2634 3393 2970 3474 temporali
2997 3398 3095 3458 est
3117 3394 3465 3479 temporale
3493 3413 3511 3459 ε
3539 3395 3602 3460 si
3639 3413 3797 3477 ergo
3833 3409 3969 3476 per-

2437 3515 2597 3562 sona
2621 3497 2856 3563 Christi
2892 3505 2985 3565 est
3040 3503 3389 3584 composita
3423 3505 3489 3568 et
3522 3502 3781 3569 nonnisi
3809 3517 3970 3565 com-

2437 3605 2748 3689 positione
2773 3607 3134 3690 temporali,
3156 3627 3316 3691 ergo
3341 3627 3617 3691 persona
3643 3608 3865 3675 Christi
3886 3609 3973 3673 est

2436 3713 2803 3795 temporalis
2840 3735 2856 3778 ε
2890 3733 3024 3780 non
3062 3733 3223 3798 ergo
3256 3720 3499 3782 aeterna
3531 3738 3549 3780 ε
3586 3718 3700 3783 sed
3737 3718 3858 3782 hoc
3885 3715 3971 3781 est

2436 3819 2671 3884 falsum
2701 3843 2716 3884 ι
2749 3839 2930 3905 erg-0,
2962 3825 3082 3887 etc.

2520 3927 2680 3993 Item
2706 3929 3101 4014 ubicumque
3134 3934 3231 3995 aet
3264 3930 3640 4015 compositio
3675 3931 3754 3997 de
3790 3944 3966 4007 now,

2437 4034 2528 4099 ibi
2554 4039 2651 4100 est
2675 4037 2987 4102 mutatio:
3019 4038 3076 4101 si
3101 4055 3262 4119 ergo
3287 4038 3361 4105 in
3386 4038 3820 4105 incarnatione
3839 4052 3971 4120 per-

2437 4158 2595 4206 sona
2634 4138 2859 4208 Christi
2895 4144 3019 4209 fuit
3062 4146 3444 4229 composita,
3490 4145 3841 4212 necessario
3876 4158 3970 4205 se-

2437 4250 2661 4333 quitur
2706 4252 2878 4334 quod
2915 4252 3108 4317 fuerit
3150 4257 3397 4318 mutata
3435 4276 3452 4318 t
3494 4255 3607 4321 sed
3651 4264 3968 4337 pemonam

2438 4355 2631 4424 Verbi
2655 4360 2897 4424 mutari
2922 4364 3016 4425 est
3047 4360 3435 4446 impossibile
3468 4384 3483 4426 ε
3517 4380 3716 4444 ergo,
3743 4363 3857 4426 etc.

2520 4466 2679 4530 Item
2718 4468 3115 4552 ubicumque
3157 4473 3253 4535 est
3298 4469 3710 4553 compositiO,
3756 4467 3842 4532 ibi
3883 4465 3968 4530 est

2438 4574 2830 4659 imperfectio
2871 4576 2941 4640 in
2982 4579 3261 4659 utroque
3303 4580 3744 4642 extremorum
3758 4622 3776 4656 ,
3817 4587 3963 4657 quo·

2437 4683 2617 4748 niam
2669 4701 2752 4747 ex
2818 4683 3071 4749 duobus
3132 4684 3386 4750 entibus
3435 4685 3502 4748 in
3545 4688 3697 4749 actu
3737 4698 3864 4747 non
3902 4679 3968 4741 fit

2438 4810 2646 4859 unum
2662 4839 2680 4870 ‚
2712 4796 2777 4856 et
2807 4791 3255 4876 componibilia
3289 4791 3615 4873 possibilia
3658 4793 3806 4857 sunt
3840 4798 3966 4852 res-

2437 4905 2626 4985 pectu
2662 4898 2992 4982 compositi
3037 4920 3055 4965 z
3087 4900 3196 4964 sed
3227 4918 3348 4964 nec
3375 4899 3446 4964 in
3488 4904 3724 4964 nature
3758 4893 3961 4970 Verbi,

2436 5010 2651 5073 necin
2680 5026 2952 5091 persona
2979 5010 3183 5090 potest
3222 5025 3360 5071 esse
3397 5006 3615 5091 aliqua
3651 5002 3960 5090 imperfec-

2437 5117 2526 5182 tio
2557 5139 2572 5180 ι
2605 5134 2767 5199 ergo
2796 5133 2913 5182 nec
2936 5114 3334 5197 compositio.

2518 5225 2678 5292 Item
2704 5224 2816 5322 ubi
2844 5227 2940 5290 est
2966 5222 3368 5308 compositio,
3399 5220 3821 5306 compositum
3844 5228 3961 5281 non

2435 5389 2555 5440 dist.
2578 5397 2650 5449 Vt,
2679 5400 2731 5450 q.
2757 5397 2792 5434 ι.
2815 5411 2867 5422 —-
2892 5386 2914 5420 ⁸
2932 5384 3110 5451 Agitur
3136 5384 3199 5434 de
3227 5380 3496 5449 symbolo,
3524 5384 3584 5433 ut
3606 5381 3796 5439 dicunt,
3821 5375 3956 5427 Atha·

2433 5459 2584 5513 nasii.
2609 5484 2667 5497 -
2686 5458 2709 5494 ⁸
2729 5459 2988 5521 nam-sc„
3012 5454 3074 5507 de
3096 5454 3222 5510 Fide
3239 5453 3463 5518 orthod„
3479 5453 3574 5507 lib.
3601 5453 3694 5515 ΙΙΙ,
3712 5466 3761 5502 c.
3779 5460 3851 5502 zv.
