4185 6288
491 5156 634 5198 topas-

436 5208 501 5249 sio
530 5207 633 5261 quid

663 497 781 560 332

663 630 974 695 sualitatis
1018 631 1398 714 subjacentis
1445 631 1709 712 rationi3
1746 633 2008 715 quidam
2050 649 2205 696 vero

665 737 866 820 ipsius
914 738 1109 820 partis
1149 737 1499 804 rationalis.
1544 737 1798 803 Primus
1853 740 2044 804 timor
2114 741 2209 803 est

664 834 911 894 naturae
939 835 1277 914 corruptae,
1308 836 1370 895 et
1400 833 1678 914 quodam
1730 833 1919 898 modo
1965 833 2206 898 inordi-

665 939 866 1013 natae3
898 936 1185 1000 similiter
1211 941 1274 999 et
1300 938 1543 1002 tertius,
1578 937 1907 1002 Secundus
1933 956 2088 1003 vero
2115 943 2210 1002 est

1742 491 2366 592 SENTENTIARUM
2404 492 2554 559 Lm.
2598 493 2707 560 111.

2319 629 2449 710 illa,
2474 648 2623 713 quae
2643 630 2887 696 sistitur
2904 632 3069 696 infra
3091 632 3426 712 rationem,
3443 637 3517 698 ut
3539 634 3698 699 ratio
3719 638 3830 698 est
3854 653 3875 699 ε

2317 738 2494 801 etita
2534 739 2857 820 propassio
2895 739 3045 804 dicit
3071 740 3430 821 passionem
3476 742 3668 824 partis
3711 761 3878 806 sen-

2318 845 2534 924 sualis,
2564 844 2666 909 vel
2695 845 2952 910 virtutis
2990 847 3296 912 naturalis
3345 871 3359 912 :
3408 853 3472 912 et
3509 849 3631 914 hoc
3670 850 3878 914 modo

2319 951 2459 1016 vult
2486 952 2692 1016 dicere
2720 952 3041 1033 Magister,
3092 959 3154 1018 et
3192 955 3621 1040 Hieronymus
3642 967 3662 998 ¹
3682 1007 3700 1037 ,
3731 959 3877 1022 hu-

666 1049 916 1108 naturae
986 1049 1342 1128 corruptae,
1413 1047 1522 1110 sed
1583 1050 1795 1111 tamen
1875 1046 2205 1110 ordinatae·
2313 1061 2595 1143 jusmodi
2625 1061 2945 1143 passiones
2970 1049 3270 1127 fuissem
3320 1063 3565 1129 Christo
3618 1088 3634 1130 ε
3684 1071 3881 1130 erant

668 1149 980 1229 Quoniam
1007 1170 1166 1232 ergo
1189 1153 1257 1215 in
1280 1150 1548 1231 Christo,
1579 1153 1877 1234 quamvis
1906 1158 2068 1218 esset
2095 1154 2210 1219 de-

667 1259 867 1323 fectus
891 1258 1342 1340 passibilitatiS,
1369 1278 1502 1323 non
1526 1265 1739 1325 tamen
1773 1261 1895 1325 fuit
1930 1261 2213 1325 defectus

668 1364 1148 1428 inordinationis
1182 1370 1245 1429 et
1284 1366 1670 1448 vitiositatis3
1710 1366 1864 1431 hinc
1905 1373 2001 1431 est
2038 1368 2213 1451 quod

668 1472 788 1536 fuit
812 1472 881 1535 in
908 1491 984 1538 eo
1012 1474 1204 1538 timor
1226 1475 1434 1539 medio
1457 1475 1668 1554 modo,
1688 1493 1820 1540 non
1847 1476 2078 1557 prim0,
2111 1476 2215 1540 vel

668 1581 875 1646 tertio.
903 1581 982 1647 Et
999 1600 1114 1664 per
1127 1559 1264 1648 ‘hoc
1292 1586 1461 1664 patet
1490 1585 1672 1649 tertio
1711 1584 2067 1666 objectum3
2100 1603 2214 1667 pa-

669 1693 807 1753 tent
856 1689 1049 1754 etiam
1099 1691 1518 1769 auctoritates,
1561 1709 1710 1774 quae
1751 1691 1823 1754 in
1871 1691 2080 1756 littera
2127 1691 2218 1755 di-

670 1799 929 1859 cuntur.
971 1794 1133 1860 Nam
1177 1815 1400 1860 omnes
1439 1797 1564 1861 illae
1601 1798 2036 1877 auctoritates,
2068 1817 2217 1880 quae

672 1903 890 1967 dicunt
934 1903 1252 1969 Christum
1293 1923 1425 1968 non
1472 1906 1793 1981 timuisse,
1822 1905 1943 1970 hoc
1967 1907 2213 1986 dieunt,

672 2029 807 2075 non
828 2011 980 2093 quia
1004 2011 1203 2077 velint
1242 2031 1281 2076 a
1332 2011 1576 2076 Christo
1616 2031 1873 2077 omnem
1916 2014 2215 2078 timorem

672 2135 1030 2195 removere,
1076 2137 1224 2182 cum
1261 2120 1603 2184 auctoritas
1640 2119 1821 2184 Isaiae
1858 2121 2023 2185 dicat
2057 2138 2216 2184 con·

670 2226 976 2307 trarium3
1007 2227 1115 2291 sed
1142 2228 1297 2310 quia
1319 2246 1450 2292 uon
1479 2228 1602 2293 fuit
1647 2228 1716 2291 in
1751 2247 1828 2292 eo
1877 2228 2066 2292 timor
2103 2228 2214 2310 qui

673 2336 987 2399 rationem
1012 2338 1153 2416 ejus
1180 2336 1580 2418 praeveniret,
1604 2337 1704 2400 vel
1734 2336 2045 2400 rationem
2075 2339 2219 2419 ejus

673 2443 1069 2525 perturbaret
1106 2464 1120 2507 :
1149 2443 1553 2506 securissima
1578 2443 1751 2506 enim
1779 2444 1921 2518 fuit,
1958 2446 2029 2506 et
2056 2442 2219 2510 bene
2293 2469 2302 2482 ν

675 2553 943 2614 noverat
976 2548 1147 2631 quod
1186 2548 1352 2612 nihil
1392 2553 1636 2632 poterat
1661 2549 1777 2612 sibi
1806 2549 2084 2629 evenire,
2117 2548 2218 2614 vel

674 2653 891 2720 inferri
909 2704 927 2734 ,
965 2655 1138 2738 quod
1178 2656 1317 2739 ipsa
1356 2656 1536 2738 prius
1572 2675 1706 2720 non
1741 2655 2122 2722 desideraret
2157 2661 2220 2721 et

674 2763 883 2827 vellet.
1555 2778 1563 2786 '

1310 2917 1454 2962 DUB.
1502 2917 1593 2963 IV.

1065 3044 1196 3095 Vere
1223 3042 1550 3095 contristatus
1576 3047 1653 3095 est
1669 3081 1686 3108 ‚
1715 3047 1815 3094 etc.

750 3194 1011 3261 Videtur
1055 3194 1226 3276 quod
1253 3212 1336 3258 ex
1366 3194 1487 3259 hoc
1521 3194 1676 3259 velit
1695 3195 1924 3275 dicere,
1954 3198 2124 3278 quod
2149 3198 2218 3260 in

673 3304 920 3368 Christo
946 3304 1138 3368 fuerit
1163 3302 1508 3385 propassio.
1544 3301 1664 3366 Sed
1693 3307 1912 3367 contra
1950 3323 1966 3367 ε
2010 3303 2219 3387 Super

672 3412 1071 3489 Matthoeum,
1086 3411 1402 3491 vigesimo
1417 3415 1617 3489 sexto,
1632 3409 1782 3471 dicit
1796 3409 2029 3490 Glossa,
2046 3412 2220 3493 quod

671 3518 999 3600 propassio
1027 3521 1123 3581 est
1150 3518 1398 3582 subitus
1436 3520 1649 3581 motus
1668 3565 1685 3593 ,
1724 3518 1830 3581 cui
1864 3536 1948 3582 ex
1976 3520 2219 3583 ratione

673 3644 806 3690 non
834 3626 1225 3690 consentitur
1254 3644 1271 3688 ε
1302 3625 1411 3689 sed
1436 3625 1578 3688 talis
1612 3629 1824 3689 motus
1851 3630 1946 3689 est
1977 3627 2219 3691 veniale

673 3739 1028 3817 peccatum,
1056 3733 1407 3797 secundum
1434 3732 1605 3815 quod
1650 3733 1738 3795 ibi
1780 3732 2105 3809 innuitur,
2157 3736 2220 3796 et

673 3841 780 3904 ille
812 3841 1085 3905 nonfuit
1118 3842 1186 3903 in
1223 3839 1466 3905 Christo
1502 3858 1521 3902 ε
1551 3857 1710 3921 ergo
1736 3840 2060 3923 propassio
2086 3859 2219 3904 non

674 3948 795 4011 fuit
823 3948 890 4011 in
916 3965 1014 4012 eo.
1039 3946 1221 4027 Item,
1253 3946 1538 4010 subitum
1561 3951 1656 4009 est
1681 3946 1835 4009 illud
1861 3946 2030 4029 quod
2058 3966 2219 4029 prae-

679 4057 857 4120 venit
879 4056 1198 4139 judicium
1226 4054 1509 4133 rationis,
1542 4059 1605 4119 et
1630 4055 1802 4137 quod
1842 4059 2043 4119 estex
2073 4074 2218 4119 sur-

675 4163 962 4245 reptione
999 4181 1014 4223 :
1061 4163 1169 4226 sed
1197 4161 1480 4227 Christus
1521 4162 1683 4227 nihil
1727 4182 1842 4245 per
1878 4165 2219 4246 surreptio-

673 4288 824 4336 nem
873 4271 1011 4352 egit
1068 4292 1082 4334 :
1130 4287 1286 4351 ergo
1324 4288 1454 4333 non
1494 4271 1718 4334 habuit
1757 4270 1827 4333 in
1867 4289 1933 4334 se
1968 4276 2217 4336 motum

673 4380 961 4445 subitum
1014 4400 1030 4441 ι
1080 4394 1238 4459 ergo
1290 4395 1410 4441 nec
1470 4379 1966 4461 propassionem.
2032 4379 2213 4459 item,

679 4487 962 4554 Christus
985 4484 1202 4548 timuit
1255 4488 1524 4549 mortem
1568 4504 1699 4549 uon
1743 4486 1825 4550 ob
1869 4487 2063 4567 aliud,
2096 4487 2219 4551 nisi

677 4596 831 4679 quia
858 4592 1155 4676 praevidit
1179 4608 1321 4655 eam
1373 4613 1389 4654 z
1439 4591 1548 4656 sed
1596 4610 1727 4656 non
1754 4593 2049 4674 praevidit
2073 4611 2218 4658 eam

677 4703 801 4767 nisi
851 4700 1203 4765 secundum
1257 4699 1566 4763 rationem
1618 4718 1635 4762 ε
1681 4717 1840 4780 ergo
1872 4700 2089 4765 timuit
2140 4720 2216 4766 eo

676 4809 927 4888 timore,
959 4807 1076 4890 qui
1110 4812 1206 4871 est
1234 4808 1584 4872 secundum
1613 4806 1923 4871 rationem
1955 4828 1969 4868 ε
2014 4811 2077 4872 et
2113 4808 2217 4873 ille

677 4916 869 4980 timor
896 4919 990 4979 est
1014 4915 1245 4997 passio,
1275 4933 1407 4978 non
1433 4915 1754 4997 propassio
1788 4937 1802 4978 :
1848 4931 2007 4996 ergo
2041 4915 2216 4980 nulla

679 5029 771 5091 est
795 5025 1119 5107 responsio
1148 5022 1458 5104 Magistri.

757 5131 944 5213 Resp.
976 5130 1322 5195 Dicendum
1368 5129 1540 5212 quod
1583 5130 1941 5213 propassi0,
1986 5148 2213 5195 secun-

638 5235 652 5249 ‘
678 5242 836 5305 dum
880 5238 1245 5320 generalem
1292 5237 1572 5302 nominis
1619 5237 1720 5301 sui
1762 5238 2214 5319 acceptionem,

680 5329 913 5413 dicitur
939 5363 1073 5409 esse
1101 5345 1306 5427 passio
1333 5344 1651 5408 diminuta
1681 5365 1696 5407 ι
1726 5344 1867 5410 baec
1883 5349 2102 5411 autem
2124 5350 2218 5411 est

745 5474 765 5510 ¹
791 5473 1025 5538 Hieron„
1051 5471 1105 5520 in
1128 5468 1314 5533 Bauli,
1344 5480 1486 5523 xxvi.

2321 1168 2494 1232 enim
2537 1187 2618 1232 ex
2658 1168 2924 1233 horrore
2961 1169 3408 1249 sensualitatis»,
3452 1190 3582 1236 non
3623 1173 3880 1237 ratione

2323 1275 2520 1358 partis
2545 1275 2892 1339 rationalis,
2933 1276 3034 1341 Ad
3069 1277 3230 1341 illud
3256 1295 3412 1343 vero
3445 1278 3620 1360 quod
3646 1279 3750 1362 obj
3761 1280 3879 1342 ici-

2323 1388 2452 1463 tur,
2481 1383 2653 1466 quod
2675 1383 2990 1447 diffluitur
3017 1385 3362 1468 propassio,
3388 1387 3559 1469 quod
3596 1390 3691 1450 aet
3728 1406 3880 1451 mo-

2324 1496 2429 1556 tus
2479 1490 2760 1570 subituS,
2820 1491 3161 1574 dicendum
3209 1492 3380 1574 quod
3425 1491 3514 1556 ibi
3557 1493 3880 1557 diffinitur

2326 1599 2651 1681 propassio
2686 1599 3043 1663 secundum
3078 1599 3247 1681 quod
3287 1603 3383 1663 est
3408 1595 3500 1662 'in
3539 1599 3725 1665 nobis
3744 1648 3764 1679 ,
3804 1600 3879 1664 in

2325 1707 2559 1790 quihus
2584 1707 2958 1771 sensualitas
2984 1710 3281 1771 movetur
3298 1710 3532 1788 praeter
3551 1707 3879 1789 judicium

2324 1815 2626 1894 rationis;
2665 1814 2735 1878 in
2768 1813 3014 1879 Christo
3045 1819 3263 1878 autem
3301 1833 3431 1878 non
3468 1815 3591 1879 fuit
3614 1814 3765 1880 hoc.
3799 1814 3881 1880 Et

2326 1923 2466 1987 ideo
2493 1927 2665 2005 patet
2690 1922 3016 2004 responsio
3043 1922 3124 1986 ad
3152 1922 3260 1984 illa
3283 1921 3448 2002 duc,
3480 1940 3630 2006 quae
3657 1923 3879 2005 primo

2267 2101 2270 2104 Α
2327 2031 2740 2112 oineiuntur.
2783 2030 2880 2095 Ad
2923 2029 3083 2094 illud
3124 2048 3278 2094 vero
3323 2029 3496 2112 quod
3544 2030 3873 2112 objicitur,

2326 2137 2499 2218 quod
2541 2138 2734 2202 timor
2778 2138 3003 2203 mortis
3046 2155 3176 2201 non
3212 2137 3418 2219 potuit
3456 2155 3590 2202 esse
3623 2138 3749 2200 nisi
3803 2138 3877 2201 in

2326 2246 2571 2310 ratione
2591 2295 2608 2325 ,
2653 2246 2991 2310 dicendum
3044 2246 3216 2327 quod
3271 2244 3456 2321 ratio,
3511 2244 3876 2327 praevidens

2327 2357 2599 2417 mortem
2619 2353 2981 2433 instantem,
2996 2352 3141 2417 fecit
3154 2352 3682 2435 imaginationem
3698 2371 3878 2417 mor-

2326 2463 2406 2526 tis
2432 2463 2501 2525 in
2527 2463 2666 2544 ipsa
2691 2468 2870 2546 parte
2897 2463 3173 2527 sensuali
3205 2481 3222 2524 ε
3253 2481 3382 2544 qua
3404 2460 3661 2542 quidem
3681 2461 3871 2542 facta,

2327 2571 2701 2634 sensualitas
2719 2575 2894 2635 mota
2919 2571 3063 2649 fuit,
3093 2574 3155 2634 et
3177 2571 3442 2634 horrore
3469 2569 3692 2632 mortis
3719 2587 3878 2633 con-

2327 2697 2533 2743 cussa.
2560 2678 2639 2742 Et
2664 2679 2717 2741 si
2743 2683 2811 2742 tu
2849 2679 3040 2759 dicaS,
3073 2678 3244 2760 quod
3272 2677 3377 2740 hic
3412 2695 3545 2741 non
3586 2680 3681 2741 est
3715 2677 3875 2741 ordo

2327 2785 2736 2868 cognitioniS,
2776 2789 2851 2850 ut
2877 2786 3254 2851 deveniatur
3283 2804 3322 2848 a
3348 2785 3593 2849 ratione
3620 2784 3699 2849 ad
3731 2802 3876 2847 sen-

2326 2893 2706 2973 sualitatem,
2731 2893 3070 2958 dicendum
3085 2892 3255 2975 quod
3283 2892 3405 2957 hoc
3435 2909 3663 2956 verum
3680 2891 3875 2954 estin

2326 3000 2531 3079 nobis,
2562 3002 2632 3066 in
2653 3002 2888 3085 quibus
2914 3005 3007 3066 est
3046 3000 3304 3065 scientia
3343 2997 3869 3091 peracquisitio·

2324 3130 2476 3176 nem
2518 3111 2600 3175 ab
2639 3109 2961 3189 inferiori;
3007 3109 3077 3172 in
3126 3107 3372 3172 Christo
3423 3109 3639 3172 autem
3688 3107 3873 3172 aliter

2327 3237 2461 3283 esse
2501 3217 2728 3301 potuit,
2772 3216 2887 3298 qui
2920 3216 3044 3280 fuit
3084 3216 3309 3298 plenus
3350 3213 3644 3293 scientia,
3693 3219 3759 3279 et
3803 3216 3872 3279 in

2326 3330 2457 3394 quo
2498 3312 2622 3375 fuit
2647 3309 3003 3374 obedientia
3030 3309 3302 3393 perfecta
3328 3307 3573 3372 virium
3610 3308 3874 3371 inferio-

2328 3440 2478 3485 rum
2507 3423 2797 3502 respectu
2821 3418 3246 3502 superiorum.
3277 3415 3589 3481 Praeterea
3607 3433 3724 3479 nos
3753 3414 3871 3499 ipsi

2330 3528 2677 3609 imaginari
2705 3545 3046 3613 possumus
3071 3525 3242 3608 quod
3279 3523 3609 3602 volumuS,
3643 3541 3874 3605 quam-

2326 3637 2427 3702 vis
2450 3654 2580 3699 non
2608 3636 2925 3717 possimus
2950 3633 3123 3715 quod
3148 3631 3453 3696 volumus
3480 3632 3713 3695 sentire
3756 3648 3873 3694 ex-

2325 3744 2548 3809 terius.
2611 3742 2688 3806 Et
2729 3744 2818 3806 ita
2878 3743 3070 3806 timor
3121 3742 3190 3804 in
3245 3740 3489 3805 Christo
3543 3740 3621 3804 de
3670 3742 3874 3803 morte

2325 3852 2544 3916 futura
2581 3850 2788 3933 potuit
2827 3868 2961 3914 esse
2985 3850 3062 3929 gin
3093 3852 3268 3932 parte
3302 3848 3598 3926 sensuali,
3628 3852 3703 3911 ut
3731 3863 3871 3910 me-

2325 3961 2473 4039 rit0,
2500 3959 2852 4024 secundum
2883 3957 3347 4040 Hieronymum
3372 3960 3437 4021 et
3468 3955 3864 4039 Magistrum,

2325 4067 2524 4152 possit
2545 4072 2608 4131 et
2634 4067 2855 4131 debeat
2884 4064 3008 4129 dici
3032 4065 3375 4146 propassio.

2801 4242 3290 4367 ARTICULUs
3336 4295 3390 4364 1.

2404 4483 2503 4547 Ad
2563 4479 3048 4563 intelligentiam
3126 4479 3238 4562 huj
3247 4498 3325 4543 us
3395 4478 3591 4561 partis
3651 4475 3865 4540 incidit

2325 4590 2595 4675 quaestio
2648 4590 2816 4653 circa
2876 4589 3003 4652 duo
3067 4609 3082 4651 :
3129 4586 3338 4670 primo
3418 4585 3730 4669 quaeritur
3789 4582 3862 4645 de

2322 4697 2699 4782 hujusmodi
2727 4696 3077 4761 defectibus
3102 4694 3443 4777 assumptis
3464 4712 3504 4758 a
3529 4692 3774 4757 (thristo
3799 4688 3862 4750 in

2324 4806 2647 4889 generali3
2707 4804 2985 4869 secundo
3037 4802 3354 4886 quaeritur
3415 4799 3492 4866 de
3549 4799 3861 4883 aliquibus

2323 4914 2668 4978 defectibus
2703 4913 2772 4976 in
2811 4910 3090 4994 speciali.
3130 4909 3306 4975 Circa
3358 4909 3643 4993 primum
3685 4920 3860 4991 quae-

2322 5025 2557 5088 runtur
2593 5022 2718 5086 tria
2762 5044 2777 5086 :
2808 5021 3018 5103 primo
3054 5020 3368 5103 quaeritur
3411 5019 3489 5083 de
3529 5015 3859 5083 defectibus

2324 5129 2667 5212 assumptis
2692 5148 2733 5193 a
2761 5127 3007 5193 Christo
3051 5132 3366 5210 quantum
3391 5125 3472 5191 ad
3511 5124 3857 5189 condecen-

2324 5238 2478 5302 tiam
2507 5240 2570 5301 et
2596 5235 3097 5317 congruitatem3
3120 5232 3419 5314 secundo,
3439 5223 3855 5316 quantum-ad

2325 5343 2806 5427 generalitatem
2821 5362 2840 5422 ;
2862 5342 3047 5407 tertio
3065 5341 3376 5425 quaerItur
3392 5340 3472 5405 de
3492 5333 3852 5419 hujusmodi

2327 5451 2673 5521 defectibus
2699 5454 3015 5535 quantum
3036 5449 3116 5514 ad
3140 5447 3593 5516 causalitatem.
