4185 6288
765 426 886 490 tm

766 562 1264 645 repugnantiam
1289 561 1481 627 babet
1506 581 1658 627 cum
1696 562 1938 629 virtute
1964 561 2310 637 cardinali,

767 670 954 752 cujus
972 669 1300 750 obJectum
1325 671 1423 733 oet
1446 669 1694 734 bonum
1717 675 2002 735 creatum
2020 718 2038 749 ,
2068 674 2133 734 et
2161 669 2315 732 fini-

768 781 932 853 tum,
980 780 1047 841 et
1091 777 1435 842 limitatum
1484 798 1498 840 ε
1550 796 1623 841 ac
1664 795 1780 860 per
1825 778 1950 841 hoc
1997 777 2313 858 exigitur,

768 884 943 968 quod
969 885 1039 948 in
1067 889 1213 949 actu
1239 884 1320 947 sit
1346 884 1577 949 modus
1616 886 2079 950 determinatus
2097 931 2116 960 ,
2149 882 2318 946 ultra

769 1007 963 1074 quem
991 992 1046 1055 si
1072 991 1402 1075 procedat,
1433 992 1762 1073 egreditur
1783 993 2054 1056 limitem
2076 991 2197 1053 sibi
2226 1009 2319 1054 se-

769 1100 1053 1165 cundum
1072 1100 1665 1165 determinationem
1691 1100 1947 1165 virtutis
1973 1101 2308 1163 statutum.

849 1213 913 1272 Ξ.
943 1206 1044 1272 Ad
1069 1207 1226 1273 illud
1267 1207 1443 1290 quod
1479 1206 1814 1288 obiicitur,
1843 1206 2016 1289 quod
2053 1223 2198 1289 spes
2223 1209 2319 1270 est

772 1315 981 1379 media
1007 1314 1285 1378 duarum
1314 1313 1712 1378 malitiarum
1731 1362 1750 1392 ,
1779 1313 2119 1378 dicendum
2143 1312 2314 1395 quod

772 1421 987 1505 aliqua
1025 1421 1233 1487 virtus
1278 1424 1482 1505 potest
1519 1420 1643 1484 dici
1683 1421 1892 1485 media
1926 1421 2006 1502 (α)
2036 1421 2315 1484 duarum

773 1529 1163 1594 malitiarum
1180 1529 1531 1613 dupliciter,
1554 1528 1829 1594 autsicut
1850 1529 2189 1610 utriusque
2213 1526 2320 1591 eli-

775 1637 1081 1702 minativa
1097 1639 1163 1700 et
1184 1637 1591 1713 destructiva,
1613 1638 1727 1699 aut
1745 1635 1910 1698 sicut
1929 1652 2012 1699 ex
2026 1634 2318 1717 utrisque

773 1745 1132 1823 constituta,
1162 1748 1479 1827 quantum
1506 1743 1584 1807 ad
1613 1761 1690 1807 ea
1706 1791 1724 1818 ,
1753 1760 1901 1824 quae
1927 1744 2175 1807 suntin
2202 1742 2315 1818 eis,

774 1854 963 1918 bona.
992 1852 1060 1918 Si
1075 1854 1155 1917 sit
1170 1853 1378 1917 media
1397 1852 1567 1916 sicut
1584 1870 1663 1916 ex
1677 1851 1967 1933 utrisque
1993 1850 2069 1932 (b)
2090 1850 2320 1914 consti-

772 1964 943 2037 tuta,
969 1959 1509 2041 quemadmodum
1552 1959 1813 2040 largitas
1855 1958 2051 2022 habet
2077 1957 2319 2040 aliquid

774 2067 854 2133 de
869 2067 1136 2133 avaritia
1159 2068 1228 2132 in
1254 2068 1376 2133 hoc
1400 2069 1571 2151 quod
1596 2072 1768 2132 tenet
1793 2066 2089 2146 tenenda,
2106 2070 2171 2130 et
2195 2066 2321 2130 ali-

775 2176 930 2258 quid
947 2175 1027 2240 de
1038 2175 1413 2240 liberalitate
1427 2176 1497 2239 in
1508 2175 1627 2239 hoc
1647 2174 1819 2257 quod
1834 2173 1942 2238 dat
1957 2173 2165 2238 danda
2185 2193 2204 2252 ;
2231 2176 2322 2237 sic

775 2282 961 2346 estin
990 2300 1229 2363 genere
1254 2282 1509 2347 virtutis
1530 2281 1890 2346 cardinalis,
1914 2278 1982 2345 Si
1999 2285 2217 2344 autem
2241 2281 2323 2343 sit

778 2390 987 2454 media
1002 2391 1213 2472 solum
1238 2390 1401 2454 sicut
1425 2391 1841 2468 eliminativa,
1867 2389 1956 2452 sic
1982 2406 2113 2452 non
2140 2405 2323 2471 opor-

772 2500 867 2561 tet
908 2516 1050 2562 eam
1093 2518 1228 2562 esse
1272 2498 1579 2563 virtutem
1628 2496 2011 2562 cardinalem
2046 2518 2061 2560 :
2094 2501 2157 2560 et
2200 2495 2323 2561 hoc

779 2605 970 2670 modo
997 2605 1207 2670 media
1232 2610 1330 2670 est
1356 2624 1501 2689 spes
1527 2606 1692 2669 inter
1722 2605 2232 2687 desperationem
2260 2607 2324 2668 et

776 2713 1369 2797 praesumptionem.
1416 2712 1672 2777 Liberat
1707 2713 1883 2776 enim
1924 2712 2006 2776 ab
2042 2711 2151 2775 illo
2196 2713 2323 2776 du-

775 2820 926 2904 plici
952 2819 1146 2898 malo,
1173 2821 1339 2885 sicut
1361 2819 1518 2884 fides
1545 2817 1623 2883 de
1648 2817 1954 2882 Trinitate
1984 2824 2046 2882 et
2073 2817 2326 2883 Unitate

774 2927 1003 2993 liberat
1026 2931 1091 2993 et
1119 2928 1201 2992 ab
1228 2945 1443 2991 errore
1474 2925 1609 2990 Arii
1636 2926 1734 3008 (c),
1764 2930 1828 2990 et
1851 2927 1933 2990 ab
1955 2944 2170 2990 errore
2199 2924 2322 2991 Sa-

775 3034 983 3099 bellii:
1004 3039 1070 3099 et
1094 3033 1237 3099 ideo
1262 3051 1396 3098 non
1421 3033 1596 3114 cogit
1620 3032 1743 3096 ista
1768 3034 1953 3112 rati0‚
1974 3032 2149 3116 quod
2179 3051 2322 3116 spes

776 3160 909 3207 non
936 3141 1016 3206 sit
1039 3141 1246 3208 virtus
1271 3140 1653 3223 theologica.

856 3253 919 3315 3.
947 3248 1047 3314 Ad
1084 3247 1245 3314 illud
1270 3248 1443 3330 quod
1468 3248 1767 3330 objicitur
1784 3296 1801 3324 ,
1830 3247 2004 3330 quod
2030 3267 2141 3331 spe
2189 3266 2322 3313 non

776 3360 1031 3422 tantum
1067 3360 1360 3439 speratur
1384 3355 1593 3438 gloria
1607 3402 1626 3433 ,
1656 3355 1767 3420 sed
1794 3355 1990 3419 etiam
2025 3356 2234 3436 gratia
2257 3359 2324 3420 et

775 3465 966 3531 venia
984 3512 1005 3544 ,
1052 3463 1396 3528 dicendum
1454 3462 1628 3546 quod
1676 3480 1807 3528 non
1861 3462 2323 3528 determinatur

775 3590 988 3654 genus
1029 3571 1135 3639 vel
1173 3570 1411 3654 species
1454 3569 1655 3653 ipsius
1680 3569 1939 3634 virtutis
1979 3587 2176 3654 penes
2204 3569 2323 3633 ob-

767 3683 1014 3763 jectum
1045 3681 1529 3764 quodcumque,
1556 3678 1667 3743 sed
1696 3695 1890 3761 penes
1918 3678 2075 3743 illud
2105 3679 2317 3761 obJec-

772 3791 940 3866 tum,
968 3789 1141 3872 quod
1167 3788 1361 3852 habet
1384 3788 1705 3851 rationem
1735 3786 1983 3851 motivi.
2013 3784 2321 3863 Quamvis

774 3899 995 3960 autem
1019 3913 1163 3979 spes
1186 3897 1477 3959 versetur
1504 3895 1673 3958 circa
1709 3893 1881 3958 bona
1923 3896 2134 3957 creata
2171 3909 2320 3975 quae

775 4006 1096 4085 expectat3
1127 4002 1293 4067 ratio
1334 4007 1551 4065 tamen
1590 4017 1859 4065 movens
1893 4017 2026 4065 non
2068 4003 2165 4064 est
2200 3999 2322 4063 ali-

774 4110 947 4193 quod
971 4113 1279 4189 creatum,
1307 4108 1417 4173 sed
1439 4108 1658 4191 aliqua
1694 4107 2095 4172 immensitas
2119 4107 2319 4191 ipsius

772 4218 1017 4281 summi
1053 4217 1208 4282 boni
1242 4216 1536 4293 increati,
1565 4215 1672 4279 cui
1697 4215 2016 4279 innititur.
2048 4215 2127 4279 Et
2152 4216 2315 4294 ideo,

774 4325 1071 4407 quamvis
1121 4342 1237 4407 per
1283 4340 1465 4407 spem
1522 4326 1813 4405 expectet
1852 4323 1998 4405 quis
2042 4323 2320 4403 gratiam

774 4433 1054 4516 plenam,
1073 4435 1139 4497 et
1162 4432 1419 4497 veniam
1442 4431 1805 4514 perfectam,
1832 4429 1987 4512 quia
2009 4430 2089 4493 ad
2114 4430 2320 4512 ipsam

776 4543 1183 4623 comparatur
1219 4556 1362 4621 spae
1406 4543 1712 4620 tanquam
1750 4537 1921 4601 circa
1959 4537 2317 4617 materiam,

775 4650 1035 4730 propter
1061 4646 1172 4711 illa
1196 4664 1330 4710 non
1355 4649 1605 4728 oportet
1647 4662 1793 4708 eam
1835 4644 2059 4728 reponi
2100 4643 2173 4707 in
2203 4663 2325 4727 ge-

776 4768 932 4818 nere
955 4753 1213 4818 virtutis
1232 4752 1575 4817 cardinalis
1597 4801 1615 4833 ,
1647 4751 1812 4818 sicut
1852 4752 1923 4815 in
1962 4752 2321 4835 praeceden-

756 4861 949 4927 tibus
985 4862 1277 4926 habitum
1325 4863 1421 4924 est
1468 4861 1547 4926 de
1588 4859 1738 4924 fide.
1785 4858 1856 4923 Si
1900 4863 1971 4923 tu
2017 4858 2278 4941 objicias
2299 4907 2320 4939 ,

776 4970 949 5052 quod
977 4968 1339 5035 obedientia
1380 4970 1745 5050 potestesse
1783 4964 1991 5029 virtus
2032 4967 2323 5031 cardina-

777 5076 879 5154 lis,
923 5081 989 5142 et
1036 5077 1230 5141 etiam
1268 5076 1476 5154 latria,
1505 5074 1661 5157 quia
1704 5092 1834 5138 non
1876 5073 2323 5139 tantummodo

762 5174 1175 5239 -considerant
1199 5172 1526 5255 objectum
1551 5172 1907 5236 increatum
1924 5219 1943 5251 ,
1990 5173 2102 5237 sed
2127 5173 2321 5237 etiam

841 5333 909 5399 (a)
950 5334 1070 5386 Cot.
1107 5334 1228 5385 edit.
1260 5331 1667 5398 modium-(b)
1703 5333 1836 5385 deest
1874 5349 1937 5386 ex
1982 5336 2227 5403 utrisque.
2256 5362 2318 5376 -

781 5407 843 5471 (ο)
871 5404 1022 5456 Arrii.

1874 420 2498 493 SENTENTIARUM
2538 423 2688 490 Lm.
2739 425 2848 491 111.

2424 559 2664 643 aliquid
2701 565 2990 628 creatum
3033 569 3466 641 concernunt,
3497 562 3794 628 videlicet
3820 566 3971 631 obe-

2425 666 2661 731 dientia
2698 673 3112 754 praeceptum,
3155 675 3221 735 et
3270 671 3460 736 latria
3505 670 3756 736 cultum
3802 671 3973 736 debi-

2425 777 2589 852 tum,
2611 793 2684 837 ac
2710 794 2827 858 per
2857 777 2980 840 hoc
3006 778 3175 860 quod
3198 779 3287 840 ita
3310 777 3537 841 debeat
3558 796 3697 842 esse
3729 778 3796 840 in
3824 798 3969 860 spe:

2424 879 2766 947 dicendum
2816 886 2986 967 qnod
3039 903 3169 949 non
3234 889 3331 949 est
3374 885 3581 949 simile
3638 884 3798 967 quia
3852 893 3976 950 tam

2422 984 2609 1052 latria
2633 1037 2652 1066 ,
2696 1008 2894 1071 quam
2945 991 3303 1056 obedientia
3349 992 3675 1055 concernit
3720 991 3975 1072 aliquod

2424 1098 2712 1158 creatum
2757 1095 2868 1159 tali
2908 1099 3131 1177 modo,
3175 1099 3346 1181 quod
3387 1099 3635 1163 ratione
3673 1099 3852 1163 illius
3890 1118 3980 1163 re-

2425 1200 2702 1283 spiciunt
2742 1210 2958 1268 actum
2998 1206 3404 1269 exteriorem.
3438 1204 3584 1270 Non
3629 1207 3727 1269 sic
3768 1210 3977 1271 autem

2424 1313 2519 1372 est
2545 1309 2624 1373 de
2649 1328 2809 1392 spe:
2842 1330 2985 1400 spes
3026 1313 3202 1377 enim
3247 1313 3655 1378 solummodo
3700 1313 3978 1378 consistit

2424 1414 2495 1479 in
2521 1416 2748 1482 effectu
2774 1418 3096 1498 interiori,
3127 1439 3274 1502 quae
3299 1421 3702 1504 praecipuam
3732 1422 3978 1486 modifi-

2425 1525 2610 1589 candi
2659 1527 2975 1593 rationem
3019 1529 3221 1592 sumit
3266 1547 3350 1593 ex
3400 1533 3578 1612 parte
3621 1530 3939 1613 superiori
3957 1579 3974 1608 ,

2425 1632 2716 1697 videlicet
2741 1652 2826 1699 ex
2850 1639 3031 1718 parte
3057 1636 3288 1718 objecti
3316 1636 3607 1701 increati.

2505 1746 2567 1805 4.
2599 1741 2697 1806 Ad
2724 1742 2884 1808 illud
2917 1743 3091 1827 qnod
3114 1745 3446 1826 obiicitur,
3475 1744 3654 1828 quod
3682 1744 3978 1828 longani-

2425 1847 2666 1912 mitatis
2690 1854 2786 1914 est
2810 1856 3142 1934 expectare
3160 1901 3179 1931 ,
3223 1851 3585 1916 secundum
3612 1853 3793 1936 qnod
3818 1854 3972 1937 spei,

2425 1954 2768 2020 dIcendum
2794 1958 2967 2040 quod
2992 1959 3119 2023 alia
3155 1963 3253 2023 est
3290 1961 3652 2042 expectatio
3691 1961 3977 2043 longani-

2428 2057 2665 2122 mitatis
2683 2108 2701 2138 ,
2730 2077 2879 2141 quae
2904 2066 3173 2144 estpars
3198 2061 3595 2126 fortitudinis
3613 2110 3631 2140 ,
3662 2083 3864 2146 quam
3904 2066 3976 2128 sit

2427 2168 2780 2248 expectatio
2809 2168 2967 2250 spei.
2997 2168 3160 2233 Nam
3187 2171 3543 2252 expectatio
3574 2172 3718 2253 spei
3747 2173 3977 2235 consis-

2434 2273 2513 2335 tit
2536 2272 2604 2334 in
2632 2275 2909 2354 quadam
2939 2277 3340 2358 protensione
3367 2279 3447 2342 ad
3480 2279 3658 2342 bona
3696 2284 3974 2342 aeterna:

2426 2397 2577 2462 quae
2613 2380 2875 2460 quidem
2911 2386 3241 2466 consurgit
3279 2403 3360 2448 ex
3397 2386 3790 2451 confidentia
3810 2434 3828 2465 ,
3863 2379 3979 2468 qua

2430 2486 2646 2552 anima
2672 2487 2971 2554 innititur
2997 2490 3120 2574 ipsi
3149 2490 3276 2556 Deo
3301 2511 3385 2556 ex
3408 2496 3540 2557 tota
3574 2494 3820 2558 virtute
3845 2513 3973 2557 sua.

2430 2592 2554 2658 Sed
2580 2597 2938 2678 expectatio
2975 2597 3482 2679 longanimitatis
3510 2605 3644 2678 est,
3685 2621 3819 2685 qua
3853 2601 3980 2666 ani·

2430 2720 2538 2766 ma
2577 2703 2929 2768 constantia
2965 2708 3232 2785 mentiS,
3263 2712 3325 2770 et
3355 2707 3590 2772 robore
3617 2709 3825 2772 animi
3869 2728 3979 2773 ex-

2431 2814 2638 2893 pectat
2659 2810 2738 2876 de
2763 2813 3063 2877 omnibus
3089 2814 3529 2895 affligentibus
3553 2821 3622 2880 et
3654 2818 3977 2882 deterren-

2431 2917 2602 2982 tibus
2630 2918 3030 3003 triumphare
3061 2941 3077 2983 ε
3111 2923 3176 2984 et
3199 2922 3291 2984 sic
3317 2927 3498 2986 actus
3525 2923 3981 3006 longanimita-

2429 3026 2541 3104 tis,
2566 3026 2922 3091 secundum
2961 3028 3134 3110 quod
3176 3033 3271 3091 oet
3308 3029 3752 3110 fortitudini-⁰0,
3781 3032 3982 3097 differt

2429 3132 2512 3197 ab
2541 3136 2689 3199 actu
2714 3134 2876 3217 spei,
2908 3138 2971 3199 et
2998 3139 3314 3218 quantum
3350 3135 3430 3201 ad
3458 3139 3794 3221 objectum
3824 3140 3980 3205 ciroe

2429 3240 2625 3324 quod,
2654 3245 2719 3306 et
2742 3248 3059 3325 quantum
3086 3243 3168 3306 ad
3195 3244 3515 3308 motivum
3543 3226 3661 3311 :et
3685 3248 3833 3313 ideo
3858 3267 3979 3313 non

2428 3348 2740 3430 sequitur,
2764 3349 2938 3432 quod
2964 3348 3020 3413 si
3046 3350 3503 3432 longanimitas
3527 3355 3719 3418 estin
3746 3374 3976 3437 genere

2428 3454 2687 3520 virtutis
2729 3456 3068 3520 cardinalis
3085 3505 3108 3537 ‚
3138 3457 3312 3540 quod
3337 3464 3601 3542 propter
3629 3461 3758 3527 hoc
3781 3464 3980 3528 virtus

2428 3563 2562 3646 spei
2588 3563 2813 3627 debeat
2839 3564 2961 3628 sub
2988 3564 3212 3629 eodem
3240 3583 3480 3646 genere
3505 3570 3757 3651 reponi.

2507 3674 2571 3735 5.
2601 3670 2699 3736 Ad
2728 3672 2886 3736 illud
2912 3673 3084 3754 quod
3119 3672 3453 3755 objicitur,
3486 3677 3659 3758 quod
3683 3696 3831 3761 spes
3857 3680 3978 3743 for-

2426 3778 2626 3843 tisscat
2651 3780 2874 3844 contra
2897 3780 3271 3862 affligentia,
3303 3762 3650 3850 dicendum
3673 3786 3850 3868 quod
3876 3788 3980 3851 ali-

2428 3885 2572 3967 quis
2610 3889 2790 3951 actus
2834 3893 3041 3971 potest
3075 3907 3212 3953 aese
3251 3889 3529 3974 alicujus
3567 3894 3829 3959 virtutis
3870 3896 3975 3959 tri·

2427 3993 2672 4075 pliciter
2697 4014 2716 4074 ;
2746 3994 2850 4060 vel
2879 3995 3042 4060 sicut
3070 3995 3382 4062 elicientis
3401 4047 3423 4079 ,
3448 4000 3553 4065 vel
3581 4000 3750 4066 sicut
3777 4003 3974 4087 impe·

2428 4102 2627 4165 rantis
2649 4150 2668 4181 ,
2721 4100 2824 4167 vel
2867 4102 3032 4168 sicut
3096 4103 3638 4172 adminiculantis.
3707 4108 3981 4175 Fortiter

2430 4212 2646 4272 autem
2675 4209 2954 4292 perferre
2997 4211 3305 4276 terribilia
3345 4216 3441 4277 est
3477 4214 3684 4296 ipsius
3725 4218 3980 4282 virtutis

2429 4314 2818 4380 fortitudinis
2847 4316 3010 4382 sicut
3050 4317 3396 4398 elicientis;
3429 4321 3538 4385 sed
3571 4322 3724 4387 fidei
3752 4330 3852 4389 est
3889 4326 3975 4388 si-

2429 4427 2538 4487 cut
2567 4422 2940 4506 imperantis
2964 4427 3030 4488 et
3055 4424 3368 4506 dictantis,
3396 4429 3589 4509 Juxta
3618 4429 3784 4495 illud
3807 4432 3976 4515 quod

2430 4530 2662 4597 dicitur
2693 4531 2771 4596 de
2798 4532 2958 4596 viris
2986 4534 3242 4610 sanctis,
3271 4536 3481 4618 quod¹
3507 4552 3629 4618 per
3661 4539 3868 4618 fidem
3895 4543 3979 4607 vi-

2429 4644 2647 4706 cerunt
2682 4655 2906 4722 regma,
2938 4643 3003 4704 et
3025 4641 3222 4721 fortes
3263 4643 3426 4721 tacti
3466 4650 3626 4711 sunt
3670 4650 3753 4712 in
3797 4648 3979 4729 boum

2432 4747 2544 4812 sed
2588 4745 2787 4829 ipsius
2817 4748 2966 4830 spei
3010 4752 3074 4813 et
3112 4749 3433 4815 charitatis
3460 4758 3558 4816 est
3594 4755 3764 4820 sicut
3789 4759 3978 4823 admi-

2429 4854 2796 4919 niculantis.
2828 4856 3030 4920 Amor
3054 4858 3229 4921 enim
3256 4858 3368 4923 Dei
3397 4866 3462 4924 et
3490 4867 3665 4927 certa
3691 4873 3975 4949 expeda·

2430 4962 2521 5027 tio
2569 4961 2808 5027 futurae
2841 5028 2846 5033 ,
2875 4963 3281 5029 beatitudinis
3337 4968 3624 5033 multum
3675 4973 3972 5055 adjuvant

2430 5069 2738 5135 virtutem
2764 5070 3154 5136 fortitudinis
3171 5119 3190 5150 ,
3222 5077 3295 5138 ut
3320 5076 3522 5156 possit
3546 5081 3776 5145 omnia
3814 5080 3970 5145 mah

2430 5176 2740 5259 perferre,
2777 5179 2970 5259 juxta
2996 5178 3153 5245 illud
3177 5180 3346 5245 beati
3374 5182 3684 5268 Gregorii
3716 5212 3735 5254 ε
3774 5214 3806 5253 ι
3830 5190 3967 5274 Spes

2430 5284 2687 5370 praemii
2712 5286 2949 5352 minuit
2973 5287 3109 5353 vim
3132 5287 3394 5371 flagelli.
3425 5313 3460 5353 ι

2496 5414 2512 5449 ¹
2537 5411 2711 5477 Heba,
2737 5425 2814 5479 ιι,
2841 5414 2922 5477 3³,
2949 5416 3030 5467 3⁴.
