4185 6288
704 479 821 540 3¹2

700 610 939 694 aliquid
965 627 1167 686 nunc,
1207 608 1377 690 quod
1412 608 1593 690 prius
1621 624 1755 671 non
1799 606 2243 672 consideraba-

702 722 830 783 tur.
865 717 992 783 Nec
1019 719 1336 799 repugnat
1370 716 1559 779 etiam
1600 715 1966 798 perfectioni
1995 717 2246 778 creatu-

703 845 816 905 rae,
847 825 1150 908 quoniam
1179 827 1537 887 creaturam
1574 823 1790 904 perfici
1811 871 1826 901 ‚
1857 825 1953 886 est
1974 824 2029 903 ej
2038 841 2114 886 us
2141 841 2247 885 ca-

704 934 1041 1017 pacitatem
1071 931 1346 1014 impleri.
1377 930 1676 995 Creatura
1712 934 1925 994 autem
1961 929 2248 1011 plurium

704 1047 798 1105 est
838 1059 1038 1123 capax
1085 1038 1437 1104 secundum
1483 1038 1912 1120 cognitionem
1957 1036 2250 1100 habitua-

706 1150 855 1228 lem,
899 1166 1092 1230 quam
1133 1145 1485 1210 secundum
1531 1143 2097 1208 considerationem
2143 1161 2249 1206 ac-

708 1256 969 1335 tualem,
1034 1256 1197 1317 sicut
1254 1254 1323 1315 in
1388 1251 1762 1334 opponendo
1824 1255 2252 1316 monstratum

709 1370 798 1428 est
819 1369 860 1427 ¹.
893 1363 970 1427 Et
1015 1362 1155 1425 ideo
1193 1378 1324 1437 non
1365 1359 1573 1423 solum
1604 1358 1671 1421 in
1713 1358 1988 1439 angeliS,
2020 1376 2253 1423 verum

710 1472 904 1534 etiam
930 1470 999 1532 in
1025 1468 1239 1531 anima
1267 1466 1493 1529 Christi
1524 1465 1646 1529 1100
1673 1484 1901 1529 verum
1924 1469 2046 1545 est,
2082 1466 2255 1548 quod

712 1579 899 1662 plura
932 1576 1258 1658 cognoscit
1285 1575 1350 1638 in
1380 1574 1634 1651 habitu,
1669 1593 1865 1656 quam
1906 1575 2256 1640 consideret

714 1688 780 1749 in
807 1688 974 1750 actu.
1007 1684 1084 1747 Et
1106 1684 1246 1747 ideo
1275 1681 1748 1746 concedendum
1776 1685 1891 1760 est,
1921 1682 2091 1763 quod
2123 1701 2256 1746 om·

714 1795 824 1857 nia
851 1792 1203 1856 considerat
1226 1790 1293 1852 in
1321 1792 1490 1866 actu,
1519 1806 1667 1869 quae
1696 1787 1887 1853 habet
1913 1789 1979 1850 in
2008 1788 2255 1870 habitu,

718 1905 1032 1984 quantum
1061 1899 1141 1962 ad
1187 1915 1262 1961 ea
1288 1914 1435 1978 quae
1463 1912 1594 1959 non
1620 1899 1770 1958 sunt
1797 1895 1875 1959 de
1912 1897 2262 1959 substantia

719 2009 981 2091 gloriae;
1030 2013 1092 2071 et
1139 2004 1552 2069 concedendae
1582 2007 1734 2067 sunt
1770 2003 2080 2084 10110005,
2114 2021 2262 2086 quae

721 2122 872 2181 sunt
897 2117 977 2181 ad
1008 2119 1252 2198 partem
1281 2113 1486 2175 istam.

800 2223 898 2288 Ad
934 2222 1229 2287 ultimam
1274 2223 1488 2283 tamen
1532 2218 1843 2281 rationem
1886 2222 2086 2300 potest
2130 2238 2265 2284 res·

722 2330 1016 2415 ponderi,
1060 2347 1143 2392 ne
1170 2328 1275 2392 det
1301 2326 1695 2392 occasionem
1731 2326 2050 2390 deviandi.
2087 2327 2267 2404 Quod

725 2439 897 2503 enim
941 2437 1208 2512 dicitur,
1260 2434 1434 2517 quod
1491 2433 1843 2497 intellectus
1890 2434 2161 2517 simplex
2205 2440 2269 2500 et

727 2548 943 2610 finitus
961 2594 981 2623 ,
1030 2545 1110 2608 ad
1156 2543 1327 2627 quod
1377 2561 1444 2606 se
1494 2527 1842 2618 convertit,
1887 2542 2163 2607 totaliter
2202 2561 2269 2607 se

727 2655 1064 2733 convertit,
1112 2671 1242 2718 non
1289 2652 1462 2733 cogit
1499 2674 1513 2714 :
1546 2650 1698 2731 quia
1741 2649 2088 2715 intellectus
2128 2652 2267 2715 ani-

708 2776 854 2829 ·mae
877 2766 1110 2842 beatae,
1153 2766 1216 2826 et
1244 2762 1522 2825 maxime
1557 2758 1788 2823 animae
1821 2757 2081 2839 Christi,
2114 2762 2269 2826 dila-

731 2877 901 2936 tatur
948 2890 1062 2954 per
1117 2870 1393 2951 gratiam
1440 2890 1454 2931 :
1508 2870 1572 2930 et
1614 2867 1785 2948 quod
1834 2867 1977 2948 plus
2021 2873 2154 2947 est,
2207 2871 2273 2933 in

734 2979 951 3052 verbe,
967 2998 1081 3061 per
1107 2996 1316 3041 unum
1342 2980 1406 3039 et
1431 2975 1604 3039 idem
1635 2976 1959 3055 cognoscit
1984 2975 2274 3042 distincte

733 3087 957 3166 multa,
989 3089 1052 3149 et
1072 3085 1244 3150 idem
1271 3082 1624 3147 intellectus
1659 3082 2080 3164 glorificatus,
2122 3104 2275 3167 cog-

734 3193 1050 3258 noscendo
1075 3191 1371 3256 1110110111
1396 3189 1625 3269 Verbo,
1655 3209 1784 3254 non
1808 3192 2136 3274 dividitur,
2168 3194 2277 3259 sed

736 3302 958 3367 unitur
992 3324 1006 3365 :
1038 3300 1190 3383 quia
1216 3317 1346 3363 non
1386 3282 1738 3381 applicatur
1774 3299 1851 3363 ad
1881 3300 2038 3379 hoc,
2069 3302 2170 3367 vel
2198 3303 2278 3366 ad

736 3408 894 3473 illud
958 3409 1166 3491 primo
1226 3413 1289 3471 et
1338 3406 1732 3485 immediate,
1787 3407 1896 3471 sed
1965 3408 2280 3473 mediante

737 3516 945 3582 Verbo
982 3519 1221 3580 aeterno
1252 3537 1267 3577 ε
1299 3514 1468 3597 quod
1508 3532 1659 3578 cum
1705 3514 1788 3579 sit
1826 3533 2066 3593 unum,
2108 3517 2281 3584 ducit

741 3626 809 3690 in
856 3624 1058 3689 multa
1084 3622 1557 3704 cognoscibilia.
1590 3622 1752 3686 Aliae
1783 3641 1937 3687 vero
1971 3625 2276 3707 rationeS,

744 3751 891 3816 quae
918 3732 997 3796 ad
1032 3732 1195 3796 hanc
1220 3734 1468 3814 partem
1496 3729 1771 3794 inductae
1800 3733 1983 3810 sunt,
2026 3733 2281 3797 concedi

742 3844 1025 3925 possunt.

824 3955 886 4014 ¹.
917 3948 1014 4012 Ad
1043 3947 1197 4011 illud
1226 3947 1395 4031 quod
1428 3945 1726 4028 objicitur
1751 3946 1819 4009 111
1846 3949 2239 4013 contrarium
2262 4000 2280 4030 ,

746 4056 917 4139 quod
943 4057 1014 4120 in
1048 4056 1248 4120 beatis
1286 4074 1418 4119 non
1452 4059 1600 4118 sunt
1646 4055 2060 4136 cogitationes
2100 4058 2287 4122 volu-

749 4165 926 4244 biles,
978 4183 1095 4228 nec
1134 4163 1693 4242 considerationes,
1737 4162 2074 4227 dicendum
2116 4167 2288 4247 quod

751 4274 1023 4338 verbum
1049 4272 1204 4336 illud
1232 4271 1613 4352 intelligitur
1630 4270 1707 4335 de
1735 4269 1834 4333 1115
1859 4289 2003 4353 quae
2034 4278 2183 4337 sunt
2210 4275 2288 4339 de

750 4380 1021 4444 essentia
1063 4378 1310 4462 gloriae,
1348 4378 1512 4460 'quia
1551 4377 1660 4440 illa
1697 4395 1947 4458 semper
1987 4383 2178 4442 erunt
2220 4381 2288 4444 111

751 4489 983 4555 0010011
1017 4487 1378 4567 cognitione
1414 4491 1603 4567 atque
1651 4485 2175 4565 consideratione3
2213 4488 2290 4551 de

751 4597 854 4661 his
882 4598 1098 4659 autem
1128 4611 1406 4676 quorum
1433 4593 1712 4675 cognitio
1756 4611 1887 4657 non
1930 4597 2024 4656 est
2067 4594 2145 4658 de
2189 4613 2290 4659 es-

752 4703 952 4767 sentia
969 4701 1216 4783 gloriae‚
1239 4718 1374 4765 non
1400 4704 1644 4784 oportet
1671 4700 1904 4764 habere
1932 4702 2285 4767 veritatem.

754 4810 960 4875 Potest
988 4814 1201 4872 tamen
1230 4808 1411 4873 aliter
1430 4808 1575 4884 dici,
1602 4808 1770 4891 quod
1799 4808 2162 4872 volubilitas
2191 4829 2289 4875 co·

750 4920 1075 5003 gitationis
1111 4918 1346 5001 duplex
1384 4923 1507 4997 est,
1539 4918 1831 5000 quaedam
1879 4936 1992 4999 per
2026 4918 2290 4983 intima-

747 5028 985 5092 tionem
1025 5031 1087 5092 et
1136 5026 1645 5108 inquisitionem,
1693 5025 1828 5088 sive
1873 5024 2290 5089 ratiocinatio-

748 5153 923 5214 nem,
950 5140 1013 5198 et
1039 5135 1418 5210 discursum,
1447 5152 1577 5215 quo
1604 5133 1748 5215 quis
1773 5130 2046 5197 venitin
2076 5133 2291 5212 cogni·

750 5240 990 5304 tionem
1041 5241 1133 5304 rei
1177 5240 1518 5321 incognitae
1565 5261 1579 5303 ε
1625 5244 1688 5303 01
1740 5239 1881 5303 talis
1929 5237 2289 5302 volubilitas

753 5366 884 5411 non
926 5352 1020 5411 est
1051 5349 1120 5412 in
1155 5349 1374 5412 beatis,
1409 5348 1515 5410 Est
1541 5348 1733 5411 etiam
1774 5348 1898 5411 alia
1925 5347 2289 5412 volubilitas

821 5474 839 5510 ¹
867 5473 1037 5537 Arist„
1069 5474 1200 5538 Yop„
1228 5473 1314 5525 lib.
1348 5474 1410 5537 ll,
1439 5487 1485 5523 0.
1521 5484 1588 5535 ιν,
1619 5472 1672 5525 in
1700 5472 1832 5522 decl.
1862 5473 1962 5525 loci
1991 5475 2067 5524 33.

1756 467 2381 538 SENTENTIARUM
2424 469 2574 536 LIB.
2615 471 2725 536 111.

2354 626 2466 689 per
2508 608 2848 673 transitum
2893 583 3412 674 considerationis
3451 609 3645 674 unius
3682 611 3776 674 rei
3820 612 3897 676 in

2352 715 2920 782 considerationem
2958 718 3218 784 alterius
3250 741 3265 781 ε
3306 723 3371 782 01
3410 717 3553 781 talis
3596 719 3898 784 volubili-

2352 827 2449 886 tas
2498 842 2627 888 non
2668 827 2953 890 aufertur
2997 846 3038 889 a
3077 825 3299 890 beatis,
3349 827 3694 907 Augustini
3737 845 3897 909 ergo

2353 931 2695 996 auctoritas
2721 933 3100 1015 intelligitur
3127 934 3207 998 de
3240 934 3448 1017 prima
3477 933 3895 1015 volubilitate,

2354 1058 2485 1103 non
2512 1040 2591 1103 de
2617 1041 2893 1105 secunda
2929 1062 2943 1103 ε
2976 1045 3038 1105 01
3065 1042 3207 1105 ideo
3235 1041 3345 1104 tali
3371 1042 3741 1105 auctoritate
3767 1061 3903 1106 non

2355 1151 2559 1229 potest
2597 1148 2907 1226 concludi,
2958 1149 3131 1231 quod
3177 1149 3392 1213 anima
3435 1149 3657 1228 beata,
3709 1149 3898 1232 quid-

2357 1254 2511 1336 quid
2537 1256 2863 1335 cognoscit
2887 1257 2955 1319 in
2987 1256 3234 1337 habitu,
3261 1261 3604 1338 cognoscat
3630 1257 3699 1320 in
3727 1261 3898 1321 actu.

2441 1367 2500 1424 2.
2531 1361 2629 1425 Ad
2656 1362 2815 1425 illud
2842 1364 3013 1445 quod
3035 1365 3353 1446 obiicitur,
3377 1364 3547 1446 quod
3574 1364 3783 1445 gloria
3811 1368 3905 1428 est

2361 1469 2617 1532 habitus
2642 1470 2711 1531 111
2737 1475 2906 1549 actu,
2940 1471 3278 1535 dicendum
3306 1472 3476 1554 quod
3502 1490 3733 1535 verum
3766 1478 3900 1550 est;

2363 1576 2472 1640 sed
2498 1593 2582 1639 ex
2608 1577 2730 1640 hoc
2756 1595 2886 1641 non
2916 1580 3227 1661 sequitur,
3260 1580 3430 1662 quod
3458 1581 3669 1642 omnis
3691 1581 3907 1662 cogni·

2363 1683 2485 1763 tio,
2519 1703 2666 1766 quae
2691 1689 2786 1749 est
2813 1685 2882 1747 in
2909 1686 3142 1766 gloria,
3190 1687 3365 1749 sitin
3389 1692 3536 1750 actu
3566 1688 3904 1768 continuo,

2367 1791 2476 1855 sed
2506 1792 2582 1857 de
2612 1793 2721 1857 illa
2747 1793 2989 1873 solum,
3019 1813 3166 1877 quae
3194 1799 3290 1858 est
3331 1795 3409 1859 de
3449 1796 3719 1858 essentia
3761 1794 3906 1876 glo-

2366 1898 2480 1962 riae
2524 1923 2538 1962 :
2593 1906 2657 1965 et
2700 1903 3006 1984 quoniam
3070 1903 3275 1967 multa
3318 1903 3641 1984 cognoscit
3693 1904 3910 1968 anima

2348 2007 2596 2086 ,Christi
2639 2007 2707 2070 in
2747 2008 2982 2087 Verbo,
3015 2013 3077 2072 et
3103 2009 3244 2073 aliae
3286 2010 3551 2089 animae,
3583 2028 3733 2092 quae
3777 2019 3910 2075 noti

2371 2120 2522 2180 sunt
2548 2118 2626 2181 de
2661 2117 2930 2181 essentia
2954 2116 3177 2198 gloriae
3208 2140 3223 2181 ε
3268 2118 3419 2181 111110
3447 2122 3540 2182 051
3579 2119 3754 2200 quod
3781 2137 3911 2182 non

2370 2228 2618 2305 oportet
2662 2226 2863 2307 ipsam
2915 2225 3131 2288 omnia
3169 2224 3565 2288 considerare
3607 2225 3677 2287 in
3724 2229 3866 2289 actu
3889 2273 3905 2305 ,

2371 2349 2521 2414 11οω
2545 2332 2726 2395 novit
2754 2333 2824 2395 in
2848 2332 3094 2397 habitu.

2454 2442 2512 2501 3.
2560 2438 2655 2501 Ad
2684 2439 2839 2503 illud
2881 2441 3050 2521 quod
3087 2439 3415 2522 objicitur,
3450 2438 3621 2521 quod
3657 2439 3914 2504 habitus

2374 2546 2444 2609 in
2485 2550 2633 2611 actu
2658 2551 2753 2611 est
2790 2548 3121 2630 perfectior
3137 2596 3155 2626 ,
3184 2566 3380 2630 quam
3406 2547 3660 2611 habitus
3686 2552 3914 2630 praeter
4010 2565 4013 2568 ’

2375 2656 2586 2716 0010111
2607 2701 2624 2731 ,
2669 2653 3007 2718 dicendum
3051 2654 3220 2737 quod
3263 2672 3494 2719 verum
3530 2658 3625 2718 est
3662 2655 3915 2736 quando

2378 2765 2472 2823 est
2498 2762 2567 2823 in
2594 2765 2740 2825 actu
2772 2760 3196 2840 nobilissimO,
3227 2762 3337 2842 qui
3366 2761 3633 2825 debetur
3659 2761 3783 2844 ipsi
3809 2763 3915 2825 ha-

2378 2862 2539 2926 bitui
2585 2886 2600 2927 :
2634 2868 2815 2928 actus
2851 2869 3066 2928 autem
3103 2864 3533 2928 nobilissimus
3568 2865 3680 2946 qui
3725 2865 3918 2928 debe-

2378 2974 2488 3035 tur
2538 2972 2661 3053 ipsi
2705 2972 2929 3061 gloriae
2952 3022 2969 3050 ,
3018 2977 3112 3035 est
3176 2971 3439 3037 actualis
3505 2972 3918 3037 consideratio

2352 3079 2619 3148 ,summi
2636 3080 2795 3160 veri,
2822 3098 2952 3143 non
2980 3084 3193 3144 autem
3219 3079 3483 3144 actualis
3507 3079 3917 3144 consideratio

2383 3191 2844 3271 cujuscumque
2888 3190 3025 3255 veri
3071 3189 3435 3268 causabiliS,
3481 3188 3588 3252 vel
3632 3188 3912 3253 causati:

2384 3297 2525 3361 ideo
2544 3297 2623 3360 ad
2651 3297 2771 3362 1100
2802 3298 2973 3380 quod
3004 3298 3221 3361 anima
3247 3297 3470 3361 Christi
3488 3296 3722 3361 habeat
3746 3295 3920 3360 habi-

2385 3408 2526 3468 tum
2543 3405 2925 3487 cognitionis
2948 3407 3322 3489 perfectum,
3345 3423 3477 3468 non
3495 3409 3743 3486 oportet
3756 3401 3921 3486 quod

2384 3513 2715 3577 actualiter
2742 3514 3095 3578 consideret
3119 3531 3309 3578 omne
3338 3530 3592 3591 verum,
3615 3513 3727 3577 sed
3751 3511 3921 3575 suffl-

2387 3619 2471 3683 cit
2501 3621 2670 3702 quod
2696 3626 2844 3685 actu
2873 3622 3227 3686 consideret
3253 3639 3482 3687 verum
3510 3639 3863 3685 summum.

2467 3732 2528 3791 4.
2574 3730 2671 3793 Ad
2714 3728 2870 3793 illud
2908 3729 3080 3812 quod
3125 3729 3443 3811 oincitur,
3486 3730 3659 3811 quod
3709 3729 3921 3792 eadem

2390 3836 2751 3917 cognitione
2775 3856 2906 3919 qua
2924 3837 3249 3917 cognoscit
3272 3837 3576 3915 Verbum,
3605 3834 3924 3919 cognoscit

2390 3942 2514 4006 alia
2539 3963 2577 4006 a
2603 3942 2840 4024 Verbo,
2872 3950 3020 4024 etc.‚
3050 3945 3388 4010 dicendum
3415 3946 3588 4028 quod
3614 3946 3774 4011 illud
3813 3963 3918 4010 ve·

2392 4069 2539 4115 rum
2590 4056 2686 4116 est
2733 4052 2810 4116 de
2853 4054 3215 4134 cognitione
3267 4058 3581 4135 quantum
3631 4056 3710 4118 ad
3756 4051 3924 4118 habi-

2392 4161 2564 4239 tum;
2596 4159 2704 4224 sed
2731 4178 2858 4224 non
2887 4164 2981 4223 est
3005 4164 3438 4242 opportunum
3463 4160 3541 4225 de
3567 4161 3923 4242 cognitione

2393 4271 2707 4350 quantum
2735 4269 2815 4332 ad
2851 4274 3087 4332 actum.
3118 4268 3400 4332 Actualis
3434 4269 3607 4332 enim
3652 4268 3923 4350 cognitio

2393 4378 2457 4439 et
2494 4376 2903 4439 consideratio
2928 4374 3119 4455 Verbi
3162 4375 3383 4439 aeterni
3423 4380 3518 4439 est
3542 4376 3666 4459 ipsi
3708 4375 3923 4457 gloriae

2394 4482 2775 4561 essentialis;
2804 4502 2936 4547 non
2973 4483 3065 4546 sic
3100 4488 3317 4547 autem
3344 4483 3607 4548 actualis
3652 4481 3925 4564 cognitio

2394 4591 2668 4656 aliorum
2713 4610 2752 4655 a
2793 4589 3002 4656 Verbo
3045 4612 3062 4655 z
3095 4595 3157 4655 et
3197 4590 3337 4656 ideo
3378 4609 3509 4654 non
3542 4589 3621 4673 (a)
3654 4591 3920 4673 oportet,

2395 4699 2565 4783 quod
2612 4700 2702 4762 sic
2750 4699 2873 4763 alia
2918 4700 3267 4764 consideret
3297 4699 3372 4778 (b)
3423 4699 3783 4777 actualiter,
3832 4714 3924 4759 se-

2394 4807 2677 4872 cundum
2705 4808 2876 4890 quod
2902 4807 3229 4873 actualiter
3252 4807 3605 4871 considerat
3628 4807 3696 4889 (c)
3721 4807 3923 4888 ipsum

2392 4916 2704 4997 Verbum,
2753 4917 2865 4982 sed
2908 4917 3114 4981 solum
3156 4915 3562 4980 habitualiter
3611 4939 3624 4978 :
3678 4913 3922 4978 habitus

2393 5025 2567 5090 enim
2608 5026 2713 5089 ille
2753 5024 3249 5089 essentialiorem
3284 5023 3473 5087 habet
3514 5021 3920 5104 comparatio-

2394 5154 2546 5200 nem
2613 5137 2900 5217 respectu
2968 5131 3190 5208 Verbi,
3239 5130 3410 5211 quod
3457 5135 3553 5194 est
3599 5128 3919 5209 cognitum

2395 5242 2773 5326 principale,
2805 5259 3002 5323 quam
3028 5243 3315 5322 respectu
3341 5238 3615 5303 aliorum
3640 5237 3918 5318 cognito-

2462 5403 2528 5466 (a)
2561 5402 2682 5452 Coet.
2717 5402 2837 5452 edil.
2868 5416 2971 5451 non
3002 5402 3075 5450 sic
3112 5402 3329 5464 oportet.
3362 5425 3424 5438 -—
3451 5399 3519 5465 (b)
3558 5401 3600 5450 si
3627 5399 3725 5450 alia
3751 5394 3913 5447 consi·

2396 5474 2559 5537 derat,
2588 5475 2643 5538 (c)
2676 5472 2981 5524 consideret.
