4185 6288
1538 495 1898 566 ms'rmcr
1941 497 2014 564 V.

816 653 956 703 nm.
1001 652 1047 701 1.

449 806 557 860 uec
583 805 851 873 divinitas,
872 805 1056 873 inquit,
1076 804 1281 871 mma,
1307 809 1407 858 etc.

249 961 456 1027 innuit
483 960 814 1044 Magister,
831 959 1006 1044 quod
1030 977 1150 1025 nec
1170 959 1470 1025 divinitas
1494 959 1706 1025 aliena

186 1074 296 1134 erat
317 1089 354 1134 a
373 1073 604 1134 natura
627 1066 857 1149 Patris,
878 1086 996 1133 nec
1017 1067 1390 1132 humanitas
1409 1085 1451 1131 a
1472 1071 1705 1132 natura

184 1177 396 1241 matria.
438 1176 752 1259 Oincitur
781 1195 800 1238 ι
835 1174 911 1239 ln
950 1173 1136 1240 Patre
1162 1178 1226 1239 et
1253 1172 1416 1239 Filio
1441 1177 1537 1239 est
1571 1191 1706 1239 uua

183 1282 453 1348 divinitas
484 1300 686 1365 :ergo
712 1283 782 1347 in
809 1280 1010 1346 Matre
1037 1284 1100 1346 et
1124 1279 1288 1347 Filio
1308 1284 1558 1346 estune
1583 1280 1705 1345 hu-

182 1389 423 1454 manitas
443 1411 459 1455 :
477 1407 638 1471 ergo
651 1388 820 1454 sicut
843 1387 1029 1454 Pater
1050 1393 1115 1454 et
1139 1386 1341 1453 Filius
1356 1391 1507 1452 sunt
1534 1403 1705 1452 unus

183 1494 342 1576 Deus,
373 1498 466 1561 ita
500 1496 699 1562 Mater
745 1501 808 1561 et
835 1495 1037 1561 Filius
1079 1498 1232 1560 sunt
1268 1513 1441 1559 unus
1479 1493 1699 1558 home.

246 1603 418 1687 Raep.
449 1603 806 1668 Dicendum
841 1604 1012 1686 quod
1042 1621 1178 1668 non
1213 1605 1308 1667 est
1333 1602 1705 1667 omnimoda

182 1710 507 1777 similitudo
532 1711 813 1777 notanda
838 1711 908 1775 in
938 1711 1135 1776 verbo
1153 1710 1519 1793 praemism:
1548 1727 1703 1775 nam

180 1820 365 1885 unitas
397 1824 632 1886 creatae
675 1825 927 1885 naturae
974 1819 1044 1884 in
1083 1821 1375 1883 creatura
1413 1820 1703 1901 respectu

181 1933 398 1993 naturae
417 1929 534 2011 (a),
555 1933 619 1994 et
642 1945 936 2012 personae
960 1928 1035 2011 (b)
1064 1930 1358 2011 respectu
1383 1942 1698 2010 personae,

180 2036 275 2100 etsi
299 2036 577 2102 habeant
619 2036 906 2119 aliquam
936 2034 1470 2111 conformitatem,
1502 2051 1695 2117 prop-

180 2148 262 2209 ter
281 2144 395 2209 hoc
418 2144 594 2229 quod
615 2144 834 2228 aliqua
855 2147 1144 2208 creatura
1170 2146 1265 2207 at
1289 2140 1513 2206 similis
1530 2159 1703 2206 crea·

182 2256 317 2319 turae
341 2255 406 2318 in
432 2257 694 2332 natura,
725 2256 791 2317 et
819 2269 1089 2336 persona
1109 2254 1206 2316 est
1222 2249 1450 2315 similis
1475 2267 1700 2333 perso-

183 2378 297 2442 nae,
281 2380 295 2395 ·
331 2379 573 2445 magna
606 2365 819 2425 tamen
857 2362 952 2423 est
996 2357 1373 2435 differentia,
1401 2358 1556 2441 quia
1581 2376 1702 2422 na-

186 2474 302 2535 tura
333 2473 553 2537 divina
596 2487 732 2535 non
772 2468 1284 2552 multiplicatur
1268 2486 1336 2531 1n
1372 2468 1696 2551 personis,

189 2577 273 2641 sed
310 2582 534 2644 natura
598 2576 892 2641 humana
934 2576 1127 2640 habet
1173 2573 1579 2658 multiplicari
1627 2574 1698 2640 in

195 2679 411 2749 diversis
451 2682 775 2769 personis3
826 2682 996 2747 unde
1033 2681 1165 2747 duo
1199 2681 1499 2747 homines
1535 2680 1699 2746 duas

193 2785 388 2855 hahent
405 2791 891 2857 humanitates:
918 2792 983 2854 et
1004 2789 1095 2854 sic
1114 2806 1247 2854 non
1273 2788 1447 2871 cogit
1466 2787 1578 2853 illa
1600 2806 1699 2852 ra·

199 2895 284 2975 tio,
306 2900 443 2981 quia
484 2899 557 2964 in
586 2898 788 2963 verbo
816 2897 1138 2983 proposito
1173 2914 1309 2962 non
1350 2894 1699 2962 attenditur

198 3006 514 3075 omnimoda
540 3005 921 3072 similitudo.

787 3178 928 3226 nna.
971 3177 1041 3224 11.

518 3302 579 3353 in
606 3300 780 3352 torma
802 3299 901 3351 Dei
929 3312 1055 3366 ergo
1073 3301 1200 3363 erat,
1222 3300 1325 3352 etc.

254 3437 457 3506 Contra
506 3460 526 3505 ε
574 3438 740 3519 Quia
774 3439 984 3503 torma
1021 3438 1171 3503 dicit
1212 3440 1572 3521 respectum
1612 3436 1695 3502 ad

191 3544 561 3614 informatum
604 3570 620 3613 ε
652 3547 1076 3612 informatum
1120 3550 1340 3611 autem
1374 3546 1525 3611 dicit
1552 3566 1693 3613 ma·

192 3655 403 3723 teriam:
419 3657 818 3723 Deusautem
834 3655 1082 3719 nullam
1097 3654 1292 3720 habet
1311 3654 1646 3721 materiam
1670 3672 1689 3720 z

193 3775 318 3842 ergo
342 3781 450 3829 nec
469 3763 673 3829 habet
696 3763 996 3827 formam.

257 3866 412 3954 Resp.
460 3870 819 3935 Dicendum
872 3868 1043 3952 quod
1101 3867 1307 3933 forma
1360 3865 1693 3950 dupliciter

194 3970 380 4041 dicitnr
397 3997 414 4039 ε
433 3995 571 4042 uno
590 3977 785 4042 modo
804 3994 923 4060 per
936 3975 1363 4059 privationem
1380 3974 1689 4056 materiai,

196 4082 244 4142 et
263 4082 336 4146 sic
373 4084 536 4150 Deus
562 4088 663 4150 ast
690 4085 932 4161 sorma3
970 4084 1095 4149 alio
1120 4083 1313 4148 modo
1362 4100 1477 4165 per
1513 4101 1692 4148 com-

195 4191 535 4267 parationem
571 4193 654 4258 ad
694 4192 1032 4256 materiam
1069 4208 1268 4275 quam
1301 4189 1582 4273 perficit,
1627 4193 1693 4255 et

195 4289 290 4358 hoc
324 4300 499 4366 modo
553 4299 724 4365 Deus
779 4317 914 4364 non
971 4298 1230 4382 ponitur
1288 4315 1424 4362 esse
1483 4299 1690 4365 forma

196 4396 368 4471 Primo
381 4410 572 4475 modo
583 4407 969 4491 intelligitur
978 4407 1251 4472 verbum
1266 4406 1684 4491 propositum

194 4517 424 4582 secundo
459 4518 655 4584 modo
692 4518 771 4581 fit
791 4515 1103 4599 objectio.
1146 4513 1261 4580 Vel
1306 4515 1490 4580 aliter
1530 4534 1548 4579 :
1595 4519 1692 4579 eet

194 4619 336 4685 enim
371 4622 545 4708 loqui
584 4624 667 4690 de
708 4623 918 4688 forma
947 4621 1300 4687 secundum
1341 4621 1514 4706 quod
1539 4621 1692 4687 dicit

191 4724 516 4797 relationem
547 4731 629 4797 ad
671 4731 1089 4795 informatum
1126 4728 1481 4795 secundum
1524 4747 1685 4810 rem,

192 4832 274 4897 vel
293 4839 630 4904 secundum
648 4837 821 4921 quod
833 4836 987 4901 dicit
1009 4835 1447 4902 habitudinem
1461 4853 1690 4901 secun·

193 4935 319 5005 dum
348 4947 608 5012 modum
644 4943 1066 5026 intelligendi.
1118 4943 1197 5008 Et
1254 4943 1463 5027 primo
1499 4943 1690 5009 modo

195 5045 464 5134 objicitur,
492 5057 557 5120 et
573 5052 857 5119 secundo
879 5051 1068 5116 modo
1093 5050 1445 5135 accipitur
1426 5069 1498 5115 m
1520 5051 1689 5118 divi-

194 5153 309 5222 n‘n:
335 5161 476 5242 quia
497 5162 638 5246 ipsa
662 5160 864 5227 deitas
891 5176 960 5224 se
983 5158 1218 5224 habet
1200 5177 1270 5223 in
1295 5157 1541 5223 ratione
1557 5159 1687 5223 sor-

193 5275 295 5326 mae
329 5273 608 5352 respectu
632 5267 775 5348 Dei;
807 5266 989 5332 nulla
1017 5270 1234 5334 tamen
1261 5269 1357 5332 eet
1385 5265 1690 5333 differen-

194 5367 267 5435 tia
287 5371 383 5440 Dei
401 5377 478 5443 ad
494 5395 679 5445 suam
705 5374 1131 5444 divinitatem.

223 5496 281 5558 (θ)
298 5498 407 5553 Cat.
428 5502 550 5553 edit.
577 5507 829 5556 creatura.
854 5523 928 5541 α-
955 5499 1029 5565 (b)
1057 5499 1179 5552 cm.
1206 5497 1329 5551 edic.
1356 5511 1594 5563 persona.

3262 512 3374 572 117

2468 653 2613 702 nun.
2653 655 2745 704 m.

1813 770 1873 821 ln
1899 767 2267 821 humanatione
2295 770 2391 823 Dei
2415 770 2573 824 Verbi
2593 772 2759 824 aimus
2782 787 2992 826 omnem
3018 779 3071 828 et
3095 777 3374 842 perfectam

1874 844 2112 965 υωιιῑὲιηω
2123 842 2326 896 (leihtis
2341 843 2396 895 in
2410 858 2567 897 unam
2582 845 2693 912 ejus
2709 845 3028 912 hypostasim
3054 848 3373 905 incarnatam

1891 1064 2124 1131 Contra
2143 1085 2159 1126 ι
2173 1065 2307 1133 Hoc
2315 1067 2604 1150 signum,
2622 1068 2901 1148 Omnem,
2915 1070 3239 1138 distribuit
3253 1093 3371 1157 pro

1809 1169 2155 1253 suppositis
2183 1189 2388 1253 :ergo
2415 1171 2470 1235 si
2490 1176 2618 1236 tres
2644 1190 2936 1255 personae
2963 1176 3115 1238 sunt
3134 1175 3370 1259 hypos-

1809 1279 1976 1342 tases
2003 1276 2180 1343 illius
2205 1282 2473 1356 naturai,
2502 1279 2758 1345 videtur
2788 1280 2961 1363 quod
2988 1299 3213 1347 omnes
3241 1284 3370 1349 sint

1811 1384 2181 1449 incarnatae.
2239 1383 2306 1450 Si
2338 1389 2410 1450 tu
2454 1385 2625 1451 dicas
2677 1387 2849 1471 quod
2893 1388 3015 1453 hoc
3068 1389 3361 1472 signum,

1816 1491 2098 1569 Omuem,
2127 1510 2257 1557 non
2289 1496 2544 1558 tenetur
2569 1497 3361 1578 syncategorematice,vel

1810 1603 1886 1665 ut
1910 1601 2199 1683 signum,
2229 1601 2339 1665 sed
2368 1602 2580 1684 potius
2604 1606 2678 1666 ut
2702 1602 3115 1684 adjectivum,
3139 1611 3203 1669 et
3228 1610 3366 1672 tan-

1810 1712 1951 1772 tum
1983 1708 2154 1772 valet
2190 1707 2450 1774 Omnem
2476 1756 2492 1785 ,
2530 1714 2847 1792 quantum
2888 1716 2952 1774 et
2981 1714 3363 1793 perfectam,

1809 1813 2064 1879 videtur
2110 1832 2247 1878 esse
2291 1814 2581 1897 nugatiO,
2621 1830 2868 1882 omnem
2902 1820 2962 1883 et
2983 1820 3359 1899 perfectam.

1891 1920 2076 2003 Resp.
2105 1920 2450 1986 Dicendum
2478 1922 2650 2004 quod
2678 1938 2926 1990 omnem
2944 1942 3073 1990 non
3101 1930 3359 1994 tenetur

1809 2026 1898 2092 ibi
1925 2028 2353 2107 distributive,
2375 2028 2539 2093 sicut
2563 2030 2807 2095 dictum
2825 2035 2941 2110 eet,
2972 2033 3081 2097 sed
3108 2038 3363 2101 tantum

1807 2135 1977 2200 valet
2030 2135 2241 2201 dicere
2282 2152 2531 2203 omnem
2577 2146 2885 2207 naturam
2937 2139 3322 2211 divinitatis
3341 2192 3358 2221 ,

1806 2247 2125 2328 quantum
2174 2247 2547 2327 perfectam.
2603 2244 2731 2312 Nec
2775 2250 2871 2312 est
2918 2248 3009 2313 ibi
3058 2251 3356 2330 nugatio,

1806 2352 1962 2436 quia
1988 2357 2047 2419 ct
2095 2370 2228 2418 nou
2259 2357 2517 2417 tenetur
2543 2353 2634 2417 ibi
2676 2354 3065 2436 copulative,
3095 2357 3205 2421 sed
3242 2376 3363 2422 ex-

1804 2455 2099 2539 positive,
2130 2459 2195 2521 et
2225 2455 2537 2539 accipitur
2562 2463 2623 2523 et
2651 2475 2768 2539 pro
2785 2456 2865 2524 id
2888 2464 3003 2526 eat.
3022 2459 3222 2524 Aliter
3248 2479 3365 2544 po-

1806 2564 1929 2627 test
1953 2561 2076 2627 dici
2090 2562 2264 2646 quod
2292 2577 2537 2630 omnem
2562 2562 2795 2646 privat,
2826 2565 2931 2629 vel
2955 2570 3243 2633 removet
3266 2569 3366 2633 di-

1805 2670 2118 2737 visionem
2154 2672 2353 2754 partis
2390 2689 2431 2735 a
2469 2676 2679 2754 parte,
2713 2676 2778 2737 et
2804 2675 3157 2755 perfectam
3183 2676 3363 2759 ponit

1804 2777 2316 2864 completionem,
2349 2779 2437 2843 ita
2462 2779 2634 2862 quod
2655 2780 2737 2844 sit
2766 2798 3034 2845 sensus:
3075 2804 3106 2842 e
3131 2780 3362 2850 Divina

1803 2891 2036 2952 natura
2063 2889 2159 2951 est
2200 2886 2531 2951 incarnata
2560 2886 2629 2950 in
2657 2906 2778 2952 sua
2818 2889 3236 2971 perfectione,
3268 2892 3359 2959 ita

1802 2994 1972 3077 quod
1998 3012 2131 3059 non
2159 2993 2516 3058 secundum
2546 2997 2794 3077 partem
2820 2998 2883 3059 et
2914 2998 3182 3079 partem.
3216 3019 3247 3057 a
3282 2998 3361 3064 Et

1804 3102 1976 3186 quod
2004 3100 2111 3166 hic
2136 3100 2493 3167 intellectus
2519 3102 2600 3167 sit
2630 3119 2846 3183 verus,
2880 3108 3087 3189 potest
3123 3104 3351 3172 haberi

1803 3226 1919 3294 per
1944 3209 2222 3274 litteram
2249 3214 2643 3294 sequentem.

2438 3416 2578 3465 DUB.
2615 3417 2708 3464 lv.

1801 3547 1918 3601 Nou
1953 3546 2025 3599 sic
2059 3545 2246 3599 dicitur
2289 3545 2464 3597 divina
2503 3549 2687 3597 natura
2727 3560 2840 3598 esse
2879 3547 3065 3613 homo,
3100 3549 3184 3601 vel
3222 3547 3354 3604 tacta

2246 3617 2427 3682 homo,
2453 3617 2584 3668 sicut
2610 3618 2707 3669 Dei
2732 3618 2907 3671 Filius.

1881 3759 2113 3829 Contra
2160 3778 2175 3820 ε
2224 3757 2357 3824 Hoc
2403 3758 2658 3826 videtur
2701 3776 2838 3825 esse
2883 3759 3151 3841 salsum,
3199 3764 3353 3846 quia

1798 3870 1994 3935 homo
2020 3867 2403 3953 praedicatur
2429 3867 2506 3932 de
2535 3867 2713 3932 omni
2738 3886 2838 3947 eo,
2866 3867 3087 3951 dequo
3107 3870 3347 3953 praedi-

1799 3981 1981 4043 catur
2023 3976 2226 4042 Filius
2255 3976 2387 4057 Dei,
2418 3979 2482 4041 et
2508 3974 2649 4041 haec
2688 3979 2783 4041 est
2810 3994 2965 4042 vera
2994 3996 3011 4038 ε
3053 4000 3084 4039 α
3125 3978 3352 4044 Divina

1798 4089 2031 4151 natura
2051 4088 2146 4150 est
2175 4083 2375 4149 Filius
2398 4083 2507 4149 Dei
2538 4102 2555 4148 ε
2587 4106 2619 4144 n
2654 4101 2812 4167 ergo
2842 4083 2987 4150 haec
3019 4088 3114 4150 εει
3141 4103 3297 4152 vera
3327 4106 3344 4151 ε

1806 4216 1839 4256 ι
1870 4193 2101 4258 Divina
2124 4196 2357 4258 natura
2383 4195 2477 4257 est
2501 4191 2720 4258 homo.
2750 4213 2781 4251 s

1878 4301 2065 4385 Resp.
2101 4299 2452 4367 Dicendum
2482 4299 2655 4384 quod
2692 4303 2786 4365 est
2828 4299 3196 4383 praedicatio
3242 4319 3347 4369 se·-

1797 4408 2088 4475 cundum
2105 4408 2524 4486 identitatem,
2538 4411 2601 4471 et
2613 4425 2728 4490 per
2739 4406 3341 4483 denominationem.

1798 4515 1875 4582 Et
1888 4516 2251 4601 praedicatio
2268 4533 2383 4598 per
2399 4513 3000 4595 denominationem,
3018 4514 3126 4580 illa
3140 4518 3348 4598 magis

1796 4627 2010 4690 servat
2036 4624 2484 4708 proprietatem
2506 4623 2992 4707 praedicationis,
3014 4640 3210 4704 quam
3236 4624 3349 4690 illa

1796 4757 1945 4824 quae
1973 4742 2068 4804 est
2094 4756 2207 4822 per
2232 4737 2623 4808 identitatem
2657 4757 2673 4798 ε
2704 4735 2876 4801 unde
2912 4736 3053 4799 haec
3084 4743 3179 4801 est
3205 4755 3346 4802 ma·-

1797 4845 1901 4927 gis
1920 4845 2179 4928 propria
2210 4865 2225 4908 z
2260 4864 2293 4904 ι
2315 4841 2516 4909 Filius
2542 4841 2651 4907 Dei
2676 4843 3048 4925 generatur,
3073 4862 3105 4900 n
3139 4861 3340 4926 quam

1796 4951 1919 5016 ista
1951 4970 1965 5012 ε
1997 4975 2028 5013 e
2053 4949 2366 5016 Divinitas
2394 4954 2488 5014 est
2513 4949 2918 5032 generatio,n
2943 4947 3111 5013 sicut
3138 4953 3346 5017 osten·

1797 5078 1944 5126 sum
1971 5060 2096 5125 ruit
2128 5059 2197 5124 in
2233 5058 2442 5142 primo
2483 5057 2648 5122 libro
2676 5058 2720 5122 ¹.
2765 5056 2842 5120 Et
2887 5056 3196 5139 quoniam
3232 5056 3345 5122 Fi-

1795 5167 1922 5233 lius
1966 5167 2077 5233 Dei
2128 5170 2224 5231 est
2264 5164 2665 5249 suppositum
2709 5162 3017 5227 humanae
3066 5167 3340 5247 naturae,

1796 5294 1931 5350 non
1947 5275 2037 5341 sic
2061 5274 2283 5341 divina
2306 5275 2566 5351 natura;
2596 5270 2749 5335 hinc
2772 5273 2867 5335 est
2895 5270 3068 5354 quod
3092 5271 3215 5337 ista
3247 5279 3345 5338 est

1796 5385 2010 5468 magis
2058 5379 2318 5467 propria
2360 5398 2378 5443 ε
2427 5401 2460 5441 ι
2511 5377 2713 5443 Filius
2754 5376 2867 5444 Dei
2904 5381 3002 5444 est
3035 5377 3232 5445 homo
3255 5428 3272 5460 ,
3305 5403 3334 5440 ι

1829 5501 1885 5558 0¹
1907 5503 2034 5555 niet.
2059 5512 2111 5564 v,
2141 5502 2236 5551 ort.
2267 5509 2312 5561 1,
2340 5509 2392 5561 q.
2420 5506 2456 5546 1.
