4185 6288
1117 474 1492 542 nts‘rlNcT.
1543 475 1642 541 tv.
1691 473 1869 539 ΛΒΤ.
1922 475 1969 539 1.
2018 475 2326 553 QUAEST.
2377 479 2421 543 l.
3300 482 3381 542 93

237 626 319 691 per
337 608 741 689 voluntatem3
768 627 1071 695 generare
1099 629 1250 676 vero
1277 612 1428 677 dicit
1447 610 1721 695 produc-
1831 612 2012 675 mus*
2043 629 2060 674 ε
2100 612 2312 678 Filius
2341 612 2535 679 datus
2560 622 2654 680 est
2677 614 2860 680 nobis
2881 618 2905 653 ⁸
2932 634 2954 674 .-
2993 614 3099 677 sed
3130 615 3386 677 donatio

235 716 421 799 tionem
448 717 718 800 alicujus
745 739 859 802 per
895 720 1162 784 modum
1189 725 1434 784 naturae
1460 768 1476 795 ,
1508 720 1721 782 maxi·
1835 721 2115 783 maxime
2163 721 2462 804 competit
2514 719 2714 797 Patri,
2756 724 2950 803 Juxta
2994 721 3187 786 illud*
3219 743 3234 785 z
3280 721 3385 787 Sic

238 842 312 887 me
331 842 461 887 cum
477 826 824 891 attenditur
846 833 1162 910 quantum
1183 829 1262 892 ad
1282 828 1721 892 deductionem
1836 827 2001 892 Deus
2036 826 2273 893 dilexit
2302 828 2638 905 mundum,
2670 836 2739 894 ut
2773 829 3016 894 Filium
3031 844 3220 893 suum
3240 830 3387 894 urti-

237 933 304 995 rei
340 932 397 995 in
437 952 589 1010 esse,
638 937 700 998 et
746 934 887 999 ideo
930 954 1062 999 non
1106 936 1470 1000 conceditur
1512 935 1726 1016 aliquo
1836 939 2124 1017 qenitum
2161 934 2347 1001 daret
2374 960 2399 1002 .·
2429 955 2586 1016 ergo
2616 937 2871 1002 videtur
2899 937 3069 1019 quod
3117 954 3387 1019 concep-

156 1029 164 1039 ’
239 1040 402 1118 mod0,
429 1041 597 1122 quod
627 1041 839 1123 ipsum
867 1043 1132 1123 genuit,
1166 1041 1316 1124 quia
1348 1042 1562 1124 ipsum
1591 1041 1727 1105 sor·
1839 1043 1928 1107 tio
1972 1043 2158 1107 debet
2204 1044 2600 1127 appropriari
2665 1043 2870 1122 Patri,
2931 1064 3063 1109 non
3121 1043 3387 1127 Spiritui

239 1144 393 1206 mavit
435 1163 512 1208 ex
554 1142 822 1226 Virgine
869 1164 985 1227 per
1026 1146 1425 1211 voluntatem
1466 1149 1530 1209 et
1576 1163 1732 1224 gra-
1839 1154 2080 1214 sancto.

239 1243 376 1325 tiam,
397 1264 518 1309 non
544 1264 659 1330 per
692 1250 1012 1313 naturam.
1044 1247 1220 1325 Quod
1253 1266 1407 1314 vero
1434 1246 1731 1329 objicitur
1924 1255 2080 1321 ltem
2138 1259 2539 1321 annuntiatio
2594 1260 3022 1342 conceptionis
3088 1260 3232 1324 Filii
3279 1259 3390 1325 Dei

237 1355 295 1418 de
317 1355 507 1420 Glossa
526 1407 544 1436 ,
577 1357 762 1423 debet
802 1357 1041 1440 exponi
1080 1359 1416 1422 causaliter
1450 1378 1466 1420 :
1507 1381 1537 1418 α
1569 1357 1734 1420 Deus
1842 1363 2005 1427 sacta
2027 1368 2124 1426 est
2144 1382 2258 1445 per
2278 1365 2583 1444 angelum
2609 1366 2985 1445 Gabrielem,
3009 1368 3118 1449 qui
3149 1371 3243 1430 est
3268 1367 3391 1431 for-

238 1466 420 1545 genuit
442 1465 645 1530 fllium
697 1467 775 1530 de
816 1466 996 1542 Sara,
1028 1490 1059 1526 n
1096 1467 1161 1532 id
1188 1472 1283 1531 est
1307 1466 1452 1530 fecit
1479 1471 1552 1528 ut
1579 1462 1735 1528 Sara
1844 1468 2046 1533 titudo
2075 1468 2181 1533 Dei
2215 1492 2231 1533 t
2265 1471 2373 1533 sed
2401 1470 2726 1549 fortitudo,
2758 1473 2897 1537 sive
2930 1474 3240 1555 potentia,
3272 1492 3392 1556 ap-

237 1570 406 1634 fllium
447 1573 744 1655 gigneret
783 1593 799 1635 :
843 1573 1198 1639 locutiones
1240 1577 1456 1638 autem
1499 1571 1735 1653 impro-
1844 1577 2209 1659 propriatnr
2244 1575 2447 1656 Patri,
2484 1598 2613 1643 non
2646 1580 2908 1662 Spiritui
2937 1584 3154 1646 sancto
3187 1604 3202 1646 ε
3237 1599 3394 1663 ergo

239 1680 362 1761 priae
384 1700 505 1746 non
525 1685 679 1747 sunt
707 1682 1147 1747 extendendae.
1847 1680 1985 1762 pari
2012 1680 2259 1744 ratione
2286 1686 2349 1743 et
2377 1680 2754 1747 incarnatio.

1929 1785 2085 1852 ltem
2114 1788 2391 1869 potentia
2413 1788 2632 1853 divina
2649 1790 2928 1855 maxime
2954 1791 3398 1856 manifestatur

663 1933 1151 2003 ARTICULUS
1201 1934 1256 2001 Ι.
1848 1894 1913 1957 in
1943 1896 2309 1977 operatione
2332 1894 2461 1971 illa,
2494 1915 2572 1960 cu
2572 1899 2682 1979 jus
2708 1903 2994 1963 extrema
3017 1899 3253 1963 distant
3280 1898 3400 1964 dis·

1848 2004 2046 2067 tantia
2076 2003 2361 2066 maxima
2382 2052 2399 2082 ,
2430 2004 2566 2068 sive
2595 2005 2846 2067 infinita
2877 2024 2893 2069 :
2923 2006 3032 2069 sed
3074 2005 3218 2069 Filii
3248 2005 3397 2084 Dei,

305 2113 385 2177 Ad
410 2114 882 2197 intelligentiam
910 2119 1127 2179 autem
1166 2116 1368 2197 hujus
1397 2114 1593 2198 partis
1632 2115 1738 2178 in-
1849 2116 1913 2175 et
1960 2117 2292 2191 creaturae,
2344 2118 2438 2176 cst
2482 2113 2730 2177 infinite
2771 2114 3146 2178 distantium
3194 2115 3398 2179 unio:

247 2218 365 2282 cidit
409 2219 505 2284 hic
552 2220 825 2303 quaestio
892 2221 970 2285 de
1039 2221 1447 2303 conceptione
1508 2218 1739 2283 Christi
1850 2237 2009 2301 ergo
2039 2220 2105 2282 in
2152 2221 2516 2302 operatione
2548 2221 2655 2284 illa
2685 2226 2778 2284 est
2814 2221 3140 2304 potissime
3168 2222 3402 2286 divinae

249 2330 514 2405 quantum
550 2328 628 2391 ad
671 2329 814 2392 tria.
855 2328 1073 2392 Primo
1115 2328 1290 2391 enim
1326 2328 1639 2409 quaeritur
1665 2328 1743 2391 de
1851 2326 2153 2408 potentiae
2192 2327 2614 2391 manifestatio
2649 2350 2663 2392 ε
2706 2327 2816 2391 sed
2842 2329 3215 2409 hujusmodi
3243 2346 3405 2411 opus

251 2429 358 2513 ipsa
378 2436 764 2518 conceptione
799 2436 867 2498 in
912 2436 1385 2518 comparatione
1419 2436 1498 2499 ad
1538 2433 1744 2517 Spiri-
1852 2432 2301 2514 appropriatur
2345 2432 2557 2512 Patri,
2608 2453 2740 2497 non
2795 2434 3060 2516 Spiritui
3105 2440 3320 2499 sancto
3383 2453 3401 2497 ι

254 2541 362 2599 tum
393 2546 668 2605 sanctum
710 2542 1127 2619 efficientem3
1160 2542 1440 2605 secundo
1483 2541 1559 2603 dc
1608 2540 1746 2622 ipsa
1852 2556 2013 2618 ergo
2037 2543 2102 2603 et
2134 2541 2482 2623 conceptio.

259 2651 522 2725 quantum
548 2650 625 2714 ad
651 2650 933 2731 gratiam
960 2649 1489 2713 intervenientem
1515 2671 1531 2727 ;
1564 2650 1747 2712 lertio
1936 2645 2056 2711 Sffli
2079 2652 2322 2725 contra,
2345 2647 2515 2729 quod
2550 2647 2772 2710 debeat
2796 2647 3192 2730 appropriari
3222 2646 3403 2727 Filio,

261 2750 318 2812 de
355 2753 470 2835 ipsa
522 2763 835 2840 quantum
883 2755 963 2819 ad
1007 2755 1342 2838 Virginem
1387 2756 1748 2838 concipien-
1856 2756 2132 2818 videtur.
2165 2754 2336 2836 Opus
2366 2754 2798 2835 conceptionis
2825 2754 3099 2837 pertinet
3142 2756 3222 2818 ad
3247 2773 3410 2837 opus

265 2859 359 2920 tem
393 2880 408 2924 ε
443 2862 573 2927 baec
600 2865 772 2929 enim
811 2865 935 2927 tria
977 2863 1186 2945 tangit
1213 2863 1513 2945 Magister
1544 2862 1612 2925 in
1655 2864 1752 2926 lit·
1858 2861 2277 2943 reparationis
2311 2883 2325 2924 z
2360 2861 2466 2924 sed
2498 2880 2661 2943 opus
2688 2862 3104 2943 reparationis
3134 2862 3410 2945 pertinet
3508 2936 3515 2939 g

269 2966 382 3029 tera.
408 2969 567 3036 Circa
598 2974 886 3056 primum
916 2975 1298 3054 quaeruntur
1337 2972 1461 3034 tria
1493 2992 1507 3034 ε
1542 2972 1751 3054 primo
1857 2968 1938 3032 ad
1969 2967 2248 3032 Verbum
2279 2989 2294 3030 :
2333 2986 2492 3050 ergo
2515 2973 2578 3032 et
2610 2968 2746 3050 ipsa
2776 2970 3128 3051 conceptio.

268 3077 521 3153 quaritur
577 3085 800 3143 utrum
855 3078 1003 3143 Filii
1048 3078 1156 3142 Dei
1213 3078 1601 3154 incarnatio,
1648 3077 1753 3141 vel
1942 3075 2100 3140 Item
2126 3075 2186 3139 ei
2228 3076 2483 3159 proprie
2525 3076 2824 3140 formatio
2854 3078 3065 3140 carnis
3106 3078 3410 3144 attribui-

267 3188 568 3267 conceptio,
599 3189 998 3272 appropriari
1039 3189 1265 3252 debeat
1291 3206 1580 3271 personae
1610 3185 1757 3269 Spi-
1862 3190 2004 3263 tur,
2056 3185 2164 3249 cui
2210 3185 2577 3249 attribuitur
2624 3185 2975 3268 assumptio
3008 3209 3023 3249 ε
3055 3187 3164 3251 sed
3202 3188 3414 3251 carnis

267 3286 393 3353 ritus
408 3296 623 3374 sancti3
656 3296 940 3360 secundo
969 3297 1283 3378 quaeritur
1311 3302 1532 3360 utrum
1562 3294 1754 3377 Spiri·
1861 3291 2214 3374 assumptio
2249 3292 2620 3357 attribuitur
2665 3292 2783 3356 soli
2825 3290 3033 3357 Verbo
3067 3313 3083 3357 ε
3124 3313 3282 3376 ergo
3311 3296 3408 3358 vi-

267 3396 351 3457 tus
381 3403 555 3465 sancti
594 3403 765 3467 filius
807 3402 1032 3466 debeat
1075 3401 1360 3466 Chirstus
1401 3400 1751 3485 appellari;
1863 3400 2049 3465 detur
2089 3400 2262 3483 quod
2300 3401 2417 3464 soli
2463 3401 2521 3464 ei
2566 3401 2792 3465 debeat
2835 3401 3230 3483 appropriari
3277 3401 3417 3485 ipsa

270 3503 415 3569 lertio
449 3511 746 3591 quaeritur
792 3518 1014 3574 utrum
1058 3509 1343 3574 Christus
1388 3509 1584 3592 possit
1632 3507 1758 3572 dici
1865 3507 2216 3589 concepti0.

241 3606 405 3674 ·filius
428 3612 751 3682 Trinitatis.
1948 3616 2108 3680 Item
2148 3617 2207 3678 ei
2251 3633 2541 3699 personae
2588 3616 2910 3697 potissime
2953 3616 3139 3681 debet
3184 3637 3415 3701 appro-

1869 3725 2065 3810 priari
2096 3725 2303 3787 carnis
2331 3724 2657 3806 conceptio
2686 3742 2768 3787 ex
2812 3727 3095 3807 tempore
3117 3774 3135 3803 ,
3167 3727 3272 3789 cui
3302 3746 3417 3810 po-

748 3850 1108 3929 QUAESTIO
1148 3852 1198 3917 I.
1868 3833 2109 3896 tissime
2155 3830 2452 3896 convenit
2494 3831 2823 3913 conceptio
2869 3850 2950 3896 ex
2991 3832 3344 3898 aeternitate
3392 3855 3408 3898 z

1870 3940 1980 4004 sed
2021 3940 2161 4003 haec
2188 3942 2283 4002 est
2328 3956 2599 4020 persona
2640 3936 2819 4016 Filii,
2851 3940 3203 4004 secundum
3248 3942 3419 4023 quod

1873 4046 2106 4110 dicitur
2131 4051 2151 4085 ⁸
2183 4063 2200 4108 ε
2237 4044 2532 4111 Nondum
2559 4051 2746 4113 erant
2775 4046 3019 4127 abyssi,
3054 4051 3113 4113 et
3141 4062 3249 4128 eqo
3284 4046 3420 4126 iam

1874 4160 2176 4234 concepta
2202 4169 2394 4219 erant.

128 4283 263 4344 um,
342 4258 538 4329 Utrum
561 4267 695 4343 Filii
724 4266 834 4331 Dei
872 4266 1224 4332 incarnatio
1268 4268 1493 4332 debeat
1527 4286 1768 4351 appro-
1957 4260 2115 4326 ltem
2158 4279 2322 4345 opus
2357 4259 2529 4343 quod
2572 4263 2665 4324 est
2708 4260 2990 4324 maxime
3037 4261 3276 4326 divinae
3319 4281 3423 4326 sa-

282 4367 446 4445 priari
483 4369 664 4450 Patri,
721 4394 805 4439 an
855 4373 1121 4456 Spiritui
1166 4379 1427 4453 sancto;
1480 4379 1543 4439 et
1595 4376 1768 4458 quod
1877 4369 2133 4453 pientiae
2177 4367 2750 4447 manifestativum,
2793 4386 3081 4450 personae
3127 4368 3272 4433 Filii
3317 4370 3423 4433 Dei

284 4467 448 4554 Patri,
476 4480 727 4547 videtur.
779 4482 1009 4546 Christi
1056 4482 1427 4560 incarnatio,
1473 4481 1577 4547 vel
1617 4499 1771 4546 con-
1878 4480 1974 4542 est
1996 4475 2545 4558 appropriandum
2577 4495 2593 4539 :
2627 4475 2736 4538 sed
2766 4475 2889 4539 tale
2918 4480 3013 4539 est
3041 4475 3427 4540 incarnatio·

284 4582 474 4661 oeptiO,
497 4603 607 4652 non
633 4594 729 4653 oet
750 4588 926 4653 aliud
960 4607 1156 4671 quam
1187 4587 1329 4652 Filii
1371 4589 1628 4653 missio:
1663 4590 1772 4654 sed
1880 4585 1980 4647 nis
2024 4584 2428 4666 mysterium,
2458 4583 2634 4664 quia,
2667 4583 2834 4646 sicut
2861 4583 3094 4648 dicitur
3120 4583 3190 4646 in
3219 4583 3371 4651 Iob*
3403 4604 3425 4644 .-

284 4680 410 4749 mm
432 4690 612 4760 missio
628 4696 842 4778 magis
867 4696 1168 4778 competit
1186 4695 1380 4775 Patri,
1411 4714 1608 4779 quam
1637 4695 1774 4780 Spi-
1881 4691 2236 4756 Prudentia
2261 4690 2400 4771 effus
2421 4693 2737 4772 percussit
2758 4692 3098 4773 superbum
3124 4711 3146 4752 .-
3173 4692 3427 4757 videtur

284 4790 418 4856 ritui
441 4807 620 4867 sancto
653 4826 668 4866 ε
701 4821 863 4884 ergo
888 4802 1026 4885 pari
1054 4802 1301 4866 ratione
1323 4806 1386 4866 et
1423 4803 1774 4868 incarnatio
1882 4817 2039 4880 ergo
2075 4798 2245 4880 quod
2290 4797 2718 4879 conceptionis
2761 4802 3231 4863 sacramentum
3266 4797 3425 4864 Filio

287 4903 338 4963 et
357 4911 658 4990 conceptio.
1885 4906 1992 4969 Dei
2021 4907 2106 4968 sit
2130 4904 2694 4988 appropriantium.

352 5007 482 5076 Item
506 5013 632 5081 Filii
659 5017 1016 5081 incarnatio
1043 5033 1177 5079 non
1204 5021 1298 5079 est
1323 5016 1499 5081 aliud
1527 5065 1545 5094 ‚
1580 5034 1774 5098 quam
1966 5012 2085 5076 Sed
2115 5017 2333 5074 contra
2355 5011 2476 5073 boc
2498 5016 2593 5074 est
2615 5009 2959 5073 auctoritas
2987 5011 3057 5075 in
3082 5010 3422 5094 Symbolo:
3458 5045 3670 5092 rmum.

290 5115 409 5196 eius
430 5120 687 5208 donati03
718 5124 893 5190 unde
923 5124 990 5187 in
1017 5125 1160 5206 ejus
1195 5121 1536 5191 Nativitate
1563 5129 1776 5191 canta·
1890 5121 2236 5200 Conceptus
2264 5124 2356 5184 est
2395 5116 2474 5182 tle
2523 5117 2787 5198 Spiritu
2820 5124 3039 5184 sancto
3067 5137 3090 5182 .·
3116 5138 3246 5184 non
3277 5122 3431 5185 dici-

1891 5235 1993 5293 tur
2021 5227 2100 5294 de
2128 5227 2333 5304 Patre,
2370 5223 2468 5288 vel
2496 5224 2684 5289 Filio.

280 4005 352 4063 An
369 4012 643 4071 incarnatio
667 4015 812 4070 Filii
840 4014 941 4071 Dei
968 4014 1156 4070 debeat
1179 4017 1538 4089 appropriari
1563 4016 1725 4072 Patri
1744 4057 1761 4084 ‚

664 4106 751 4161 vel
779 4104 1026 4176 Spiritui
1049 4109 1235 4160 sancto
1268 4103 1308 4158 ¹.

341 5314 437 5380 ¹0f·
453 5322 596 5388 AEgid.
615 5328 792 5388 nom„
811 5323 878 5373 ιιι
905 5322 1066 5385 sent„
1094 5320 1209 5373 dist.
1240 5334 1447 5388 1v‚q.1;
1475 5322 1777 5385 aichardus,

293 5383 342 5434 111
365 5388 495 5456 Seni„
516 5398 622 5450 disi,
650 5409 734 5460 ιν,
762 5411 816 5460 q.
853 5408 903 5458 13
933 5394 1109 5457 Steph.
1144 5395 1355 5458 Brutet„
1379 5396 1444 5444 ΙΙΙ
1472 5395 1634 5454 8εηί.,
1658 5394 1776 5444 dist.
1889 5390 2027 5442 troit.
2047 5388 2219 5439 misse
2243 5386 2306 5437 de
2327 5385 2497 5438 Nativ.
2528 5385 2755 5434 Dom.—
2776 5383 2796 5418 ⁸
2813 5385 2956 5448 lsai„
2987 5397 3068 5447 ix,
3091 5389 3243 5439 6.-⁸
3269 5390 3435 5443 Joan„

293 5465 358 5522 Π,
375 5475 418 5527 q·
453 5479 507 5530 11;
529 5471 655 5523 Guil.
686 5467 878 5529 Vox-il..
909 5469 974 5517 tlt
999 5467 1163 5528 sent„
1194 5466 1312 5518 diat.
1341 5479 1416 5531 xv,
1454 5481 1508 5532 q.
1529 5478 1627 5516 1—
1643 5467 1667 5501 ²
1693 5468 1777 5515 ln·
1893 5474 1971 5524 ιιι,
2006 5465 2082 5513 16.
2103 5460 2205 5496 -⁸
2227 5458 2391 5518 Pron„
2414 5468 2526 5521 vm,
2545 5457 2624 5507 23.
2648 5456 2749 5491 —⁸
2765 5455 2875 5518 Job,
2896 5467 3039 5521 xxvr,
3070 5462 3146 5510 ¹2.
