4185 6288
759 498 883 558 636

758 629 1187 712 praedestinati
1219 647 1238 693 ε
1267 645 1425 709 ergo
1451 626 1653 707 aliqui
1695 622 1848 686 mali
1875 638 1958 684 ex
1992 617 2300 682 charitate

756 737 1062 818 diligendi
1089 739 1240 800 sunt
1268 757 1285 798 ε
1321 734 1428 797 sed
1457 731 1781 797 nescimus
1807 729 1918 811 qni
1946 731 2099 790 sunt
2130 741 2297 806 prae-

755 843 1083 921 destinati,
1126 843 1238 926 qni
1282 840 1591 924 praem,
1621 839 1778 902 dum
1829 838 1900 898 in
1943 835 2050 898 via
2090 837 2294 895 sunt:

757 968 916 1031 ergo
937 968 1159 1014 omnes
1179 949 1329 1013 mali
1352 954 1506 1012 sunt
1523 965 1606 1011 ex
1631 944 1936 1009 charitate
1960 937 2294 1020 diligendi.

841 1056 997 1120 ltem
1040 1074 1263 1122 omnes
1292 1104 1310 1130 ‚
1357 1074 1474 1137 pro
1521 1054 1756 1137 quibus
1801 1056 1897 1113 est
1936 1046 2296 1123 orandum,

757 1165 912 1225 sunt
952 1177 1036 1223 ex
1081 1159 1388 1223 charitate
1441 1155 1795 1237 diligendi:
1829 1152 1937 1216 sed
1983 1150 2301 1215 orandum

757 1273 854 1330 est
879 1284 997 1348 pro
1019 1267 1456 1348 peccatoribus
1482 1280 1679 1344 :ergo
1703 1260 1857 1324 tales
1875 1264 2126 1323 suntex
2151 1257 2301 1320 cha·

765 1372 946 1436 ritate
972 1372 1303 1453 diligendi.

843 1479 998 1544 item
1028 1479 1478 1562 perfectissima
1495 1477 1770 1541 charitas
1783 1475 1908 1539 tuit
1932 1475 1998 1536 in
2013 1473 2259 1538 Christo
2280 1494 2296 1535 ε

759 1586 868 1650 sed
892 1585 1180 1649 Christus
1198 1635 1216 1663 ‚
1253 1606 1402 1650 cum
1429 1603 1714 1649 essemus
1739 1585 1958 1665 injusti
1987 1590 2049 1645 et
2079 1599 2300 1663 pecea-

761 1703 928 1762 tores
958 1746 976 1776 ‚
1022 1698 1245 1762 dilexit
1289 1715 1406 1762 nos
1435 1702 1454 1737 ¹
1498 1719 1514 1759 z
1562 1698 1620 1758 si
1661 1713 1818 1777 ergo
1866 1695 2077 1759 omnis
2119 1711 2303 1756 amor

759 1812 973 1869 rectus
1001 1806 1183 1869 debet
1206 1805 1579 1868 charitatem
1609 1802 1838 1868 Christi
1860 1803 2119 1879 imitari,
2147 1806 2302 1864 tunc

757 1913 1009 1976 videtur
1043 1913 1211 1995 quod
1253 1917 1606 1994 peccatores
1649 1916 1713 1974 et
1747 1911 1931 1993 impii
1967 1927 2051 1972 ex
2092 1909 2300 1973 chari-

758 2024 884 2084 tate
911 2021 1038 2084 sint
1062 2019 1400 2100 diligendi.

529 2145 597 2188 u
626 2157 729 2202 opp.
838 2127 964 2192 Sed
1002 2132 1277 2192 contra:
1323 2134 1381 2192 ¹.
1423 2127 1494 2190 ln
1535 2126 1884 2191 Psa1m0²:
1918 2128 2141 2193 Nonne
2184 2127 2302 2208 qui

757 2235 1028 2302 oderunt
1054 2243 1146 2314 te,
1179 2238 1449 2302 Domine
1473 2284 1495 2313 ,
1523 2237 1780 2302 oderam
1801 2284 1820 2313 ‚
1853 2243 1915 2302 et
1941 2250 2136 2322 super
2162 2235 2299 2298 ini-

755 2345 952 2408 micos
980 2348 1122 2409 tuos
1161 2343 1544 2408 tabescebam
1563 2349 1590 2405 ἲ
1621 2343 1746 2407 Sed
1786 2360 2010 2406 omnes
2039 2343 2161 2405 viri
2192 2344 2299 2405 in-

744 2450 902 2530 justi
950 2447 1148 2513 Deum
1178 2449 1547 2528 offendunt,
1578 2454 1641 2512 et
1667 2450 1786 2531 ipsi
1824 2449 1951 2513 Deo
1979 2450 2299 2531 injurian-

755 2559 864 2619 tur
898 2574 1106 2636 :ergo
1149 2573 1375 2619 omnes
1425 2561 1780 2638 peccatores
1820 2556 2072 2620 odiendi
2100 2560 2295 2620 sunt:

751 2680 880 2725 non
909 2681 1068 2744 ergo
1093 2680 1175 2726 ex
1204 2663 1507 2726 charitate
1534 2662 1872 2743 diligendi.

831 2777 891 2835 2.
927 2770 1083 2834 ltem
1113 2770 1386 2833 charitas
1412 2770 1560 2833 lacit
1589 2770 1985 2834 voluntatem
2015 2777 2300 2834 nostram

765 2878 1159 2942 conformem
1186 2876 1497 2939 voluntati
1516 2876 1749 2940 divinae
1773 2899 1787 2939 ε
1812 2878 1916 2940 sed
1945 2883 2301 2959 peccatores

751 2991 815 3049 et
853 2984 1078 3066 inJusti
1124 2988 1272 3046 sunt
1309 2982 1574 3046 odibiles
1611 2983 1736 3047 Deo
1759 3031 1779 3062 ,
1819 2985 2173 3047 secundum
2214 2986 2297 3048 il-

750 3091 897 3156 lud⁸
920 3109 938 3155 ε
961 3091 1334 3157 altissimus
1351 3089 1501 3156 odio
1524 3090 1708 3156 habet
1729 3098 2086 3173 peccatores
2103 3111 2132 3175 ;
2152 3099 2213 3156 et
2230 3098 2252 3132 '⁰
2277 3114 2293 3156 z

753 3197 1225 3264 Abominabiles
1269 3198 1348 3279 (α)
1382 3205 1538 3265 sum
1577 3201 1700 3264 Deo
1746 3200 1989 3279 impius
2015 3247 2034 3276 ,
2065 3206 2125 3265 et
2170 3200 2292 3263 im·

749 3307 962 3387 pietas
1005 3304 1144 3386 ejvs
1175 3324 1197 3369 :
1225 3323 1385 3384 ergo
1424 3305 1682 3369 videtur
1724 3305 1898 3387 quod
1942 3306 2295 3370 secundum

751 3412 964 3495 legem
993 3413 1315 3478 charitatis
1335 3413 1483 3476 mali
1509 3414 1634 3476 sint
1653 3414 1906 3477 odiendi
1937 3436 1952 3477 ε
1985 3433 2114 3478 non
2140 3432 2297 3496 ergo

752 3542 831 3588 ex
861 3524 1166 3587 charitate
1193 3523 1526 3605 diligendi.

833 3638 891 3698 3.
929 3632 1085 3696 ltem
1118 3632 1185 3695 in
1217 3632 1551 3696 contrariis
1585 3631 1875 3714 sequitur
1905 3651 2295 3714 consequen-

751 3740 840 3804 tia
861 3742 904 3803 ⁸.
933 3738 1112 3804 Sicut
1135 3759 1202 3803 se
1229 3739 1420 3803 habet
1447 3740 1696 3803 bonitas
1736 3738 1818 3803 ad
1857 3738 2255 3804 dilectionem
2274 3788 2293 3818 ‚

752 3846 841 3911 sic
896 3847 1138 3912 malitia
1183 3846 1264 3910 ad
1310 3846 1578 3910 odium:
1612 3846 1721 3910 sed
1773 3846 1914 3911 haec
1955 3851 2190 3930 estper
2232 3867 2299 3913 se

751 3971 905 4018 vera
929 3975 945 4017 ι
972 3978 1002 4012 σι
1024 3953 1183 4017 Boni
1210 3957 1362 4017 sunt
1387 3952 1698 4035 diligendi
1729 3975 1745 4017 z
1782 3975 1814 4013 n
1839 3972 1996 4035 ergo
2025 3960 2088 4019 et
2114 3957 2292 4023 haee:

761 4082 792 4119 α
812 4058 958 4123 Mali
994 4059 1244 4125 odiendi
1278 4082 1293 4122 ε
1325 4082 1355 4118 »
1397 4059 1504 4123 sed
1535 4060 1879 4125 odiendum
1916 4079 2048 4126 non
2086 4067 2183 4126 est
2208 4062 2299 4128 di·

750 4168 1085 4250 ligendum
1115 4188 1133 4232 ε
1169 4186 1327 4249 ergo
1358 4168 1508 4231 mali
1537 4187 1669 4233 non
1709 4175 1859 4234 sunt
1885 4189 1968 4235 ex
1993 4171 2298 4236 charitate

755 4274 1089 4356 diligendi.

831 4386 892 4446 4.
948 4380 1102 4445 ltem
1149 4382 1431 4446 charitas
1469 4385 1565 4446 est
1607 4383 1940 4449 vinculum
1984 4386 2291 4451 unitatis:

753 4506 916 4569 ergo
945 4487 1037 4551 illi
1068 4488 1184 4553 soli
1205 4493 1355 4553 sunt
1380 4507 1464 4553 ex
1493 4489 1798 4554 charitate
1824 4491 2159 4574 diligendi,
2184 4495 2299 4576 qui

752 4601 904 4660 sunt
916 4596 993 4659 de
1008 4596 1254 4660 unitate
1271 4596 1554 4679 corporis
1573 4599 1824 4680 mystici
1842 4617 1860 4663 ε
1877 4600 1984 4664 sed
1998 4601 2151 4665 mali
2165 4620 2298 4667 non

752 4708 904 4766 sunt
925 4702 1004 4767 de
1033 4703 1274 4767 unitate
1315 4704 1599 4785 corporis
1638 4706 1893 4785 mystici
1925 4728 1941 4770 ι
1971 4725 2129 4789 ergo
2165 4728 2298 4774 non

756 4803 912 4866 sunt
935 4819 1017 4866 ex
1046 4801 1356 4866 charitate
1382 4802 1722 4884 diligendi.

1287 4970 1737 5039 CONCLUSIO.

754 5119 893 5175 Hali
919 5120 1171 5187 homines,
1186 5120 1467 5177 secundumn
1486 5120 1629 5191 quod
1643 5126 1935 5194 imaqinem
1959 5127 2054 5182 Dei
2079 5136 2293 5202 qen-unt,

823 5209 1093 5280 diliqendi
1113 5220 1233 5266 sunt
1259 5212 1639 5276 excharitate:
1677 5230 1783 5269 non
1812 5220 1990 5273 tamen
2012 5219 2295 5275 mundum

823 5298 965 5367 quod
983 5300 1119 5353 mali
1135 5304 1278 5364 sunt,
1302 5300 1699 5357 imoaecundwn
1716 5302 1810 5358 hoc
1831 5303 2131 5361 detestandi
2144 5312 2290 5363 sunt.

834 5432 1015 5516 Resp.
1053 5434 1134 5497 ad
1181 5454 1326 5517 arg.
1381 5435 1722 5501 Dicendum
1769 5439 1942 5521 quod
1981 5442 2060 5506 de
2108 5445 2293 5507 malis

1867 478 2487 549 semssnmnmt
2532 480 2678 545 Lm.
2726 482 2832 546 ln.

2408 615 2783 681 hominibus
2806 617 3141 701 dupliciter
3165 619 3489 699 confingit
3510 618 3717 700 loqui,
3742 623 3805 683 et
3826 618 3935 681 dn-

2408 723 2650 804 pliciter
2673 725 2869 788 etiam
2894 726 3192 788 convenit
3222 743 3336 789 eos
3361 724 3813 790 considerare.
3846 726 3939 789 vel

2406 830 2478 894 in
2531 837 2848 914 quantum
2899 837 3057 897 sunt
3104 833 3431 909 hominoe,
3479 834 3585 898 vel
3633 835 3833 897 etiam
3878 834 3937 897 in

2407 944 2720 1021 qnantum
2764 946 2913 1003 sunt
2956 940 3149 1019 mali,
3186 942 3324 1004 sive
3352 941 3437 1021 ‘in
3477 945 3799 1023 quantum
3834 940 3943 1004 ha-

2408 1046 2559 1110 bent
2598 1046 2665 1109 in
2704 1065 2772 1110 se
2812 1047 3126 1112 rationem
3167 1047 3407 1112 divinae
3454 1048 3808 1129 imaginiS,
3850 1068 3943 1112 se-

2408 1159 2690 1222 cundum
2713 1176 2910 1240 quam
2930 1162 3084 1222 sunt
3108 1177 3370 1241 capaces
3394 1159 3827 1234 beatitudinis,
3844 1159 3939 1224 vel

2408 1266 2475 1328 in
2497 1271 2811 1348 quantum
2840 1269 3059 1329 carent
3090 1265 3471 1348 perfectione
3494 1266 3741 1330 divina
3770 1265 3939 1330 simi-

2407 1372 2715 1436 litudinis.
2743 1371 2813 1436 Si
2855 1373 3063 1455 primo
3092 1372 3284 1436 modo
3308 1372 3791 1437 consideremus
3829 1374 3936 1438 ho-

2410 1480 2614 1543 mines
2639 1480 2863 1557 malos,
2894 1482 2963 1543 in
2988 1485 3309 1563 quantum
3336 1480 3627 1544 videlieet
3654 1489 3807 1545 sunt
3832 1482 3940 1546 ho—

2410 1588 2616 1650 mines
2657 1588 2737 1650 ad
2778 1588 2886 1651 Dei
2932 1588 3322 1669 imaginem,
3355 1589 3718 1653 secundum
3760 1609 3939 1672 qnam

2406 1701 2559 1759 sunt
2600 1713 2860 1778 capaces
2910 1694 3353 1773 beatitudinis,
3399 1696 3491 1758 sic
3536 1715 3624 1759 ex
3650 1696 3939 1762 charitate

2407 1802 2718 1883 diligendi
2745 1807 2935 1879 sunt,
2966 1820 3085 1883 pro
3110 1820 3188 1865 eo
3214 1802 3389 1883 quod
3426 1803 3775 1866 liberalitas
3800 1804 3939 1866 cha-

2408 1909 2646 1986 ritatis,
2670 1913 2735 1972 et
2758 1912 2901 1990 ejus
2925 1909 3313 1991 amplitudo,
3342 1928 3569 1973 omnes
3595 1909 3934 1990 recolligit.

2408 2015 2519 2098 qni
2546 2015 2627 2077 ad
2654 2014 2829 2077 illam
2865 2034 3189 2078 summam
3220 2015 3685 2080 beatitudinem
3720 2015 3937 2080 hahent

2408 2124 2836 2188 idoneitatem.
2866 2123 2930 2187 Si
2960 2142 3117 2186 vero
3142 2124 3627 2187 consideremus
3662 2122 3936 2187 homines

2410 2230 2609 2293 malos
2634 2230 2988 2294 secundum
3015 2230 3189 2312 quod
3222 2229 3375 2293 mali
3402 2234 3597 2318 sunt,
3626 2239 3695 2295 et
3721 2231 3933 2313 privati

2409 2338 2789 2419 perfectione
2828 2337 3066 2401 divinae
3108 2337 3583 2414 similitudinis;
3621 2339 3717 2401 sic
3742 2340 3933 2420 potius

2406 2449 2554 2509 sunt
2574 2445 2946 2523 detestandi,
2964 2463 3161 2526 quam
3180 2445 3515 2525 diligendi.
3538 2445 3623 2510 Et
3643 2447 3736 2511 sic
3761 2448 3935 2512 iidem

2406 2556 2698 2620 bominae
2724 2554 2977 2618 odiendi
3014 2557 3199 2628 sunt,
3226 2560 3290 2618 et
3315 2554 3632 2635 diligendi
3650 2605 3669 2634 ,
3696 2556 3931 2620 odiendi

2404 2664 2663 2745 quidem
2701 2662 2949 2726 ratione
2992 2662 3477 2725 inordinationis
3520 2663 3778 2744 culpae,
3805 2663 3933 2726 dili·

2407 2771 2596 2850 gendi
2638 2788 2793 2833 vero
2838 2770 3084 2833 ratione
3122 2769 3617 2833 ordinabilitatis
3655 2776 3899 2834 naturae
3916 2818 3934 2844 ‚

2405 2895 2552 2958 quae
2595 2877 2912 2960 possibilis
2939 2882 3035 2939 est
3074 2876 3151 2940 ad
3194 2876 3645 2957 perfectionem
3695 2878 3932 2959 gratia.

2406 2983 2482 3046 Et
2508 2984 2630 3046 hoc
2656 2989 2746 3047 aet
2782 2984 2955 3066 quod
2990 2984 3144 3048 dicit
3169 2983 3522 3065 Gregorius
3555 2985 3627 3049 in
3670 2987 3935 3067 quadam

2408 3088 2726 3154 Romilia:
2766 3113 2797 3151 α
2842 3090 3006 3168 Quia
3048 3091 3167 3155 etsi
3208 3091 3725 3173 indignationem
3760 3092 3936 3157 debe·

2405 3215 2551 3261 mus
2579 3200 2785 3277 vitiis,
2831 3199 3335 3281 compassionem
3373 3205 3595 3264 tamen
3642 3202 3938 3266 debemus

2404 3312 2676 3372 naturae.
2704 3330 2735 3366 n
2774 3308 2852 3372 Et
2873 3308 3186 3383 Isidorus»,
3234 3309 3304 3371 in
3344 3307 3508 3373 libro
3536 3310 3625 3375 De
3667 3311 3939 3377 Virtut-

2406 3417 2520 3482 bus
2548 3417 2572 3452 ⁸
2611 3436 2634 3479 .·
2672 3441 2703 3475 a
2741 3416 2975 3481 Totum
3020 3416 3341 3481 Christum
3362 3436 3494 3483 non
3526 3419 3789 3500 diligit,
3837 3421 3938 3502 qui

2403 3523 2731 3586 hominem
2757 3524 2891 3587 odit
2925 3546 2939 3587 ε
2977 3524 3219 3589 bonum
3245 3530 3341 3588 est
3381 3544 3514 3589 non
3559 3528 3743 3591 odire
3772 3532 3939 3591 natu·

2404 3649 2544 3694 ram
2569 3678 2587 3707 ‚
2617 3629 2728 3694 sed
2755 3631 3008 3713 culpam
3039 3653 3056 3695 ε
3087 3632 3231 3696 licet
3257 3649 3417 3714 ergo
3455 3634 3719 3716 culpam
3751 3635 3936 3699 malo-

2406 3756 2556 3801 rum
2600 3738 2924 3818 odiamu5‚
2978 3739 3148 3821 ipsos
3185 3743 3403 3803 tamen
3440 3740 3720 3821 diligere
3761 3741 3936 3805 debe·

2406 3864 2575 3909 mus.
2609 3869 2638 3906 a
2676 3846 2752 3911 Et
2791 3848 2885 3909 sic
2927 3846 3402 3911 concedendum
3431 3852 3557 3926 est,
3590 3848 3768 3930 quod
3810 3849 3942 3911 licet

2408 3953 2726 4018 malorum
2769 3954 3111 4019 hominum
3142 3955 3385 4018 malitia
3421 3955 3505 4017 sit
3536 3954 3902 4019 detestanda
3922 4002 3938 4030 ,

2407 4061 2527 4142 ipsi
2555 4065 2769 4125 tamen
2800 4060 2951 4124 mali
2989 4061 3318 4141 hominos,
3346 4061 3417 4124 in
3454 4065 3779 4143 quantum
3804 4065 3943 4124 sunt

2406 4168 2486 4232 ad
2515 4168 2974 4247 beatitudinem*
3005 4169 3280 4233 ordinati
3295 4218 3314 4249 ,
3357 4166 3509 4232 su'nt
3532 4187 3620 4232 ex
3642 4170 3943 4233 charitate

2407 4274 2740 4356 diligendi.
2774 4272 2952 4339 Unde
2976 4279 3042 4338 et
3067 4276 3380 4353 ratione3‚
3409 4292 3559 4357 quae
3589 4276 3672 4338 ad
3700 4276 3827 4340 hoc
3852 4276 3939 4338 in·

2406 4384 2757 4458 ducuntur,
2788 4382 3044 4446 concedi
3073 4386 3362 4464 possunt.
3918 4410 3931 4421 ·

2490 4495 2548 4554 1.
2595 4490 2691 4553 Ad
2732 4489 2889 4553 illud
2929 4506 3090 4572 ergo
3134 4488 3309 4572 quod
3356 4489 3568 4572 primo
3612 4489 3941 4573 objicitur,

2407 4596 2574 4679 quod
2602 4594 2916 4678 Propheta
2932 4595 3077 4659 odio
3100 4596 3372 4660 habehat
3397 4595 3685 4660 odientae
3700 4645 3719 4674 ,
3751 4598 3947 4661 dicen-

2407 4705 2563 4768 dum
2591 4704 2762 4787 quod
2802 4702 3117 4786 Propheta
3155 4723 3286 4767 non
3326 4704 3574 4769 odiebat
3607 4710 3941 4779 naturam,

2407 4808 2516 4873 sed
2535 4826 2759 4873 eorum
2775 4808 3031 4890 culpam
3045 4831 3063 4886 ;
3082 4811 3339 4891 propter
3351 4808 3523 4889 quod
3538 4809 3683 4889 subj
3692 4809 3909 4873 unxiv
3925 4826 3940 4866 ς

2408 4916 2683 4996 Perfecto
2713 4914 2862 4982 odio
2892 4914 3151 4982 oderam
3179 4916 3345 4981 illoc.
3375 4914 3642 4980 Glossa:
3684 4938 3719 4974 ι
3738 4914 3810 4980 Id
3838 4917 3942 4989 aa,

2405 5023 2776 5104 iniquitates
2807 5041 3033 5087 eorum
3061 5022 3267 5100 odivi,
3296 5040 3428 5086 non
3454 5027 3808 5086 naturam.
3836 5021 3945 5085 hoc

2470 5167 2670 5230 ¹.,Rom
2699 5179 2748 5223 ν.
2778 5169 2886 5228 8-9,
2916 5165 3086 5230 quoad
3114 5178 3339 5216 sensum
3380 5192 3438 5203 —
3463 5167 3650 5218 ².Psal
3678 5179 3853 5218 cxxxv
3856 5178 3945 5223 111,

2403 5236 3944 5300 2i.—⁸Eccli.‚xn‚3.-5ap.‚x1v,.<9.⁸—Arist‚

2404 5307 3107 5373 Meetaphy371ib.lll,cont.
3141 5307 3597 5369 4.—⁸1sid.,de
3635 5310 3783 5359 Sum.
3816 5310 3944 5368 Bon..

2401 5380 2492 5431 lib.
2521 5382 2585 5442 11,
2642 5379 3018 5444 .111,§'1.-⁷
3044 5376 3182 5428 Psal
3218 5382 3587 5443 cxxxvu1,22.

2468 5465 2537 5527 (α)
2574 5464 2715 5528 γαίῃ.
2746 5464 2884 5514 odio.
