<?xml version="1.0" encoding="UTF-8"?>
<!DOCTYPE html PUBLIC "-//W3C//DTD XHTML 1.0 Transitional//EN"
    "http://www.w3.org/TR/xhtml1/DTD/xhtml1-transitional.dtd">
<html xmlns="http://www.w3.org/1999/xhtml" xml:lang="en" lang="en">
 <head>
  <title>
</title>
<meta http-equiv="Content-Type" content="text/html;charset=utf-8" />
  <meta name='ocr-system' content='tesseract 3.04.00' />
  <meta name='ocr-capabilities' content='ocr_page ocr_carea ocr_par ocr_line ocrx_word'/>
</head>
<body>
  <div class='ocr_page' id='page_1' title='image "./srecardinalissb01cargoog_0654.png"; bbox 0 0 4185 6288; ppageno 0'>
   <div class='ocr_carea' id='block_1_1' title="bbox 729 446 849 507">
    <p class='ocr_par' dir='ltr' id='par_1_1' title="bbox 729 446 849 507">
     <span class='ocr_line' id='line_1_1' title="bbox 729 446 849 507; baseline 0 0"><span class='ocrx_word' id='word_1_1' title='bbox 729 446 849 507; x_wconf 75' lang='lat'>632</span> 
     </span>
    </p>
   </div>
   <div class='ocr_carea' id='block_1_2' title="bbox 733 574 2296 5271">
    <p class='ocr_par' dir='ltr' id='par_1_2' title="bbox 733 574 2293 3766">
     <span class='ocr_line' id='line_1_2' title="bbox 733 574 2265 656; baseline -0.001 -16"><span class='ocrx_word' id='word_1_2' title='bbox 733 577 953 656; x_wconf 84' lang='lat' dir='ltr'>finem,</span> <span class='ocrx_word' id='word_1_3' title='bbox 1008 593 1125 641; x_wconf 88' lang='lat' dir='ltr'>nec</span> <span class='ocrx_word' id='word_1_4' title='bbox 1166 576 1360 641; x_wconf 88' lang='lat' dir='ltr'>etiam</span> <span class='ocrx_word' id='word_1_5' title='bbox 1400 576 1799 642; x_wconf 63' lang='lat' dir='ltr'>effictionem</span> <span class='ocrx_word' id='word_1_6' title='bbox 1846 577 2087 641; x_wconf 89' lang='lat' dir='ltr'>intuitu</span> <span class='ocrx_word' id='word_1_7' title='bbox 2132 574 2265 653; x_wconf 88' lang='lat' dir='ltr'>sui,</span> 
     </span>
     <span class='ocr_line' id='line_1_3' title="bbox 734 682 2269 768; baseline -0.002 -19"><span class='ocrx_word' id='word_1_8' title='bbox 734 684 841 749; x_wconf 87' lang='lat' dir='ltr'>sed</span> <span class='ocrx_word' id='word_1_9' title='bbox 886 683 1096 748; x_wconf 85' lang='lat' dir='ltr'>solum</span> <span class='ocrx_word' id='word_1_10' title='bbox 1125 684 1371 748; x_wconf 89' lang='lat' dir='ltr'>ratione</span> <span class='ocrx_word' id='word_1_11' title='bbox 1411 683 1584 748; x_wconf 91' lang='lat' dir='ltr'>illius</span> <span class='ocrx_word' id='word_1_12' title='bbox 1622 688 1876 768; x_wconf 90' lang='lat' dir='ltr'>propter</span> <span class='ocrx_word' id='word_1_13' title='bbox 1911 684 2083 767; x_wconf 81' lang='lat' dir='ltr'>qnod</span> <span class='ocrx_word' id='word_1_14' title='bbox 2127 682 2269 746; x_wconf 92' lang='lat' dir='ltr'>dili-</span> 
     </span>
     <span class='ocr_line' id='line_1_4' title="bbox 735 790 2272 872; baseline 0 -18"><span class='ocrx_word' id='word_1_15' title='bbox 735 792 853 872; x_wconf 87' lang='lat' dir='ltr'>git.</span> <span class='ocrx_word' id='word_1_16' title='bbox 902 790 982 856; x_wconf 83' lang='lat' dir='ltr'>Et</span> <span class='ocrx_word' id='word_1_17' title='bbox 1007 792 1128 856; x_wconf 90' lang='lat' dir='ltr'>hoc</span> <span class='ocrx_word' id='word_1_18' title='bbox 1176 791 1365 856; x_wconf 92' lang='lat' dir='ltr'>modo</span> <span class='ocrx_word' id='word_1_19' title='bbox 1390 795 1698 857; x_wconf 82' lang='lat' dir='ltr'>creaturae</span> <span class='ocrx_word' id='word_1_20' title='bbox 1742 790 2161 866; x_wconf 80' lang='lat' dir='ltr'><strong>irrationales,</strong></span> <span class='ocrx_word' id='word_1_21' title='bbox 2201 790 2272 854; x_wconf 95' lang='lat' dir='ltr'>in</span> 
     </span>
     <span class='ocr_line' id='line_1_5' title="bbox 737 897 2275 981; baseline 0 -20"><span class='ocrx_word' id='word_1_22' title='bbox 737 898 972 981; x_wconf 85' lang='lat' dir='ltr'>quihus</span> <span class='ocrx_word' id='word_1_23' title='bbox 1018 897 1185 962; x_wconf 89' lang='lat' dir='ltr'>Deus</span> <span class='ocrx_word' id='word_1_24' title='bbox 1231 898 1490 976; x_wconf 78' lang='lat' dir='ltr'>relucet,</span> <span class='ocrx_word' id='word_1_25' title='bbox 1535 897 1896 980; x_wconf 90' lang='lat' dir='ltr'>diliguntur</span> <span class='ocrx_word' id='word_1_26' title='bbox 1936 916 2020 962; x_wconf 89' lang='lat' dir='ltr'>ex</span> <span class='ocrx_word' id='word_1_27' title='bbox 2062 898 2275 962; x_wconf 88' lang='lat' dir='ltr'>chari-</span> 
     </span>
     <span class='ocr_line' id='line_1_6' title="bbox 735 1003 2273 1088; baseline -0.001 -19"><span class='ocrx_word' id='word_1_28' title='bbox 735 1009 896 1083; x_wconf 90' lang='lat' dir='ltr'>tate;</span> <span class='ocrx_word' id='word_1_29' title='bbox 927 1005 1081 1088; x_wconf 89' lang='lat' dir='ltr'>qnia</span> <span class='ocrx_word' id='word_1_30' title='bbox 1119 1003 1284 1068; x_wconf 90' lang='lat' dir='ltr'>Deus</span> <span class='ocrx_word' id='word_1_31' title='bbox 1324 1004 1614 1085; x_wconf 81' lang='lat' dir='ltr'>diligitur</span> <span class='ocrx_word' id='word_1_32' title='bbox 1654 1004 1722 1067; x_wconf 92' lang='lat' dir='ltr'>in</span> <span class='ocrx_word' id='word_1_33' title='bbox 1753 1004 1898 1084; x_wconf 90' lang='lat' dir='ltr'>illis,</span> <span class='ocrx_word' id='word_1_34' title='bbox 1939 1021 2054 1085; x_wconf 90' lang='lat' dir='ltr'>per</span> <span class='ocrx_word' id='word_1_35' title='bbox 2077 1022 2273 1087; x_wconf 87' lang='lat' dir='ltr'>quem</span> 
     </span>
     <span class='ocr_line' id='line_1_7' title="bbox 739 1110 2276 1192; baseline -0.001 -18"><span class='ocrx_word' id='word_1_36' title='bbox 739 1111 1003 1176; x_wconf 91' lang='lat' dir='ltr'>modum</span> <span class='ocrx_word' id='word_1_37' title='bbox 1047 1111 1160 1192; x_wconf 86' lang='lat' dir='ltr'>qui</span> <span class='ocrx_word' id='word_1_38' title='bbox 1220 1110 1448 1174; x_wconf 90' lang='lat' dir='ltr'>dicitur</span> <span class='ocrx_word' id='word_1_39' title='bbox 1500 1110 1765 1192; x_wconf 84' lang='lat' dir='ltr'>diligere</span> <span class='ocrx_word' id='word_1_40' title='bbox 1818 1129 2039 1175; x_wconf 88' lang='lat' dir='ltr'>canem</span> <span class='ocrx_word' id='word_1_41' title='bbox 2088 1111 2276 1174; x_wconf 92' lang='lat' dir='ltr'>amici</span> 
     </span>
     <span class='ocr_line' id='line_1_8' title="bbox 738 1217 2276 1301; baseline -0.001 -19"><span class='ocrx_word' id='word_1_42' title='bbox 738 1219 862 1298; x_wconf 89' lang='lat' dir='ltr'>sui,</span> <span class='ocrx_word' id='word_1_43' title='bbox 891 1237 1021 1284; x_wconf 93' lang='lat' dir='ltr'>non</span> <span class='ocrx_word' id='word_1_44' title='bbox 1051 1218 1201 1300; x_wconf 86' lang='lat' dir='ltr'>quia</span> <span class='ocrx_word' id='word_1_45' title='bbox 1224 1217 1537 1282; x_wconf 76' lang='lat' dir='ltr'>afficiatur</span> <span class='ocrx_word' id='word_1_46' title='bbox 1565 1219 1732 1282; x_wconf 87' lang='lat' dir='ltr'>circa</span> <span class='ocrx_word' id='word_1_47' title='bbox 1756 1236 1981 1281; x_wconf 89' lang='lat' dir='ltr'>canem</span> <span class='ocrx_word' id='word_1_48' title='bbox 2021 1218 2276 1301; x_wconf 88' lang='lat' dir='ltr'>speciali</span> 
     </span>
     <span class='ocr_line' id='line_1_9' title="bbox 738 1325 2272 1407; baseline -0.001 -16"><span class='ocrx_word' id='word_1_49' title='bbox 738 1326 1100 1405; x_wconf 73' lang='lat' dir='ltr'>affectione,</span> <span class='ocrx_word' id='word_1_50' title='bbox 1145 1326 1252 1390; x_wconf 90' lang='lat' dir='ltr'>sed</span> <span class='ocrx_word' id='word_1_51' title='bbox 1283 1325 1437 1407; x_wconf 85' lang='lat' dir='ltr'>quia</span> <span class='ocrx_word' id='word_1_52' title='bbox 1462 1326 1738 1389; x_wconf 80' lang='lat' dir='ltr'>afficitur</span> <span class='ocrx_word' id='word_1_53' title='bbox 1778 1325 1943 1388; x_wconf 88' lang='lat' dir='ltr'>circa</span> <span class='ocrx_word' id='word_1_54' title='bbox 1970 1326 2272 1389; x_wconf 87' lang='lat' dir='ltr'>amicum.</span> 
     </span>
     <span class='ocr_line' id='line_1_10' title="bbox 739 1433 2277 1516; baseline -0.002 -17"><span class='ocrx_word' id='word_1_55' title='bbox 739 1433 818 1500; x_wconf 88' lang='lat' dir='ltr'>Et</span> <span class='ocrx_word' id='word_1_56' title='bbox 845 1434 1040 1516; x_wconf 86' lang='lat' dir='ltr'>hujus</span> <span class='ocrx_word' id='word_1_57' title='bbox 1064 1433 1325 1514; x_wconf 90' lang='lat' dir='ltr'>signum</span> <span class='ocrx_word' id='word_1_58' title='bbox 1352 1437 1470 1508; x_wconf 84' lang='lat' dir='ltr'>est,</span> <span class='ocrx_word' id='word_1_59' title='bbox 1503 1433 1674 1515; x_wconf 86' lang='lat' dir='ltr'>quod</span> <span class='ocrx_word' id='word_1_60' title='bbox 1709 1433 1973 1498; x_wconf 82' lang='lat' dir='ltr'>affectus</span> <span class='ocrx_word' id='word_1_61' title='bbox 1999 1433 2277 1498; x_wconf 82' lang='lat' dir='ltr'>charita-</span> 
     </span>
     <span class='ocr_line' id='line_1_11' title="bbox 740 1539 2279 1622; baseline -0.001 -18"><span class='ocrx_word' id='word_1_62' title='bbox 740 1542 820 1604; x_wconf 89' lang='lat' dir='ltr'>tis</span> <span class='ocrx_word' id='word_1_63' title='bbox 863 1558 995 1604; x_wconf 93' lang='grc'>000</span> <span class='ocrx_word' id='word_1_64' title='bbox 1037 1540 1255 1622; x_wconf 89' lang='lat' dir='ltr'>alligat</span> <span class='ocrx_word' id='word_1_65' title='bbox 1297 1539 1629 1605; x_wconf 90' lang='lat' dir='ltr'>hominem</span> <span class='ocrx_word' id='word_1_66' title='bbox 1674 1544 1983 1605; x_wconf 83' lang='lat' dir='ltr'>creaturae</span> <span class='ocrx_word' id='word_1_67' title='bbox 2026 1539 2279 1604; x_wconf 89' lang='lat' dir='ltr'>irratio-</span> 
     </span>
     <span class='ocr_line' id='line_1_12' title="bbox 740 1647 2282 1730; baseline 0.001 -20"><span class='ocrx_word' id='word_1_68' title='bbox 740 1648 905 1722; x_wconf 90' lang='lat' dir='ltr'>nali,</span> <span class='ocrx_word' id='word_1_69' title='bbox 957 1647 1310 1711; x_wconf 89' lang='lat' dir='ltr'>secundum</span> <span class='ocrx_word' id='word_1_70' title='bbox 1362 1647 1532 1730; x_wconf 87' lang='lat' dir='ltr'>quod</span> <span class='ocrx_word' id='word_1_71' title='bbox 1582 1647 1806 1730; x_wconf 89' lang='lat' dir='ltr'>alligat</span> <span class='ocrx_word' id='word_1_72' title='bbox 1856 1652 1919 1711; x_wconf 89' lang='lat' dir='ltr'>et</span> <span class='ocrx_word' id='word_1_73' title='bbox 1968 1649 2282 1713; x_wconf 77' lang='lat' dir='ltr'>connectit</span> 
     </span>
     <span class='ocr_line' id='line_1_13' title="bbox 742 1753 2275 1838; baseline 0.002 -22"><span class='ocrx_word' id='word_1_74' title='bbox 742 1753 1069 1818; x_wconf 91' lang='lat' dir='ltr'>hominem</span> <span class='ocrx_word' id='word_1_75' title='bbox 1095 1753 1216 1836; x_wconf 89' lang='lat' dir='ltr'>ipsi</span> <span class='ocrx_word' id='word_1_76' title='bbox 1246 1754 1571 1836; x_wconf 80' lang='lat' dir='ltr'>proximu,</span> <span class='ocrx_word' id='word_1_77' title='bbox 1605 1755 1706 1818; x_wconf 83' lang='lat' dir='ltr'>vel</span> <span class='ocrx_word' id='word_1_78' title='bbox 1753 1755 1948 1819; x_wconf 89' lang='lat' dir='ltr'>etiam</span> <span class='ocrx_word' id='word_1_79' title='bbox 1975 1755 2098 1838; x_wconf 87' lang='lat' dir='ltr'>ipsi</span> <span class='ocrx_word' id='word_1_80' title='bbox 2129 1755 2275 1819; x_wconf 89' lang='lat' dir='ltr'>De0.</span> 
     </span>
     <span class='ocr_line' id='line_1_14' title="bbox 745 1858 2279 1944; baseline 0.001 -21"><span class='ocrx_word' id='word_1_81' title='bbox 745 1858 921 1924; x_wconf 86' lang='lat' dir='ltr'>Unde</span> <span class='ocrx_word' id='word_1_82' title='bbox 946 1860 1106 1924; x_wconf 89' lang='lat' dir='ltr'>sicut</span> <span class='ocrx_word' id='word_1_83' title='bbox 1134 1878 1315 1924; x_wconf 90' lang='lat' dir='ltr'>amor</span> <span class='ocrx_word' id='word_1_84' title='bbox 1350 1862 1683 1940; x_wconf 84' lang='lat' dir='ltr'>amicitiae,</span> <span class='ocrx_word' id='word_1_85' title='bbox 1712 1862 1824 1944; x_wconf 89' lang='lat' dir='ltr'>qui</span> <span class='ocrx_word' id='word_1_86' title='bbox 1866 1866 1960 1925; x_wconf 91' lang='lat' dir='ltr'>est</span> <span class='ocrx_word' id='word_1_87' title='bbox 2003 1862 2073 1924; x_wconf 92' lang='lat' dir='ltr'>in</span> <span class='ocrx_word' id='word_1_88' title='bbox 2117 1862 2279 1925; x_wconf 88' lang='lat' dir='ltr'>ami-</span> 
     </span>
     <span class='ocr_line' id='line_1_15' title="bbox 743 1967 2280 2051; baseline 0.002 -21"><span class='ocrx_word' id='word_1_89' title='bbox 743 1985 894 2031; x_wconf 90' lang='lat' dir='ltr'>cum</span> <span class='ocrx_word' id='word_1_90' title='bbox 913 2015 931 2046; x_wconf 91' lang='lat'>,</span> <span class='ocrx_word' id='word_1_91' title='bbox 960 1985 1029 2030; x_wconf 88' lang='lat' dir='ltr'>se</span> <span class='ocrx_word' id='word_1_92' title='bbox 1055 1967 1336 2031; x_wconf 85' lang='lat' dir='ltr'>extendit</span> <span class='ocrx_word' id='word_1_93' title='bbox 1365 1967 1446 2031; x_wconf 88' lang='lat' dir='ltr'>ad</span> <span class='ocrx_word' id='word_1_94' title='bbox 1490 1968 1680 2031; x_wconf 89' lang='lat' dir='ltr'>amici</span> <span class='ocrx_word' id='word_1_95' title='bbox 1725 1969 1959 2047; x_wconf 85' lang='lat' dir='ltr'>fllium,</span> <span class='ocrx_word' id='word_1_96' title='bbox 1994 1969 2080 2032; x_wconf 81' lang='lat' dir='ltr'>ita</span> <span class='ocrx_word' id='word_1_97' title='bbox 2110 1969 2280 2051; x_wconf 89' lang='lat' dir='ltr'>quod</span> 
     </span>
     <span class='ocr_line' id='line_1_16' title="bbox 743 2074 2282 2153; baseline 0.001 -14"><span class='ocrx_word' id='word_1_98' title='bbox 743 2075 915 2140; x_wconf 82' lang='lat' dir='ltr'>filius</span> <span class='ocrx_word' id='word_1_99' title='bbox 971 2074 1158 2140; x_wconf 92' lang='lat' dir='ltr'>amici</span> <span class='ocrx_word' id='word_1_100' title='bbox 1218 2075 1464 2139; x_wconf 90' lang='lat' dir='ltr'>amicus</span> <span class='ocrx_word' id='word_1_101' title='bbox 1513 2075 1593 2138; x_wconf 90' lang='lat' dir='ltr'>sit</span> <span class='ocrx_word' id='word_1_102' title='bbox 1644 2078 1708 2139; x_wconf 90' lang='lat' dir='ltr'>et</span> <span class='ocrx_word' id='word_1_103' title='bbox 1786 2075 2089 2153; x_wconf 80' lang='lat' dir='ltr'>dilectus3</span> <span class='ocrx_word' id='word_1_104' title='bbox 2149 2094 2282 2140; x_wconf 92' lang='lat' dir='ltr'>non</span> 
     </span>
     <span class='ocr_line' id='line_1_17' title="bbox 744 2184 2284 2264; baseline 0 -17"><span class='ocrx_word' id='word_1_105' title='bbox 744 2187 960 2247; x_wconf 90' lang='lat' dir='ltr'>autem</span> <span class='ocrx_word' id='word_1_106' title='bbox 989 2185 1079 2246; x_wconf 89' lang='lat' dir='ltr'>sic</span> <span class='ocrx_word' id='word_1_107' title='bbox 1108 2201 1175 2247; x_wconf 90' lang='lat' dir='ltr'>se</span> <span class='ocrx_word' id='word_1_108' title='bbox 1202 2185 1483 2248; x_wconf 84' lang='lat' dir='ltr'>extendit</span> <span class='ocrx_word' id='word_1_109' title='bbox 1508 2184 1589 2248; x_wconf 89' lang='lat' dir='ltr'>ad</span> <span class='ocrx_word' id='word_1_110' title='bbox 1629 2185 1814 2247; x_wconf 92' lang='lat' dir='ltr'>amici</span> <span class='ocrx_word' id='word_1_111' title='bbox 1859 2185 2178 2264; x_wconf 83' lang='lat' dir='ltr'>catulum,</span> <span class='ocrx_word' id='word_1_112' title='bbox 2212 2189 2284 2249; x_wconf 90' lang='lat' dir='ltr'>ut</span> 
     </span>
     <span class='ocr_line' id='line_1_18' title="bbox 746 2288 2283 2371; baseline 0.001 -17"><span class='ocrx_word' id='word_1_113' title='bbox 746 2289 917 2354; x_wconf 88' lang='lat' dir='ltr'>canis</span> <span class='ocrx_word' id='word_1_114' title='bbox 940 2288 1245 2371; x_wconf 80' lang='lat' dir='ltr'>diligatur</span> <span class='ocrx_word' id='word_1_115' title='bbox 1271 2291 1582 2354; x_wconf 88' lang='lat' dir='ltr'>consimili</span> <span class='ocrx_word' id='word_1_116' title='bbox 1610 2292 1841 2356; x_wconf 79' lang='lat' dir='ltr'>affectu</span> <span class='ocrx_word' id='word_1_117' title='bbox 1878 2314 1892 2356; x_wconf 93' lang='lat'><strong>:</strong></span> <span class='ocrx_word' id='word_1_118' title='bbox 1927 2293 2018 2356; x_wconf 86' lang='lat' dir='ltr'>sic</span> <span class='ocrx_word' id='word_1_119' title='bbox 2044 2293 2283 2357; x_wconf 88' lang='lat' dir='ltr'>intelli-</span> 
     </span>
     <span class='ocr_line' id='line_1_19' title="bbox 746 2397 2279 2482; baseline 0.001 -22"><span class='ocrx_word' id='word_1_120' title='bbox 746 2397 1030 2478; x_wconf 83' lang='lat' dir='ltr'>gendum</span> <span class='ocrx_word' id='word_1_121' title='bbox 1061 2399 1231 2480; x_wconf 87' lang='lat' dir='ltr'>quod</span> <span class='ocrx_word' id='word_1_122' title='bbox 1273 2397 1564 2477; x_wconf 88' lang='lat' dir='ltr'>charitas,</span> <span class='ocrx_word' id='word_1_123' title='bbox 1612 2417 1760 2482; x_wconf 81' lang='lat' dir='ltr'>quae</span> <span class='ocrx_word' id='word_1_124' title='bbox 1806 2406 1899 2464; x_wconf 92' lang='lat' dir='ltr'>est</span> <span class='ocrx_word' id='word_1_125' title='bbox 1937 2418 2121 2463; x_wconf 90' lang='lat' dir='ltr'>amor</span> <span class='ocrx_word' id='word_1_126' title='bbox 2148 2399 2279 2477; x_wconf 86' lang='lat' dir='ltr'>Dei,</span> 
     </span>
     <span class='ocr_line' id='line_1_20' title="bbox 747 2505 2286 2589; baseline 0.002 -21"><span class='ocrx_word' id='word_1_127' title='bbox 747 2523 814 2568; x_wconf 90' lang='lat' dir='ltr'>se</span> <span class='ocrx_word' id='word_1_128' title='bbox 858 2505 1140 2569; x_wconf 88' lang='lat' dir='ltr'>extendit</span> <span class='ocrx_word' id='word_1_129' title='bbox 1164 2505 1246 2570; x_wconf 91' lang='lat' dir='ltr'>ad</span> <span class='ocrx_word' id='word_1_130' title='bbox 1291 2505 1465 2581; x_wconf 73' lang='grc'><strong>11103,</strong></span> <span class='ocrx_word' id='word_1_131' title='bbox 1494 2507 1606 2588; x_wconf 89' lang='lat' dir='ltr'>qui</span> <span class='ocrx_word' id='word_1_132' title='bbox 1633 2511 1781 2570; x_wconf 90' lang='lat' dir='ltr'>sunt</span> <span class='ocrx_word' id='word_1_133' title='bbox 1808 2507 1940 2570; x_wconf 89' lang='lat' dir='ltr'>nati</span> <span class='ocrx_word' id='word_1_134' title='bbox 1982 2525 2118 2571; x_wconf 69' lang='lat' dir='ltr'>aese</span> <span class='ocrx_word' id='word_1_135' title='bbox 2145 2509 2286 2589; x_wconf 87' lang='lat' dir='ltr'>ejus</span> 
     </span>
     <span class='ocr_line' id='line_1_21' title="bbox 750 2611 2286 2696; baseline 0.002 -22"><span class='ocrx_word' id='word_1_136' title='bbox 750 2611 866 2674; x_wconf 87' lang='lat' dir='ltr'>fllii</span> <span class='ocrx_word' id='word_1_137' title='bbox 893 2629 1008 2693; x_wconf 92' lang='lat' dir='ltr'>per</span> <span class='ocrx_word' id='word_1_138' title='bbox 1034 2612 1306 2693; x_wconf 90' lang='lat' dir='ltr'>gratiam</span> <span class='ocrx_word' id='word_1_139' title='bbox 1337 2611 1726 2695; x_wconf 81' lang='lat' dir='ltr'>adoptionis3</span> <span class='ocrx_word' id='word_1_140' title='bbox 1755 2619 1819 2678; x_wconf 92' lang='lat' dir='ltr'>et</span> <span class='ocrx_word' id='word_1_141' title='bbox 1855 2614 2009 2696; x_wconf 88' lang='lat' dir='ltr'>quia</span> <span class='ocrx_word' id='word_1_142' title='bbox 2034 2618 2286 2678; x_wconf 89' lang='lat' dir='ltr'>creatu-</span> 
     </span>
     <span class='ocr_line' id='line_1_22' title="bbox 751 2719 2286 2804; baseline 0.002 -22"><span class='ocrx_word' id='word_1_143' title='bbox 751 2735 842 2783; x_wconf 82' lang='lat' dir='ltr'>rae</span> <span class='ocrx_word' id='word_1_144' title='bbox 889 2719 1289 2790; x_wconf 68' lang='lat' dir='ltr'>irrationales,</span> <span class='ocrx_word' id='word_1_145' title='bbox 1335 2738 1465 2783; x_wconf 91' lang='lat' dir='ltr'>non</span> <span class='ocrx_word' id='word_1_146' title='bbox 1513 2727 1667 2784; x_wconf 88' lang='lat' dir='ltr'>sunt</span> <span class='ocrx_word' id='word_1_147' title='bbox 1708 2720 2100 2804; x_wconf 75' lang='lat' dir='ltr'>hujusmodi,</span> <span class='ocrx_word' id='word_1_148' title='bbox 2146 2721 2286 2785; x_wconf 90' lang='lat' dir='ltr'>ideo</span> 
     </span>
     <span class='ocr_line' id='line_1_23' title="bbox 752 2827 2288 2910; baseline 0.003 -20"><span class='ocrx_word' id='word_1_149' title='bbox 752 2827 1003 2910; x_wconf 82' lang='lat' dir='ltr'>proprie</span> <span class='ocrx_word' id='word_1_150' title='bbox 1030 2827 1347 2910; x_wconf 89' lang='lat' dir='ltr'>loquendo</span> <span class='ocrx_word' id='word_1_151' title='bbox 1386 2847 1515 2893; x_wconf 93' lang='lat' dir='ltr'>non</span> <span class='ocrx_word' id='word_1_152' title='bbox 1558 2832 1711 2894; x_wconf 91' lang='lat' dir='ltr'>sunt</span> <span class='ocrx_word' id='word_1_153' title='bbox 1751 2835 1917 2894; x_wconf 83' lang='lat' dir='ltr'>natae</span> <span class='ocrx_word' id='word_1_154' title='bbox 1956 2848 2040 2894; x_wconf 88' lang='lat' dir='ltr'>ex</span> <span class='ocrx_word' id='word_1_155' title='bbox 2084 2829 2288 2894; x_wconf 87' lang='lat' dir='ltr'>chari-</span> 
     </span>
     <span class='ocr_line' id='line_1_24' title="bbox 751 2934 2290 3020; baseline 0.002 -23"><span class='ocrx_word' id='word_1_156' title='bbox 751 2938 876 2998; x_wconf 88' lang='lat' dir='ltr'>tate</span> <span class='ocrx_word' id='word_1_157' title='bbox 899 2934 1105 3016; x_wconf 82' lang='lat' dir='ltr'>diligi,</span> <span class='ocrx_word' id='word_1_158' title='bbox 1131 2935 1220 2998; x_wconf 90' lang='lat' dir='ltr'>ita</span> <span class='ocrx_word' id='word_1_159' title='bbox 1242 2935 1413 3018; x_wconf 82' lang='lat' dir='ltr'>quod</span> <span class='ocrx_word' id='word_1_160' title='bbox 1442 2937 1717 3000; x_wconf 86' lang='lat' dir='ltr'>charitas</span> <span class='ocrx_word' id='word_1_161' title='bbox 1742 2937 1907 3000; x_wconf 89' lang='lat' dir='ltr'>circa</span> <span class='ocrx_word' id='word_1_162' title='bbox 1933 2937 2072 3000; x_wconf 90' lang='lat' dir='ltr'>illas</span> <span class='ocrx_word' id='word_1_163' title='bbox 2096 2943 2290 3020; x_wconf 89' lang='lat' dir='ltr'>ponat</span> 
     </span>
     <span class='ocr_line' id='line_1_25' title="bbox 751 3041 2289 3126; baseline 0.002 -21"><span class='ocrx_word' id='word_1_164' title='bbox 751 3041 1049 3107; x_wconf 79' lang='lat' dir='ltr'>affectum</span> <span class='ocrx_word' id='word_1_165' title='bbox 1083 3063 1099 3105; x_wconf 73' lang='grc' dir='ltr'>ε</span> <span class='ocrx_word' id='word_1_166' title='bbox 1130 3042 1303 3107; x_wconf 91' lang='lat' dir='ltr'>unde</span> <span class='ocrx_word' id='word_1_167' title='bbox 1329 3043 1482 3125; x_wconf 85' lang='lat' dir='ltr'>quia</span> <span class='ocrx_word' id='word_1_168' title='bbox 1513 3047 1718 3126; x_wconf 89' lang='lat' dir='ltr'>potest</span> <span class='ocrx_word' id='word_1_169' title='bbox 1746 3044 2023 3108; x_wconf 89' lang='lat' dir='ltr'>charitas</span> <span class='ocrx_word' id='word_1_170' title='bbox 2056 3047 2127 3107; x_wconf 93' lang='grc'>10</span> <span class='ocrx_word' id='word_1_171' title='bbox 2166 3043 2289 3108; x_wconf 88' lang='lat' dir='ltr'>illis</span> 
     </span>
     <span class='ocr_line' id='line_1_26' title="bbox 750 3149 2291 3236; baseline 0.003 -23"><span class='ocrx_word' id='word_1_172' title='bbox 750 3149 1016 3232; x_wconf 88' lang='lat' dir='ltr'>diligere</span> <span class='ocrx_word' id='word_1_173' title='bbox 1046 3149 1263 3230; x_wconf 87' lang='lat' dir='ltr'>Deum,</span> <span class='ocrx_word' id='word_1_174' title='bbox 1285 3150 1372 3213; x_wconf 89' lang='lat' dir='ltr'>ita</span> <span class='ocrx_word' id='word_1_175' title='bbox 1397 3151 1673 3233; x_wconf 88' lang='lat' dir='ltr'>quodam</span> <span class='ocrx_word' id='word_1_176' title='bbox 1703 3153 1892 3217; x_wconf 93' lang='lat' dir='ltr'>modo</span> <span class='ocrx_word' id='word_1_177' title='bbox 1919 3156 2122 3236; x_wconf 90' lang='lat' dir='ltr'>potest</span> <span class='ocrx_word' id='word_1_178' title='bbox 2147 3172 2291 3217; x_wconf 89' lang='lat' dir='ltr'>con·</span> 
     </span>
     <span class='ocr_line' id='line_1_27' title="bbox 752 3256 2291 3340; baseline 0.003 -20"><span class='ocrx_word' id='word_1_179' title='bbox 752 3256 909 3335; x_wconf 85' lang='lat' dir='ltr'>cedi,</span> <span class='ocrx_word' id='word_1_180' title='bbox 951 3258 1123 3340; x_wconf 91' lang='lat' dir='ltr'>quod</span> <span class='ocrx_word' id='word_1_181' title='bbox 1165 3263 1471 3322; x_wconf 83' lang='lat' dir='ltr'>creaturae</span> <span class='ocrx_word' id='word_1_182' title='bbox 1506 3259 1898 3324; x_wconf 81' lang='lat' dir='ltr'>irrationales</span> <span class='ocrx_word' id='word_1_183' title='bbox 1938 3259 2291 3340; x_wconf 86' lang='lat' dir='ltr'>diligantur</span> 
     </span>
     <span class='ocr_line' id='line_1_28' title="bbox 753 3364 2293 3448; baseline 0.002 -20"><span class='ocrx_word' id='word_1_184' title='bbox 753 3382 834 3428; x_wconf 92' lang='lat' dir='ltr'>ex</span> <span class='ocrx_word' id='word_1_185' title='bbox 861 3364 1188 3441; x_wconf 83' lang='lat' dir='ltr'>charitate,</span> <span class='ocrx_word' id='word_1_186' title='bbox 1220 3365 1365 3429; x_wconf 90' lang='lat' dir='ltr'>licet</span> <span class='ocrx_word' id='word_1_187' title='bbox 1388 3364 1732 3448; x_wconf 86' lang='lat' dir='ltr'>improprie</span> <span class='ocrx_word' id='word_1_188' title='bbox 1759 3390 1776 3430; x_wconf 79' lang='lat' dir='ltr'><strong><em>z</em></strong></span> <span class='ocrx_word' id='word_1_189' title='bbox 1806 3367 1948 3430; x_wconf 92' lang='lat' dir='ltr'>ideo</span> <span class='ocrx_word' id='word_1_190' title='bbox 1978 3384 2111 3430; x_wconf 92' lang='lat' dir='ltr'>non</span> <span class='ocrx_word' id='word_1_191' title='bbox 2139 3372 2293 3431; x_wconf 90' lang='lat' dir='ltr'>sunt</span> 
     </span>
     <span class='ocr_line' id='line_1_29' title="bbox 749 3471 2290 3557; baseline 0.003 -24"><span class='ocrx_word' id='word_1_192' title='bbox 749 3471 1168 3535; x_wconf 85' lang='lat' dir='ltr'>numerandae</span> <span class='ocrx_word' id='word_1_193' title='bbox 1217 3472 1382 3536; x_wconf 89' lang='lat' dir='ltr'>inter</span> <span class='ocrx_word' id='word_1_194' title='bbox 1446 3473 1585 3537; x_wconf 91' lang='lat' dir='ltr'>illas</span> <span class='ocrx_word' id='word_1_195' title='bbox 1635 3490 1783 3557; x_wconf 80' lang='lat' dir='ltr'>quae</span> <span class='ocrx_word' id='word_1_196' title='bbox 1848 3492 1931 3538; x_wconf 91' lang='lat' dir='ltr'>ex</span> <span class='ocrx_word' id='word_1_197' title='bbox 1984 3473 2290 3538; x_wconf 88' lang='lat' dir='ltr'>charitate</span> 
     </span>
     <span class='ocr_line' id='line_1_30' title="bbox 750 3576 2292 3659; baseline 0.005 -21"><span class='ocrx_word' id='word_1_198' title='bbox 750 3576 1003 3659; x_wconf 88' lang='lat' dir='ltr'>proprie</span> <span class='ocrx_word' id='word_1_199' title='bbox 1040 3577 1421 3658; x_wconf 83' lang='lat' dir='ltr'>diligunt‘ur,</span> <span class='ocrx_word' id='word_1_200' title='bbox 1469 3579 1630 3643; x_wconf 90' lang='lat' dir='ltr'>sicut</span> <span class='ocrx_word' id='word_1_201' title='bbox 1682 3580 1960 3645; x_wconf 89' lang='lat' dir='ltr'>rationes</span> <span class='ocrx_word' id='word_1_202' title='bbox 2003 3580 2080 3645; x_wconf 90' lang='lat' dir='ltr'>ad</span> <span class='ocrx_word' id='word_1_203' title='bbox 2127 3581 2292 3645; x_wconf 90' lang='lat' dir='ltr'>hanc</span> 
     </span>
     <span class='ocr_line' id='line_1_31' title="bbox 750 3684 2159 3766; baseline 0.003 -18"><span class='ocrx_word' id='word_1_204' title='bbox 750 3687 996 3766; x_wconf 88' lang='lat' dir='ltr'>partem</span> <span class='ocrx_word' id='word_1_205' title='bbox 1028 3684 1304 3748; x_wconf 86' lang='lat' dir='ltr'>inductae</span> <span class='ocrx_word' id='word_1_206' title='bbox 1333 3686 1672 3751; x_wconf 84' lang='lat' dir='ltr'>ostendunt</span> <span class='ocrx_word' id='word_1_207' title='bbox 1700 3690 1762 3750; x_wconf 88' lang='lat' dir='ltr'>et</span> <span class='ocrx_word' id='word_1_208' title='bbox 1788 3688 2159 3752; x_wconf 89' lang='lat' dir='ltr'>concedunt.</span> 
     </span>
    </p>

    <p class='ocr_par' dir='ltr' id='par_1_3' title="bbox 750 3792 2296 5271">
     <span class='ocr_line' id='line_1_32' title="bbox 832 3792 2292 3878; baseline 0.003 -23"><span class='ocrx_word' id='word_1_209' title='bbox 832 3796 891 3856; x_wconf 76' lang='grc'>1.</span> <span class='ocrx_word' id='word_1_210' title='bbox 923 3792 1022 3857; x_wconf 86' lang='lat' dir='ltr'>Ad</span> <span class='ocrx_word' id='word_1_211' title='bbox 1051 3792 1209 3858; x_wconf 89' lang='lat' dir='ltr'>illud</span> <span class='ocrx_word' id='word_1_212' title='bbox 1246 3811 1407 3875; x_wconf 87' lang='lat' dir='ltr'>ergo</span> <span class='ocrx_word' id='word_1_213' title='bbox 1445 3795 1617 3877; x_wconf 88' lang='lat' dir='ltr'>quod</span> <span class='ocrx_word' id='word_1_214' title='bbox 1644 3795 1852 3877; x_wconf 90' lang='lat' dir='ltr'>primo</span> <span class='ocrx_word' id='word_1_215' title='bbox 1889 3796 2186 3878; x_wconf 84' lang='lat' dir='ltr'>objicitur</span> <span class='ocrx_word' id='word_1_216' title='bbox 2225 3797 2292 3861; x_wconf 93' lang='lat' dir='ltr'>in</span> 
     </span>
     <span class='ocr_line' id='line_1_33' title="bbox 751 3898 2291 3982; baseline 0.003 -20"><span class='ocrx_word' id='word_1_217' title='bbox 751 3898 1175 3978; x_wconf 89' lang='lat' dir='ltr'>contrarium,</span> <span class='ocrx_word' id='word_1_218' title='bbox 1204 3900 1374 3982; x_wconf 90' lang='lat' dir='ltr'>quod</span> <span class='ocrx_word' id='word_1_219' title='bbox 1404 3899 1569 3964; x_wconf 90' lang='lat' dir='ltr'>Deus</span> <span class='ocrx_word' id='word_1_220' title='bbox 1596 3901 1802 3982; x_wconf 86' lang='lat' dir='ltr'>diligit</span> <span class='ocrx_word' id='word_1_221' title='bbox 1829 3905 2152 3966; x_wconf 84' lang='lat' dir='ltr'>creaturas</span> <span class='ocrx_word' id='word_1_222' title='bbox 2198 3904 2291 3967; x_wconf 88' lang='lat' dir='ltr'>ir-</span> 
     </span>
     <span class='ocr_line' id='line_1_34' title="bbox 752 4005 2293 4089; baseline 0.003 -19"><span class='ocrx_word' id='word_1_223' title='bbox 752 4005 1109 4086; x_wconf 89' lang='lat' dir='ltr'>rationales,</span> <span class='ocrx_word' id='word_1_224' title='bbox 1150 4005 1489 4071; x_wconf 90' lang='lat' dir='ltr'>dicendum</span> <span class='ocrx_word' id='word_1_225' title='bbox 1516 4007 1689 4089; x_wconf 87' lang='lat' dir='ltr'>quod</span> <span class='ocrx_word' id='word_1_226' title='bbox 1724 4007 1925 4073; x_wconf 91' lang='lat' dir='ltr'>Deum</span> <span class='ocrx_word' id='word_1_227' title='bbox 1972 4012 2293 4074; x_wconf 86' lang='lat' dir='ltr'>creaturas</span> 
     </span>
     <span class='ocr_line' id='line_1_35' title="bbox 750 4113 2292 4195; baseline 0.003 -19"><span class='ocrx_word' id='word_1_228' title='bbox 750 4113 1149 4178; x_wconf 80' lang='lat' dir='ltr'>irrationales</span> <span class='ocrx_word' id='word_1_229' title='bbox 1186 4113 1474 4195; x_wconf 88' lang='lat' dir='ltr'>diligere,</span> <span class='ocrx_word' id='word_1_230' title='bbox 1514 4118 1609 4178; x_wconf 90' lang='lat' dir='ltr'>est</span> <span class='ocrx_word' id='word_1_231' title='bbox 1656 4133 1763 4179; x_wconf 89' lang='lat' dir='ltr'>eas</span> <span class='ocrx_word' id='word_1_232' title='bbox 1805 4133 2184 4180; x_wconf 88' lang='lat' dir='ltr'>conservare</span> <span class='ocrx_word' id='word_1_233' title='bbox 2223 4117 2292 4182; x_wconf 91' lang='lat' dir='ltr'>in</span> 
     </span>
     <span class='ocr_line' id='line_1_36' title="bbox 752 4219 2295 4305; baseline 0.002 -21"><span class='ocrx_word' id='word_1_234' title='bbox 752 4238 886 4284; x_wconf 84' lang='lat' dir='ltr'>esse</span> <span class='ocrx_word' id='word_1_235' title='bbox 916 4224 1183 4285; x_wconf 83' lang='lat' dir='ltr'>naturae.</span> <span class='ocrx_word' id='word_1_236' title='bbox 1215 4219 1337 4287; x_wconf 92' lang='lat' dir='ltr'>Sed</span> <span class='ocrx_word' id='word_1_237' title='bbox 1379 4221 1617 4303; x_wconf 85' lang='lat' dir='ltr'>aliquid</span> <span class='ocrx_word' id='word_1_238' title='bbox 1651 4222 1919 4305; x_wconf 89' lang='lat' dir='ltr'>diligere</span> <span class='ocrx_word' id='word_1_239' title='bbox 1963 4241 2045 4289; x_wconf 90' lang='lat' dir='ltr'>ex</span> <span class='ocrx_word' id='word_1_240' title='bbox 2081 4223 2295 4287; x_wconf 91' lang='lat' dir='ltr'>chari-</span> 
     </span>
     <span class='ocr_line' id='line_1_37' title="bbox 752 4327 2295 4414; baseline 0.003 -23"><span class='ocrx_word' id='word_1_241' title='bbox 752 4329 901 4405; x_wconf 84' lang='lat' dir='ltr'>tate,</span> <span class='ocrx_word' id='word_1_242' title='bbox 932 4327 1054 4393; x_wconf 90' lang='lat' dir='ltr'>hoc</span> <span class='ocrx_word' id='word_1_243' title='bbox 1079 4330 1174 4392; x_wconf 90' lang='lat' dir='ltr'>est</span> <span class='ocrx_word' id='word_1_244' title='bbox 1205 4346 1536 4394; x_wconf 90' lang='lat' dir='ltr'>summum</span> <span class='ocrx_word' id='word_1_245' title='bbox 1574 4328 1818 4393; x_wconf 91' lang='lat' dir='ltr'>bonum</span> <span class='ocrx_word' id='word_1_246' title='bbox 1849 4329 1908 4392; x_wconf 93' lang='lat' dir='ltr'>ei</span> <span class='ocrx_word' id='word_1_247' title='bbox 1935 4335 2154 4414; x_wconf 88' lang='lat' dir='ltr'>optare</span> <span class='ocrx_word' id='word_1_248' title='bbox 2183 4353 2199 4395; x_wconf 73' lang='grc' dir='ltr'>ι</span> <span class='ocrx_word' id='word_1_249' title='bbox 2230 4336 2295 4396; x_wconf 88' lang='grc'>01</span> 
     </span>
     <span class='ocr_line' id='line_1_38' title="bbox 751 4434 2291 4520; baseline 0.002 -22"><span class='ocrx_word' id='word_1_250' title='bbox 751 4434 894 4500; x_wconf 88' lang='grc'><strong>11100</strong></span> <span class='ocrx_word' id='word_1_251' title='bbox 937 4435 1081 4518; x_wconf 91' lang='lat' dir='ltr'>plus</span> <span class='ocrx_word' id='word_1_252' title='bbox 1126 4438 1526 4514; x_wconf 84' lang='lat' dir='ltr'>connotatur,</span> <span class='ocrx_word' id='word_1_253' title='bbox 1578 4454 1729 4500; x_wconf 89' lang='lat' dir='ltr'>cum</span> <span class='ocrx_word' id='word_1_254' title='bbox 1773 4435 2003 4501; x_wconf 90' lang='lat' dir='ltr'>dicitur</span> <span class='ocrx_word' id='word_1_255' title='bbox 2051 4437 2291 4520; x_wconf 90' lang='lat' dir='ltr'>aliquid</span> 
     </span>
     <span class='ocr_line' id='line_1_39' title="bbox 752 4542 2293 4626; baseline -0.001 -16"><span class='ocrx_word' id='word_1_256' title='bbox 752 4562 890 4610; x_wconf 83' lang='lat' dir='ltr'>esse</span> <span class='ocrx_word' id='word_1_257' title='bbox 913 4561 999 4608; x_wconf 92' lang='lat' dir='ltr'>ex</span> <span class='ocrx_word' id='word_1_258' title='bbox 1023 4542 1326 4608; x_wconf 82' lang='lat' dir='ltr'>charitate</span> <span class='ocrx_word' id='word_1_259' title='bbox 1353 4542 1772 4625; x_wconf 85' lang='lat' dir='ltr'>diligendum,</span> <span class='ocrx_word' id='word_1_260' title='bbox 1799 4547 1863 4608; x_wconf 91' lang='lat' dir='ltr'>et</span> <span class='ocrx_word' id='word_1_261' title='bbox 1890 4544 2128 4626; x_wconf 89' lang='lat' dir='ltr'>aliquid</span> <span class='ocrx_word' id='word_1_262' title='bbox 2158 4563 2293 4609; x_wconf 90' lang='lat' dir='ltr'>esse</span> 
     </span>
     <span class='ocr_line' id='line_1_40' title="bbox 754 4648 2292 4734; baseline 0.001 -20"><span class='ocrx_word' id='word_1_263' title='bbox 754 4649 884 4715; x_wconf 88' lang='lat' dir='ltr'>Deo</span> <span class='ocrx_word' id='word_1_264' title='bbox 908 4650 1234 4716; x_wconf 87' lang='lat' dir='ltr'>dilectum.</span> <span class='ocrx_word' id='word_1_265' title='bbox 1267 4648 1343 4715; x_wconf 86' lang='lat' dir='ltr'>Et</span> <span class='ocrx_word' id='word_1_266' title='bbox 1368 4650 1508 4715; x_wconf 91' lang='lat' dir='ltr'>ideo</span> <span class='ocrx_word' id='word_1_267' title='bbox 1535 4668 1668 4714; x_wconf 91' lang='lat' dir='ltr'>non</span> <span class='ocrx_word' id='word_1_268' title='bbox 1696 4651 2006 4733; x_wconf 84' lang='lat' dir='ltr'>sequitur,</span> <span class='ocrx_word' id='word_1_269' title='bbox 2041 4652 2211 4734; x_wconf 87' lang='lat' dir='ltr'>quod</span> <span class='ocrx_word' id='word_1_270' title='bbox 2238 4652 2292 4716; x_wconf 90' lang='lat' dir='ltr'>si</span> 
     </span>
     <span class='ocr_line' id='line_1_41' title="bbox 757 4756 2292 4840; baseline 0.001 -19"><span class='ocrx_word' id='word_1_271' title='bbox 757 4756 920 4822; x_wconf 88' lang='lat' dir='ltr'>Deus</span> <span class='ocrx_word' id='word_1_272' title='bbox 944 4775 1053 4823; x_wconf 87' lang='lat' dir='ltr'>eas</span> <span class='ocrx_word' id='word_1_273' title='bbox 1078 4757 1323 4840; x_wconf 90' lang='lat' dir='ltr'>diligat,</span> <span class='ocrx_word' id='word_1_274' title='bbox 1353 4757 1526 4840; x_wconf 90' lang='lat' dir='ltr'>quod</span> <span class='ocrx_word' id='word_1_275' title='bbox 1553 4775 1635 4821; x_wconf 92' lang='lat' dir='ltr'>ex</span> <span class='ocrx_word' id='word_1_276' title='bbox 1661 4757 1967 4822; x_wconf 80' lang='lat' dir='ltr'>charitate</span> <span class='ocrx_word' id='word_1_277' title='bbox 2001 4758 2292 4823; x_wconf 84' lang='lat' dir='ltr'>amandae</span> 
     </span>
     <span class='ocr_line' id='line_1_42' title="bbox 755 4862 2292 4946; baseline 0.001 -17"><span class='ocrx_word' id='word_1_278' title='bbox 755 4864 903 4929; x_wconf 90' lang='lat' dir='ltr'>sint.</span> <span class='ocrx_word' id='word_1_279' title='bbox 951 4862 1027 4928; x_wconf 84' lang='lat' dir='ltr'>Et</span> <span class='ocrx_word' id='word_1_280' title='bbox 1051 4864 1104 4926; x_wconf 91' lang='lat' dir='ltr'>si</span> <span class='ocrx_word' id='word_1_281' title='bbox 1133 4867 1202 4928; x_wconf 88' lang='lat' dir='ltr'>tu</span> <span class='ocrx_word' id='word_1_282' title='bbox 1228 4864 1510 4945; x_wconf 86' lang='lat' dir='ltr'>objicias,</span> <span class='ocrx_word' id='word_1_283' title='bbox 1537 4863 1709 4946; x_wconf 89' lang='lat' dir='ltr'>quod</span> <span class='ocrx_word' id='word_1_284' title='bbox 1734 4864 2008 4929; x_wconf 83' lang='lat' dir='ltr'>charitas</span> <span class='ocrx_word' id='word_1_285' title='bbox 2034 4867 2292 4930; x_wconf 84' lang='lat' dir='ltr'>confor-</span> 
     </span>
     <span class='ocr_line' id='line_1_43' title="bbox 756 4971 2291 5053; baseline 0.001 -17"><span class='ocrx_word' id='word_1_286' title='bbox 756 4975 891 5036; x_wconf 90' lang='lat' dir='ltr'>mat</span> <span class='ocrx_word' id='word_1_287' title='bbox 925 4971 1320 5036; x_wconf 86' lang='lat' dir='ltr'>voluntatem</span> <span class='ocrx_word' id='word_1_288' title='bbox 1358 4975 1639 5037; x_wconf 89' lang='lat' dir='ltr'>nostram</span> <span class='ocrx_word' id='word_1_289' title='bbox 1681 4971 1993 5037; x_wconf 86' lang='lat' dir='ltr'>voluntati</span> <span class='ocrx_word' id='word_1_290' title='bbox 2032 4971 2291 5053; x_wconf 76' lang='lat' dir='ltr'>divInae‚</span> 
     </span>
     <span class='ocr_line' id='line_1_44' title="bbox 756 5078 2296 5163; baseline 0.001 -19"><span class='ocrx_word' id='word_1_291' title='bbox 756 5078 1096 5145; x_wconf 87' lang='lat' dir='ltr'>dicendum</span> <span class='ocrx_word' id='word_1_292' title='bbox 1121 5079 1291 5162; x_wconf 91' lang='lat' dir='ltr'>quod</span> <span class='ocrx_word' id='word_1_293' title='bbox 1317 5078 1441 5143; x_wconf 90' lang='lat' dir='ltr'>hoc</span> <span class='ocrx_word' id='word_1_294' title='bbox 1464 5096 1595 5142; x_wconf 91' lang='lat' dir='ltr'>non</span> <span class='ocrx_word' id='word_1_295' title='bbox 1615 5081 1714 5142; x_wconf 90' lang='lat' dir='ltr'>est</span> <span class='ocrx_word' id='word_1_296' title='bbox 1739 5096 1966 5145; x_wconf 81' lang='lat' dir='ltr'>verum</span> <span class='ocrx_word' id='word_1_297' title='bbox 1995 5080 2204 5163; x_wconf 89' lang='lat' dir='ltr'>primo</span> <span class='ocrx_word' id='word_1_298' title='bbox 2232 5086 2296 5146; x_wconf 92' lang='lat' dir='ltr'>ct</span> 
     </span>
     <span class='ocr_line' id='line_1_45' title="bbox 758 5184 2295 5271; baseline 0.002 -21"><span class='ocrx_word' id='word_1_299' title='bbox 758 5202 872 5269; x_wconf 85' lang='lat' dir='ltr'>per</span> <span class='ocrx_word' id='word_1_300' title='bbox 909 5203 980 5252; x_wconf 88' lang='lat' dir='ltr'>se</span> <span class='ocrx_word' id='word_1_301' title='bbox 1021 5189 1311 5270; x_wconf 84' lang='lat' dir='ltr'>respectu</span> <span class='ocrx_word' id='word_1_302' title='bbox 1354 5184 1654 5251; x_wconf 90' lang='lat' dir='ltr'>omnium</span> <span class='ocrx_word' id='word_1_303' title='bbox 1689 5204 1981 5270; x_wconf 89' lang='lat' dir='ltr'>operum,</span> <span class='ocrx_word' id='word_1_304' title='bbox 2026 5192 2087 5252; x_wconf 92' lang='lat' dir='ltr'>et</span> <span class='ocrx_word' id='word_1_305' title='bbox 2131 5206 2295 5271; x_wconf 88' lang='lat' dir='ltr'>qno-</span> 
     </span>
    </p>
   </div>
   <div class='ocr_carea' id='block_1_3' title="bbox 761 5348 2294 5487">
    <p class='ocr_par' dir='ltr' id='par_1_4' title="bbox 761 5348 2294 5487">
     <span class='ocr_line' id='line_1_46' title="bbox 822 5348 2294 5418; baseline 0.005 -21"><span class='ocrx_word' id='word_1_306' title='bbox 822 5350 890 5415; x_wconf 83' lang='lat' dir='ltr'>(a)</span> <span class='ocrx_word' id='word_1_307' title='bbox 913 5351 1035 5401; x_wconf 82' lang='lat' dir='ltr'>Goet.</span> <span class='ocrx_word' id='word_1_308' title='bbox 1061 5348 1180 5401; x_wconf 75' lang='lat' dir='ltr'>edit.</span> <span class='ocrx_word' id='word_1_309' title='bbox 1202 5352 1349 5414; x_wconf 79' lang='lat' dir='ltr'>oper.</span> <span class='ocrx_word' id='word_1_310' title='bbox 1368 5351 1423 5400; x_wconf 86' lang='lat' dir='ltr'>S.</span> <span class='ocrx_word' id='word_1_311' title='bbox 1442 5351 1622 5400; x_wconf 76' lang='lat' dir='ltr'>Bonan.</span> <span class='ocrx_word' id='word_1_312' title='bbox 1655 5351 1787 5401; x_wconf 80' lang='lat' dir='ltr'>deest</span> <span class='ocrx_word' id='word_1_313' title='bbox 1812 5352 2030 5403; x_wconf 83' lang='lat' dir='ltr'>invicem</span> <span class='ocrx_word' id='word_1_314' title='bbox 2053 5353 2178 5418; x_wconf 67' lang='lat' dir='ltr'>58ed</span> <span class='ocrx_word' id='word_1_315' title='bbox 2190 5358 2294 5405; x_wconf 78' lang='lat' dir='ltr'>vid.</span> 
     </span>
     <span class='ocr_line' id='line_1_47' title="bbox 761 5421 1728 5487; baseline 0 -15"><span class='ocrx_word' id='word_1_316' title='bbox 761 5422 905 5487; x_wconf 82' lang='lat' dir='ltr'>oper.</span> <span class='ocrx_word' id='word_1_317' title='bbox 926 5423 980 5474; x_wconf 85' lang='grc'>8.</span> <span class='ocrx_word' id='word_1_318' title='bbox 998 5423 1232 5486; x_wconf 64' lang='lat' dir='ltr'>Auyust„</span> <span class='ocrx_word' id='word_1_319' title='bbox 1258 5421 1380 5473; x_wconf 84' lang='lat' dir='ltr'>edit.</span> <span class='ocrx_word' id='word_1_320' title='bbox 1410 5422 1728 5475; x_wconf 86' lang='lat' dir='ltr'>Benedictin.</span> 
     </span>
    </p>
   </div>
   <div class='ocr_carea' id='block_1_4' title="bbox 1814 437 2776 508">
    <p class='ocr_par' dir='ltr' id='par_1_5' title="bbox 1814 437 2776 508">
     <span class='ocr_line' id='line_1_48' title="bbox 1814 437 2776 508; baseline -0.003 0"><span class='ocrx_word' id='word_1_321' title='bbox 1814 437 2437 508; x_wconf 74' lang='lat' dir='ltr'>SENTEN&#39;rlARUM</span> <span class='ocrx_word' id='word_1_322' title='bbox 2476 439 2624 504; x_wconf 86' lang='lat' dir='ltr'>LIB.</span> <span class='ocrx_word' id='word_1_323' title='bbox 2668 439 2776 505; x_wconf 85' lang='lat'>111.</span> 
     </span>
    </p>
   </div>
   <div class='ocr_carea' id='block_1_5' title="bbox 2382 578 3944 4618">
    <p class='ocr_par' dir='ltr' id='par_1_6' title="bbox 2382 578 3923 1606">
     <span class='ocr_line' id='line_1_49' title="bbox 2382 578 3918 663; baseline 0.003 -25"><span class='ocrx_word' id='word_1_324' title='bbox 2382 593 2811 659; x_wconf 82' lang='lat' dir='ltr'>rumcumque</span> <span class='ocrx_word' id='word_1_325' title='bbox 2855 578 3274 660; x_wconf 87' lang='lat' dir='ltr'>objectorum,</span> <span class='ocrx_word' id='word_1_326' title='bbox 3320 582 3432 646; x_wconf 89' lang='lat' dir='ltr'>sed</span> <span class='ocrx_word' id='word_1_327' title='bbox 3474 584 3777 663; x_wconf 66' lang='lat' dir='ltr'>respectu</span> <span class='ocrx_word' id='word_1_328' title='bbox 3818 597 3918 643; x_wconf 89' lang='lat' dir='ltr'>eo-</span> 
     </span>
     <span class='ocr_line' id='line_1_50' title="bbox 2383 684 3915 770; baseline 0.002 -24"><span class='ocrx_word' id='word_1_329' title='bbox 2383 701 2554 759; x_wconf 87' lang='lat' dir='ltr'>rum,</span> <span class='ocrx_word' id='word_1_330' title='bbox 2584 701 2733 766; x_wconf 78' lang='lat' dir='ltr'>quae</span> <span class='ocrx_word' id='word_1_331' title='bbox 2762 684 2995 748; x_wconf 88' lang='lat' dir='ltr'>habent</span> <span class='ocrx_word' id='word_1_332' title='bbox 3019 705 3384 770; x_wconf 86' lang='lat' dir='ltr'>expressam</span> <span class='ocrx_word' id='word_1_333' title='bbox 3410 688 3915 759; x_wconf 77' lang='lat' dir='ltr'>similitudinem,</span> 
     </span>
     <span class='ocr_line' id='line_1_51' title="bbox 2383 790 3921 877; baseline 0.002 -24"><span class='ocrx_word' id='word_1_334' title='bbox 2383 792 2448 853; x_wconf 86' lang='lat' dir='ltr'>et</span> <span class='ocrx_word' id='word_1_335' title='bbox 2470 790 2708 872; x_wconf 87' lang='lat' dir='ltr'>quibus</span> <span class='ocrx_word' id='word_1_336' title='bbox 2736 791 2876 854; x_wconf 86' lang='lat' dir='ltr'>vult</span> <span class='ocrx_word' id='word_1_337' title='bbox 2902 790 3067 856; x_wconf 88' lang='lat' dir='ltr'>Deus</span> <span class='ocrx_word' id='word_1_338' title='bbox 3093 793 3242 858; x_wconf 86' lang='lat' dir='ltr'>dare</span> <span class='ocrx_word' id='word_1_339' title='bbox 3264 796 3573 877; x_wconf 88' lang='lat' dir='ltr'>seipsum.</span> <span class='ocrx_word' id='word_1_340' title='bbox 3601 793 3768 858; x_wconf 86' lang='lat' dir='ltr'>Nam</span> <span class='ocrx_word' id='word_1_341' title='bbox 3791 793 3921 856; x_wconf 84' lang='lat' dir='ltr'>cha-</span> 
     </span>
     <span class='ocr_line' id='line_1_52' title="bbox 2384 897 3920 982; baseline 0.001 -22"><span class='ocrx_word' id='word_1_342' title='bbox 2384 897 2541 960; x_wconf 83' lang='lat' dir='ltr'>ritas</span> <span class='ocrx_word' id='word_1_343' title='bbox 2567 898 2891 977; x_wconf 88' lang='lat' dir='ltr'>omnibus‚</span> <span class='ocrx_word' id='word_1_344' title='bbox 2926 918 3073 982; x_wconf 83' lang='lat' dir='ltr'>quae</span> <span class='ocrx_word' id='word_1_345' title='bbox 3102 919 3183 965; x_wconf 88' lang='lat' dir='ltr'>ex</span> <span class='ocrx_word' id='word_1_346' title='bbox 3211 901 3519 965; x_wconf 87' lang='lat' dir='ltr'>charitate</span> <span class='ocrx_word' id='word_1_347' title='bbox 3546 902 3783 981; x_wconf 88' lang='lat' dir='ltr'>diligit,</span> <span class='ocrx_word' id='word_1_348' title='bbox 3812 918 3920 981; x_wconf 91' lang='lat' dir='ltr'>op—</span> 
     </span>
     <span class='ocr_line' id='line_1_53' title="bbox 2385 1003 3920 1091; baseline 0.001 -24"><span class='ocrx_word' id='word_1_349' title='bbox 2385 1010 2477 1068; x_wconf 90' lang='lat' dir='ltr'>tat</span> <span class='ocrx_word' id='word_1_350' title='bbox 2505 1003 2728 1069; x_wconf 89' lang='lat' dir='ltr'>Deum.</span> <span class='ocrx_word' id='word_1_351' title='bbox 2775 1006 2852 1070; x_wconf 86' lang='lat' dir='ltr'>Et</span> <span class='ocrx_word' id='word_1_352' title='bbox 2877 1007 3000 1071; x_wconf 92' lang='lat' dir='ltr'>hoc</span> <span class='ocrx_word' id='word_1_353' title='bbox 3037 1013 3133 1073; x_wconf 82' lang='lat' dir='ltr'>est</span> <span class='ocrx_word' id='word_1_354' title='bbox 3166 1008 3338 1091; x_wconf 87' lang='lat' dir='ltr'>quod</span> <span class='ocrx_word' id='word_1_355' title='bbox 3366 1007 3517 1071; x_wconf 91' lang='lat' dir='ltr'>dicit</span> <span class='ocrx_word' id='word_1_356' title='bbox 3544 1007 3772 1071; x_wconf 87' lang='lat' dir='ltr'>heatus</span> <span class='ocrx_word' id='word_1_357' title='bbox 3796 1007 3920 1072; x_wconf 84' lang='lat' dir='ltr'>An-</span> 
     </span>
     <span class='ocr_line' id='line_1_54' title="bbox 2388 1114 3919 1198; baseline 0.001 -21"><span class='ocrx_word' id='word_1_358' title='bbox 2388 1114 2691 1193; x_wconf 88' lang='lat' dir='ltr'>gustinus</span> <span class='ocrx_word' id='word_1_359' title='bbox 2728 1115 2746 1150; x_wconf 84' lang='lat'>¹</span> <span class='ocrx_word' id='word_1_360' title='bbox 2762 1164 2784 1194; x_wconf 89' lang='lat'>,</span> <span class='ocrx_word' id='word_1_361' title='bbox 2835 1120 2899 1179; x_wconf 88' lang='lat' dir='ltr'>et</span> <span class='ocrx_word' id='word_1_362' title='bbox 2942 1116 3215 1182; x_wconf 86' lang='lat' dir='ltr'>habetur</span> <span class='ocrx_word' id='word_1_363' title='bbox 3256 1117 3658 1182; x_wconf 88' lang='lat' dir='ltr'>distinctione</span> <span class='ocrx_word' id='word_1_364' title='bbox 3704 1134 3919 1198; x_wconf 66' lang='lat' dir='ltr'>praece</span> 
     </span>
     <span class='ocr_line' id='line_1_55' title="bbox 2386 1221 3919 1305; baseline 0.001 -21"><span class='ocrx_word' id='word_1_365' title='bbox 2386 1221 2558 1284; x_wconf 90' lang='lat' dir='ltr'>denti</span> <span class='ocrx_word' id='word_1_366' title='bbox 2607 1244 2623 1286; x_wconf 76' lang='lat' dir='ltr'>z</span> <span class='ocrx_word' id='word_1_367' title='bbox 2677 1245 2708 1281; x_wconf 79' lang='grc'>11</span> <span class='ocrx_word' id='word_1_368' title='bbox 2749 1222 2854 1287; x_wconf 92' lang='lat' dir='ltr'>Sic</span> <span class='ocrx_word' id='word_1_369' title='bbox 2897 1242 3016 1288; x_wconf 90' lang='lat' dir='ltr'>nos</span> <span class='ocrx_word' id='word_1_370' title='bbox 3063 1224 3339 1290; x_wconf 83' lang='lat' dir='ltr'>invicem</span> <span class='ocrx_word' id='word_1_371' title='bbox 3387 1225 3773 1305; x_wconf 76' lang='lat' dir='ltr'>diligamnS‚</span> <span class='ocrx_word' id='word_1_372' title='bbox 3820 1230 3919 1302; x_wconf 87' lang='lat' dir='ltr'>ut,</span> 
     </span>
     <span class='ocr_line' id='line_1_56' title="bbox 2386 1332 3923 1414; baseline 0.001 -22"><span class='ocrx_word' id='word_1_373' title='bbox 2386 1333 2699 1412; x_wconf 81' lang='lat' dir='ltr'>qnantum</span> <span class='ocrx_word' id='word_1_374' title='bbox 2738 1348 3078 1412; x_wconf 88' lang='lat' dir='ltr'>possumus</span> <span class='ocrx_word' id='word_1_375' title='bbox 3098 1381 3116 1410; x_wconf 85' lang='lat'>,</span> <span class='ocrx_word' id='word_1_376' title='bbox 3144 1332 3422 1396; x_wconf 83' lang='lat' dir='ltr'>invicem</span> <span class='ocrx_word' id='word_1_377' title='bbox 3457 1333 3536 1414; x_wconf 84' lang='lat' dir='ltr'>(a)</span> <span class='ocrx_word' id='word_1_378' title='bbox 3571 1332 3654 1396; x_wconf 85' lang='lat' dir='ltr'>ad</span> <span class='ocrx_word' id='word_1_379' title='bbox 3698 1332 3923 1396; x_wconf 87' lang='lat' dir='ltr'>haben·</span> 
     </span>
     <span class='ocr_line' id='line_1_57' title="bbox 2387 1435 3923 1517; baseline 0.002 -19"><span class='ocrx_word' id='word_1_380' title='bbox 2387 1435 2544 1500; x_wconf 91' lang='lat' dir='ltr'>dum</span> <span class='ocrx_word' id='word_1_381' title='bbox 2572 1436 2640 1499; x_wconf 93' lang='lat' dir='ltr'>in</span> <span class='ocrx_word' id='word_1_382' title='bbox 2685 1437 2868 1501; x_wconf 88' lang='lat' dir='ltr'>nobis</span> <span class='ocrx_word' id='word_1_383' title='bbox 2910 1438 3132 1517; x_wconf 89' lang='lat' dir='ltr'>Deum,</span> <span class='ocrx_word' id='word_1_384' title='bbox 3160 1458 3242 1503; x_wconf 86' lang='lat' dir='ltr'>ex</span> <span class='ocrx_word' id='word_1_385' title='bbox 3270 1439 3607 1502; x_wconf 88' lang='lat' dir='ltr'>dilectione</span> <span class='ocrx_word' id='word_1_386' title='bbox 3648 1439 3923 1501; x_wconf 86' lang='lat' dir='ltr'>attraha-</span> 
     </span>
     <span class='ocr_line' id='line_1_58' title="bbox 2390 1560 2617 1606; baseline -0.018 -1"><span class='ocrx_word' id='word_1_387' title='bbox 2390 1560 2556 1606; x_wconf 76' lang='lat' dir='ltr'>mus.</span> <span class='ocrx_word' id='word_1_388' title='bbox 2586 1565 2617 1601; x_wconf 77' lang='lat' dir='ltr'>n</span> 
     </span>
    </p>

    <p class='ocr_par' dir='ltr' id='par_1_7' title="bbox 2388 1650 3936 3447">
     <span class='ocr_line' id='line_1_59' title="bbox 2468 1650 3925 1734; baseline 0.002 -22"><span class='ocrx_word' id='word_1_389' title='bbox 2468 1654 2528 1713; x_wconf 70' lang='lat'>2.</span> <span class='ocrx_word' id='word_1_390' title='bbox 2561 1650 2658 1714; x_wconf 83' lang='lat' dir='ltr'>Ad</span> <span class='ocrx_word' id='word_1_391' title='bbox 2686 1650 2842 1715; x_wconf 92' lang='lat' dir='ltr'>illud</span> <span class='ocrx_word' id='word_1_392' title='bbox 2869 1651 3039 1733; x_wconf 88' lang='lat' dir='ltr'>quod</span> <span class='ocrx_word' id='word_1_393' title='bbox 3066 1652 3389 1734; x_wconf 87' lang='lat' dir='ltr'>objicitur,</span> <span class='ocrx_word' id='word_1_394' title='bbox 3423 1652 3599 1733; x_wconf 86' lang='lat' dir='ltr'>qnod</span> <span class='ocrx_word' id='word_1_395' title='bbox 3627 1658 3925 1716; x_wconf 83' lang='lat' dir='ltr'>creaturae</span> 
     </span>
     <span class='ocr_line' id='line_1_60' title="bbox 2389 1757 3925 1840; baseline 0.001 -20"><span class='ocrx_word' id='word_1_396' title='bbox 2389 1757 2726 1822; x_wconf 88' lang='lat' dir='ltr'>rationales</span> <span class='ocrx_word' id='word_1_397' title='bbox 2767 1758 3125 1840; x_wconf 90' lang='lat' dir='ltr'>diliguntur</span> <span class='ocrx_word' id='word_1_398' title='bbox 3185 1776 3267 1822; x_wconf 87' lang='lat' dir='ltr'>ex</span> <span class='ocrx_word' id='word_1_399' title='bbox 3322 1758 3631 1822; x_wconf 79' lang='lat' dir='ltr'>charitate</span> <span class='ocrx_word' id='word_1_400' title='bbox 3680 1763 3925 1840; x_wconf 83' lang='lat' dir='ltr'>propter</span> 
     </span>
     <span class='ocr_line' id='line_1_61' title="bbox 2389 1865 3925 1947; baseline 0.001 -19"><span class='ocrx_word' id='word_1_401' title='bbox 2389 1865 2908 1929; x_wconf 83' lang='lat' dir='ltr'>assimilationem</span> <span class='ocrx_word' id='word_1_402' title='bbox 2952 1866 3032 1930; x_wconf 89' lang='lat' dir='ltr'>ad</span> <span class='ocrx_word' id='word_1_403' title='bbox 3077 1866 3309 1942; x_wconf 91' lang='lat' dir='ltr'>Deum,</span> <span class='ocrx_word' id='word_1_404' title='bbox 3371 1865 3717 1929; x_wconf 87' lang='lat' dir='ltr'>dicendum</span> <span class='ocrx_word' id='word_1_405' title='bbox 3770 1865 3925 1947; x_wconf 89' lang='lat' dir='ltr'>qnod</span> 
     </span>
     <span class='ocr_line' id='line_1_62' title="bbox 2388 1971 3927 2055; baseline 0 -22"><span class='ocrx_word' id='word_1_406' title='bbox 2388 1989 2518 2034; x_wconf 90' lang='grc'>000</span> <span class='ocrx_word' id='word_1_407' title='bbox 2558 1990 2983 2055; x_wconf 76' lang='lat' dir='ltr'>quaecumque</span> <span class='ocrx_word' id='word_1_408' title='bbox 3030 1972 3396 2036; x_wconf 88' lang='lat' dir='ltr'>assimilatio</span> <span class='ocrx_word' id='word_1_409' title='bbox 3424 1971 3506 2036; x_wconf 87' lang='lat' dir='ltr'>ad</span> <span class='ocrx_word' id='word_1_410' title='bbox 3536 1972 3745 2036; x_wconf 88' lang='lat' dir='ltr'>Deum</span> <span class='ocrx_word' id='word_1_411' title='bbox 3796 1972 3927 2035; x_wconf 78' lang='lat' dir='ltr'>facit</span> 
     </span>
     <span class='ocr_line' id='line_1_63' title="bbox 2392 2078 3925 2162; baseline 0.002 -21"><span class='ocrx_word' id='word_1_412' title='bbox 2392 2078 2630 2160; x_wconf 86' lang='lat' dir='ltr'>aliquid</span> <span class='ocrx_word' id='word_1_413' title='bbox 2657 2098 2734 2143; x_wconf 85' lang='lat' dir='ltr'>ex</span> <span class='ocrx_word' id='word_1_414' title='bbox 2779 2079 3084 2144; x_wconf 89' lang='lat' dir='ltr'>charitate</span> <span class='ocrx_word' id='word_1_415' title='bbox 3124 2079 3467 2161; x_wconf 85' lang='lat' dir='ltr'>diligibile,</span> <span class='ocrx_word' id='word_1_416' title='bbox 3498 2081 3615 2144; x_wconf 85' lang='lat' dir='ltr'>sed</span> <span class='ocrx_word' id='word_1_417' title='bbox 3642 2080 3753 2144; x_wconf 88' lang='lat' dir='ltr'>illa</span> <span class='ocrx_word' id='word_1_418' title='bbox 3792 2097 3925 2162; x_wconf 74' lang='lat' dir='ltr'>quae</span> 
     </span>
     <span class='ocr_line' id='line_1_64' title="bbox 2392 2184 3925 2268; baseline 0.002 -22"><span class='ocrx_word' id='word_1_419' title='bbox 2392 2184 2538 2248; x_wconf 84' lang='lat' dir='ltr'>facit</span> <span class='ocrx_word' id='word_1_420' title='bbox 2585 2185 2694 2249; x_wconf 92' lang='lat' dir='ltr'>Dei</span> <span class='ocrx_word' id='word_1_421' title='bbox 2749 2204 3044 2268; x_wconf 87' lang='lat' dir='ltr'>capacem</span> <span class='ocrx_word' id='word_1_422' title='bbox 3092 2208 3107 2248; x_wconf 79' lang='lat' dir='ltr'><strong><em>z</em></strong></span> <span class='ocrx_word' id='word_1_423' title='bbox 3155 2191 3219 2250; x_wconf 91' lang='lat' dir='ltr'>et</span> <span class='ocrx_word' id='word_1_424' title='bbox 3260 2187 3401 2250; x_wconf 82' lang='lat' dir='ltr'>haec</span> <span class='ocrx_word' id='word_1_425' title='bbox 3449 2190 3546 2250; x_wconf 84' lang='lat' dir='ltr'>est</span> <span class='ocrx_word' id='word_1_426' title='bbox 3593 2187 3925 2251; x_wconf 83' lang='lat' dir='ltr'>similitudo</span> 
     </span>
     <span class='ocr_line' id='line_1_65' title="bbox 2391 2290 3922 2375; baseline 0.003 -21"><span class='ocrx_word' id='word_1_427' title='bbox 2391 2290 2715 2374; x_wconf 89' lang='lat' dir='ltr'>imaginis.</span> <span class='ocrx_word' id='word_1_428' title='bbox 2748 2293 2983 2356; x_wconf 86' lang='lat' dir='ltr'>Anima</span> <span class='ocrx_word' id='word_1_429' title='bbox 3020 2292 3193 2356; x_wconf 89' lang='lat' dir='ltr'>enim</span> <span class='ocrx_word' id='word_1_430' title='bbox 3237 2292 3378 2357; x_wconf 91' lang='lat' dir='ltr'>ideo</span> <span class='ocrx_word' id='word_1_431' title='bbox 3417 2296 3516 2357; x_wconf 85' lang='lat' dir='ltr'>est</span> <span class='ocrx_word' id='word_1_432' title='bbox 3557 2294 3786 2375; x_wconf 87' lang='lat' dir='ltr'>imago</span> <span class='ocrx_word' id='word_1_433' title='bbox 3814 2293 3922 2372; x_wconf 86' lang='lat' dir='ltr'>Dei,</span> 
     </span>
     <span class='ocr_line' id='line_1_66' title="bbox 2394 2399 3922 2482; baseline 0 -21"><span class='ocrx_word' id='word_1_434' title='bbox 2394 2399 2548 2479; x_wconf 90' lang='lat' dir='ltr'>quia</span> <span class='ocrx_word' id='word_1_435' title='bbox 2576 2401 2717 2480; x_wconf 87' lang='lat' dir='ltr'>ejus</span> <span class='ocrx_word' id='word_1_436' title='bbox 2753 2418 2976 2482; x_wconf 82' lang='lat' dir='ltr'>capax,</span> <span class='ocrx_word' id='word_1_437' title='bbox 3021 2405 3082 2462; x_wconf 89' lang='lat' dir='ltr'>et</span> <span class='ocrx_word' id='word_1_438' title='bbox 3130 2400 3443 2482; x_wconf 79' lang='lat' dir='ltr'>particeps</span> <span class='ocrx_word' id='word_1_439' title='bbox 3481 2419 3622 2464; x_wconf 85' lang='lat' dir='ltr'>esse</span> <span class='ocrx_word' id='word_1_440' title='bbox 3670 2401 3922 2482; x_wconf 66' lang='lat' dir='ltr'>potest&#39;.</span> 
     </span>
     <span class='ocr_line' id='line_1_67' title="bbox 2395 2503 3927 2589; baseline 0.001 -21"><span class='ocrx_word' id='word_1_441' title='bbox 2395 2503 2676 2568; x_wconf 80' lang='lat' dir='ltr'>Charitas</span> <span class='ocrx_word' id='word_1_442' title='bbox 2702 2506 2874 2569; x_wconf 87' lang='lat' dir='ltr'>enim</span> <span class='ocrx_word' id='word_1_443' title='bbox 2904 2509 3079 2589; x_wconf 86' lang='lat' dir='ltr'>optat</span> <span class='ocrx_word' id='word_1_444' title='bbox 3119 2506 3276 2570; x_wconf 90' lang='lat' dir='ltr'>illud</span> <span class='ocrx_word' id='word_1_445' title='bbox 3320 2525 3660 2571; x_wconf 87' lang='lat' dir='ltr'>summum</span> <span class='ocrx_word' id='word_1_446' title='bbox 3705 2508 3927 2570; x_wconf 87' lang='lat' dir='ltr'>honum</span> 
     </span>
     <span class='ocr_line' id='line_1_68' title="bbox 2393 2611 3929 2696; baseline 0.001 -22"><span class='ocrx_word' id='word_1_447' title='bbox 2393 2611 2617 2676; x_wconf 89' lang='lat' dir='ltr'>haberi</span> <span class='ocrx_word' id='word_1_448' title='bbox 2648 2612 2731 2675; x_wconf 87' lang='lat' dir='ltr'>ab</span> <span class='ocrx_word' id='word_1_449' title='bbox 2773 2630 2871 2691; x_wconf 88' lang='lat' dir='ltr'>eo,</span> <span class='ocrx_word' id='word_1_450' title='bbox 2911 2631 3108 2695; x_wconf 87' lang='lat' dir='ltr'>quem</span> <span class='ocrx_word' id='word_1_451' title='bbox 3151 2613 3360 2696; x_wconf 89' lang='lat' dir='ltr'>diligit</span> <span class='ocrx_word' id='word_1_452' title='bbox 3393 2635 3407 2678; x_wconf 88' lang='lat'><strong>:</strong></span> <span class='ocrx_word' id='word_1_453' title='bbox 3439 2614 3523 2677; x_wconf 91' lang='lat' dir='ltr'>ad</span> <span class='ocrx_word' id='word_1_454' title='bbox 3566 2614 3731 2678; x_wconf 90' lang='lat' dir='ltr'>illud</span> <span class='ocrx_word' id='word_1_455' title='bbox 3775 2614 3929 2678; x_wconf 87' lang='lat' dir='ltr'>enim</span> 
     </span>
     <span class='ocr_line' id='line_1_69' title="bbox 2394 2719 3929 2804; baseline 0.003 -24"><span class='ocrx_word' id='word_1_456' title='bbox 2394 2719 2653 2782; x_wconf 89' lang='lat' dir='ltr'>inclinat</span> <span class='ocrx_word' id='word_1_457' title='bbox 2678 2724 2984 2802; x_wconf 86' lang='lat' dir='ltr'>tanquam</span> <span class='ocrx_word' id='word_1_458' title='bbox 3015 2720 3093 2784; x_wconf 92' lang='lat' dir='ltr'>ad</span> <span class='ocrx_word' id='word_1_459' title='bbox 3131 2739 3324 2785; x_wconf 82' lang='lat' dir='ltr'>snum</span> <span class='ocrx_word' id='word_1_460' title='bbox 3354 2721 3710 2804; x_wconf 85' lang='lat' dir='ltr'>principale</span> <span class='ocrx_word' id='word_1_461' title='bbox 3737 2722 3929 2803; x_wconf 84' lang='lat' dir='ltr'>objec-</span> 
     </span>
     <span class='ocr_line' id='line_1_70' title="bbox 2394 2825 3932 2908; baseline 0 -19"><span class='ocrx_word' id='word_1_462' title='bbox 2394 2829 2556 2890; x_wconf 88' lang='lat' dir='ltr'>tum.</span> <span class='ocrx_word' id='word_1_463' title='bbox 2618 2825 2695 2888; x_wconf 88' lang='lat' dir='ltr'>Et</span> <span class='ocrx_word' id='word_1_464' title='bbox 2740 2826 3048 2908; x_wconf 89' lang='lat' dir='ltr'>quoniam</span> <span class='ocrx_word' id='word_1_465' title='bbox 3097 2826 3443 2891; x_wconf 89' lang='lat' dir='ltr'>similitudo</span> <span class='ocrx_word' id='word_1_466' title='bbox 3499 2828 3775 2907; x_wconf 87' lang='lat' dir='ltr'>vestigii</span> <span class='ocrx_word' id='word_1_467' title='bbox 3822 2846 3932 2890; x_wconf 88' lang='lat' dir='ltr'>non</span> 
     </span>
     <span class='ocr_line' id='line_1_71' title="bbox 2397 2934 3933 3016; baseline 0 -20"><span class='ocrx_word' id='word_1_468' title='bbox 2397 2934 2546 2997; x_wconf 82' lang='lat' dir='ltr'>facit</span> <span class='ocrx_word' id='word_1_469' title='bbox 2574 2938 2931 2998; x_wconf 88' lang='lat' dir='ltr'>creaturam</span> <span class='ocrx_word' id='word_1_470' title='bbox 2952 2934 3155 3016; x_wconf 87' lang='lat' dir='ltr'>ipsius</span> <span class='ocrx_word' id='word_1_471' title='bbox 3177 2952 3313 2997; x_wconf 89' lang='lat' dir='ltr'>esse</span> <span class='ocrx_word' id='word_1_472' title='bbox 3332 2951 3634 3014; x_wconf 85' lang='lat' dir='ltr'>capacem</span> <span class='ocrx_word' id='word_1_473' title='bbox 3663 2953 3782 3015; x_wconf 87' lang='lat' dir='ltr'>per</span> <span class='ocrx_word' id='word_1_474' title='bbox 3807 2951 3933 3012; x_wconf 85' lang='lat' dir='ltr'>cog-</span> 
     </span>
     <span class='ocr_line' id='line_1_72' title="bbox 2396 3042 3932 3123; baseline -0.001 -18"><span class='ocrx_word' id='word_1_475' title='bbox 2396 3042 2705 3106; x_wconf 85' lang='lat' dir='ltr'>nitionem</span> <span class='ocrx_word' id='word_1_476' title='bbox 2748 3045 2812 3106; x_wconf 88' lang='lat' dir='ltr'>et</span> <span class='ocrx_word' id='word_1_477' title='bbox 2836 3060 3159 3119; x_wconf 89' lang='lat' dir='ltr'>amorem;</span> <span class='ocrx_word' id='word_1_478' title='bbox 3198 3042 3348 3105; x_wconf 90' lang='lat' dir='ltr'>hinc</span> <span class='ocrx_word' id='word_1_479' title='bbox 3372 3042 3669 3123; x_wconf 86' lang='lat' dir='ltr'>estquod</span> <span class='ocrx_word' id='word_1_480' title='bbox 3698 3060 3833 3106; x_wconf 91' lang='lat' dir='ltr'>non</span> <span class='ocrx_word' id='word_1_481' title='bbox 3856 3060 3932 3104; x_wconf 86' lang='lat' dir='ltr'>se-</span> 
     </span>
     <span class='ocr_line' id='line_1_73' title="bbox 2398 3148 3935 3234; baseline -0.001 -21"><span class='ocrx_word' id='word_1_482' title='bbox 2398 3152 2649 3234; x_wconf 90' lang='lat' dir='ltr'>quitur,</span> <span class='ocrx_word' id='word_1_483' title='bbox 2672 3150 2843 3232; x_wconf 85' lang='lat' dir='ltr'>quod</span> <span class='ocrx_word' id='word_1_484' title='bbox 2864 3151 2919 3213; x_wconf 92' lang='lat' dir='ltr'>si</span> <span class='ocrx_word' id='word_1_485' title='bbox 2938 3151 3006 3213; x_wconf 90' lang='lat' dir='ltr'>in</span> <span class='ocrx_word' id='word_1_486' title='bbox 3024 3149 3331 3214; x_wconf 86' lang='lat' dir='ltr'>creaturis</span> <span class='ocrx_word' id='word_1_487' title='bbox 3351 3148 3836 3213; x_wconf 87' lang='lat' dir='ltr'>irrationalibus</span> <span class='ocrx_word' id='word_1_488' title='bbox 3854 3166 3935 3211; x_wconf 88' lang='lat' dir='ltr'>re·</span> 
     </span>
     <span class='ocr_line' id='line_1_74' title="bbox 2397 3256 3936 3341; baseline -0.002 -19"><span class='ocrx_word' id='word_1_489' title='bbox 2397 3258 2907 3341; x_wconf 87' lang='lat' dir='ltr'>periaturaliqua</span> <span class='ocrx_word' id='word_1_490' title='bbox 2918 3257 3171 3337; x_wconf 75' lang='lat' dir='ltr'>voetigii</span> <span class='ocrx_word' id='word_1_491' title='bbox 3189 3257 3560 3332; x_wconf 89' lang='lat' dir='ltr'>similitudo,</span> <span class='ocrx_word' id='word_1_492' title='bbox 3578 3256 3757 3338; x_wconf 69' lang='lat' dir='ltr'>quod</span> <span class='ocrx_word' id='word_1_493' title='bbox 3774 3273 3936 3338; x_wconf 88' lang='lat' dir='ltr'>prop-</span> 
     </span>
     <span class='ocr_line' id='line_1_75' title="bbox 2399 3363 3931 3447; baseline -0.005 -16"><span class='ocrx_word' id='word_1_494' title='bbox 2399 3372 2495 3431; x_wconf 89' lang='lat' dir='ltr'>ter</span> <span class='ocrx_word' id='word_1_495' title='bbox 2512 3368 2635 3431; x_wconf 93' lang='lat' dir='ltr'>hoc</span> <span class='ocrx_word' id='word_1_496' title='bbox 2653 3366 3033 3431; x_wconf 85' lang='lat' dir='ltr'>extendatur</span> <span class='ocrx_word' id='word_1_497' title='bbox 3047 3365 3125 3429; x_wconf 92' lang='lat' dir='ltr'>ad</span> <span class='ocrx_word' id='word_1_498' title='bbox 3144 3365 3312 3447; x_wconf 89' lang='lat' dir='ltr'>ipsas</span> <span class='ocrx_word' id='word_1_499' title='bbox 3332 3363 3661 3428; x_wconf 88' lang='lat' dir='ltr'>charitatis</span> <span class='ocrx_word' id='word_1_500' title='bbox 3676 3363 3931 3427; x_wconf 85' lang='lat' dir='ltr'>dilectio.</span> 
     </span>
    </p>

    <p class='ocr_par' dir='ltr' id='par_1_8' title="bbox 2399 3470 3944 4618">
     <span class='ocr_line' id='line_1_76' title="bbox 2481 3470 3938 3555; baseline -0.005 -16"><span class='ocrx_word' id='word_1_501' title='bbox 2481 3480 2539 3539; x_wconf 89' lang='lat'>3.</span> <span class='ocrx_word' id='word_1_502' title='bbox 2571 3474 2668 3539; x_wconf 86' lang='lat' dir='ltr'>Ad</span> <span class='ocrx_word' id='word_1_503' title='bbox 2697 3473 2855 3537; x_wconf 87' lang='lat' dir='ltr'>illud</span> <span class='ocrx_word' id='word_1_504' title='bbox 2883 3472 3058 3555; x_wconf 89' lang='lat' dir='ltr'>quod</span> <span class='ocrx_word' id='word_1_505' title='bbox 3105 3472 3437 3553; x_wconf 85' lang='lat' dir='ltr'>objicitur,</span> <span class='ocrx_word' id='word_1_506' title='bbox 3466 3470 3643 3553; x_wconf 89' lang='lat' dir='ltr'>quod</span> <span class='ocrx_word' id='word_1_507' title='bbox 3679 3471 3836 3534; x_wconf 60' lang='lat' dir='ltr'>fides</span> <span class='ocrx_word' id='word_1_508' title='bbox 3859 3472 3938 3532; x_wconf 79' lang='lat' dir='ltr'>ita</span> 
     </span>
     <span class='ocr_line' id='line_1_77' title="bbox 2399 3577 3932 3654; baseline -0.004 -9"><span class='ocrx_word' id='word_1_509' title='bbox 2399 3581 2598 3645; x_wconf 91' lang='lat' dir='ltr'>credit</span> <span class='ocrx_word' id='word_1_510' title='bbox 2622 3579 2825 3644; x_wconf 89' lang='lat' dir='ltr'>Deum</span> <span class='ocrx_word' id='word_1_511' title='bbox 2855 3578 3215 3645; x_wconf 88' lang='lat' dir='ltr'>Creatorem</span> <span class='ocrx_word' id='word_1_512' title='bbox 3242 3577 3713 3642; x_wconf 88' lang='lat' dir='ltr'>irrationalium</span> <span class='ocrx_word' id='word_1_513' title='bbox 3729 3626 3745 3652; x_wconf 79' lang='grc'>,</span> <span class='ocrx_word' id='word_1_514' title='bbox 3777 3583 3932 3654; x_wconf 83' lang='grc'><strong>010.;</strong></span> 
     </span>
     <span class='ocr_line' id='line_1_78' title="bbox 2399 3683 3940 3768; baseline -0.005 -17"><span class='ocrx_word' id='word_1_515' title='bbox 2399 3687 2737 3751; x_wconf 82' lang='grc'><strong>(1100011001</strong></span> <span class='ocrx_word' id='word_1_516' title='bbox 2776 3686 2947 3768; x_wconf 90' lang='lat' dir='ltr'>quod</span> <span class='ocrx_word' id='word_1_517' title='bbox 3001 3702 3134 3748; x_wconf 92' lang='grc'>000</span> <span class='ocrx_word' id='word_1_518' title='bbox 3176 3689 3271 3748; x_wconf 89' lang='lat' dir='ltr'>est</span> <span class='ocrx_word' id='word_1_519' title='bbox 3317 3683 3524 3746; x_wconf 85' lang='lat' dir='ltr'>simile</span> <span class='ocrx_word' id='word_1_520' title='bbox 3567 3684 3651 3747; x_wconf 92' lang='lat' dir='ltr'>de</span> <span class='ocrx_word' id='word_1_521' title='bbox 3688 3683 3837 3757; x_wconf 83' lang='lat' dir='ltr'>fide,</span> <span class='ocrx_word' id='word_1_522' title='bbox 3882 3686 3940 3744; x_wconf 89' lang='lat' dir='ltr'>et</span> 
     </span>
     <span class='ocr_line' id='line_1_79' title="bbox 2399 3791 3941 3860; baseline -0.005 -1"><span class='ocrx_word' id='word_1_523' title='bbox 2399 3795 2724 3860; x_wconf 82' lang='lat' dir='ltr'>charitate.</span> <span class='ocrx_word' id='word_1_524' title='bbox 2771 3792 2931 3858; x_wconf 87' lang='lat' dir='ltr'>Nam</span> <span class='ocrx_word' id='word_1_525' title='bbox 2977 3792 3134 3857; x_wconf 83' lang='lat' dir='ltr'>fides</span> <span class='ocrx_word' id='word_1_526' title='bbox 3175 3809 3307 3855; x_wconf 93' lang='grc'>000</span> <span class='ocrx_word' id='word_1_527' title='bbox 3350 3795 3603 3854; x_wconf 89' lang='lat' dir='ltr'>tantum</span> <span class='ocrx_word' id='word_1_528' title='bbox 3647 3796 3745 3854; x_wconf 77' lang='lat' dir='ltr'>est</span> <span class='ocrx_word' id='word_1_529' title='bbox 3786 3791 3941 3853; x_wconf 82' lang='lat' dir='ltr'>circa</span> 
     </span>
     <span class='ocr_line' id='line_1_80' title="bbox 2400 3898 3940 3985; baseline -0.005 -19"><span class='ocrx_word' id='word_1_530' title='bbox 2400 3903 2610 3985; x_wconf 89' lang='lat' dir='ltr'>ipsum</span> <span class='ocrx_word' id='word_1_531' title='bbox 2637 3901 2839 3965; x_wconf 89' lang='lat' dir='ltr'>Deum</span> <span class='ocrx_word' id='word_1_532' title='bbox 2860 3901 2929 3963; x_wconf 92' lang='lat' dir='ltr'>in</span> <span class='ocrx_word' id='word_1_533' title='bbox 2955 3903 3270 3982; x_wconf 89' lang='lat' dir='ltr'>quantum</span> <span class='ocrx_word' id='word_1_534' title='bbox 3300 3902 3394 3962; x_wconf 88' lang='lat' dir='ltr'>est</span> <span class='ocrx_word' id='word_1_535' title='bbox 3418 3899 3591 3973; x_wconf 76' lang='lat' dir='ltr'>flniS‚</span> <span class='ocrx_word' id='word_1_536' title='bbox 3614 3898 3728 3961; x_wconf 87' lang='lat' dir='ltr'>sed</span> <span class='ocrx_word' id='word_1_537' title='bbox 3760 3898 3940 3961; x_wconf 85' lang='lat' dir='ltr'>etiam</span> 
     </span>
     <span class='ocr_line' id='line_1_81' title="bbox 2400 4003 3942 4094; baseline -0.005 -20"><span class='ocrx_word' id='word_1_538' title='bbox 2400 4012 2467 4074; x_wconf 94' lang='lat' dir='ltr'>in</span> <span class='ocrx_word' id='word_1_539' title='bbox 2494 4013 2810 4094; x_wconf 86' lang='lat' dir='ltr'>quantum</span> <span class='ocrx_word' id='word_1_540' title='bbox 2846 4011 2944 4072; x_wconf 90' lang='lat' dir='ltr'>est</span> <span class='ocrx_word' id='word_1_541' title='bbox 2986 4005 3371 4089; x_wconf 88' lang='lat' dir='ltr'>principium</span> <span class='ocrx_word' id='word_1_542' title='bbox 3413 4022 3658 4070; x_wconf 87' lang='lat' dir='ltr'>rerum.</span> <span class='ocrx_word' id='word_1_543' title='bbox 3690 4006 3773 4070; x_wconf 85' lang='lat' dir='ltr'>Et</span> <span class='ocrx_word' id='word_1_544' title='bbox 3799 4003 3942 4088; x_wconf 85' lang='lat' dir='ltr'>quia</span> 
     </span>
     <span class='ocr_line' id='line_1_82' title="bbox 2401 4113 3941 4199; baseline -0.005 -16"><span class='ocrx_word' id='word_1_545' title='bbox 2401 4117 2565 4183; x_wconf 87' lang='lat' dir='ltr'>Deus</span> <span class='ocrx_word' id='word_1_546' title='bbox 2605 4121 2700 4181; x_wconf 88' lang='lat' dir='ltr'>est</span> <span class='ocrx_word' id='word_1_547' title='bbox 2727 4115 3111 4199; x_wconf 89' lang='lat' dir='ltr'>principium</span> <span class='ocrx_word' id='word_1_548' title='bbox 3139 4113 3620 4191; x_wconf 84' lang='lat' dir='ltr'>immediatum,</span> <span class='ocrx_word' id='word_1_549' title='bbox 3651 4117 3788 4176; x_wconf 89' lang='lat' dir='ltr'>tam</span> <span class='ocrx_word' id='word_1_550' title='bbox 3820 4130 3941 4176; x_wconf 81' lang='lat' dir='ltr'>res·</span> 
     </span>
     <span class='ocr_line' id='line_1_83' title="bbox 2401 4220 3940 4309; baseline -0.005 -18"><span class='ocrx_word' id='word_1_551' title='bbox 2401 4230 2583 4309; x_wconf 90' lang='lat' dir='ltr'>pectu</span> <span class='ocrx_word' id='word_1_552' title='bbox 2611 4223 3096 4300; x_wconf 77' lang='lat' dir='ltr'>irrationalium,</span> <span class='ocrx_word' id='word_1_553' title='bbox 3119 4240 3317 4303; x_wconf 85' lang='lat' dir='ltr'>quam</span> <span class='ocrx_word' id='word_1_554' title='bbox 3342 4220 3784 4300; x_wconf 88' lang='lat' dir='ltr'>rationalium,</span> <span class='ocrx_word' id='word_1_555' title='bbox 3813 4220 3940 4283; x_wconf 88' lang='lat' dir='ltr'>ideo</span> 
     </span>
     <span class='ocr_line' id='line_1_84' title="bbox 2400 4327 3944 4415; baseline -0.006 -18"><span class='ocrx_word' id='word_1_556' title='bbox 2400 4337 2672 4415; x_wconf 89' lang='lat' dir='ltr'>utroque</span> <span class='ocrx_word' id='word_1_557' title='bbox 2719 4333 3010 4411; x_wconf 87' lang='lat' dir='ltr'>respectu</span> <span class='ocrx_word' id='word_1_558' title='bbox 3064 4328 3221 4393; x_wconf 85' lang='lat' dir='ltr'>fides</span> <span class='ocrx_word' id='word_1_559' title='bbox 3265 4328 3335 4392; x_wconf 93' lang='lat' dir='ltr'>in</span> <span class='ocrx_word' id='word_1_560' title='bbox 3375 4328 3574 4392; x_wconf 88' lang='lat' dir='ltr'>Deum</span> <span class='ocrx_word' id='word_1_561' title='bbox 3622 4328 3846 4402; x_wconf 87' lang='lat' dir='ltr'>credit,</span> <span class='ocrx_word' id='word_1_562' title='bbox 3886 4327 3944 4389; x_wconf 92' lang='lat' dir='ltr'>et</span> 
     </span>
     <span class='ocr_line' id='line_1_85' title="bbox 2401 4433 3941 4524; baseline -0.005 -21"><span class='ocrx_word' id='word_1_563' title='bbox 2401 4441 2611 4524; x_wconf 88' lang='lat' dir='ltr'>ipsum</span> <span class='ocrx_word' id='word_1_564' title='bbox 2638 4437 3121 4519; x_wconf 87' lang='lat' dir='ltr'>contemplatur.</span> <span class='ocrx_word' id='word_1_565' title='bbox 3161 4434 3445 4499; x_wconf 87' lang='lat' dir='ltr'>Charitas</span> <span class='ocrx_word' id='word_1_566' title='bbox 3484 4440 3704 4499; x_wconf 90' lang='lat' dir='ltr'>autem</span> <span class='ocrx_word' id='word_1_567' title='bbox 3750 4433 3941 4516; x_wconf 86' lang='lat' dir='ltr'>respi-</span> 
     </span>
     <span class='ocr_line' id='line_1_86' title="bbox 2401 4540 3940 4618; baseline -0.005 -7"><span class='ocrx_word' id='word_1_568' title='bbox 2401 4547 2486 4612; x_wconf 93' lang='lat' dir='ltr'>cit</span> <span class='ocrx_word' id='word_1_569' title='bbox 2526 4547 2725 4611; x_wconf 89' lang='lat' dir='ltr'>Deum</span> <span class='ocrx_word' id='word_1_570' title='bbox 2766 4544 2886 4609; x_wconf 90' lang='lat' dir='ltr'>sub</span> <span class='ocrx_word' id='word_1_571' title='bbox 2935 4543 3179 4607; x_wconf 89' lang='lat' dir='ltr'>ratione</span> <span class='ocrx_word' id='word_1_572' title='bbox 3220 4540 3391 4618; x_wconf 83' lang='lat' dir='ltr'>finis,</span> <span class='ocrx_word' id='word_1_573' title='bbox 3440 4543 3504 4605; x_wconf 89' lang='lat' dir='ltr'>et</span> <span class='ocrx_word' id='word_1_574' title='bbox 3534 4541 3656 4604; x_wconf 87' lang='lat' dir='ltr'>suh</span> <span class='ocrx_word' id='word_1_575' title='bbox 3702 4542 3940 4605; x_wconf 88' lang='lat' dir='ltr'>ratione</span> 
     </span>
    </p>
   </div>
   <div class='ocr_carea' id='block_1_6' title="bbox 2400 4648 3939 4822">
    <p class='ocr_par' dir='ltr' id='par_1_9' title="bbox 2400 4648 3939 4822">
     <span class='ocr_line' id='line_1_87' title="bbox 2400 4648 3939 4735; baseline -0.005 -16"><span class='ocrx_word' id='word_1_576' title='bbox 2400 4654 2575 4719; x_wconf 91' lang='lat' dir='ltr'>boni.</span> <span class='ocrx_word' id='word_1_577' title='bbox 2605 4653 2683 4719; x_wconf 88' lang='lat' dir='ltr'>Et</span> <span class='ocrx_word' id='word_1_578' title='bbox 2707 4652 2859 4735; x_wconf 89' lang='lat' dir='ltr'>quia</span> <span class='ocrx_word' id='word_1_579' title='bbox 2885 4654 3194 4715; x_wconf 80' lang='lat' dir='ltr'>creaturae</span> <span class='ocrx_word' id='word_1_580' title='bbox 3235 4648 3573 4725; x_wconf 84' lang='lat' dir='ltr'>rationales</span> <span class='ocrx_word' id='word_1_581' title='bbox 3605 4654 3669 4712; x_wconf 90' lang='lat' dir='ltr'>et</span> <span class='ocrx_word' id='word_1_582' title='bbox 3695 4648 3939 4712; x_wconf 88' lang='lat' dir='ltr'>irratio-</span> 
     </span>
     <span class='ocr_line' id='line_1_88' title="bbox 2402 4750 3939 4822; baseline -0.006 0"><span class='ocrx_word' id='word_1_583' title='bbox 2402 4756 2576 4822; x_wconf 85' lang='lat' dir='ltr'>nales</span> <span class='ocrx_word' id='word_1_584' title='bbox 2619 4774 2751 4820; x_wconf 90' lang='lat' dir='ltr'>non</span> <span class='ocrx_word' id='word_1_585' title='bbox 2795 4753 3018 4819; x_wconf 90' lang='lat' dir='ltr'>eodem</span> <span class='ocrx_word' id='word_1_586' title='bbox 3064 4751 3252 4816; x_wconf 91' lang='lat' dir='ltr'>modo</span> <span class='ocrx_word' id='word_1_587' title='bbox 3296 4750 3536 4815; x_wconf 88' lang='lat' dir='ltr'>habent</span> <span class='ocrx_word' id='word_1_588' title='bbox 3575 4751 3839 4816; x_wconf 87' lang='lat' dir='ltr'>tendere</span> <span class='ocrx_word' id='word_1_589' title='bbox 3878 4751 3939 4813; x_wconf 90' lang='lat' dir='ltr'>in</span> 
     </span>
    </p>
   </div>
   <div class='ocr_carea' id='block_1_7' title="bbox 2401 4843 3939 5255">
    <p class='ocr_par' dir='ltr' id='par_1_10' title="bbox 2401 4843 3939 5255">
     <span class='ocr_line' id='line_1_89' title="bbox 2402 4843 3937 4948; baseline -0.004 -20"><span class='ocrx_word' id='word_1_590' title='bbox 2402 4865 2613 4948; x_wconf 90' lang='lat' dir='ltr'>ipsum</span> <span class='ocrx_word' id='word_1_591' title='bbox 2650 4878 2981 4927; x_wconf 89' lang='lat' dir='ltr'>summum</span> <span class='ocrx_word' id='word_1_592' title='bbox 3017 4859 3237 4936; x_wconf 80' lang='lat' dir='ltr'>tinem,</span> <span class='ocrx_word' id='word_1_593' title='bbox 3265 4858 3417 4940; x_wconf 87' lang='lat' dir='ltr'>quia</span> <span class='ocrx_word' id='word_1_594' title='bbox 3450 4843 3794 4922; x_wconf 71' lang='lat' dir='ltr'>&#39;rationales</span> <span class='ocrx_word' id='word_1_595' title='bbox 3818 4859 3937 4922; x_wconf 87' lang='lat' dir='ltr'>im-</span> 
     </span>
     <span class='ocr_line' id='line_1_90' title="bbox 2404 4951 3939 5053; baseline -0.007 -12"><span class='ocrx_word' id='word_1_596' title='bbox 2404 4951 2709 5053; x_wconf 67' lang='lat' dir='ltr'>mediate,</span> <span class='ocrx_word' id='word_1_597' title='bbox 2726 4970 3121 5037; x_wconf 88' lang='lat' dir='ltr'>irrationales</span> <span class='ocrx_word' id='word_1_598' title='bbox 3151 4987 3305 5033; x_wconf 89' lang='lat' dir='ltr'>vero</span> <span class='ocrx_word' id='word_1_599' title='bbox 3333 4968 3642 5046; x_wconf 88' lang='lat' dir='ltr'>mediate;</span> <span class='ocrx_word' id='word_1_600' title='bbox 3676 4968 3830 5031; x_wconf 88' lang='grc'><strong>11100</strong></span> <span class='ocrx_word' id='word_1_601' title='bbox 3855 4971 3939 5031; x_wconf 71' lang='lat' dir='ltr'>est</span> 
     </span>
     <span class='ocr_line' id='line_1_91' title="bbox 2401 5074 3939 5167; baseline -0.008 -18"><span class='ocrx_word' id='word_1_602' title='bbox 2401 5082 2574 5167; x_wconf 85' lang='lat' dir='ltr'>quod</span> <span class='ocrx_word' id='word_1_603' title='bbox 2610 5099 2738 5147; x_wconf 91' lang='lat' dir='ltr'>non</span> <span class='ocrx_word' id='word_1_604' title='bbox 2784 5077 3092 5162; x_wconf 87' lang='lat' dir='ltr'>sequitur,</span> <span class='ocrx_word' id='word_1_605' title='bbox 3134 5075 3307 5159; x_wconf 89' lang='lat' dir='ltr'>quod</span> <span class='ocrx_word' id='word_1_606' title='bbox 3333 5074 3578 5140; x_wconf 89' lang='lat' dir='ltr'>dilectio</span> <span class='ocrx_word' id='word_1_607' title='bbox 3619 5075 3939 5139; x_wconf 81' lang='lat' dir='ltr'>charitatis</span> 
     </span>
     <span class='ocr_line' id='line_1_92' title="bbox 2402 5182 3804 5255; baseline -0.006 0"><span class='ocrx_word' id='word_1_608' title='bbox 2402 5190 2482 5255; x_wconf 89' lang='lat' dir='ltr'>ad</span> <span class='ocrx_word' id='word_1_609' title='bbox 2509 5191 2624 5254; x_wconf 90' lang='lat' dir='ltr'>has</span> <span class='ocrx_word' id='word_1_610' title='bbox 2650 5193 2713 5253; x_wconf 91' lang='grc'>01</span> <span class='ocrx_word' id='word_1_611' title='bbox 2738 5188 2818 5252; x_wconf 87' lang='lat' dir='ltr'>ad</span> <span class='ocrx_word' id='word_1_612' title='bbox 2845 5186 2985 5251; x_wconf 91' lang='lat' dir='ltr'>illas</span> <span class='ocrx_word' id='word_1_613' title='bbox 3019 5203 3086 5249; x_wconf 89' lang='lat' dir='ltr'>se</span> <span class='ocrx_word' id='word_1_614' title='bbox 3111 5184 3344 5250; x_wconf 74' lang='grc'><strong>1111110111</strong></span> <span class='ocrx_word' id='word_1_615' title='bbox 3369 5182 3804 5248; x_wconf 78' lang='lat' dir='ltr'>uniformiter.</span> 
     </span>
    </p>
   </div>
   <div class='ocr_carea' id='block_1_8' title="bbox 2404 5346 3928 5487">
    <p class='ocr_par' dir='ltr' id='par_1_11' title="bbox 2404 5346 3928 5487">
     <span class='ocr_line' id='line_1_93' title="bbox 2470 5346 3928 5418; baseline -0.01 -12"><span class='ocrx_word' id='word_1_616' title='bbox 2470 5357 2482 5386; x_wconf 89' lang='lat'><strong>¹</strong></span> <span class='ocrx_word' id='word_1_617' title='bbox 2509 5356 2657 5418; x_wconf 64' lang='lat' dir='ltr'>Aug„</span> <span class='ocrx_word' id='word_1_618' title='bbox 2687 5353 2738 5403; x_wconf 78' lang='lat' dir='ltr'>in</span> <span class='ocrx_word' id='word_1_619' title='bbox 2757 5352 2922 5413; x_wconf 63' lang='lat' dir='ltr'>loun„</span> <span class='ocrx_word' id='word_1_620' title='bbox 2945 5353 3088 5399; x_wconf 86' lang='lat' dir='ltr'>tract.</span> <span class='ocrx_word' id='word_1_621' title='bbox 3114 5358 3233 5410; x_wconf 68' lang='lat' dir='ltr'>nxV,</span> <span class='ocrx_word' id='word_1_622' title='bbox 3262 5361 3315 5398; x_wconf 89' lang='lat' dir='ltr'>n.</span> <span class='ocrx_word' id='word_1_623' title='bbox 3347 5351 3376 5398; x_wconf 81' lang='lat'><strong>2</strong></span> <span class='ocrx_word' id='word_1_624' title='bbox 3415 5375 3477 5385; x_wconf 95' lang='lat'>—</span> <span class='ocrx_word' id='word_1_625' title='bbox 3495 5349 3518 5381; x_wconf 82' lang='lat'><strong>¹</strong></span> <span class='ocrx_word' id='word_1_626' title='bbox 3537 5347 3632 5414; x_wconf 87' lang='lat' dir='ltr'>ld.,</span> <span class='ocrx_word' id='word_1_627' title='bbox 3653 5346 3714 5396; x_wconf 79' lang='lat' dir='ltr'>de</span> <span class='ocrx_word' id='word_1_628' title='bbox 3739 5347 3928 5402; x_wconf 68' lang='lat' dir='ltr'>Tm&#39;na&#39;t„</span> 
     </span>
     <span class='ocr_line' id='line_1_94' title="bbox 2404 5425 3015 5487; baseline -0.01 -8"><span class='ocrx_word' id='word_1_629' title='bbox 2404 5428 2491 5479; x_wconf 85' lang='lat' dir='ltr'>lib.</span> <span class='ocrx_word' id='word_1_630' title='bbox 2523 5426 2653 5487; x_wconf 74' lang='lat' dir='ltr'>xlv,</span> <span class='ocrx_word' id='word_1_631' title='bbox 2679 5440 2727 5477; x_wconf 89' lang='lat' dir='ltr'>c.</span> <span class='ocrx_word' id='word_1_632' title='bbox 2752 5435 2865 5483; x_wconf 85' lang='lat' dir='ltr'>vm,</span> <span class='ocrx_word' id='word_1_633' title='bbox 2890 5436 2944 5473; x_wconf 89' lang='grc'>0.</span> <span class='ocrx_word' id='word_1_634' title='bbox 2970 5425 3015 5473; x_wconf 75' lang='lat' dir='ltr'>t.</span> 
     </span>
    </p>
   </div>
  </div>
 </body>
</html>
