4185 6288
657 532 775 593 310

1820 513 2445 583 SENTENTIARUM
2482 513 2632 581 121ss.
2674 511 2782 578 111.

656 663 814 727 dum
841 661 1051 744 ipsum
1076 650 1362 721 Verbum
1388 659 1737 735 aeternum,
1780 655 1849 718 in
1889 656 2205 737 quantum
2317 651 2527 716 cialeS.
2556 649 2734 714 Unde
2756 647 3082 731 limpidius
3108 646 3434 727 cognoscit
3458 645 3729 727 angelus
3748 692 3768 723 ,
3799 648 3873 707 et.

656 769 877 834 lumen
926 768 1333 849 comparatur
1374 764 1455 828 ad
1505 764 1718 847 ipsum
1763 761 2043 827 Verbum
2087 759 2208 823 sub
2318 760 2511 824 etiam
2557 759 2774 821 anima
2818 754 3083 833 Christi,
3134 771 3238 817 res
3278 754 3348 816 in
3390 752 3619 832 Verbo,
3666 770 3878 835 quam

660 877 903 941 ratione
941 873 1107 937 lucis
1150 894 1166 933 ι
1219 872 1389 936 idem
1435 871 1627 935 etiam
1670 869 1961 933 habilitat
2002 868 2210 950 ipsam
2286 870 2659 948 -eogn0scat
2689 866 2757 928 in
2784 883 2852 929 se
2880 862 2982 930 vel
3009 863 3080 926 in
3105 861 3363 946 proprio
3392 879 3647 944 genere.

660 979 942 1041 animam
976 974 1055 1038 ad
1098 972 1612 1054 cognoscendum
1655 971 1779 1035 alia
1814 990 1854 1034 a
1890 968 2099 1033 Verbo
2144 969 2212 1031 in

665 1086 801 1166 ipso
835 1084 1062 1161 Verb0,
1111 1082 1180 1145 in
1225 1084 1546 1164 quantum
1573 1083 1978 1162 comparatur
2005 1076 2085 1140 ad
2114 1076 2209 1158 ip·

666 1211 810 1254 sum
838 1190 1152 1266 Verbum,
1185 1193 1261 1252 ut
1287 1193 1383 1251 est
1423 1187 1750 1269 exemplar
1787 1186 2061 1250 aliorum
2104 1203 2122 1246 ε
2153 1186 2215 1246 et

669 1299 824 1381 quia
867 1297 1150 1362 Verbum
1196 1299 1287 1360 est
1334 1296 1662 1378 exemplar
1705 1293 2067 1360 voluntarie
2114 1309 2218 1354 re—

676 1409 1087 1490 praesentanS,
1100 1404 1242 1469 ideo
1253 1405 1475 1468 lumen
1495 1403 1651 1467 illud
1673 1421 1801 1466 non
1815 1405 2219 1484 comparatur

673 1515 795 1578 nisi
840 1513 920 1578 ad
959 1513 1090 1590 illa,
1131 1531 1280 1594 quae
1320 1513 1530 1594 ipsum
1564 1511 1861 1575 divinum
1893 1508 2222 1592 exemplar

673 1624 1090 1703 repraesentat
1135 1620 1493 1685 voluntarie
1522 1642 1537 1683 ε
1574 1619 1727 1682 hinc
1766 1621 1860 1681 est
1896 1617 2067 1700 quod
2108 1636 2223 1700 per

677 1728 832 1791 illud
880 1728 1133 1805 lumen,
1184 1728 1300 1790 etsi
1348 1731 1688 1807 cognoscat
1730 1724 2043 1805 Verbum,
2094 1743 2226 1789 non

677 1839 923 1917 oportet
948 1833 1120 1916 quod
1159 1837 1502 1914 cognoscat
1529 1833 1746 1897 omnia
1772 1834 1896 1896 alia
1921 1853 1961 1897 a
1985 1833 2223 1911 Verb0,

678 1961 955 2025 quorum
999 1944 1214 2025 ipsum
1241 1940 1523 2005 Verbum
1550 1946 1645 2006 est
1682 1942 2029 2025 exemplar.
2071 1940 2148 2005 Et
2175 1943 2229 2004 si

680 2050 971 2132 objicias,
1005 2051 1179 2131 quod
1217 2049 1514 2130 quamvis
1558 2050 1625 2112 in
1653 2050 1781 2114 Deo
1811 2049 1981 2114 idem
2019 2050 2102 2112 sit
2125 2066 2228 2112 sa-

587 2207 599 2219 .
683 2158 917 2239 pientia
942 2161 1005 2221 et
1032 2157 1307 2236 bonitaS,
1341 2160 1558 2220 tamen
1599 2158 1805 2233 aliud,
1835 2163 1898 2220 et
1936 2157 2112 2220 aliud
2139 2161 2233 2220 est

683 2267 751 2328 in
778 2283 914 2341 me,
966 2284 1079 2348 per
1121 2263 1292 2346 quod
1331 2282 1458 2345 ego
1486 2265 1846 2329 conformor
1876 2263 2111 2327 divinae
2140 2282 2236 2327 sa-

687 2372 942 2454 pientiae
973 2376 1035 2436 et
1060 2372 1326 2435 bonitati
1359 2391 1376 2450 ;
1409 2390 1567 2453 ergo
1611 2372 1749 2453 pari
1789 2371 2034 2435 ratione
2061 2370 2235 2435 aliud

688 2479 829 2554 erit,
874 2497 988 2561 per
1031 2479 1203 2561 quod
1243 2480 1677 2543 conformatur
1721 2477 2078 2542 intellectus
2114 2478 2237 2559 ipsi

691 2587 896 2650 Verbo
946 2588 1297 2651 secundum
1356 2586 1528 2669 quod
1578 2588 1732 2665 luX,
1780 2590 1843 2650 et
1886 2586 2238 2649 secundum

692 2694 865 2776 quod
892 2693 1255 2775 exemplar:
1290 2694 1631 2758 dicendum
1660 2693 1834 2775 quod
1861 2712 1991 2756 non
2018 2698 2114 2755 est
2152 2696 2242 2755 si-

697 2803 874 2879 mile,
907 2801 1214 2884 quoniam
1257 2801 1418 2864 ratio
1455 2800 1738 2865 veritatis
1765 2804 1829 2863 et
1854 2797 2245 2882 exemplari-'-

699 2914 839 2976 tatis
875 2913 943 2977 in
985 2913 1208 2977 eodem
1255 2916 1350 2976 est
1390 2912 1693 2976 differens
1732 2912 1865 2976 sola
1911 2930 2246 2994 compara-

699 3018 887 3082 tione.
933 3017 1151 3100 Ipsum
1180 3020 1354 3082 enim
1382 3019 1712 3100 exemplar
1749 3038 1880 3082 non
1918 3024 2013 3083 est
2039 3018 2243 3097 aliud,

699 3143 897 3207 quam
941 3125 1177 3189 veritas
1214 3130 1453 3190 aeterna
1471 3174 1488 3203 ,
1539 3129 1611 3189 ut
1644 3129 1740 3190 est
1779 3125 1941 3191 ratio
1982 3142 2249 3207 cognos-

702 3231 884 3295 cendi
918 3231 1062 3295 alia.

783 3344 843 3404 5.
875 3339 973 3403 Ad
987 3339 1323 3421 illudquod
1337 3339 1565 3403 ultimo
1581 3338 1878 3421 oincitur
1903 3338 1981 3402 de
2004 3357 2249 3403 memo-

705 3450 824 3527 ria,
839 3465 987 3532 quae
1003 3452 1312 3523 remanet,
1335 3450 1481 3526 etc.,
1513 3446 1851 3510 dicendum
1870 3448 2039 3530 quod
2065 3447 2121 3509 si
2138 3446 2258 3509 ali-

707 3556 850 3638 quis
878 3554 1233 3617 intellectus
1265 3553 1440 3618 videt
1468 3553 1682 3634 aliqua
1710 3553 1778 3616 in
1808 3550 2014 3616 Verbo
2045 3553 2259 3634 cogni-

706 3664 876 3729 tione
902 3663 1150 3744 gloriae,
1189 3666 1253 3725 et
1279 3662 1521 3725 desinat
1547 3661 1765 3725 videre
1786 3660 2092 3737 Verbum,
2128 3678 2259 3724 non

707 3770 1101 3855 memoratur
1148 3765 1225 3830 de
1275 3764 1642 3846 cognitione
1686 3763 1941 3827 illarum
1996 3782 2216 3827 rerum
2238 3812 2257 3841 ,

710 3875 833 3937 nisi
871 3878 1155 3952 eatenuS,
1185 3876 1500 3953 quatenus
1522 3874 1913 3935 memoratur
1939 3871 2016 3935 de
2039 3871 2262 3953 cogni-

711 3981 883 4045 tione
911 3979 1121 4058 Verbi,
1154 3979 1276 4042 nisi
1310 3978 1466 4042 alias
1495 3977 1794 4041 habuerit
1829 3977 1906 4060 (a)
1942 3978 2260 4059 cognitio-

711 4107 861 4152 nem
933 4088 1191 4152 illarum
1241 4104 1462 4149 rerum
1512 4086 1884 4167 impressam
1910 4133 1928 4165 ,
1975 4085 2079 4149 vel
2138 4084 2261 4148 nisi

713 4194 879 4259 Deus
922 4194 980 4257 ei
1024 4193 1442 4275 dispensative
1484 4192 1899 4274 imprimeret,
1948 4196 2102 4256 tunc
2140 4191 2264 4256 hoc

714 4321 846 4368 non
895 4308 1057 4369 esset
1101 4309 1561 4387 opportunum.
1613 4303 1732 4368 Sed
1751 4352 1771 4381 ,
1820 4304 1984 4367 sicut
2022 4303 2264 4367 dictum

718 4421 840 4497 est,
872 4416 953 4479 ad
987 4416 1107 4480 hoc
1145 4416 1318 4498 quod
1362 4416 1592 4498 aliquis
1622 4415 1973 4481 intellectus
2017 4418 2267 4477 creatus

720 4527 1058 4605 cognoscat
1099 4541 1202 4587 res
1234 4522 1301 4586 in
1329 4521 1558 4602 Verb0,
1604 4523 1740 4586 sive
1773 4521 2091 4597 Christus,
2127 4519 2266 4583 sive

720 4631 883 4696 alius
899 4680 917 4711 ,
970 4631 1202 4694 sufficit
1267 4631 1440 4713 quod
1508 4630 1735 4695 habeat
1778 4628 2266 4694 deiformitatem

724 4739 969 4823 gloriae,
1009 4758 1124 4822 per
1154 4757 1351 4821 quam
1377 4739 1456 4803 sit
1478 4738 1704 4803 similis
1730 4739 1851 4821 ipsi
1877 4738 2121 4815 Verbo;
2149 4754 2268 4802 nec

723 4851 971 4931 oportet
995 4846 1054 4910 ei
1098 4845 1234 4910 dari
1272 4865 1489 4911 rerum
1530 4846 1972 4938 similitudines
1998 4849 2112 4908 aut
2143 4843 2268 4906 ha-

723 4959 894 5023 bitus
939 4957 1348 5042 particulares
1362 5007 1379 5038 ,
1429 4959 1582 5041 quia
1618 4959 1829 5039 magis
1867 4957 1987 5020 sibi
2033 4955 2269 5020 sufficit

726 5070 861 5151 ipsa
899 5087 1154 5137 summa
1193 5069 1426 5134 veritas
1470 5070 1548 5133 ad
1584 5068 2100 5152 cognoscendum
2127 5084 2267 5130 om-

727 5176 867 5256 nia,
899 5195 1094 5259 quam
1122 5194 1344 5241 omnes
1375 5196 1594 5242 rerum
1634 5176 2084 5241 similitudines
2123 5192 2267 5257 spe-

793 5353 810 5386 ¹
835 5352 914 5415 Cl.
940 5354 992 5403 S.
1016 5352 1217 5416 Thom„
1244 5367 1297 5416 p.
1323 5353 1408 5412 111,
1430 5368 1479 5416 q.
1511 5364 1561 5415 X,
1581 5356 1676 5403 art.
1699 5354 1758 5417 33
1785 5357 1835 5403 et
1865 5353 1929 5401 111
1960 5354 2117 5414 Seni„
2148 5349 2263 5402 dist.

731 5435 841 5485 ΧΠ,
867 5436 918 5487 q.
953 5435 1013 5487 11,
1041 5428 1138 5473 art.
1166 5427 1184 5472 1
1208 5458 1220 5485 ‚
1253 5438 1305 5487 q.
1336 5435 1390 5485 13
1418 5422 1726 5488 aichardus,
1761 5426 1824 5474 lll
1847 5424 2005 5486 Seni„
2035 5424 2263 5485 distant,

791 5517 859 5583 (a)
888 5517 1012 5568 σωκ.
1039 5516 1163 5569 edit.
1188 5515 1382 5567 habuit.

2876 1092 3235 1171 QUAESTIO
3277 1094 3357 1159 ΙΙ.

2327 1267 2419 1320 An
2441 1265 2628 1319 anima
2655 1261 2857 1319 Christi
2901 1265 3028 1318 actu
3060 1264 3338 1332 coquoscat
3361 1262 3425 1316 in
3451 1258 3626 1318 Verbo
3655 1260 3881 1326 omnia,

2756 1369 2873 1423 quoe
2898 1352 3092 1407 habitu
3123 1352 3391 1422 cognoscit
3416 1353 3455 1403 ¹.

2413 1511 2642 1576 Utrum
2667 1511 2884 1575 anima
2924 1510 3158 1575 Christi
3197 1513 3536 1591 cognoscat
3563 1510 3632 1571 in
3670 1507 3889 1572 Verbo
3927 1516 4018 1561 Ad
4058 1527 4185 1572 ‹³1³1›¹

2334 1625 2479 1684 actu
2528 1620 2748 1684 omnia
2768 1668 2787 1698 ,
2836 1636 2986 1701 quae
3033 1618 3356 1700 cognoscit
3392 1618 3463 1680 in
3503 1616 3763 1695 babitu3
3819 1619 3895 1679 et

2335 1729 2508 1812 quod
2552 1729 2678 1806 sic,
2724 1727 3016 1802 videtur,
3065 1725 3253 1808 quia,
3305 1724 3659 1789 secundum
3714 1722 3892 1806 quod

2336 1836 2479 1900 vult
2507 1834 2911 1916 Augustinus
2944 1833 3016 1895 in
3050 1833 3217 1896 libro
3245 1831 3351 1896 XV
3380 1833 3465 1897 De
3501 1832 3892 1910 militate-⁸,

2343 1965 2373 2004 ι
2419 1943 2493 2006 In
2539 1943 2738 2006 beatis
2783 1959 2917 2005 non
2961 1947 3151 2005 erunt
3197 1940 3508 2005 volubiles
3555 1939 3905 2020 cogitatio—

2340 2069 2477 2115 nes,
2525 2073 2556 2109 ι)
2592 2049 2658 2121 Si
2701 2068 2858 2130 ergo
2905 2050 3121 2112 anima
3157 2048 3387 2112 Christi
3423 2049 3588 2111 inter
3634 2051 3906 2111 caeteras

2342 2158 2593 2222 animas
2622 2158 2838 2221 beatas
2867 2157 3230 2219 beatissima
3257 2161 3381 2232 est,
3411 2173 3541 2219 non
3572 2172 3729 2236 ergo
3772 2154 3909 2216 ha-

2345 2266 2452 2330 bet
2493 2265 2907 2348 cogitationes
2955 2264 3313 2328 volubiles:
3351 2281 3509 2343 ergo
3552 2263 3607 2325 si
3656 2262 3905 2343 aliquid

2346 2373 2542 2438 semel
2582 2374 2653 2436 in
2696 2377 2843 2436 actu
2877 2372 3148 2454 cogitat,
3185 2371 3287 2435 vel
3334 2370 3687 2451 cognoscit,
3726 2386 3911 2432 sem-

2346 2497 2462 2562 per
2486 2479 2645 2543 illud
2677 2479 2951 2559 cogitat,
2983 2479 3086 2542 vel
3118 2479 3441 2559 cognoscit
3477 2500 3493 2541 z
3525 2495 3681 2557 ergo
3708 2475 3909 2557 quid-

2349 2587 2505 2670 quid
2533 2586 2771 2668 cogitat
2792 2586 2861 2648 in
2888 2585 3135 2662 habitu,
3171 2583 3497 2667 cognoscit
3524 2584 3591 2646 in
3620 2586 3785 2645 actu.

2431 2700 2490 2757 2.
2526 2693 2684 2757 Item
2712 2693 2919 2774 gloria
2949 2697 3043 2756 est
3071 2691 3328 2755 habitus
3354 2692 3421 2753 in
3449 2694 3595 2754 actu
3614 2738 3631 2766 ,
3663 2691 3917 2772 impos-

2353 2803 2533 2867 sibile
2577 2803 2751 2867 enim
2805 2807 2899 2865 est
2942 2801 3273 2865 hominem
3321 2818 3456 2864 esse
3499 2799 3757 2863 beatum
3776 2846 3795 2877 ‚
3841 2803 3921 2861 et

2355 2910 2701 2991 aliquando
2750 2927 2993 2973 cessare
3030 2908 3112 2971 ab
3152 2911 3298 2971 actu
3336 2907 3601 2970 visionis
3644 2906 3915 2970 divinae.

2356 3016 2423 3081 Si
2446 3035 2604 3098 ergo
2635 3018 2940 3098 cognitio,
2964 3034 3100 3098 qua
3126 3015 3451 3097 cognoscit
3479 3014 3695 3077 anima
3725 3011 3922 3075 Chri-

2358 3126 2440 3189 sti
2467 3126 2663 3190 resin
2694 3125 2932 3203 Verb0,
2961 3128 3055 3189 est
3082 3123 3365 3205 cognitio
3395 3121 3693 3205 gloriosa,
3720 3120 3921 3185 vide-

2358 3237 2467 3297 tur
2494 3233 2667 3315 quod
2707 3233 2986 3313 cognitio
3030 3232 3139 3296 illa
3181 3244 3431 3313 semper
3471 3230 3699 3294 habeat
3734 3228 3925 3291 habi·

2360 3346 2505 3404 tum
2533 3342 2953 3422 conjunctum
2982 3339 3152 3402 actui
3181 3357 3197 3401 t
3229 3356 3390 3419 ergo
3413 3337 3723 3420 quidquid
3753 3352 3922 3416 cog-

2363 3447 2571 3511 noscit
2595 3447 2666 3510 in
2693 3445 2938 3525 habitu,
2970 3444 3298 3526 cognoscit
3324 3445 3390 3507 in
3421 3447 3588 3508 actu.

2446 3562 2503 3618 3.
2537 3554 2696 3618 Item
2732 3554 3067 3635 perfectior
3110 3558 3205 3616 est
3241 3552 3501 3616 habitus
3536 3554 3673 3634 conj
3684 3553 3931 3615 unctus

2366 3663 2571 3739 actui,
2604 3680 2802 3745 quam
2843 3666 3173 3743 separatus
3195 3707 3212 3737 ,
3263 3677 3379 3741 pro
3424 3678 3500 3723 eo
3527 3658 3697 3741 quod
3738 3661 3930 3723 actus

2367 3774 2460 3833 est
2520 3770 3061 3851 complementum
3123 3768 3380 3831 habitus
3446 3787 3464 3829 ε
3526 3767 3634 3830 sed
3700 3766 3931 3831 anima

2370 3880 2596 3946 Christi
2645 3879 2968 3961 cognoscit
3016 3897 3116 3942 res
3167 3879 3236 3940 in
3294 3874 3502 3941 Verbo
3553 3874 3930 3957 cognitione

2368 3987 2822 4071 perfectissima
2856 4009 2869 4050 :
2905 4004 3063 4067 ergo
3106 3984 3415 4067 quidquid
3462 3981 3787 4065 cognoscit
3822 3981 3929 4045 ibi

2370 4096 2438 4158 in
2467 4095 2726 4173 habitu,
2758 4093 3085 4174 cognoscit
3107 4094 3180 4156 in
3208 4096 3375 4155 actu.

2449 4207 2511 4266 4.
2559 4200 2718 4265 ltem
2782 4219 2917 4264 una
2973 4205 3038 4263 et
3080 4200 3301 4264 eadem
3331 4197 3741 4279 cognitione,
3786 4214 3929 4278 qua

2372 4311 2696 4393 cognoscit
2761 4310 2978 4373 anima
3040 4307 3269 4372 Christi
3336 4306 3553 4387 ipsum
3597 4304 3922 4382 Verbum,

2373 4419 2698 4500 cognoscit
2737 4418 2861 4481 alia
2903 4437 2943 4481 a
2979 4415 3185 4481 Verbo
3234 4438 3247 4477 :
3295 4414 3403 4477 sed
3452 4411 3611 4475 nihil
3652 4410 3730 4474 de
3776 4410 3929 4491 ipso

2372 4525 2578 4589 Verbo
2617 4524 2940 4607 cognoscit
2984 4524 3052 4586 in
3103 4521 3358 4600 habitu,
3390 4518 3563 4602 quod
3606 4535 3736 4580 non
3764 4533 3927 4596 cog-

2372 4637 2593 4697 noscat
2639 4633 2707 4695 in
2750 4636 2897 4696 actu
2943 4653 2958 4695 z
3016 4648 3173 4711 ergo
3223 4627 3383 4692 nihil
3425 4627 3503 4691 de
3550 4624 3692 4689 aliis
3729 4623 3930 4686 rebus

2374 4742 2697 4822 cognoscit
2725 4740 2791 4803 in
2817 4737 3072 4817 habitu,
3102 4734 3270 4818 quod
3309 4752 3442 4799 non
3471 4733 3810 4814 cognoscat
3848 4729 3931 4794 in

2373 4853 2543 4913 actu.

2456 4954 2578 5020 Sed
2637 4957 2856 5019 contra
2913 4971 2931 5015 z
2984 4951 3164 5017 Sicut
3225 4946 3647 5030 Philosophus
3700 4944 3880 5009 vult⁸
3900 4993 3925 5027 ,
3960 4963 4185 5019 rnna.

2383 5086 2413 5124 ε(
2440 5062 2690 5127 Scimus
2715 5060 2929 5144 plura,
2960 5061 3069 5124 sed
3103 5057 3523 5139 intelligimus
3559 5071 3765 5118 unum
3809 5070 3932 5116 so·-

2373 5170 2531 5235 lum.
2581 5191 2611 5230 u
2648 5169 2782 5235 Hoc
2824 5172 3038 5234 autem
3083 5167 3166 5231 ob
3213 5164 3387 5229 aliud
3436 5180 3567 5226 non
3616 5165 3748 5239 est,
3795 5160 3933 5225 nisi

2372 5371 2468 5418 art.
2486 5368 2542 5428 2,
2564 5380 2616 5429 q.
2637 5378 2706 5429 113
2726 5365 3012 5428 Stephanus
3034 5362 3244 5424 Bruler„
3267 5362 3333 5412 111
3349 5359 3508 5422 Seni„
3530 5359 3771 5415 dist.nv‚
3796 5371 3851 5422 q.
3870 5369 3931 5410 v.

2373 5439 2474 5479 -ἱ
2492 5440 2641 5501 Aug„
2664 5437 2724 5487 de
2755 5438 2957 5500 Trae‘uz't„
2980 5436 3071 5487 lib.
3102 5434 3210 5496 XV,
3235 5447 3278 5484 c.
3305 5443 3418 5495 XVI,
3438 5445 3491 5482 n.
3521 5434 3602 5481 26.
3620 5455 3681 5467 —
3703 5428 3725 5467 ⁸
3744 5427 3938 5493 Arist„

2376 5511 2513 5576 Tap„
2535 5508 2627 5560 lib.
2657 5510 2719 5569 ll,
2752 5522 2798 5557 c.
2819 5519 2891 5559 iv.
