4185 6288
1216 423 1407 489 DIST.
1454 421 1728 489 xxvm.
1773 421 1956 488 ΛΒΤ.
2003 422 2051 487 l.
2098 420 2403 500 QUAEST.
2447 423 2523 491 V.

256 557 775 639 incorruptione:
806 562 869 621 et
913 558 1056 623 ideo
1100 560 1396 642 quamvis
1437 577 1668 642 corpus
1715 559 1799 621 sit

257 663 666 745 corruptibile
705 669 1024 747 quantum
1063 667 1144 732 ad
1182 666 1376 749 lapsae
1411 673 1660 730 naturae
1697 666 1796 728 in—

133 803 138 809 ·
256 770 662 848 firmitatem,
697 790 829 836 non
857 774 1145 856 sequitur
1181 774 1355 855 quod
1397 792 1528 838 non
1556 774 1638 837 sit
1663 773 1801 837 dili-

90 3392 235 3437 idm.

259 877 461 957 gibile
487 895 570 940 ex
591 878 896 943 charitate
921 884 1238 962 quantum
1266 881 1346 944 ad
1367 880 1799 944 necessitatem

256 985 506 1047 naturae
529 1031 547 1062 ,
578 984 932 1049 secundum
964 1005 1158 1068 quam
1186 987 1554 1051 ordinatum
1592 991 1688 1050 est
1720 985 1800 1050 ad

258 1095 633 1173 perpetuam
660 1092 1227 1174 incorruptionem.

338 1205 399 1264 4.
421 1201 520 1265 Ad
539 1201 695 1266 illud
710 1203 882 1285 quod
909 1204 1229 1286 obiicitur,
1259 1204 1435 1287 quod
1465 1204 1626 1268 ratio
1646 1204 1803 1268 ima-

261 1309 470 1390 ginis,
527 1313 591 1371 et
642 1327 943 1392 expressa
1006 1310 1377 1375 assimilatio
1393 1360 1412 1389 ‚
1460 1328 1607 1393 quae
1656 1311 1803 1374 facit

259 1420 616 1480 creaturam
664 1417 1038 1481 rationalem
1085 1418 1267 1499 diligi
1312 1437 1396 1482 ex
1442 1419 1748 1482 charitate
1777 1467 1796 1497 ‚

259 1539 390 1586 non
415 1522 746 1587 invenitur
790 1524 860 1587 in
902 1543 1166 1608 corpore
1186 1574 1207 1604 ‚
1239 1526 1579 1590 dicendum
1626 1527 1802 1608 quod

260 1648 490 1693 verum
518 1634 616 1693 est
636 1648 751 1712 per
774 1649 843 1694 se
868 1632 1187 1714 loquendo
1204 1681 1219 1708 ‚
1251 1633 1423 1714 quod
1451 1633 1615 1697 ratio
1645 1633 1804 1696 ima-

261 1738 434 1818 ginis
460 1738 551 1801 sic
573 1738 754 1801 facit:
778 1738 923 1803 licet
941 1742 1156 1803 autem
1181 1758 1414 1822 corpus
1438 1740 1801 1802 humanum

259 1863 393 1907 non
414 1844 494 1907 sit
520 1845 598 1908 ad
629 1845 739 1909 Dei
783 1845 1137 1927 imaginem
1181 1864 1294 1928 per
1323 1865 1391 1910 se
1413 1894 1430 1922 ‚
1459 1850 1552 1910 est
1579 1850 1795 1910 tamen

260 1952 520 2016 unitum
548 1952 805 2032 animae,
834 1971 983 2035 quae
1015 1957 1109 2017 est
1145 1953 1225 2017 ad
1255 1953 1604 2034 imaginem
1645 1952 1754 2016 Dei
1782 1974 1799 2031 ;

260 2059 518 2122 unitum
533 2107 551 2138 ,
572 2059 860 2142 inquam,
883 2059 1125 2123 unitate
1151 2063 1400 2123 naturae
1428 2081 1441 2122 ε
1473 2064 1535 2122 et
1555 2060 1803 2123 ratione

260 2165 435 2228 illius
476 2170 575 2230 est
610 2165 1019 2230 beatitudinis
1058 2166 1632 2248 comparticipabile
1678 2188 1694 2230 z
1740 2171 1804 2230 et

260 2271 426 2335 sicut
469 2277 563 2336 est
603 2261 1010 2337 beatitudinis
1054 2271 1632 2354 comparticipabile
1652 2321 1673 2352 ‚
1719 2273 1805 2337 ita

259 2383 325 2442 et
352 2379 753 2460 diligendum
789 2398 871 2444 ex
895 2380 1201 2444 charitate
1219 2429 1236 2452 ‚
1273 2399 1348 2444 ea
1373 2379 1665 2444 videlicet
1714 2399 1808 2443 ra-

259 2486 465 2565 tione,
495 2505 623 2568 qua
659 2491 755 2551 est
780 2488 1015 2552 animae
1056 2488 1346 2552 rationali
1395 2488 1657 2552 unitum
1691 2511 1705 2551 ε
1738 2493 1800 2552 et

259 2593 384 2656 hoc
406 2598 499 2656 oet
528 2595 857 2676 proprium
887 2595 1167 2677 corporis
1205 2594 1473 2658 humani
1517 2599 1805 2677 respectu

258 2700 602 2782 qu‘uslibet
639 2701 901 2765 alterius
941 2702 1220 2785 corporis
1252 2722 1269 2766 t
1297 2708 1630 2785 propterea
1667 2721 1800 2767 non

258 2813 355 2872 est
382 2807 590 2872 simile
613 2809 690 2872 de
715 2807 857 2872 aliis
889 2808 1265 2891 corporibus
1305 2809 1801 2873 irrationalibus,

792 3026 1155 3104 QUAESTIO
1197 3027 1276 3094 V.

314 3197 409 3251 An
435 3194 578 3250 dona
604 3193 852 3265 yrattdta
888 3208 955 3249 ar
981 3192 1244 3249 charitate
1267 3192 1377 3248 sint
1405 3191 1682 3263 diliqenda
1714 3195 1752 3248 ¹.

342 3352 569 3417 Utrum
615 3371 697 3417 ex
755 3351 1062 3416 charitate
1100 3351 1227 3415 sint
1268 3349 1591 3432 diligenda
1638 3350 1807 3414 dona

261 3460 570 3541 gratuita;
617 3463 683 3523 et
728 3459 898 3541 quod
952 3458 1044 3521 sic
1062 3506 1082 3536 ,
1136 3458 1390 3522 videtur
1433 3456 1642 3541 primo
1693 3474 1808 3539 per

263 3567 702 3649 Augustinum
741 3566 810 3628 in
840 3565 1011 3631 ,libro
1051 3565 1130 3630 de
1168 3565 1489 3632 Trinitate
1516 3572 1539 3606 ²
1565 3584 1590 3626 .·
1632 3588 1662 3624 a
1688 3563 1808 3641 Qui

262 3674 475 3755 diligit
525 3673 896 3756 proximum
915 3720 936 3750 ‚
991 3672 1198 3754 ipsam
1241 3672 1561 3755 praecipue
1607 3671 1806 3736 dilec-

262 3782 505 3846 tionem
527 3781 748 3862 diligat
780 3802 795 3843 ε
832 3802 862 3837 n
898 3777 1069 3860 Ergo
1108 3779 1159 3842 si
1190 3779 1560 3861 proximum
1596 3779 1811 3859 diligit

263 3905 347 3952 ex
385 3887 692 3951 charitate
712 3935 733 3965 ‚
780 3885 1180 3949 dilectionem
1223 3885 1434 3967 diligit
1477 3903 1559 3948 ex
1611 3884 1813 3948 chari·

263 3998 391 4059 tate
418 4014 434 4057 ε
465 3995 574 4059 sed
600 3994 852 4059 dilectio
879 4011 1009 4075 qua
1036 3992 1247 4073 diligit
1290 3993 1685 4075 proximum,
1717 3995 1811 4055 est

265 4101 508 4166 donum
538 4100 897 4181 gratuitum
930 4117 948 4162 ε
978 4116 1136 4180 ergo
1159 4098 1328 4162 dona
1354 4097 1638 4179 gratuita
1663 4101 1814 4162 sunt

267 4228 350 4273 ex
375 4208 691 4272 charitate
722 4206 1073 4288 diligenda.

350 4316 508 4380 Item
536 4333 727 4379 omne
753 4314 921 4396 quod
952 4313 1200 4378 ordinat
1219 4311 1298 4375 ad
1326 4309 1811 4390 beatitudinem,

270 4426 334 4487 et
359 4423 439 4487 ad
466 4439 609 4486 eam
635 4420 956 4504 perducit,
986 4423 1082 4482 est
1114 4416 1514 4498 diligendum
1550 4434 1631 4480 ex
1658 4417 1811 4482 cha-

272 4530 457 4593 ritate
489 4545 507 4589 :
538 4528 646 4591 sed
673 4527 842 4591 dona
886 4525 1171 4607 gratuita
1200 4527 1349 4589 sunt
1393 4524 1504 4604 huj
1513 4524 1761 4587 usmodi
1795 4544 1811 4589 ε

273 4655 435 4718 ergo
476 4636 728 4701 videtur
789 4633 962 4718 quod
1012 4651 1095 4696 ex
1138 4631 1441 4696 charitate
1494 4630 1817 4712 diligenda

276 4743 426 4806 sint.
625 4779 632 4786 -

359 4849 518 4913 Item
544 4850 837 4913 constans
872 4851 999 4926 est,
1041 4846 1214 4929 quod
1257 4845 1424 4910 dona
1464 4844 1819 4928 spiritualia

276 4959 429 5020 sunt
453 4955 747 5034 amanda,
778 4958 843 5018 et
867 4972 906 5017 a
941 4953 1069 5017 Deo
1105 4952 1373 5034 petenda
1402 4972 1418 5015 :
1454 4956 1519 5015 et
1555 4951 1669 5035 qui
1714 4949 1820 5013 illa

279 5063 513 5144 diligit,
546 5061 869 5143 diligendo
913 5063 1198 5124 meretur
1230 5081 1246 5123 :
1278 5058 1334 5122 si
1372 5076 1529 5151 ergo
1572 5056 1819 5122 dilectio

341 5258 361 5293 ¹
393 5258 472 5321 Cf.
504 5257 649 5309 Alex.
684 5253 897 5316 Alensis,
929 5252 1094 5315 Cant„
1122 5266 1175 5315 p.
1201 5252 1288 5312 ΙΙΙ,
1317 5253 1433 5304 coll.
1463 5264 1610 5317 um,
1630 5257 1725 5303 art.
1755 5256 1784 5302 6
1801 5267 1819 5316 ;

273 5328 452 5394 Steph.
485 5328 673 5381 Brulel'.
695 5364 710 5390 ,
743 5326 806 5376 tlt
830 5325 990 5385 Seni„
1017 5324 1134 5374 dist.
1163 5334 1349 5385 xxvm,
1378 5339 1431 5390 q.
1459 5338 1508 5377 v.
1530 5351 1593 5363 -
1618 5327 1640 5359 ²
1667 5331 1818 5391 Aug..

268 5399 334 5451 de
360 5402 561 5464 Triuia,
589 5402 678 5450 lib.
709 5399 841 5453 VIII,
880 5411 929 5446 c.
958 5406 1067 5458 vu,
1096 5408 1150 5444 n.
1181 5397 1276 5458 -10;
1317 5398 1370 5444 in
1399 5398 1564 5460 Epist.
1600 5397 1624 5444 1
1655 5397 1819 5457 Joan„

3340 437 3461 500 639

1914 559 2238 622 meritoria
2269 564 2365 622 est
2401 559 2651 627 dilectio
2694 564 3035 642 charitatis,
3077 586 3235 648 ergo
3278 570 3456 634 vide-

1911 670 2021 729 tur
2059 666 2232 748 quod
2275 667 2426 731 talia
2464 668 2631 735 dona
2676 671 2804 735 sint
2845 690 2928 736 ex
2960 674 3265 740 charitate
3311 677 3453 742 dili·

1915 773 2152 854 genda.

1994 879 2151 943 Item
2191 881 2355 945 sicut
2398 900 2465 946 se
2517 884 2708 948 habet
2750 885 3001 952 dilectio
3046 889 3328 968 gratuita
3378 891 3458 955 ad

1916 986 2079 1050 dona
2109 989 2412 1069 gratuita,
2443 989 2533 1053 sic
2552 1009 2618 1054 se
2641 991 2833 1056 habet
2858 993 3105 1059 dilectio
3144 999 3455 1062 naturalis

1913 1094 1989 1156 ad
2014 1095 2186 1159 bona
2212 1098 2526 1161 naturalia
2556 1120 2570 1160 ε
2606 1099 2716 1162 sed
2758 1100 2925 1164 bona
2965 1104 3286 1168 naturalia
3313 1105 3456 1169 dili-

1916 1201 2167 1278 guntur
2201 1199 2478 1263 naturali
2522 1200 2851 1266 dilectione
2896 1221 2912 1264 :
2968 1223 3128 1285 ergo
3181 1207 3313 1289 pari
3354 1226 3458 1272 ra-

1912 1304 2088 1367 tione
2142 1304 2304 1368 dona
2357 1307 2638 1387 gratuita
2690 1308 3057 1389 diliguntur
3122 1312 3454 1380 dilectione

1915 1412 2196 1491 gratuita
2241 1433 2256 1476 ε
2303 1412 2413 1476 sed
2456 1413 2701 1478 dilectio
2751 1417 3033 1496 gratuita
3067 1423 3160 1482 est
3204 1421 3454 1488 dilectio
3500 1503 3503 1506 ,

1914 1517 2276 1581 charitatis:
2312 1538 2468 1600 ergo
2499 1520 2750 1585 videtur
2774 1524 2946 1604 quod
2972 1526 3139 1590 dona
3171 1530 3454 1608 gratuita

1912 1623 2042 1687 sint
2067 1643 2150 1688 ex
2180 1626 2483 1691 charitate
2512 1626 2856 1708 diligenda.

1993 1730 2223 1794 Contra
2254 1753 2268 1794 :
2305 1737 2362 1795 1.
2401 1731 2588 1797 Nulla
2621 1739 2919 1801 creatura
2951 1757 3171 1804 carens
3207 1743 3453 1809 ratione
3492 1743 3556 1787 Μ
3574 1757 3676 1800 ⁰¹²⁹·

1914 1841 2010 1900 est
2037 1837 2363 1918 diligenda
2398 1856 2480 1902 ex
2517 1840 2818 1907 charitate
2867 1866 2881 1908 ε
2927 1847 3033 1910 sed
3078 1848 3449 1931 hujusmodi

1911 1942 2080 2007 dona
2108 1946 2387 2026 gratuita
2427 1948 2737 2013 rationem
2777 1970 2905 2015 non
2946 1953 3182 2019 habent
3235 1979 3250 2020 ε
3297 1976 3455 2040 ergo

1913 2068 2044 2114 non
2071 2052 2301 2116 debent
2327 2053 2507 2134 diligi
2539 2073 2622 2118 ex
2649 2056 2976 2122 charitate.

1994 2162 2054 2220 2.
2089 2157 2245 2222 Item
2292 2160 2555 2241 diligere
2591 2168 2686 2226 est
2724 2165 2885 2230 velle
2921 2166 3112 2231 alicui
3151 2170 3392 2235 bonum
3437 2195 3453 2237 ε

1914 2265 2023 2328 sed
2053 2266 2287 2331 stultus
2305 2272 2399 2332 est
2425 2269 2697 2351 quivult
2722 2273 2910 2338 alicui
2938 2277 3163 2341 virtuti
3183 2278 3282 2342 vel
3310 2281 3456 2344 cha-

1913 2372 2087 2437 ritati
2140 2375 2381 2439 bonum
2427 2399 2441 2441 ε
2500 2395 2656 2458 ergo
2702 2379 2957 2445 videtur
2981 2384 3172 2464 ‚quod
3220 2384 3459 2467 hujus-

1916 2480 2090 2544 modi
2117 2480 2285 2546 dona
2309 2484 2589 2563 gratuita
2613 2504 2695 2550 ex
2719 2487 3021 2553 charitate
3046 2508 3178 2554 non
3205 2492 3334 2557 sint
3352 2493 3452 2557 di-

1913 2586 2201 2668 ligenda.
2956 2657 2964 2661 .

1995 2699 2054 2758 3.
2085 2694 2241 2758 Item
2280 2696 2437 2762 illud
2464 2699 2671 2776 solum
2712 2706 2807 2765 est
2844 2721 2928 2767 ex
2965 2705 3266 2771 charitate
3308 2708 3453 2772 dili-

1913 2801 2133 2881 gibile‚
2162 2804 2330 2884 quod
2374 2810 2471 2869 est
2498 2785 2711 2890 aliquo
2759 2811 2945 2876 modo
2987 2813 3396 2881 beatificabile
3429 2839 3446 2882 ε

1913 2903 2021 2967 sed
2049 2904 2162 2986 huj
2172 2907 2423 2970 usmodi
2448 2908 2615 2973 dona
2635 2913 2917 2991 gratuita
2934 2934 3063 2980 non
3089 2922 3239 2983 sunt
3265 2919 3461 2983 beati-

1914 3010 2187 3074 ficabilia
2219 3034 2234 3075 :
2267 3030 2425 3093 ergo
2450 3031 2581 3079 non
2611 3022 2761 3081 sunt
2794 3037 2876 3083 ex
2902 3021 3206 3088 charitate
3231 3024 3448 3106 diligi-

1916 3117 2089 3183 bilia.

1994 3231 2054 3289 4.
2113 3225 2272 3291 Item
2322 3228 2722 3310 Augustinus
2750 3234 3145 3324 ‚sufficienter
3187 3256 3452 3305 enume-

1915 3342 2016 3402 rat
2031 3339 2054 3375 ⁸
2078 3356 2155 3402 ea
2181 3357 2327 3421 quae
2355 3346 2505 3405 sunt
2529 3360 2612 3406 ex
2629 3343 2930 3409 charitate
2949 3346 3271 3430 diligenda
3300 3352 3449 3416 :sed

1915 3444 2084 3509 dona
2111 3447 2394 3527 gratuita
2417 3466 2548 3513 non
2579 3456 2728 3514 sunt
2752 3453 2829 3516 de
2857 3454 3001 3533 illis,
3023 3474 3171 3538 quae
3197 3458 3452 3539 Augus-

1916 3554 2094 3619 tinus
2122 3561 2453 3621 enumerat
2494 3577 2695 3640 :ergo
2723 3562 2975 3629 videtur
3000 3567 3171 3647 quod
3196 3585 3277 3631 ex
3306 3569 3463 3633 cha-

1916 3660 2104 3725 ritate
2130 3661 2458 3744 diligenda
2490 3683 2620 3731 non
2646 3668 2794 3749 sint.

2443 3896 2891 3969 CONCLUSIO.

1918 4067 2070 4124 Bona
2100 4068 2346 4136 qratuita
2390 4082 2454 4125 σω
2502 4069 2770 4128 charitate
2829 4079 2952 4132 sunt
2995 4077 3291 4150 (manenda,
3348 4099 3455 4142 non

2028 4150 2241 4222 quidem
2266 4167 2444 4208 amore
2468 4157 2748 4228 amicitioe,
2773 4159 2867 4214 sed
2888 4166 3339 4235 oonmpiscentioe.

2006 4303 2188 4386 Resp.
2243 4303 2323 4368 ad
2373 4321 2515 4385 arg.
2564 4306 2659 4370 Ad
2704 4310 3151 4390 praedictorum
3218 4317 3447 4383 intelli·
3479 4329 3613 4386 Ovin-

1923 4411 2212 4492 gentiam
2243 4414 2339 4475 est
2381 4413 2755 4494 notandum,
2792 4419 2964 4499 quod
3006 4422 3205 4505 aliqui
3247 4426 3455 4494 dicere

1923 4516 2270 4582 voluerunt
2298 4517 2465 4583 dona
2485 4521 2765 4600 gratuita
2790 4541 2921 4588 non
2959 4544 3097 4592 esse
3130 4548 3213 4594 ex
3238 4532 3455 4598 chari-

1923 4627 2052 4688 tate
2077 4624 2419 4705 diligenda‚
2461 4627 2813 4692 secundum
2847 4632 3015 4713 quod
3060 4634 3331 4718 diligere
3375 4659 3457 4706 ex

1927 4730 2229 4794 charitate
2265 4736 2360 4795 est
2381 4735 2595 4796 motus
2629 4733 2949 4800 charitatis
2982 4739 3319 4823 elicientis;
3352 4747 3462 4811 sed

1928 4836 1983 4899 si
2008 4855 2090 4900 ex
2118 4837 2422 4902 charitate
2440 4838 2824 4931 diliguntur,
2847 4842 2970 4906 hoc
2989 4850 3084 4910 est
3107 4852 3461 4918 secundum

1927 4944 2103 5026 quod
2135 4943 2401 5025 diligere
2430 4951 2521 5010 oet
2551 4947 2749 5029 ipsius
2779 4949 3100 5018 charitatis
3143 4956 3468 5040 imperan-

1930 5045 2030 5108 tis.
2069 5043 2124 5108 N
2128 5063 2232 5109 am
2258 5046 2328 5109 in
2377 5047 2497 5111 hoc
2538 5048 2748 5115 differt
2787 5052 3061 5118 charitas
3108 5058 3189 5121 ab
3234 5062 3464 5131 affectu

1927 5146 2228 5226 naturali,
2266 5150 2568 5230 quoniam
2605 5153 2915 5219 naturalis
2943 5157 3204 5225 affectus
3236 5169 3471 5247 quaerit

1929 5319 2073 5436 trag}-
2091 5323 2165 5374 tx,
2183 5324 2236 5360 n.
2264 5312 2341 5360 ¹⁰.
2370 5338 2432 5348 —
2452 5311 2584 5377 ⁸1d.,
2606 5313 2666 5363 de
2691 5315 2834 5367 Dect.
2852 5316 3153 5383 christ.,lib.
3182 5325 3221 5383 Ι.
3248 5339 3293 5376 c.
3315 5338 3469 5394 xxm,

1929 5402 1982 5439 n,
2075 5418 2088 5432 ι
