4185 6288
1346 443 2321 526 n1sT.1.ART.11.QUAEsT.
2366 444 2473 513 m.
3440 444 3519 506 Π

340 590 530 674 magis
553 589 881 673 competat
904 601 1204 671 poesonae
1234 582 1474 665 Patris,
1504 602 1704 668 quam
1726 601 1871 669 per-

342 716 500 765 sonas
542 696 713 763 Filii.

407 805 582 887 Quod
598 807 823 869 autem
847 801 1065 884 magis
1078 801 1395 884 competat
1419 815 1708 885 personae
1729 796 1877 880 Spi-

345 916 493 979 ritus
516 911 745 989 sancti,
780 908 1141 975 ostenditur
1170 925 1189 972 :
1219 906 1371 990 quia
1394 906 1570 989 quod
1596 903 1876 970 maxime

346 1022 523 1088 habet
577 1020 891 1084 rationem
937 1015 1167 1097 gratias
1185 1062 1204 1091 ‚
1248 1014 1531 1078 maxime
1577 1012 1878 1094 competit

346 1127 626 1194 missioni
682 1124 959 1209 Spiritus
1011 1121 1216 1186 sancti
1264 1144 1279 1185 :
1328 1119 1438 1185 sed
1489 1120 1663 1204 quod
1712 1119 1878 1185 Deus

344 1239 536 1302 tactus
559 1233 908 1311 esthemo,
937 1231 1081 1295 haec
1108 1233 1204 1294 est
1229 1228 1752 1310 summagratia,
1789 1228 1873 1292 si-

345 1349 445 1409 eut
484 1342 629 1407 vult
664 1340 1109 1422 Augustinus,
1140 1337 1219 1403 de
1252 1336 1613 1403 Trinitas*
1657 1357 1674 1399 z
1718 1353 1879 1419 ergo

345 1451 595 1515 videtur
623 1447 801 1531 quod
824 1446 966 1512 baee
993 1444 1202 1527 magis
1227 1442 1446 1509 debuit
1470 1460 1605 1507 esse
1632 1442 1703 1506 in
1730 1460 1875 1524 per-

343 1576 492 1623 sona
517 1555 801 1640 Spiritus
825 1554 1061 1628 sancti,
1090 1569 1290 1635 quam
1315 1550 1384 1614 in
1407 1566 1678 1634 persona
1706 1546 1874 1613 Filii.

415 1669 478 1728 Α.
515 1663 681 1728 Item
716 1660 991 1744 Spiritus
1011 1659 1251 1724 amoris
1272 1657 1421 1722 tacit
1442 1674 1561 1721 nos
1582 1655 1745 1721 tilios
1771 1654 1879 1720 Dei

342 1773 693 1855 adoptivos,
723 1769 1079 1835 secundum
1105 1766 1262 1832 illud
1277 1768 1302 1802 ¹
1325 1788 1343 1831 ε
1374 1766 1519 1834 Non
1539 1766 1881 1846 accepistis

344 1880 649 1963 spiritum
691 1878 1028 1944 servitutis
1079 1878 1312 1941 iterum
1351 1876 1427 1942 in
1466 1874 1692 1942 timore
1711 1921 1731 1953 ,
1768 1871 1882 1939 sed

345 1988 680 2070 spiritum,
709 1990 830 2049 etc.
865 1983 1038 2065 Ergo
1077 1984 1132 2046 si
1162 1980 1510 2046 incarnatio
1534 1986 1629 2045 est
1655 1985 1731 2045 ut
1763 1983 1882 2045 fla·

348 2111 489 2159 mus
525 2092 645 2157 fflii
675 2091 786 2173 Dei
818 2090 1099 2174 adoptivi
1120 2138 1140 2169 ,
1183 2089 1437 2154 videtur
1470 2088 1644 2170 quod
1673 2088 1882 2153 incar-

347 2200 516 2267 natio
554 2200 841 2264 maxime
864 2197 1151 2262 debuerit
1176 2214 1311 2261 esse
1348 2197 1418 2260 in
1443 2213 1716 2279 persona
1748 2194 1886 2278 Spi-

346 2308 503 2374 ritus
525 2307 756 2372 saneti.

423 2420 483 2483 ὅ.
536 2415 700 2480 Item
758 2416 940 2482 utini
989 2413 1140 2479 dicit
1191 2412 1753 2478 subauetoritatem
1817 2412 1886 2475 in

349 2523 577 2589 misso:
609 2541 772 2606 ergo
797 2523 860 2587 ei
888 2524 1098 2605 magis
1119 2520 1418 2585 convenit
1440 2519 1633 2597 mitti,
1663 2518 1732 2583 in
1755 2536 1887 2602 quo
1912 2609 1918 2615 ·

353 2632 553 2714 magis
604 2630 927 2714 reperitur
971 2630 1132 2694 ratio
1175 2626 1688 2692 subauctoritatis
1716 2644 1735 2690 ε
1778 2624 1886 2690 sed

352 2740 504 2804 ratio
520 2738 1039 2805 subauctoritatis
1067 2736 1277 2818 magis
1300 2735 1616 2818 reperitur
1647 2735 1717 2799 in
1741 2753 1887 2817 per-

353 2864 500 2911 sona
531 2844 809 2928 Spiritus
833 2845 1059 2921 sancti,
1089 2861 1288 2927 quam
1320 2841 1503 2905 Filii:
1533 2861 1690 2923 ergo
1715 2842 1767 2906 si
1798 2842 1890 2906 in·

359 2952 628 3018 eumatio
655 2957 753 3018 est
777 2953 849 3016 in
870 2969 1128 3016 carnem
1157 2949 1398 3027 missio,
1434 2949 1690 3015 videtur
1716 2950 1890 3033 quod

340 3061 556 3143 magis
572 3060 915 3126 conveniat
936 3058 1202 3142 Spiritui
1220 3061 1458 3134 sancto,
1479 3075 1677 3139 quam
1701 3056 1885 3122 Filio.

187 3184 345 3231 ιιι..
419 3167 591 3246 Quod
603 3173 822 3235 autem
841 3168 1052 3249 magis
1069 3168 1383 3250 competat
1400 3164 1584 3242 Filio,
1601 3165 1884 3232 videtur:

367 3279 560 3361 magis
580 3279 760 3344 deoet
784 3295 1121 3361 personam
1150 3276 1425 3340 mediam
1451 3279 1668 3340 tenere
1693 3277 1891 3340 ratio—

368 3405 503 3451 nem
527 3387 892 3452 mediatoris
909 3435 928 3466 ,
958 3403 1153 3468 quam
1185 3384 1417 3449 aliam:
1452 3382 1560 3447 sed
1600 3383 1889 3447 incarna-

372 3494 453 3558 tio
473 3499 564 3560 est
582 3494 877 3559 ordinata
900 3494 981 3557 ad
1003 3493 1299 3557 effectum
1329 3488 1693 3554 mediatoris
1716 3497 1894 3573 :per-

373 3616 513 3665 sona
535 3605 752 3685 autem
790 3600 1002 3666 media
1041 3599 1113 3663 in
1152 3597 1459 3663 Trinitate
1499 3600 1594 3662 est
1623 3614 1894 3681 persona

376 3704 581 3773 Verbi:
614 3726 796 3791 ergo,
827 3713 948 3773 etc.

448 3815 592 3881 Item
633 3818 848 3900 magis
870 3816 1048 3881 decet
1085 3812 1326 3881 Filium
1372 3811 1483 3877 Dei
1523 3829 1657 3876 esse
1684 3811 1892 3875 fllium

381 3920 662 4003 hominis,
707 3923 814 3989 vel
858 3922 1175 4005 virginis,
1219 3917 1639 4003 quamaliam
1670 3935 1894 4001 perso·

380 4047 546 4095 nam:
575 4031 681 4097 sed
709 4049 826 4114 per
850 4028 1355 4095 incarnationem
1391 4025 1499 4090 ille
1530 4025 1645 4108 qui
1679 4026 1894 4090 incar—

378 4143 575 4220 natur,
604 4140 877 4205 efflcitur
900 4137 1073 4202 filius
1104 4135 1421 4218 virginis:
1453 4152 1613 4216 ergo
1644 4133 1895 4198 videtur

376 4246 525 4327 quod
562 4264 900 4330 personam
939 4244 1083 4310 Filii
1111 4242 1431 4308 incarnari
1462 4241 1543 4324 (α)
1576 4241 1657 4305 sit
1685 4241 1896 4322 magis

374 4350 577 4418 decens
602 4357 666 4419 et
684 4370 1073 4436 congruum.

443 4463 590 4531 Item
635 4464 1122 4531 convenientius
1156 4471 1251 4529 est
1292 4463 1500 4529 fllium
1541 4463 1895 4546 supplicare

373 4574 538 4653 patri,
561 4592 755 4657 quam
782 4572 981 4638 aliam
1002 4589 1369 4654 personam:
1407 4570 1516 4634 sed
1542 4570 1895 4635 incarnatio

375 4681 443 4743 ad
465 4681 578 4747 hoc
615 4682 950 4748 ordinatur
969 4727 988 4756 ‚
1035 4684 1110 4743 ut
1150 4679 1233 4742 sit
1276 4677 1510 4760 aliquis
1552 4677 1892 4756 mediator,

373 4789 473 4870 qui
518 4809 631 4875 pro
673 4788 1058 4856 hominibus
1105 4786 1453 4852 intercedat
1503 4783 1583 4848 ad
1637 4783 1890 4849 Deum:

376 4912 545 4979 ergo,
572 4903 690 4963 etc.

432 5064 610 5131 ¹.,Aug
626 5062 935 5126 destini-‚t
961 5059 1050 5110 lib.
1080 5060 1222 5126 x111,
1241 5074 1289 5110 c.
1318 5069 1426 5118 xxx,
1451 5071 1504 5109 n.
1529 5056 1895 5121 etQ-’Rom

374 5145 574 5265 ζῐῐῐίέίδ.
592 5142 694 5181 —2
723 5143 840 5194 imo
868 5138 1125 5203 fulgent..
1152 5138 1220 5189 de
1242 5136 1358 5188 Fid.
1387 5135 1456 5186 ad
1483 5136 1624 5187 Petr.
1611 5171 1646 5200 .‚
1688 5148 1805 5200 cap.
1823 5145 1892 5195 11,

425 5291 637 5356 (ondit.
677 5297 799 5349 γε».
831 5291 1202 5346 incarnati.—
1232 5289 1307 5356 (b)
1346 5289 1466 5340 Cat.
1507 5290 1628 5341 edit.
1666 5287 1853 5340 deest
1839 5301 1894 5338 m

375 5365 730 5422 textndan'de.

2518 709 2969 778 CONCLUSIO.

1986 894 2110 951 Etsi
2163 906 2491 964 unaquoque
2532 891 2845 949 divinam
2883 906 3233 963 personat-mn
3282 893 3527 965 potua-it

2056 984 2370 1047 incarnari,
2402 984 2776 1052 mammeas
2805 986 2983 1039 mmm
3008 983 3123 1051 tuit
3149 986 3212 1038 ut
3237 981 3413 1038 Filius
3439 983 3527 1037 in-

2058 1082 2393 1134 comeretur.

2068 1237 2256 1320 Resp.
2296 1238 2378 1302 ad
2423 1238 2583 1320 Arg.
2649 1236 2996 1303 Dicendum
3035 1236 3205 1320 quod
3260 1253 3531 1321 persona

1986 1343 2180 1412 Verbi
2206 1344 2286 1409 ad
2314 1344 2814 1409 incarnationem
2841 1344 3010 1409 inter
3030 1348 3293 1408 caeteras
3310 1360 3531 1425 perso-

1987 1469 2105 1516 nas
2131 1451 2251 1515 tuit
2270 1451 2480 1533 magis
2503 1450 2752 1531 idonea,
2778 1452 2913 1517 sive
2933 1451 3277 1534 loquamur
3294 1449 3374 1515 de
3393 1450 3533 1533 ipa

1989 1559 2424 1624 incarnatione
2449 1559 2518 1624 in
2538 1577 2630 1639 se,
2653 1559 2790 1624 sive
2812 1565 3003 1641 prout
3021 1558 3312 1624 ordinata
3329 1560 3428 1622 est
3448 1556 3530 1622 ad

1989 1667 2263 1731 humani
2290 1666 2548 1748 generis
2574 1665 3103 1749 redemptionem.
3135 1664 3204 1730 Si
3228 1665 3404 1729 enim
3433 1663 3560 1729 10--

1989 1791 2270 1857 quamur
2308 1773 2388 1838 de
2431 1774 2567 1856 ipsa
2606 1773 3039 1838 incarnatione
3075 1773 3277 1852 inse,
3324 1771 3537 1854 magis

1990 1898 2358 1962 congruum
2384 1879 2507 1944 tuit
2537 1897 2873 1962 personam
2903 1879 3044 1945 Filii
3080 1879 3398 1943 incarnari
3424 1924 3442 1956 ,
3470 1882 3536 1944 et

1992 1988 2061 2051 in
2088 1992 2406 2070 quantum
2445 1993 2541 2052 est
2582 1988 2843 2070 image,
2890 1992 2956 2053 et
2992 1990 3060 2053 in
3085 1991 3401 2071 quantum
3442 1991 3538 2052 est

1993 2094 2264 2159 verbum
2284 2141 2303 2173 ,
2333 2094 2486 2159 etin
2527 2099 2847 2179 quantum
2884 2100 2980 2158 est
3006 2095 3199 2159 filius.
3235 2092 3307 2157 ln
3335 2110 3540 2175 quan-

1994 2204 2138 2265 tum
2156 2206 2250 2265 est
2275 2201 2517 2283 imago,
2541 2201 2695 2285 quia
2714 2202 2910 2266 homo
2932 2200 3390 2284 assumptibilis
3403 2204 3541 2265 erat

1994 2309 2238 2374 ratione
2280 2309 2611 2391 dignitatis
2650 2310 2952 2391 imaginis
2987 2331 3004 2374 ε
3050 2312 3115 2374 et
3157 2307 3312 2392 quia
3340 2305 3541 2372 Filius

1995 2423 2087 2483 est
2107 2417 2326 2498 imago
2355 2416 2579 2495 Patris,
2606 2416 2748 2481 ideo
2774 2416 2983 2497 magis
3003 2416 3390 2481 conveniens
3405 2418 3542 2480 erat

1996 2524 2138 2591 Filii
2178 2543 2515 2609 personam
2555 2541 2882 2589 assumere
2923 2539 3209 2587 carnem.
3258 2521 3537 2602 Rursus,

1994 2633 2148 2716 quia
2182 2632 2386 2698 Filius
2414 2631 2525 2697 Dei
2572 2631 2841 2697 verbum
2868 2634 2963 2694 est
2989 2628 3192 2694 Patris
3211 2677 3232 2709 ,
3274 2628 3365 2693 sic
3390 2645 3542 2712 pro-

1996 2740 2159 2805 cedit
2184 2740 2429 2823 abipso
2447 2788 2466 2817 ,
2501 2743 2574 2805 ut
2602 2737 2787 2804 Pater
2812 2757 2880 2803 se
2908 2737 3268 2802 manifestet
3297 2754 3411 2820 per
3435 2735 3542 2819 ip-

1996 2865 2187 2912 sum:
2218 2853 2284 2911 et
2313 2847 2455 2912 ideo
2485 2847 2653 2911 sicut
2675 2845 2755 2910 ad
2783 2844 3153 2909 intentionis
3180 2842 3545 2908 manifesta-

1999 2954 2240 3020 tionem
2280 2954 2551 3020 verbum
2578 2951 3000 3017 intellectuale
3032 2950 3366 3034 copulatur
3401 2948 3547 3015 voci

1997 3061 2321 3139 sensibili,
2388 3062 2477 3125 sic
2541 3060 2622 3126 ad
2675 3060 3028 3126 divinitatis
3088 3058 3545 3126 revelationem

1998 3169 2282 3236 Verbum
2328 3169 2531 3236 Patris
2572 3187 2940 3252 congruum
2967 3168 3088 3234 ruit
3127 3167 3302 3233 uniri
3341 3167 3541 3233 carni.

2001 3277 2329 3345 Postremo
2345 3329 2365 3360 ,
2408 3280 2561 3363 quia
2587 3278 2787 3345 Filius
2822 3282 2918 3343 est
2942 3276 3139 3342 semel
3178 3276 3437 3358 genitus
3462 3274 3545 3340 ab

1999 3393 2262 3464 aeterne,
2284 3389 2454 3453 etsie
2480 3387 2876 3471 congruebat
2901 3405 3053 3451 eum
3081 3404 3342 3450 carnem
3356 3403 3545 3450 assu-

2000 3514 2198 3572 mere,
2228 3501 2302 3560 ut
2326 3501 2489 3561 esset
2510 3495 2588 3560 de
2609 3513 2846 3577 genere
2863 3494 3229 3571 hominum,
3244 3497 3308 3558 et
3321 3491 3409 3557 ita
3426 3492 3547 3557 bo-

1999 3603 2194 3668 minis
2209 3603 2415 3668 fllium
2437 3622 2456 3667 t
2483 3608 2547 3668 et
2566 3603 2709 3668 ideo
2730 3601 3214 3683 decebatipsum
3234 3599 3443 3681 magis
3458 3600 3550 3663 in-

2000 3711 2273 3787 carnari,
2295 3728 2493 3793 quam
2522 3709 2775 3776 Patrem
2802 3714 2865 3773 et
2890 3707 3205 3791 Spiritum
3229 3709 3544 3771 sanctum.

2001 3817 2080 3882 Et
2107 3819 2231 3882 boc
2253 3823 2351 3883 est
2376 3819 2550 3902 quod
2580 3819 2732 3882 dicit
2758 3816 3136 3897 Augutinus
3152 3814 3255 3878 ⁸in
3281 3814 3444 3879 libro
3473 3813 3551 3881 de

2007 3927 2168 3994 Fide
2205 3928 2308 4012 (b),
2339 3934 2403 3992 et
2428 3925 2728 4008 Magister
2760 3927 2828 3990 in
2855 3925 3088 4003 littera,
3108 3923 3281 4006 quod
3304 3921 3415 3987 Dei
3442 3921 3546 3989 Fi·-

2000 4033 2131 4099 lius
2148 4052 2278 4100 non
2297 4036 2599 4118 quaesivit
2625 4034 2747 4098 nisi
2776 4036 3050 4098 matrem
3076 4029 3143 4094 in
3166 4029 3372 4106 terris,
3396 4028 3552 4112 quia

1994 4144 2134 4225 jam
2171 4142 2446 4207 habebat
2490 4145 2737 4226 patrem
2792 4141 2861 4204 in
2905 4138 3102 4204 coelis.
3140 4135 3347 4218 Magis
3392 4152 3553 4218 ergo

2001 4249 2232 4314 decens
2274 4249 2399 4315 fuit
2450 4249 2685 4315 Filium
2729 4247 3049 4313 incarnari
3067 4295 3085 4325 ,
3116 4261 3317 4328 quam
3358 4243 3552 4308 aliam

2001 4375 2363 4442 personam,
2393 4358 2448 4421 si
2474 4358 2818 4440 loquamur
2844 4356 2922 4420 de
2957 4356 3097 4437 ipsa
3123 4349 3553 4416 incarnatione

2002 4466 2357 4531 secundum
2371 4484 2461 4530 se.
2486 4464 2636 4530 Fuit
2652 4465 2845 4530 etiam
2864 4462 3074 4544 magis
3090 4476 3480 4541 congruum,
3499 4459 3552 4522 si

2000 4575 2346 4659 loquamur
2389 4576 2467 4641 de
2526 4576 2664 4659 ipsa
2714 4573 3149 4638 incarnatione
3196 4567 3554 4634 secundum

2002 4683 2543 4767 comparationem
2570 4683 2650 4748 ad
2681 4681 2939 4765 generis
2966 4677 3238 4744 humani
3260 4676 3549 4759 redemp-

2001 4789 2289 4854 tionem:
2312 4793 2377 4855 et
2392 4791 2516 4856 hoc
2537 4791 2832 4873 apparet,
2860 4787 2912 4850 si
2938 4783 3409 4852 consideremus
3434 4783 3554 4848 bo—

2002 4897 2198 4960 minis
2219 4897 2493 4981 lapsum,
2519 4902 2582 4962 et
2611 4893 2946 4980 reparandi
2970 4891 3261 4971 modum,
3291 4892 3357 4955 et
3379 4908 3557 4973 repa-

2001 5003 2268 5069 rationis
2307 5004 2611 5069 fructum.
2652 5002 2718 5069 Si
2757 4999 3234 5066 consideremus
3277 4997 3556 5062 bominis

2000 5115 2276 5199 lapsum,
2289 5116 2648 5182 videbimus
2664 5113 2835 5198 quod
2847 5113 3061 5195 lapsus
3073 5111 3192 5175 ruit
3203 5107 3554 5192 appetendo

2000 5224 2225 5288 salsam
2246 5225 2355 5290 Dei
2377 5222 2862 5289 similitudinem
2892 5225 2957 5287 et
2977 5218 3406 5304 aequalitatem
3440 5237 3458 5280 ε
3491 5218 3557 5279 et

2001 5331 2155 5412 quia
2183 5330 2341 5397 Filio
2367 5329 2578 5415 primo
2604 5328 2977 5395 attribuitur
3005 5326 3337 5410 aequalitas
3353 5372 3373 5403 ,
3401 5322 3555 5387 binc

2003 5444 2098 5502 est
2124 5439 2296 5522 quod
2320 5439 2503 5520 quasi
2529 5456 2612 5503 ex
2650 5439 2786 5520 ipso
2816 5436 3093 5520 sumpsit
3119 5435 3313 5498 homo
3338 5431 3554 5512 lapsus
