4185 6288
1529 443 1908 516 msTlNc'r.
1960 442 2204 512 XXVII.
3342 449 3459 512 595

277 574 604 667 expellere
621 581 653 646 ‘l
682 576 774 648 sic
799 586 863 647 et
888 601 1008 649 nos
1030 581 1312 650 invicem
1340 580 1722 671 diligamus,
1752 588 1852 665 ut,
1883 555 2616 673 quantum‘possumuS,
2646 577 2927 647 invicem
2962 578 3046 647 ad
3082 577 3460 649 habendum

274 694 348 762 in
375 692 568 761 nobis
591 692 804 764 Deum
831 717 914 766 ex
937 695 1284 766 dilectione
1311 695 1720 766 attrahamus
1753 695 1868 787 (a).

367 808 497 880 Sed
533 832 684 902 quae
719 811 843 881 hac
883 812 1229 883 dilectione
1269 812 1605 903 diligenda
1645 811 1811 898 sint,
1851 811 1990 902 jam
2032 810 2472 902 inquiramus.
2529 808 2678 879 Non
2719 810 2896 879 enim
2944 810 3201 898 omnia,
3244 818 3320 878 ut
3370 810 3464 880 ait
3559 830 3662 904 013oe

272 927 694 1015 Augustinus
719 929 770 1015 ⁸,
799 929 1044 1021 quibus
1070 929 1415 1017 utendum,
1446 928 1781 1018 diligenda
1805 934 1989 1010 sunt;
2021 926 2133 996 sed
2165 948 2240 995 ea
2263 926 2426 1011 sola,
2458 947 2607 1017 quae
2633 926 2739 994 vel
2778 926 3118 998 nobiscum
3159 926 3459 998 societate
3503 892 3725 1012 ἕξιῗὲοἶῗ.

273 1030 565 1133 quadam
592 1044 971 1114 referuntur
994 1045 1068 1114 in
1095 1045 1334 1133 Deum,
1363 1046 1532 1114 sicut
1565 1052 1662 1113 est
1687 1044 1886 1114 homo
1930 1043 2055 1112 vel¹
2083 1043 2395 1132 angelus3
2427 1042 2531 1111 vel
2579 1041 2662 1110 ad
2709 1063 2829 1110 nos
2863 1043 3069 1111 relata
3090 1095 3109 1130 ,
3145 1041 3460 1112 beneficio
3555 1024 3670 1062 ‘m'

273 1157 398 1226 Dei
427 1181 543 1251 per
566 1181 688 1230 nos
711 1161 1048 1251 indigent,
1093 1167 1168 1231 ut
1216 1184 1497 1254 corpus„
1537 1160 1716 1253 quod
1768 1174 1793 1209 ¹
1835 1161 1928 1228 ita
1968 1158 2482 1252 praecipiendum
2534 1163 2631 1226 est
2669 1156 2891 1246 diligi,
2941 1165 3019 1226 ut
3055 1158 3117 1227 ei
3165 1158 3461 1228 ordinate

39 2153 255 2201 invisio.

274 1273 769 1368 prudenterque
793 1277 1197 1348 consulatur.
1234 1302 1270 1344 >³

604 1446 681 1528 (b)
724 1445 1136 1513 Expos1rlo
1175 1446 1507 1513 Tamus,

275 1614 410 1665 Cum
431 1618 604 1666 autem
632 1615 858 1667 Christus
877 1616 1030 1668 fldem
1055 1619 1108 1668 et
1133 1630 1278 1682 spem
1300 1630 1407 1669 non
1434 1616 1670 1667 hahuerit
1686 1653 1704 1681 ,
1727 1619 1825 1666 etc.

363 1768 435 1832 In
462 1768 971 1851 praecedentibus
993 1769 1131 1851 egit
1154 1769 1457 1852 Magister
1476 1770 1553 1835 de
1578 1771 1830 1835 duabus

279 1873 636 1939 virtutihus
677 1875 1053 1957 theologicis
1071 1923 1093 1956 ,
1138 1876 1431 1942 videlicet
1478 1877 1570 1940 de·
1599 1876 1725 1940 fide
1765 1879 1830 1940 et

276 2000 429 2067 spe3
460 1982 567 2048 hic
588 1982 882 2065 sequitur
906 1985 1090 2048 tertia
1113 2001 1284 2066 pars,
1316 1984 1385 2047 in
1408 2001 1536 2065 qua
1556 1983 1830 2047 intendit

283 2105 478 2170 agere
495 2088 575 2154 de
593 2089 920 2154 charitate.
942 2089 1261 2155 Dividitur
1280 2095 1507 2156 autem
1539 2090 1661 2154 ista
1679 2107 1830 2173 pars

283 2196 356 2261 in
397 2215 511 2262 sex
549 2201 794 2280 partes,
838 2196 1194 2262 secundum
1241 2216 1357 2263 sex
1401 2197 1829 2263 distinctiones

285 2323 444 2388 quas
497 2306 812 2385 continet;
865 2306 933 2369 in
979 2323 1257 2387 quarum
1303 2307 1514 2389 prima
1563 2307 1700 2387 agit
1750 2306 1828 2372 de

285 2412 590 2478 charitate
618 2416 937 2496 quantum
964 2412 1045 2475 ad
1072 2413 1215 2494 ejus
1250 2413 1590 2477 essentiam
1621 2415 1684 2475 et
1709 2412 1826 2478 dif-

287 2520 640 2585 finitionem
661 2542 679 2599 ;
709 2520 779 2585 in
799 2518 1078 2585 secunda
1104 2537 1260 2583 vero
1283 2525 1599 2602 quantum
1628 2519 1708 2584 ad
1738 2520 1830 2585 di-

284 2626 627 2708 ligibilium
671 2644 1019 2693 numerum
1062 2629 1126 2690 et
1169 2625 1638 2692 distinctionem
1661 2676 1680 2707 ‚
1724 2629 1824 2692 in-

286 2734 420 2798 fra⁸
449 2755 464 2797 z
493 2733 618 2800 Hic
656 2735 862 2816 quam·
897 2738 1118 2814 potest,
1149 2741 1369 2799 utrum
1396 2733 1507 2801 illo
1548 2735 1824 2802 manda-

287 2847 376 2919 to,
405 2839 619 2904 etc.1n
644 2839 831 2904 tertia
856 2857 1034 2918 vero,
1065 2845 1381 2922 quantum
1412 2841 1494 2905 ad
1521 2842 1827 2924 diligendi

287 2945 581 3014 ordinem
598 2995 617 3026 ,
643 2946 808 3012 infra
828 2945 850 2980 ⁸
876 2968 893 3011 ι
923 2945 1073 3014 Post
1111 2948 1432 3028 praedicta
1475 2948 1554 3015 de
1596 2949 1827 3017 ordine

284 3054 664 3134 charitati&
690 3059 810 3120 etc.
841 3053 916 3118 In
936 3057 1166 3136 quarta
1190 3074 1371 3130 vero,
1402 3059 1718 3140 quantum
1746 3059 1827 3125 ad

293 3161 502 3227 meriti
527 3162 1004 3244 perfectionem,
1036 3162 1203 3227 infra
1228 3164 1250 3199 ⁸
1281 3185 1298 3227 t
1326 3164 1452 3230 Hic
1479 3168 1690 3248 quaeri
1724 3182 1828 3233 so-

282 3270 378 3336 let
432 3269 595 3352 quid
639 3271 859 3351 potius
909 3270 1038 3347 sit,
1083 3270 1412 3354 plurisque
1455 3274 1699 3339 meriti.
1755 3272 1828 3338 ln

289 3377 515 3460 quinta
559 3395 733 3457 vero,
759 3381 1075 3460 quantum
1120 3378 1201 3442 ad
1251 3379 1451 3461 ipsius
1507 3379 1831 3444 charitatis

288 3483 690 3549 durationem
704 3531 723 3562 ,
749 3483 915 3551 infra
937 3488 959 3525 ⁸
999 3504 1015 3548 ε
1063 3483 1240 3550 Illud
1277 3502 1521 3568 quoque
1563 3494 1829 3568 proeter-

286 3588 677 3658 mittendum
714 3604 846 3655 non
886 3594 1000 3670 est,
1031 3594 1149 3655 etc.
1199 3590 1274 3655 In
1321 3595 1502 3658 sexta
1546 3612 1728 3675 vero,
1760 3596 1830 3659 in

290 3697 760 3779 comparatione
799 3698 882 3763 ad
908 3701 1216 3784 aeternam
1242 3697 1638 3766 dilectionem
1661 3750 1678 3780 ,
1722 3702 1831 3767 in-

287 3805 390 3868 tra
409 3804 473 3867 ⁷:
506 3803 843 3873 Proedictis
887 3804 1332 3886 adjiciendum
1369 3812 1462 3874 est
1506 3807 1587 3875 de
1630 3808 1832 3874 dilec-

288 3913 463 3978 tione
501 3912 650 3992 Dei,
682 3916 798 3977 etc.
853 3910 1071 3977 Prima
1123 3932 1270 3995 pars
1291 3964 1308 3994 ,
1359 3933 1507 3999 quae
1552 3915 1833 3980 continet
1900 3972 1925 4003 ,

286 4024 670 4103 praesentem
697 4019 1200 4099 distinctionem,
1232 4021 1539 4087 dividitur
1564 4023 1634 4086 in
1671 4022 1833 4089 duas

162 4132 165 4133 ’
291 4129 534 4209 partes,
565 4126 633 4190 in
656 4144 939 4210 quarum
964 4127 1174 4210 prima
1201 4127 1581 4193 determinat
1606 4130 1833 4213 Magis-

288 4237 393 4297 ter
413 4233 490 4298 de
514 4235 652 4316 ipsa
678 4233 984 4299 charitate
1009 4239 1326 4317 quantum
1353 4235 1435 4300 ad
1455 4238 1597 4318 ejus
1622 4255 1833 4301 essen-

293 4340 452 4404 tiam
479 4345 544 4406 et
568 4341 903 4421 unitatem;
928 4341 997 4404 in
1023 4341 1300 4423 secunda
1316 4359 1493 4422 vero,
1515 4327 1831 4425 quantum

289 4446 379 4512 ad
404 4447 544 4529 eJus
570 4451 784 4512 actum
806 4451 869 4511 et
889 4448 1155 4513 modum
1173 4496 1191 4524 ‚
1223 4448 1311 4512 ihi
1337 4471 1353 4515 ε
1380 4449 1835 4533 consequenter

286 4553 549 4620 modum
601 4556 936 4638 remusque
988 4556 1355 4624 dilectionis
1400 4557 1829 4626 advertamus.

288 4661 514 4727 Prima
536 4681 685 4745 pars
714 4663 1021 4728 dividitur
1061 4665 1130 4728 in
1173 4669 1452 4748 quatuor
1486 4670 1699 4748 partes
1720 4715 1739 4748 ‚
1765 4668 1835 4732 in

287 4786 574 4851 quarum
620 4769 830 4851 prima
867 4770 1196 4836 continuat
1234 4775 1483 4854 partem
1524 4773 1709 4837 istam
1755 4773 1836 4839 ad

286 4876 708 4959 praecedentis
730 4876 931 4960 partis
957 4877 1439 4960 inquisitionem
1463 4899 1481 4959 ;
1510 4879 1580 4943 in
1604 4899 1837 4945 secun-

287 4982 377 5046 da
399 5001 556 5048 vero
582 4985 761 5066 parte
787 4983 969 5069 ponit
1006 4983 1329 5050 charitatis
1354 4986 1802 5068 diffinitionem
1815 5037 1834 5069 ,

359 5122 377 5158 ¹
410 5125 644 5187 August„
671 5121 733 5171 de
755 5121 896 5172 Doct-
924 5121 1125 5175 christ..
1156 5122 1244 5174 lib.
1282 5124 1321 5186 1,
1345 5139 1393 5177 c.
1426 5138 1582 5189 xxm,
1600 5141 1656 5178 n.
1676 5131 1757 5179 22.
1777 5154 1839 5167 -

291 5194 316 5223 ²
344 5193 493 5251 Ibid..
532 5209 578 5245 c.
616 5205 739 5256 xxv,
767 5208 820 5243 n.
842 5197 922 5244 26.
944 5219 1004 5231 -
1029 5196 1048 5227 ³
1066 5194 1192 5245 Dist.
1214 5207 1479 5247 xxvn1.—
1501 5198 1523 5233 ὅ
1542 5199 1669 5249 Dist.
1690 5212 1838 5251 xxix.

1936 1446 2026 1510 ibi
2057 1465 2073 1510 t
2111 1444 2403 1512 Charitas
2434 1448 2529 1512 est
2554 1443 2848 1523 dilectio,
2871 1446 2990 1508 etc.
3019 1444 3092 1508 In
3115 1445 3299 1510 tertia
3323 1464 3480 1511 vero

1935 1555 2262 1635 comparat
2286 1570 2429 1617 eam
2457 1552 2539 1616 ad
2565 1551 2765 1616 divini
2794 1552 3076 1616 mandati
3103 1552 3480 1635 duplicatio-

1935 1677 2084 1724 nem
2107 1707 2125 1740 ,
2155 1659 2247 1722 ibi
2276 1679 2292 1720 ε
2326 1659 2478 1724 Hoec
2509 1662 2721 1724 autem
2756 1657 2938 1725 habet
2977 1658 3105 1725 duo
3140 1660 3474 1726 mandata.

1936 1766 2011 1832 ln
2039 1770 2266 1851 quarta
2294 1784 2450 1831 vero
2476 1769 2766 1830 removet
2800 1764 3259 1831 dubitationem
3285 1815 3302 1845 ,
3331 1768 3422 1831 ibi
3457 1790 3472 1833 :

1936 1875 2059 1941 Hic
2095 1875 2431 1957 qum-itur,
2461 1874 2526 1938 si
2559 1888 2645 1940 ea·
2676 1888 2751 1939 ea
2769 1874 2919 1954 ipsa
2953 1871 3316 1953 dilectione,
3353 1880 3474 1940 etc.

1882 2047 1890 2058 ,
1936 1981 2241 2046 Similiter
2282 1980 2561 2044 secunda
2604 1998 2752 2062 pars
2798 1980 3161 2062 principalis
3183 2029 3202 2058 ,
3234 1983 3306 2046 in
3349 2001 3479 2065 qua

1934 2091 2313 2156 determinat
2338 2090 2418 2154 de
2440 2090 2578 2172 ipsa
2604 2089 2908 2154 charitate
2935 2095 3250 2171 quantum
3273 2093 3352 2154 ad
3378 2111 3479 2157 ac·

1934 2201 2078 2262 tum
2102 2202 2165 2262 et
2191 2197 2457 2262 modum
2472 2244 2490 2277 ‚
2518 2196 2825 2261 dividitur
2851 2197 2922 2264 in
2943 2203 3154 2279 partes
3176 2204 3473 2281 quatuor,

1934 2303 2005 2368 in
2047 2322 2327 2387 quarum
2378 2302 2595 2385 prima
2641 2303 3021 2368 determinat
3059 2306 3206 2387 quis
3248 2307 3478 2371 modus

1934 2411 2104 2475 circa
2127 2414 2340 2475 actum
2372 2410 2697 2475 charitatis
2731 2411 3122 2492 reperiatur3
3153 2412 3224 2476 in
3251 2430 3477 2477 secun-

1935 2517 2017 2581 da
2043 2534 2199 2582 vero
2224 2517 2529 2596 ostendit,
2560 2517 2675 2581 uhi
2701 2516 2807 2581 ille
2833 2517 3062 2581 modus
3090 2518 3472 2598 insinuetur,

1933 2625 2022 2689 ibi
2051 2647 2067 2688 ε
2101 2624 2485 2693 Dilectionis
2516 2630 2732 2692 autem
2757 2624 2884 2691 Dei
2911 2624 3137 2691 modus
3170 2627 3473 2692 insinua-

1936 2738 2073 2812 tur,
2119 2735 2237 2796 etc.
2268 2731 2342 2795 ln
2377 2731 2561 2796 tertia
2600 2750 2755 2796 vero
2782 2731 3080 2814 inquirit,
3116 2738 3337 2797 utrum
3365 2734 3473 2798 ille

1936 2844 2165 2908 modus
2201 2843 2271 2907 in
2303 2843 2411 2906 via
2451 2843 2825 2925 impleatur,
2857 2844 2946 2906 ibi
2980 2865 2997 2906 t
3044 2843 3232 2910 Istud
3265 2849 3475 2911 autem

1936 2955 2320 3033 praeceptum
2356 2952 2619 3032 penitus
2665 2965 2796 3017 non
2842 2950 3147 3034 impletur
3169 3000 3187 3030 ‚
3229 2955 3348 3015 etc.
3401 2952 3472 3016 Iu

1936 3062 2165 3143 quarta
2213 3065 2401 3138 vero,
2452 3063 2518 3123 et
2557 3059 2794 3123 ultima
2814 3105 2833 3138 ‚
2882 3059 3158 3138 ostendit
3205 3059 3477 3142 qualiter

1933 3185 2148 3233 unum
2174 3170 2567 3249 praeceptum
2590 3165 2921 3229 charitatis
2946 3166 3017 3228 in
3041 3165 3238 3230 altero
3267 3166 3355 3229 im
3364 3167 3478 3248 pli·

1930 3277 2155 3353 catur,
2187 3273 2277 3338 ibi
2307 3292 2325 3337 ε
2373 3273 2528 3340 Cum
2563 3279 2777 3340 autem
2819 3271 2947 3338 duo
2987 3274 3123 3339 sint
3157 3280 3477 3355 praecepta

1935 3382 2301 3451 charitatis.
2345 3379 2825 3447 Subdivisiones
2851 3383 3067 3445 autem
3102 3381 3381 3463 partium
3410 3382 3477 3444 in

1935 3488 2146 3554 littera
2169 3489 2320 3554 satis
2345 3491 2502 3553 sunt
2530 3487 2906 3552 manifestae.

2598 3685 2738 3732 mm.
2780 3685 2826 3730 1.

1969 3807 2200 3860 Charitas
2221 3810 2300 3859 est
2324 3809 2531 3862 dilectio
2541 3846 2560 3873 ,
2584 3824 2688 3876 qua
2711 3809 2933 3876 diligitur
2960 3812 3096 3862 Deus
3121 3816 3332 3878 propter
3359 3828 3413 3864 se
3430 3851 3447 3878 ,

2328 3885 2381 3932 et
2403 3882 2668 3947 proximus
2692 3886 2904 3947 propter
2925 3884 3108 3935 Deum.

2019 4027 2342 4105 Quaeritur
2380 4030 2571 4110 juxta
2614 4028 2774 4105 hoc,
2818 4046 2971 4093 cum
3025 4029 3246 4095 multae
3292 4030 3479 4095 inve-

1938 4134 2204 4199 niantur
2248 4133 2658 4200 diffinitiones
2703 4136 2783 4200 de
2826 4136 3132 4200 charitate
3151 4182 3170 4214 ,
3216 4141 3280 4201 et
3329 4155 3478 4200 cum

1939 4240 2135 4304 unius
2168 4240 2261 4304 rei
2287 4259 2416 4304 una
2450 4241 2531 4305 sit
2564 4241 2855 4306 diffinitio
2877 4290 2896 4319 ,
2942 4243 3263 4324 quomodo
3289 4245 3370 4308 ab
3405 4246 3477 4325 (c)

1938 4346 2216 4412 invicem
2240 4347 2744 4429 distinguantur.
2784 4347 3024 4415 Praeter
3049 4351 3222 4414 enim
3249 4351 3478 4415 dictam

1940 4456 2384 4522 diffinitionem
2410 4458 2740 4523 invenitur
2783 4460 3048 4524 diffiniri
3091 4462 3173 4525 ab
3212 4462 3481 4543 Augus-

1940 4563 2075 4627 tino
2105 4611 2123 4641 ,
2171 4564 2241 4627 in
2279 4565 2441 4629 libro
2485 4564 2563 4631 de
2595 4567 2878 4632 Moribus
2919 4567 3260 4650 Ecclesioe,
3307 4570 3478 4634 sic⁸t

1952 4693 1983 4731 α
2010 4670 2294 4736 Charitas
2317 4676 2413 4737 est
2436 4673 2636 4737 animi
2659 4674 2909 4739 affectio
2929 4676 3307 4757 justissima,
3337 4696 3483 4742 con-

1935 4779 2225 4860 jungens
2249 4797 2368 4843 nos
2388 4798 2539 4843 cum
2560 4780 2711 4845 Deo.
2726 4802 2759 4840 n
2793 4781 2951 4846 Item
2967 4784 3392 4864 Augustinus,
3415 4786 3486 4849 in

1942 4886 2110 4950 libro
2143 4886 2634 4970 soliloquiorum
2655 4894 2679 4929 ⁹
2702 4909 2725 4950 .·
2770 4912 2802 4949 α
2825 4889 3109 4955 Charitas
3139 4896 3234 4956 est
3256 4893 3483 4970 virtue,

1903 5036 1906 5040 -
1944 5012 2077 5075 qua
2110 4992 2312 5057 Deum
2341 4993 2558 5059 videre
2575 5042 2594 5075 ,
2630 5012 2833 5078 eoque
2877 4998 3119 5079 perfrui
3164 4999 3489 5065 desidera-

1943 5119 2112 5165 mus.
2129 5121 2161 5160 »
2194 5099 2354 5165 ltem
2380 5103 2449 5165 in
2477 5102 2640 5168 libro
2666 5103 2745 5170 de
2763 5106 3014 5186 Spiritu
3042 5113 3106 5175 et
3132 5108 3378 5175 Anima
3400 5115 3446 5151 ¹⁰
3464 5128 3488 5174 .-
3587 5156 3592 5161 ,

1960 5227 2041 5262 -ῑ
2059 5226 2188 5277 Dist.
2211 5238 2333 5275 xxx.
2348 5253 2409 5264 -
2426 5227 2448 5262 ⁸
2477 5226 2587 5277 Dist
2607 5238 2751 5279 xxxx.
2771 5254 2830 5265 —
2850 5230 2873 5265 ⁷
2891 5229 3017 5281 Dist.
3042 5243 3209 5293 xxxix,
3228 5235 3327 5273 -8
3346 5237 3491 5300 Aug..

358 5291 421 5349 (a)
451 5289 575 5340 σαι.
616 5286 740 5337 edit.
778 5286 1193 5337 anahamon-
1216 5287 1278 5350 (ὁ)
1321 5275 1443 5340 caet.
1486 5290 1605 5341 edit.
1641 5297 1843 5356 ponunt
1949 5298 2009 5347 ae
2040 5299 2220 5348 Morte.
2255 5297 2415 5361 Ecca,
2446 5313 2490 5348 c.
2527 5311 2599 5361 m,
2634 5314 2688 5350 n.
2718 5304 2918 5352 ιιι-ν
2940 5303 3035 5366 ld„
3070 5304 3421 5371 Solae·loq.,1il›.
3455 5311 3496 5367 ι,

272 5360 372 5411 ‘hic
403 5360 456 5412 in
483 5360 631 5410 titulo
660 5372 673 5410 ε
699 5358 774 5408 De
793 5358 1042 5408 claritate
1059 5362 1300 5421 quonum
1316 5360 1388 5411 ad
1404 5362 1515 5426 ejus
1536 5367 1803 5415 essentiam
1822 5402 1839 5429 ,

279 5439 335 5488 et
347 5432 727 5503 diffinitionem.
743 5457 806 5470 -
828 5428 891 5494 (c)
908 5429 992 5480 Al.
1012 5430 1096 5480 ad.

1952 5383 1996 5418 c.
2023 5380 2098 5427 vt,
2117 5383 2174 5419 n.
2206 5373 2346 5420 13.—
2364 5370 2407 5406 ¹⁰
2436 5371 2508 5419 De
2536 5371 2718 5436 Spirit.
2744 5376 2794 5422 et
2830 5374 3021 5427 Anim..
3047 5389 3091 5428 c.
3122 5389 3230 5441 xvt,
3260 5382 3496 5444 Append.

1955 5445 1999 5488 t.
2025 5452 2099 5504 vi,
2117 5442 2268 5506 Oper.
2289 5442 2342 5493 S.
2365 5444 2494 5507 Aug.
