4185 6288
503 660 695 719 Congru-

532 726 562 767 ti
607 728 623 768 Ι

719 520 800 585 86

720 654 877 718 dum
903 650 1272 737 proficiendi
1298 650 1366 715 in
1392 650 1598 726 aetate,
1622 647 1795 731 quod
1822 645 2106 713 Christus
2127 663 2259 709 non

475 737 530 768 ‘¹²
565 738 592 769 ⁸
633 756 643 768 ’
723 760 1203 843 phantasticam,
1222 759 1332 826 sed
1353 775 1576 823 veram
1598 774 1855 822 carnem
1877 753 2254 837 assumpsit:

714 872 778 933 et
811 866 934 934 hoc
960 867 1221 951 quidem
1254 865 1439 931 valde
1466 865 1588 930 ruit
1618 868 2074 948 opportunum,
2106 861 2259 945 quia

712 974 850 1041 sine
890 974 1039 1039 fidei
1088 973 1355 1039 veritate
1404 973 1619 1037 nullus
1667 978 1761 1037 est
1808 970 2257 1036 incarnationis

715 1082 976 1149 fructus.
1041 1074 1427 1147 Humilitatis
1486 1079 1678 1144 etiam
1738 1078 1945 1144 virtus
2003 1078 2072 1141 in
2134 1077 2257 1141 hoc

717 1162 1220 1268 commendatur,
1259 1188 1416 1253 dum
1448 1186 1555 1250 Dei
1594 1186 1814 1264 Filius,
1854 1186 1968 1268 qui
1997 1188 2094 1249 est
2121 1184 2258 1249 Rex

621 1306 636 1322 ·
715 1314 971 1378 regum,
998 1298 1063 1362 et
1085 1295 1393 1361 Dominus
1415 1292 1912 1368 dominantium,
1936 1293 2138 1356 factus
2163 1294 2258 1354 est

713 1404 1054 1486 parvulus;
1087 1403 1288 1486 etqui
1310 1402 1491 1485 prius
1516 1388 1697 1465 nullo
1724 1400 2069 1482 indigebat,
2097 1398 2257 1462 lacte

714 1515 1027 1591 materne,
1054 1511 1218 1579 sicut
1242 1510 1348 1574 alii
1377 1509 1655 1593 parvuli,
1680 1507 2076 1590 pascebatur,
2104 1524 2257 1589 pan-

710 1617 814 1680 nis
835 1617 1304 1697 involvebatur,
1331 1621 1398 1683 et
1419 1616 1546 1682 alia
1569 1617 1757 1712 plura
1778 1614 1995 1697 gessit,
2019 1614 2257 1697 quibus

709 1722 1090 1789 humilitatis
1138 1724 1381 1789 utilitas
1437 1723 1917 1790 commendatur
1959 1744 1973 1786 :
2018 1727 2082 1787 et
2133 1723 2256 1786 hoc

709 1830 895 1896 valde
942 1834 1378 1914 opportunum
1422 1832 1545 1897 fuit
1561 1881 1580 1911 ,
1627 1831 1781 1914 quia
1832 1835 2086 1914 propter
2132 1830 2257 1893 hoe

709 1938 1032 2021 potissime
1064 1938 1230 2003 Deus
1256 1939 1577 2005 descendit
1602 1940 1681 2006 de
1706 1941 1887 2017 coe10,
1916 1944 1993 2004 ut
2025 1957 2251 2024 super7

672 2130 686 2139 ο
710 2045 885 2109 biam
929 2046 1295 2129 extirparet.
1335 2045 1775 2112 Universitatis
1814 2047 2006 2111 etiam
2045 2046 2153 2109 lex
2192 2048 2256 2109 et

711 2152 866 2216 ordo
892 2158 1328 2231 conservatur,
1370 2154 1525 2238 quia
1561 2154 1728 2220 Deus
1756 2154 2107 2237 unicuique
2136 2171 2252 2216 na-

709 2263 872 2324 turae
918 2261 1224 2327 concessit
1259 2263 1586 2346 propriam
1625 2261 2060 2346 operationem
2073 2310 2090 2341 ,
2135 2278 2255 2326 nec

709 2368 914 2432 utitur
934 2369 1281 2450 miraculis,
1309 2371 1422 2434 ubi
1451 2376 1682 2435 natura
1706 2388 1821 2453 per
1843 2388 1910 2434 se
1937 2370 2253 2434 sufficien-

708 2479 805 2539 ter
829 2479 1034 2558 potest
1057 2477 1329 2559 operari.
1362 2477 1440 2542 Et
1464 2478 1617 2561 quia
1650 2482 1883 2542 natura
1911 2477 1980 2540 in
2007 2476 2253 2541 Christo

707 2583 860 2648 satis
908 2584 1292 2649 sufficienter
1337 2589 1582 2668 poterat
1627 2603 1858 2668 corpus
1901 2584 2132 2651 Christi
2173 2585 2252 2649 ad

709 2691 1052 2774 perfectam
1093 2693 1513 2776 quantitatem
1563 2692 1872 2758 deducere
1886 2741 1903 2773 ,
1949 2694 2039 2757 ita
2079 2691 2254 2776 quod

710 2798 780 2861 in
823 2799 1000 2863 nullo
1045 2799 1472 2883 derogabatur
1518 2804 1658 2883 ejus
1706 2800 2002 2883 dignitati
2045 2822 2061 2864 :
2111 2799 2255 2864 ideo

711 2903 918 2970 noluit
945 2903 1110 2969 Deus
1143 2909 1399 2989 tempus
1433 2906 1801 2989 anticipare,
1833 2908 1911 2969 ut
1943 2908 2254 2987 tanquam

713 3012 1144 3076 universitatis
1191 3015 1403 3095 justus
1451 3014 1952 3093 administrator,
2007 3032 2254 3077 unum-

713 3118 1012 3201 quodque
1046 3121 1241 3202 juxta
1279 3120 1585 3188 virtutem
1628 3121 1750 3186 sibi
1794 3125 2255 3206 competentem

712 3226 960 3307 operari
986 3226 1243 3291 sineret,
1273 3227 1351 3291 Et
1375 3227 1497 3292 hoc
1522 3229 1783 3311 quidem
1813 3231 2249 3309 conveniebat,

712 3331 864 3414 quia
901 3335 1203 3397 naturam
1241 3334 1497 3400 nolebat
1536 3335 1871 3417 perimere,
1915 3337 2024 3402 sed
2065 3355 2254 3420 repa-

711 3455 877 3503 rare.
906 3438 976 3502 Et
996 3440 1065 3503 in
1087 3440 1209 3505 hoc
1230 3440 1535 3522 insinuat,
1560 3443 1729 3525 quod
1755 3446 1963 3526 major
1984 3449 2259 3528 potestas

713 3562 905 3607 usum
934 3544 1250 3610 inferioris
1276 3549 1597 3630 potestatis
1630 3567 1764 3613 non
1798 3549 1982 3615 debet
2015 3550 2256 3634 absque

714 3669 903 3717 causa
933 3652 1208 3735 privare.
1248 3654 1327 3719 Et
1359 3656 1449 3719 sic
1488 3659 1680 3738 patet,
1719 3657 1892 3740 quod
1932 3657 2116 3723 valde
2152 3677 2259 3723 ra-

713 3758 1094 3824 tionabiliter
1117 3760 1283 3826 Deus
1306 3781 1538 3846 corpus
1560 3764 1787 3828 Christi
1814 3765 1894 3829 ad
1918 3766 2257 3848 perfectam

713 3866 1133 3947 quantitatem
1176 3868 1361 3934 molis
1413 3869 1749 3935 deduxerit
1791 3891 1906 3954 per
1953 3874 2260 3957 temporis

713 3975 1197 4039 successionem.
1235 3975 1407 4042 Unde
1441 3981 1506 4044 et
1529 3979 1805 4045 rationes
1831 3981 1954 4047 hoc
1981 3983 2256 4065 proban-

713 4083 809 4145 tes
837 4081 1255 4147 concedendae
1280 4089 1455 4149 sunt.

794 4194 853 4252 1.
899 4188 997 4254 Ad
1022 4188 1177 4253 illud
1205 4207 1364 4272 ergo
1391 4192 1566 4274 quod
1606 4194 1814 4276 primo
1853 4195 2151 4277 oincitur
2189 4197 2259 4262 in

715 4295 1112 4360 contrarium
1152 4296 1229 4361 de
1266 4298 1639 4363 auctoritate
1681 4298 1996 4381 Jeremiae,
2042 4301 2259 4366 dicen-

714 4401 871 4466 dum
899 4402 1068 4486 quod
1097 4402 1198 4467 vir
1224 4403 1458 4468 dicitur
1489 4405 1577 4469 ibi
1604 4404 1886 4471 Christus
1902 4453 1923 4485 ,
1960 4409 2196 4474 scilicet
2221 4430 2261 4476 a

713 4512 939 4594 vigore
961 4512 1161 4576 animi
1180 4560 1200 4592 ,
1230 4512 1385 4595 quia
1413 4514 1640 4595 plenus
1667 4517 1788 4580 fuit
1821 4517 2169 4584 virtutibus
2198 4524 2262 4583 et

712 4619 977 4684 scientia
1002 4619 1085 4683 ab
1111 4618 1373 4684 instanti
1409 4623 1854 4705 conceptionis.

791 4730 854 4789 2.
888 4726 987 4790 Ad
1013 4726 1173 4790 illud
1199 4728 1372 4810 quod
1403 4730 1748 4811 opponitur
1770 4777 1790 4808 ,
1814 4729 1989 4812 quod
2010 4749 2261 4796 novum

712 4832 834 4895 fuit
849 4879 867 4911 ,
910 4832 1250 4898 dicendum
1292 4835 1467 4917 quod
1513 4836 1765 4902 novitas
1800 4836 2148 4902 attenditur
2190 4840 2262 4902 in

711 4937 835 5001 hoc
860 4940 1033 5020 quod
1057 4940 1191 5023 ipse
1217 4945 1355 5006 erat
1380 4941 1545 5006 Deus
1574 4945 1638 5007 et
1687 4942 1882 5009 homo
1905 4991 1923 5022 ,
1954 4945 2144 5026 cujus
2171 4945 2259 5008 si-

711 5045 863 5109 mile
886 5064 1222 5129 nunquam
1252 5053 1686 5132 praecesserat3
1714 5053 1777 5115 et
1800 5049 1868 5114 in
1888 5051 2012 5116 hoc
2040 5052 2258 5131 etiam,

711 5153 865 5237 quia
890 5154 971 5219 ab
1001 5155 1260 5221 instanti
1286 5157 1716 5240 conceptionis
1741 5156 2029 5239 Virginis
2055 5158 2267 5223 fuerat

780 5346 896 5409 ¹Cf.
925 5349 978 5400 S.
998 5348 1201 5413 Thom„
1229 5364 1283 5415 p.
1309 5351 1392 5416 111,
1425 5365 1477 5416 q.
1500 5362 1691 5416 xxxin,
1712 5356 1813 5404 art.
1838 5355 1896 5416 13
1926 5357 1978 5403 et
2004 5353 2070 5404 111
2101 5352 2262 5417 Seni„

710 5418 828 5468 dist.
844 5429 929 5483 111,
949 5433 1000 5484 q.
1021 5431 1073 5484 v,
1095 5423 1190 5470 art.
1209 5425 1238 5472 2
1268 5425 1319 5472 et
1333 5423 1398 5473 lv
1413 5425 1585 5473 contra
1622 5425 1789 5487 Geni„
1811 5436 1857 5475 c.
1879 5436 2034 5489 u1v5
2059 5424 2266 5477 Richar-

712 5489 835 5553 dus,
857 5490 921 5539 111
943 5490 1103 5555 Sem„
1132 5492 1248 5543 dist.
1281 5504 1359 5557 111,
1383 5498 1476 5544 art.
1497 5495 1542 5556 2,
1571 5508 1621 5560 q.
1649 5506 1724 5548 111.
1749 5521 1813 5534 -··
1838 5497 1860 5529 ²
1884 5497 2048 5560 loun„
2079 5508 2138 5560 u,
2174 5499 2227 5550 19
2248 5532 2262 5557 ,

1836 507 2459 578 SENTENTIARUM
2499 506 2649 574 LIB.
2694 507 2803 573 111.

2366 644 2523 710 adeo
2552 644 2888 727 perfectus,
2911 643 3082 727 quod
3110 643 3413 726 proficere
3440 660 3774 726 nunquam
3802 662 3909 727 po-

2364 751 2516 831 tuit,
2557 753 2623 816 et
2663 752 2863 833 hujus
2907 749 3113 814 simile
3155 767 3494 833 nunquam
3521 750 3663 814 fuit.
3707 750 3785 816 Et
3819 750 3908 816 sic

2365 861 2536 940 patet
2569 858 2742 940 quod
2769 875 2902 922 non
2930 856 3211 939 oportuit
3247 857 3417 939 quod
3452 859 3615 921 esset
3649 859 3904 940 quanti-

2363 964 2509 1028 tatis
2536 964 2850 1047 perfectae,
2877 962 2956 1027 ad
2984 964 3107 1027 hoc
3140 963 3310 1047 qnod
3340 982 3587 1028 novum
3624 964 3775 1048 quid
3801 982 3906 1029 es-.·

2364 1074 2478 1135 set.
2513 1070 2690 1136 Unde
2715 1071 2879 1136 ratio
2909 1070 3017 1135 illa
3046 1076 3259 1152 peccat
3295 1071 3654 1136 secundum
3683 1089 3901 1138 conse-

2365 1190 2589 1263 quens.

2445 1292 2505 1351 3.
2554 1287 2652 1352 Ad
2692 1286 2849 1351 illud
2891 1285 3064 1369 quod
3103 1284 3440 1366 objicitur,
3487 1284 3660 1366 quod
3702 1285 3906 1350 virtus

2363 1395 2615 1458 infinita
2641 1398 2944 1477 operatur
2972 1392 3041 1456 in
3067 1391 3351 1471 instanti,
3372 1391 3715 1457 dicendum
3736 1391 3904 1475 qnod

2363 1520 2592 1567 verum
2622 1506 2746 1577 est,
2777 1500 3034 1583 quando
3073 1499 3280 1563 virtus
3313 1497 3569 1562 infinita
3606 1502 3907 1580 operatur

2362 1607 2713 1672 secundum
2742 1606 3118 1671 totalitatem
3146 1623 3282 1670 suae
3313 1604 3636 1687 potentiae,
3667 1607 3732 1668 et
3753 1622 3906 1687 ope-

2362 1721 2542 1780 ratur
2567 1733 2681 1799 per
2705 1733 2775 1779 se
2809 1737 2824 1779 :
2855 1714 2924 1778 in
2951 1714 3333 1796 perfectione
3361 1720 3577 1776 autem
3598 1711 3899 1776 dominici

2363 1823 2646 1905 corporis
2667 1837 2799 1885 non
2828 1823 3077 1885 tantum
3102 1822 3406 1902 operatur
3431 1818 3639 1884 virtus
3662 1817 3903 1897 divina,

2361 1928 2471 1993 sed
2498 1929 2691 1993 etiam
2718 1933 2927 1992 creata
2942 1975 2958 2004 ,
2999 1928 3187 2009 cujus
3213 1931 3308 1991 est
3350 1925 3603 2009 operari
3649 1944 3908 1989 succes-

2360 2035 2496 2099 sive
2513 2083 2531 2113 ,
2570 2036 2735 2099 sicut
2774 2040 3097 2099 ostensum
3123 2037 3218 2097 est
3242 2051 3439 2116 supra
3476 2051 3495 2096 ι
3529 2035 3592 2096 et
3618 2031 3793 2096 illius
3817 2036 3910 2097 est

2360 2142 2611 2225 operari
2637 2143 3017 2218 successive,
3048 2159 3199 2205 cum
3227 2141 3308 2204 sit
3344 2140 3551 2204 virtus
3582 2138 3785 2203 finita.

2439 2253 2502 2312 4.
2538 2248 2637 2312 Ad
2677 2248 2833 2313 illud
2880 2248 3052 2331 quod
3089 2246 3421 2330 objicitur,
3452 2246 3624 2328 quod
3653 2245 3736 2309 ab
3774 2244 3907 2309 ins-

2358 2357 2516 2420 tanti
2561 2356 2985 2438 conceptionis
3033 2356 3156 2419 fuit
3201 2355 3517 2437 perfectus
3563 2354 3803 2418 virtute
3846 2354 3910 2418 et

2358 2465 2660 2545 scientia,
2706 2464 3047 2530 dicendum
3092 2465 3263 2548 quod
3308 2482 3441 2529 non
3486 2466 3583 2527 est
3626 2461 3837 2526 simile
3883 2483 3900 2528 ε

2358 2573 2512 2656 quia
2555 2573 2851 2656 quamvis
2895 2574 3128 2637 diceret
3170 2572 3373 2637 Deum
3422 2588 3749 2636 assumere
3793 2568 3907 2633 ali-

2360 2698 2520 2763 quas
2552 2679 2943 2762 poenalitates
2967 2680 3044 2742 ad
3074 2678 3573 2761 redemptionem
3600 2680 3907 2755 nostram,

2360 2804 2494 2850 non
2542 2791 2757 2850 tamen
2800 2785 3061 2850 decebat
3104 2803 3430 2851 assumere
3490 2785 3749 2867 culpam
3809 2781 3910 2846 vel

2361 2892 2795 2975 ignorantiam
2827 2911 2844 2956 ε
2879 2892 3021 2957 ideo
3045 2892 3254 2974 magis
3286 2890 3515 2957 habuit
3538 2890 3779 2957 horum
3805 2908 3913 2972 op-

2365 2999 2570 3081 posita
2618 3000 2687 3062 in
2726 2999 3131 3082 conceptione
3150 3046 3166 3075 ,
3216 2998 3453 3063 scilicet
3492 2998 3804 3063 virtutem
3852 2999 3913 3061 et

2361 3106 2712 3182 scientiam,
2739 3125 2935 3190 quam
2977 3107 3045 3171 in
3081 3105 3346 3171 instanti
3376 3105 3639 3189 perduci
3669 3105 3752 3172 ad
3779 3120 3913 3169 cor-

2363 3214 2535 3297 poris
2565 3216 2988 3297 quantitatem
3028 3213 3392 3297 perfectam.

2873 3461 3293 3542 QUAESTIO
3345 3462 3435 3528 11.

2363 3630 2456 3687 An
2475 3631 2540 3687 in
2564 3643 2779 3704 corpore
2804 3627 3065 3684 dominico
3088 3627 3367 3684 distinctio
3393 3627 3747 3686 membr-onan
3765 3630 3913 3696 sacta

2681 3721 2853 3788 tuterit
2875 3719 3053 3775 subito
3072 3759 3092 3790 ,
3122 3719 3208 3774 vel
3236 3719 3522 3774 successive
3552 3718 3593 3770 ¹.

2446 3880 2676 3945 Utrum
2723 3879 3160 3943 membrorum
3184 3877 3482 3941 formatio
3511 3880 3575 3942 et
3602 3875 3912 3942 distinctio
3940 3892 4001 3936 Aa
4016 3901 4096 3946 opp.

2365 3993 2527 4055 facta
2552 3989 2894 4067 sitsubito,
2928 4009 3012 4053 an
3039 3989 3392 4054 successive
3418 3988 3488 4051 in
3517 4006 3783 4072 corpore
3813 3987 3913 4051 do·

2367 4097 2644 4176 minico3
2676 4097 2832 4179 quia
2858 4116 2989 4161 non
3022 4096 3235 4161 subito
3256 4146 3273 4177 ,
3308 4097 3559 4161 videtur
3594 4119 3611 4161 ε
3656 4097 3910 4178 Augus-

2365 4203 2563 4282 tinus,
2589 4203 2669 4270 de
2700 4204 3039 4282 manate,
3064 4207 3344 4268 tractans
3370 4204 3529 4267 illud
3555 4203 3909 4270 verbum¹z

2367 4311 2603 4379 Solvite
2630 4312 2927 4393 templum
2955 4311 3090 4377 Ιιοο.
3126 4312 3447 4378 Dim-unt
3468 4310 3691 4378 Judoei
3712 4331 3737 4375 .·
3759 4310 3915 4384 Qua-

2369 4419 2677 4501 draqinta
2701 4434 2822 4484 sex
2849 4419 3081 4495 annis,
3112 4423 3259 4498 etc„
3290 4419 3382 4481 ibi
3408 4419 3819 4500 Augustinus
3840 4417 3863 4453 ⁸
3894 4435 3907 4476 ε

2377 4549 2408 4588 α
2433 4525 2550 4590 Hic
2577 4543 2887 4589 numerus
2917 4523 3282 4607 perfectioni
3312 4524 3619 4590 dominici
3640 4522 3914 4607 corporis

2369 4635 2688 4715 congruit,
2718 4634 2892 4716 quia,
2926 4638 3002 4696 ut
3025 4632 3243 4696 dicunt
3269 4631 3542 4714 physici,
3574 4636 3671 4697 tot
3697 4631 3913 4697 diebus

2368 4742 2574 4805 forma
2628 4741 2897 4805 humani
2951 4737 3231 4821 corporis
3271 4739 3623 4820 perficitur.
3663 4762 3694 4799 n
3748 4737 3913 4818 Ergo

2368 4865 2503 4912 non
2530 4848 2785 4911 videtur
2811 4845 2983 4928 quod
3023 4862 3254 4928 corpus
3281 4844 3513 4908 Christi
3538 4846 3623 4910 ab
3657 4842 3915 4909 instanti

2369 4953 2795 5035 conceptionis
2839 4952 3282 5033 organizatum
3331 4951 3524 5015 fuerit
3570 4956 3638 5017 et
3683 4953 3915 5016 forma·-

2372 5065 2533 5125 tum.
2568 5058 2633 5124 Si
2678 5065 2750 5124 tu
2779 5058 2980 5135 dicas,
3013 5057 3176 5122 sicut
3204 5057 3355 5121 dicit
3382 5056 3688 5138 Magister
3720 5058 3788 5121 in
3812 5056 3912 5146 lit-

2372 5172 2528 5244 tera,
2575 5168 2747 5249 quod
2789 5165 2912 5231 hoc
2957 5165 3197 5230 dictum
3237 5165 3363 5229 fuit
3403 5172 3665 5248 propter
3710 5165 3913 5249 incre·-

2373 5284 2666 5343 mentum
2693 5277 2901 5358 molis,
2930 5279 3087 5343 tunc
3111 5294 3244 5342 non
3270 5276 3529 5341 videtur
3553 5275 3731 5360 quod
3755 5290 3908 5357 qua-

2373 5426 2453 5476 20.
2480 5424 2573 5462 —⁸
2598 5426 2747 5489 Aug„
2774 5421 2834 5473 de
2863 5422 3064 5479 Tm'm't.‚
3104 5420 3176 5471 lib
3219 5422 3306 5485 lv,
3344 5436 3390 5472 c.
3421 5434 3476 5485 V,
3512 5436 3564 5472 n.
3603 5424 3671 5485 93
3712 5418 3771 5467 de
3807 5415 3905 5465 div.

2379 5498 2558 5559 Quoest.
2584 5495 2849 5556 LXXXIII,
2876 5487 3047 5560 quoad
3073 5504 3300 5542 sensum.
