4185 6288
735 431 853 493 576

734 563 925 638 dum,
966 566 1029 626 et
1075 561 1142 624 in
1187 579 1316 642 quo
1369 564 1464 626 est
1504 559 1984 642 quiescendum.
2012 557 2280 638 Vigorat

736 670 929 734 etiam
976 670 1043 733 in
1074 668 1238 747 hoc,
1268 668 1439 748 quod
1484 667 1690 730 elevat
1729 666 2075 748 potentiam
2107 664 2275 727 adae-

736 782 917 841 terna
942 776 1108 839 bona
1135 774 1543 855 expectanda,
1572 778 1634 836 et
1653 772 1996 854 quamdam
2025 771 2275 834 stabili·

738 888 930 948 tatem
959 883 1016 946 ei
1056 881 1307 958 tribuit,
1337 900 1419 944 ne
1447 899 1561 963 per
1594 880 2101 961 desperationem
2130 897 2276 941 suc-

738 990 1019 1055 cumbat.
1046 987 1122 1052 Et
1143 987 1308 1063 ide0,
1333 989 1502 1052 sicut
1528 989 1683 1052 fides
1710 989 1949 1068 absque
1975 986 2283 1051 charitate

738 1100 946 1164 virtus
999 1098 1293 1162 informis
1354 1102 1448 1162 est
1483 1146 1502 1179 ,
1560 1098 1714 1179 quia
1767 1097 1990 1161 tribuit
2045 1097 2283 1160 animae

739 1206 1085 1289 quamdam
1131 1205 1578 1269 rectitudinem
1623 1208 1687 1267 et
1731 1204 2031 1282 vigorem
2062 1252 2081 1281 ,
2134 1219 2281 1285 quae

738 1311 1040 1396 compleri
1065 1310 1256 1374 habet
1283 1316 1346 1374 et
1373 1310 1589 1393 perssci
1628 1328 1743 1392 per
1768 1312 1997 1390 gratiae
2024 1310 2286 1373 infusio-

740 1437 890 1483 nem
922 1441 937 1482 :
969 1418 1059 1481 sic
1084 1416 1577 1498 intelligendum
1621 1420 1715 1480 est
1756 1422 1817 1480 et
1862 1417 2027 1481 circa
2078 1420 2282 1498 ipsam

741 1542 941 1607 spem.
989 1522 1164 1587 Unde
1217 1529 1278 1587 et
1323 1528 1573 1599 caetera,
1618 1541 1764 1605 quae
1810 1522 1974 1587 dicta
2016 1528 2164 1586 sunt
2207 1522 2286 1586 de

742 1632 867 1696 fide
895 1631 1192 1710 informi,
1222 1634 1488 1712 possunt
1512 1631 1647 1712 spei
1675 1630 1932 1694 informi
1954 1629 2281 1712 applicari.

746 1737 1173 1802 Concedendae
1202 1742 1354 1800 sunt
1392 1754 1551 1815 ergo
1588 1737 1863 1800 rationes
1890 1736 2286 1799 ostendentes

744 1846 879 1928 spei
905 1845 1209 1910 virtutem
1237 1862 1417 1926 posse
1445 1844 1586 1906 fieri
1615 1844 1975 1906 informem.

829 1957 889 2016 1.
924 1953 1017 2015 Ad
1048 1952 1204 2016 illud
1236 1969 1392 2015 vero
1421 1950 1593 2032 quod
1621 1950 1920 2031 objicitur
1948 1950 2016 2012 in
2048 1953 2292 2012 contra-

748 2061 956 2138 rium,
990 2059 1156 2142 quod
1188 2077 1331 2139 spes
1364 2057 1644 2140 procedit
1671 2074 1752 2119 ex
1782 2057 2047 2130 meritiS,
2079 2056 2289 2119 dicen-

748 2171 905 2235 dum
933 2169 1100 2251 quod
1116 2166 1613 2250 quadrupliciter
1635 2169 1843 2246 potest
1867 2163 2098 2244 aliquis
2117 2162 2292 2225 exire

750 2277 818 2339 in
872 2281 1083 2338 actum
1142 2273 1456 2356 sperandi.
1510 2273 1640 2335 Aut
1691 2270 1865 2334 enim
1917 2272 2127 2352 sperat
2174 2268 2293 2331 ha-

751 2384 959 2448 bendo
996 2382 1226 2445 merita
1267 2383 1335 2444 in
1368 2379 1720 2462 proposito,
1751 2384 1814 2442 et
1842 2379 1910 2441 in
1938 2377 2149 2440 radice
2175 2425 2192 2452 ,
2232 2381 2296 2438 et

756 2492 822 2555 in
860 2491 1127 2567 effectu,
1161 2490 1321 2551 sicut
1358 2488 1553 2551 homo
1588 2489 1837 2569 justuS,
1871 2486 1982 2567 qui
2012 2483 2138 2547 Deo
2184 2483 2296 2547 diu

755 2598 1054 2672 servivit3
1088 2600 1201 2659 aut
1243 2598 1450 2676 sperat
1492 2592 1781 2656 habendo
1809 2592 2034 2655 merita
2060 2591 2128 2653 iu
2156 2608 2297 2672 pro-

757 2706 959 2789 posito
987 2709 1049 2767 et
1071 2703 1140 2766 10
1169 2701 1377 2765 radice
1397 2749 1413 2775 ‚
1444 2701 1552 2764 sed
1580 2718 1709 2763 non
1738 2701 1807 2763 in
1838 2699 2101 2775 effectu,
2133 2697 2296 2760 sicut

757 2814 863 2878 ille
888 2813 1001 2895 qui
1041 2814 1188 2876 ante
1227 2810 1471 2873 bonum
1509 2825 1705 2873 usum
1744 2807 2095 2880 virtutum,
2127 2808 2299 2887 post--

759 2938 953 3003 quam
992 2917 1268 2999 suscepit
1297 2916 1603 2996 gratiam,
1639 2919 1927 2996 expectat
1972 2913 2301 2978 beatitudi-

757 3047 905 3092 nem
930 3046 948 3105 ;
978 3031 1090 3089 aut
1116 3029 1323 3107 sperat
1363 3023 1656 3087 habendo
1701 3022 1929 3085 merita
1975 3023 2038 3083 in
2075 3038 2303 3101 propo-

759 3135 878 3199 sito
908 3137 1155 3198 tantum
1174 3180 1193 3210 ‚
1225 3151 1358 3196 non
1384 3130 1452 3194 in
1481 3129 1722 3204 radice,
1751 3148 1867 3193 nec
1920 3128 1982 3191 in
2024 3127 2256 3192 ess'ectu
2278 3176 2297 3206 ,

759 3242 923 3306 sicut
940 3241 1044 3305 ille
1063 3239 1177 3322 qui
1198 3248 1483 3321 peccator
1508 3242 1625 3311 est,
1646 3236 1756 3319 qui
1779 3236 2072 3317 proponit
2100 3235 2304 3299 multa

760 3349 929 3413 bona
968 3348 1203 3424 facere,
1237 3349 1299 3408 et
1339 3363 1455 3427 per
1496 3344 1606 3407 illa
1631 3342 1904 3418 salvari;
1940 3344 2052 3404 aut
2095 3346 2305 3421 sperat

761 3472 893 3519 non
920 3453 1211 3518 habendo
1250 3451 1478 3515 merita
1516 3468 1633 3514 nec
1675 3450 1741 3511 in
1786 3448 2049 3525 effectu,
2084 3466 2202 3510 nec
2237 3448 2306 3511 in

762 3563 1003 3639 radice,
1042 3580 1161 3624 nec
1203 3561 1269 3622 in
1310 3557 1662 3640 proposito,
1708 3556 1872 3619 sicut
1914 3555 2019 3617 ille
2051 3554 2167 3636 qui
2212 3553 2304 3615 fa-

764 3669 987 3735 ciendo
1029 3668 1233 3744 mala,
1278 3670 1340 3729 et
1382 3665 1450 3728 in
1486 3664 1673 3727 malis
1698 3680 2059 3745 proponens
2086 3679 2305 3743 perse-

763 3797 988 3844 verare
1008 3825 1025 3855 ,
1057 3796 1170 3860 per
1197 3775 1396 3840 solam
1426 3773 1537 3837 Dei
1583 3773 2083 3836 misericordiam
2112 3772 2310 3835 credit

767 3908 834 3955 se
881 3893 1324 3954 assecuturum
1373 3884 1646 3967 gloriam
1682 3932 1701 3963 ‚
1747 3885 2045 3964 neglecta
2090 3884 2308 3947 divina

759 3996 1030 4079 justitia.
1078 3993 1332 4058 Primus
1377 3994 1556 4055 actus
1600 3995 1694 4054 est
1738 3990 1870 4074 spei
1917 3991 2207 4054 formatae
2247 3993 2312 4054 et

760 4106 899 4187 jam
931 4102 1330 4177 exercitatae3
1361 4099 1680 4163 secundus
1717 4103 1896 4161 actus
1921 4101 2016 4161 est
2039 4098 2173 4181 spei
2190 4098 2314 4161 for·

769 4219 1005 4291 matae3
1054 4212 1279 4277 tertius
1320 4213 1499 4276 actus
1540 4214 1634 4272 est
1679 4207 1814 4290 spei
1863 4207 2198 4283 informis3
2250 4210 2313 4270 et

772 4326 1040 4404 quartus
1065 4324 1159 4383 est
1180 4318 1379 4401 ipsius
1404 4314 1947 4399 praesumptionis.
1973 4313 2132 4377 Cum
2151 4331 2312 4394 ergo

770 4429 1000 4494 dicitur
1031 4426 1202 4510 quod
1239 4443 1382 4507 spes
1420 4423 1700 4506 procedit
1739 4442 1821 4487 ex
1850 4423 2060 4503 gratia
2097 4425 2159 4485 et
2188 4438 2316 4485 me·

771 4538 944 4617 ritis,
975 4535 1316 4601 dicendum
1345 4531 1516 4614 quod
1562 4536 1676 4595 aut
1714 4530 2024 4595 diffinitur
2052 4528 2143 4591 ibi
2170 4545 2315 4611 spes

774 4651 965 4730 prout
991 4650 1085 4709 est
1108 4643 1315 4708 virtus
1343 4641 1640 4715 formata,
1669 4639 1732 4703 et
1760 4637 1848 4703 sic
1875 4637 2052 4702 nulla
2086 4639 2184 4699 est
2209 4635 2316 4700 ob-

766 4753 962 4835 jectio
989 4750 1067 4817 de
1100 4768 1210 4832 spe
1251 4747 1554 4827 intormi3
1598 4750 1740 4825 aut,
1783 4745 1836 4809 si
1880 4744 2195 4808 diffluitur
2226 4742 2316 4807 ibi

774 4879 915 4944 spes
947 4858 1329 4942 generaliter
1364 4857 1719 4921 secundum
1743 4854 1914 4937 quod
1941 4857 2036 4918 est
2066 4854 2273 4917 virtus
2291 4900 2313 4930 ‚

776 4967 1009 5033 dicitur
1045 4965 1382 5048 procedere
1409 4982 1491 5027 ex
1520 4964 1729 5044 gratia
1764 4968 1828 5026 et
1855 4961 2137 5039 meritis,
2168 4976 2316 5041 quae

777 5078 1036 5161 quidem
1062 5077 1168 5141 vel
1211 5075 1529 5140 habentur
1574 5076 1644 5139 in
1691 5091 1763 5138 re
1781 5120 1800 5151 ‚
1849 5073 1955 5136 vel
1997 5071 2318 5136 habentur

780 5184 850 5248 in
875 5184 1196 5267 proposito
1225 5201 1244 5246 ε
1275 5186 1339 5248 01
1367 5182 1458 5247 sic
1478 5199 1611 5246 non
1649 5183 1745 5245 est
1770 5180 2072 5245 instantia
2102 5178 2184 5243 de
2202 5195 2318 5261 spe

778 5289 1063 5355 informi.
1809 5322 1816 5331 ·

1848 377 2486 488 εΕΝτΕΝΤιΑιιιΙΜ
2509 424 2658 489 me.
2701 425 2808 490 111.

2467 568 2532 626 Ξ.
2584 562 2679 624 Ad
2723 562 2878 626 illud
2923 563 3091 644 quod
3120 560 3929 642 sectmdo'objicitur,jam

2389 674 2556 752 patet
2586 671 2912 752 responsio
2950 689 3065 753 per
3094 670 3251 736 illud
3291 669 3466 751 quod
3493 686 3669 731 nunc
3698 667 3934 731 dictum

2390 782 2487 840 est
2511 778 2638 840 hic.
2670 777 2848 854 Quod
2877 778 3050 841 enim
3080 778 3228 842 dicit
3253 776 3583 856 Magister,
3604 775 3780 856 quod
3804 793 3937 855 spe-

2391 902 2532 947 rare
2560 885 2696 947 sine
2727 885 2969 947 meritis
2991 890 3084 948 est
3113 902 3530 967 praesumere,
3561 883 3685 946 1100
3715 882 3938 946 intelli-

2393 992 2492 1072 git
2526 993 2785 1074 quando
2832 991 3066 1073 aliquis
3106 995 3317 1073 sperat
3360 990 3500 1054 siue
3528 989 3774 1053 meritis
3809 1009 3938 1054 non

2391 1099 2599 1163 solum
2627 1100 2694 1163 in
2727 1118 2824 1177 re,
2856 1099 2965 1163 sed
3004 1098 3196 1162 etiam
3233 1099 3303 1160 in
3337 1096 3658 1180 proposito
3685 1119 3703 1159 ε
3733 1101 3797 1160 01
3823 1095 3940 1161 hoe

2393 1206 2582 1270 modo
2622 1225 2874 1288 sperare
2921 1224 3049 1269 non
3092 1205 3364 1289 pertinet
3401 1204 3482 1268 ad
3525 1222 3710 1286 spem
3742 1204 3938 1269 infor-

2393 1330 2564 1376 mem
2589 1361 2605 1386 ,
2637 1314 2744 1377 sed
2775 1314 2852 1376 ad
2883 1313 3474 1396 praesumptionem.

2473 1424 2533 1482 3.
2569 1420 2665 1483 Ad
2694 1419 2847 1483 illud
2873 1420 3044 1501 quod
3075 1420 3396 1501 objicitur,
3416 1418 3592 1501 quod
3617 1419 3781 1482 fides
3807 1418 3944 1481 ideo

2392 1528 2597 1607 potest
2629 1527 2768 1590 fleri
2809 1526 3131 1605 informiS,
3164 1526 3318 1608 quia
3357 1525 3550 1589 habet
3580 1524 3831 1607 aliquid
3869 1543 3942 1588 ex

2392 1636 2571 1714 parte
2619 1632 3008 1712 intellectus,
3040 1639 3103 1696 et
3144 1633 3387 1714 aliquid
3429 1650 3514 1696 ex
3551 1637 3738 1714 parte
3770 1632 3945 1696 affec-

2395 1743 2530 1814 tuS,
2564 1739 2905 1803 dicendum
2937 1739 3111 1821 quod
3144 1741 3263 1802 ista
3291 1757 3424 1804 non
3451 1745 3548 1803 est
3577 1743 3714 1802 tota
3745 1740 3939 1815 ratic,

2395 1846 2504 1909 sed
2531 1845 2701 1924 haec,
2748 1846 3062 1927 quoniam
3089 1846 3346 1909 habitus
3391 1846 3536 1910 fidei
3585 1846 3784 1909 habet
3832 1847 3938 1908 ali·

2395 1972 2593 2035 quam
2617 1952 3058 2016 rectitudinem
3085 1958 3147 2016 et
3170 1954 3466 2033 vigorem
3499 1954 3568 2015 iu
3602 1954 3752 2031 hoc,
3781 1953 3944 2035 quod

2397 2058 2548 2122 facit
2593 2059 2845 2123 credere
2893 2060 3113 2123 omnia
3153 2060 3508 2136 credibilia,
3547 2064 3615 2122 et
3667 2060 3946 2123 excludit

2400 2185 2680 2231 errorem
2709 2172 2771 2230 et
2799 2167 3232 2231 infidelitatem
3268 2189 3282 2230 ε
3315 2165 3427 2248 qui
3456 2166 3725 2248 quidem
3759 2169 3946 2249 vigor

2398 2278 2760 2357 potestesse
2805 2273 3044 2355 absque
3087 2274 3298 2354 gratia
3334 2279 3599 2354 gratum
3629 2275 3941 2338 faciente:

2402 2385 2460 2443 et
2489 2380 2660 2442 hunc
2691 2385 2785 2443 est
2813 2381 3091 2460 reperire
3120 2381 3190 2443 in
3220 2399 3366 2461 spe,
3399 2399 3548 2461 quae
3571 2381 3723 2443 facit
3755 2382 3949 2444 vitare

2401 2488 2965 2569 praesumptionem
3015 2492 3077 2550 et
3124 2488 3632 2568 desperationem
3663 2536 3685 2565 ,
3744 2494 3808 2551 et
3852 2507 3951 2551 03-

2412 2601 2657 2677 pectare
2681 2597 2897 2660 omnia
2924 2595 3333 2678 expectanda.
3359 2595 3434 2658 Et
3459 2597 3617 2677 quia
3638 2597 3766 2660 ista
3793 2599 3946 2660 ratio

2406 2706 2722 2786 reperitur
2757 2703 3117 2768 communis
3149 2703 3494 2785 utrobique
3517 2749 3536 2781 ‚
3585 2703 3730 2766 ideo
3757 2708 3952 2786 potest

2404 2829 2546 2892 spes
2573 2828 2706 2874 esse
2735 2811 3055 2890 informis,
3087 2811 3250 2874 sicut
3287 2814 3352 2874 et
3380 2810 3517 2892 ipsa
3542 2810 3732 2873 fideS.
3764 2810 3953 2872 Secus

2406 2922 2622 2981 autem
2649 2923 2742 2981 est
2780 2918 2858 2981 de
2885 2919 3220 2995 charitate,
3252 2918 3416 2981 sicut
3457 2917 3664 2981 infra¹
3707 2918 3953 2981 videbi-

2410 3030 2516 3088 tur
2573 3044 2691 3089 suo
2718 3024 2857 3089 loco
2885 3043 2904 3089 ι
2934 3026 3102 3089 idem
3143 3025 3308 3089 ratio
3337 3042 3471 3088 non
3499 3024 3952 3097 concludebat,

2408 3134 2563 3216 quia
2589 3153 2718 3199 non
2745 3152 3005 3198 causam
3034 3132 3378 3215 accipiebat
3399 3151 3515 3215 pro
3545 3151 3764 3196 causa.

2490 3246 2551 3305 4.
2607 3241 2701 3305 Ad
2751 3241 2909 3305 illud
2956 3242 3128 3323 quod
3178 3241 3480 3323 objicitur
3505 3289 3524 3318 ,
3583 3241 3761 3323 quod
3817 3259 3956 3323 spes

2411 3367 2661 3431 semper
2722 3349 2915 3412 habet
2980 3367 3198 3413 secum
3262 3349 3631 3430 adjunctam
3689 3349 3956 3414 tenden-

2412 3456 2598 3533 tiam,
2624 3457 2974 3539 respondeo
3008 3457 3345 3521 dicendum
3371 3505 3390 3536 ‚
3416 3456 3588 3539 quod
3633 3457 3956 3521 tendentia

2411 3564 2648 3646 duplex
2701 3570 2814 3629 est..
2865 3565 3172 3641 Quaedam
3237 3566 3409 3629 euim
3472 3571 3566 3629 est
3631 3566 3957 3630 tendentia

2412 3671 2636 3753 plena,
2669 3676 2732 3735 et
2769 3671 2892 3735 ista
2939 3676 3033 3735 est
3063 3691 3102 3734 a
3129 3672 3335 3752 gratia
3381 3677 3687 3753 operante
3728 3676 3793 3736 et
3818 3691 3955 3737 coo-

2415 3784 2675 3861 perante
2731 3801 2748 3842 :
2794 3784 2858 3842 et
2903 3778 3045 3842 haec
3087 3779 3235 3841 facit
3278 3778 3586 3842 virtutem
3633 3798 3775 3843 esse
3827 3779 3958 3842 for-

2416 3890 2676 3949 matam.
2705 3884 3010 3962 Quaedam
3040 3890 3255 3948 autem
3289 3888 3384 3948 est
3421 3884 3750 3948 tendentia
3778 3886 3958 3948 031115

2415 3996 2479 4056 et
2500 3991 2873 4073 semiplena,
2904 3993 3067 4056 sicut
3090 3992 3320 4055 dicitur
3347 3991 3424 4055 de
3451 3991 3665 4074 pigre,
3687 3994 3804 4074 qui
3825 3992 3958 4055 vult

2417 4104 2479 4164 et
2506 4118 2633 4163 non
2664 4101 2828 4164 vult.
2858 4100 2935 4164 Et
2961 4100 3081 4163 ista
3111 4099 3372 4182 quidem
3400 4098 3732 4162 tendentia
3763 4105 3957 4181 potest

2417 4208 2567 4273 dare
2594 4208 2873 4290 aliquam
2916 4206 3359 4272 rectitudinem
3402 4210 3466 4269 et
3502 4206 3804 4287 vigorem
3841 4208 3954 4289 ipsi

2419 4316 2768 4394 voluntati,
2798 4319 2862 4378 et
2895 4315 3157 4397 sortitur
3191 4331 3428 4378 nomen
3459 4313 3720 4377 virtutis
3762 4332 3954 4395 gene·

2419 4424 2634 4489 raliter
2674 4427 2987 4505 acceptae,
3017 4439 3147 4485 non
3196 4421 3452 4485 virtutis
3495 4422 3799 4503 gratuitae
3840 4446 3858 4486 ;
3901 4430 3960 4487 et

2419 4530 2559 4595 ideo
2594 4533 2766 4595 tenet
2810 4530 3120 4593 rationem
3170 4508 3427 4593 virtutis
3464 4529 3795 4606 informiS,
3835 4548 3958 4593 non

2421 4636 2734 4699 rationem
2762 4636 3016 4699 virtutis
3058 4636 3368 4699 formatae.
3415 4634 3577 4700 Cum
3614 4641 3838 4700 autem
3867 4638 3958 4700 di-

2421 4742 2588 4807 citur
2613 4743 2782 4825 quod
2830 4743 3150 4806 tendentia
3174 4742 3244 4806 in
3270 4742 3475 4807 Deum
3509 4743 3654 4807 facit
3686 4743 3956 4807 creduli·

2422 4853 2617 4913 tatem
2637 4868 2772 4913 esse
2799 4850 3158 4927 formatam,
3188 4849 3311 4913 hoc
3329 4850 3714 4931 intelligitur
3734 4851 3813 4915 de
3835 4855 3959 4914 ten-

2423 4954 2634 5019 dentia
2672 4973 2820 5038 quae
2859 4962 2955 5019 est
2992 4973 3034 5019 a
3077 4956 3405 5022 voluntate
3450 4957 3786 5040 plenaria:
3826 4958 3959 5022 haee

2423 5067 2640 5127 autem
2680 5081 2810 5126 non
2858 5066 3063 5145 potest
3103 5082 3239 5128 esse
3283 5064 3515 5147 nec-in
3569 5078 3720 5148 spe,
3753 5083 3872 5130 nec
3898 5066 3957 5127 in

2422 5170 2548 5235 fide
2572 5169 2708 5236 sine
2732 5170 2975 5253 gratia,
3004 5175 3125 5236 etc.

2489 5300 2505 5332 ¹
2534 5298 2660 5348 Dist.
2689 5309 2857 5360 nvn,
2888 5303 2984 5350 art.
3012 5303 3055 5359 1,
3078 5313 3128 5362 q.
3159 5311 3239 5350 ιιι.
