4185 6288
1250 488 1444 555 mST.
1488 487 1757 555 XXVIII.
1800 484 1987 556 ΛΒΤ.
2032 487 2080 554 Ι.
2121 487 2422 567 QUAEST.
2470 490 2546 556 11.

375 622 436 683 4.
477 618 576 685 Ad
602 620 760 688 illud
785 623 953 706 quod
983 624 1309 706 objicitur,
1337 626 1509 706 quod
1538 623 1745 689 virtus
1771 626 1833 687 et

296 725 523 789 vitium
563 728 801 793 habent
844 748 982 794 esse
1027 733 1193 796 circa
1238 731 1442 811 idem,
1483 731 1831 796 dicendum

291 833 463 915 quod
497 835 654 900 illud
696 843 1156 918 argumentum
1192 839 1526 920 dupliciter
1564 843 1779 921 peccat
1809 860 1824 901 ε

292 943 518 1026 prim0,
551 948 703 1029 quia
746 952 1042 1032 quamvis
1085 951 1288 1016 virtus
1331 956 1396 1016 et
1430 952 1665 1017 vitium
1714 951 1831 1015 ha-

290 1052 478 1116 beant
504 1071 641 1118 esse
668 1054 833 1120 circa
860 1056 1028 1121 idem
1055 1059 1439 1141 subjectum,
1457 1077 1589 1122 non
1616 1063 1830 1122 tamen

288 1163 533 1241 oportet
560 1163 731 1243 quod
771 1165 1154 1245 generaliter
1178 1166 1454 1231 habeant
1485 1184 1619 1230 esse
1665 1166 1830 1229 circa

287 1265 455 1329 idem
498 1268 865 1351 obiectum:
898 1272 1084 1354 plura
1125 1273 1297 1336 enim
1346 1273 1707 1355 exiguntur
1750 1272 1828 1337 ad

287 1372 611 1453 virtutem,
643 1396 839 1459 quam
868 1378 948 1443 ad
976 1379 1227 1443 vitium.
1261 1378 1407 1444 Ideo
1442 1381 1492 1443 si
1522 1381 1688 1443 circa
1712 1379 1830 1443 ali-

285 1469 440 1562 quid
476 1486 675 1564 potaet
707 1484 1049 1548 consistere
1092 1484 1363 1562 vitium,
1393 1504 1524 1549 non
1572 1489 1831 1567 propter

286 1587 406 1651 hoc
428 1590 720 1671 sequitur
743 1591 916 1674 quod
942 1595 1006 1654 et
1033 1590 1260 1656 virtus.
1294 1591 1476 1657 Alius
1507 1594 1698 1657 etiam
1726 1594 1830 1657 de-

290 1695 485 1760 fectus
529 1701 644 1776 est,
695 1698 850 1780 quia
892 1698 1040 1762 licet
1078 1699 1352 1763 charitas
1391 1700 1472 1763 sit
1517 1705 1728 1765 motus
1768 1705 1829 1764 et

288 1820 469 1866 amor
525 1804 809 1886 specialis
830 1853 847 1881 ,
901 1823 1032 1868 non
1092 1810 1306 1870 tamen
1365 1810 1611 1888 oportet
1656 1808 1826 1889 quod

290 1913 453 1978 circa
506 1914 673 1979 idem
730 1917 1027 1981 consistat
1083 1916 1356 1981 charitas
1379 1967 1396 1995 ,
1444 1918 1608 1982 circa
1656 1919 1826 2000 quod

288 2021 572 2085 consistit
632 2022 956 2104 quodlibet
1016 2022 1284 2104 speciale
1352 2025 1603 2088 vitium.
1651 2024 1828 2089 Unde

286 2127 583 2208 quamvis
609 2128 919 2212 cupiditas
945 2131 1246 2196 consistat
1272 2132 1436 2196 circa
1470 2133 1636 2195 bona
1663 2137 1822 2196 tem-

288 2234 549 2315 poralia,
569 2253 700 2299 non
725 2240 971 2319 oportet
994 2237 1168 2319 quod
1191 2239 1359 2302 circa
1384 2238 1492 2301 illa
1517 2239 1600 2302 sit
1623 2240 1827 2304 virtus

288 2340 646 2420 charitatis,
676 2343 785 2406 sed
813 2344 1045 2408 sufficit
1072 2345 1244 2427 quod
1284 2346 1365 2408 sit
1389 2347 1597 2409 virtus
1622 2346 1828 2428 largi-

290 2447 454 2511 tatis.
489 2447 567 2512 Et
594 2449 736 2512 ideo
760 2469 888 2514 non
912 2456 1158 2533 oportet
1183 2451 1555 2533 hujusmodi
1580 2460 1824 2536 tempo-

289 2553 448 2618 ralia
492 2573 575 2621 ex
619 2557 922 2622 charitate
968 2560 1206 2636 amari,
1249 2561 1357 2624 sed
1400 2579 1482 2624 ex
1536 2560 1826 2641 largitate

139 2725 155 2740 ‚
287 2661 583 2740 retineri,
618 2667 682 2726 et
703 2664 1049 2746 dispensari
1078 2666 1159 2729 ab
1187 2684 1285 2746 eo,
1327 2668 1440 2748 qui
1479 2670 1667 2746 Juxta
1711 2686 1825 2732 eo-

94 4969 207 5015 Opp-

284 2786 436 2831 rum
463 2769 745 2833 valorem
773 2771 952 2835 novit
976 2772 1197 2836 eadem
1223 2773 1582 2855 appretiari.

368 2880 427 2938 5.
459 2875 555 2939 Ad
584 2876 739 2940 illud
775 2877 947 2958 quod
976 2878 1271 2961 objicitur
1295 2879 1374 2941 de
1401 2897 1509 2956 e0‚
1541 2880 1651 2962 qui
1679 2879 1827 2943 dili-

286 2984 383 3065 git
409 2984 809 3066 temporalia,
842 2990 914 3049 ut
939 3003 1055 3067 per
1093 2986 1202 3050 illa
1231 2987 1356 3050 Deo
1398 2989 1660 3065 serviat,
1684 2990 1823 3070 jam

287 3090 457 3169 patet
481 3088 804 3170 responsio
831 3107 943 3172 per
969 3107 1045 3154 ea
1071 3108 1220 3173 quae
1249 3089 1413 3154 dicta
1441 3094 1594 3154 sunt
1627 3113 1641 3155 ε
1675 3093 1826 3173 quia

286 3195 391 3260 ille
420 3201 632 3260 motus
675 3200 829 3260 tunc
855 3202 948 3262 est
974 3198 1374 3275 meritorius,
1407 3216 1538 3262 non
1566 3199 1718 3280 quia
1743 3199 1825 3263 sit

282 3320 324 3365 a
351 3302 652 3366 charitate
675 3302 986 3383 eliciente,
1017 3305 1125 3369 sed
1152 3304 1307 3383 quia
1335 3310 1430 3368 est
1455 3325 1493 3368 a
1521 3306 1822 3370 charitate

280 3409 655 3492 imperante,
686 3411 848 3475 sicut
892 3412 984 3475 ire
1020 3412 1094 3476 ad
1142 3411 1447 3477 Sanctum
1485 3412 1815 3489 Jacobum,

277 3514 380 3580 vel
428 3516 633 3581 facere
673 3517 1121 3600 quodcumque
1174 3517 1347 3583 aliud
1394 3538 1555 3601 opus
1597 3520 1665 3583 in
1709 3520 1817 3584 Dei

275 3622 679 3703 obsequium.
714 3620 1049 3702 Praeterea,
1081 3644 1228 3688 cum
1259 3625 1404 3707 quis
1433 3625 1639 3706 diligit
1666 3630 1820 3689 tem-

273 3727 515 3810 poralia
577 3730 657 3794 ad
714 3730 1123 3795 serviendum
1193 3731 1317 3796 Deo
1341 3781 1357 3807 ,
1405 3732 1653 3796 affectio
1701 3751 1820 3797 sua

272 3838 566 3901 versatur
610 3837 777 3900 circa
822 3856 974 3903 eum
1017 3839 1124 3903 cui
1165 3839 1309 3905 vult
1349 3840 1623 3917 servire,
1655 3840 1818 3904 sicut

271 3942 451 4024 prius
476 3948 717 4008 tactum
742 3949 855 4008 est.
904 3944 980 4009 Et
1008 3945 1148 4009 ideo
1177 3963 1261 4011 ex
1286 3946 1407 4009 hoc
1433 3964 1567 4009 non
1613 3952 1818 4028 potest

270 4050 587 4131 concludi,
620 4051 792 4134 quod
818 4053 968 4117 talia
996 4052 1353 4126 diliguntur
1377 4072 1460 4116 ex
1482 4052 1813 4131 charitate,

271 4156 396 4219 nisi
451 4157 634 4222 valde
695 4162 957 4223 extenso
1017 4159 1300 4224 nomine.
1348 4157 1510 4223 Nam
1562 4161 1814 4243 proprie

268 4263 428 4327 nihil
452 4281 534 4327 ex
562 4264 868 4329 charitate
897 4264 1189 4346 diligitur
1211 4313 1228 4342 ,
1266 4266 1435 4329 circa
1460 4268 1630 4349 quod
1658 4268 1812 4332 cha-

265 4371 419 4437 ritas
444 4389 574 4436 non
606 4372 785 4454 ponit
808 4371 1109 4437 affectum
1138 4372 1497 4454 specialem.

800 4586 1158 4665 QUAESTIO
1202 4588 1278 4653 11.

409 4750 500 4806 An
527 4749 782 4807 daetnones
809 4750 1074 4823 diliqendi
1098 4753 1212 4807 sint
1239 4767 1305 4808 σω
1331 4752 1600 4810 charitate
1624 4753 1662 4806 ¹.

351 4909 576 4976 Utrum
612 4928 694 4974 ex
737 4910 1040 4975 charitate
1074 4911 1387 4992 diligendi
1413 4911 1539 4976 sint
1566 4910 1807 4978 daemo-

269 5036 423 5092 nes;
452 5022 516 5082 et
546 5018 719 5100 quod
759 5018 872 5096 sic,
916 5018 1170 5083 videtur
1199 5027 1224 5061 ¹
1256 5041 1272 5084 z
1308 5019 1552 5102 Diliqes
1587 5023 1810 5102 prosci-

269 5142 443 5191 mum
515 5124 596 5207 (a)
668 5130 871 5203 tuum,
931 5126 1100 5191 sicut
1154 5130 1210 5192 te
1265 5128 1478 5208 ipsum
1498 5145 1522 5192 .·
1550 5126 1802 5193 Glossa:

333 5243 351 5278 ¹
383 5242 462 5306 Cf.
487 5241 628 5292 Alex.
661 5240 881 5302 Alensis,
903 5241 1064 5304 Cant„
1093 5255 1145 5304 p.
1179 5242 1265 5298 ΙΙΙ,
1284 5243 1402 5293 coll.
1426 5255 1572 5303 Lxm,
1619 5249 1713 5295 art.
1739 5248 1803 5308 23
1853 5260 1864 5273 ·

268 5317 322 5366 S.
341 5314 545 5378 Thom.,
570 5314 680 5363 ll-lt
697 5351 711 5373 ,
731 5323 916 5377 (μων,
935 5318 1028 5362 art.
1050 5318 1099 5362 11
1120 5328 1135 5375 ;
1154 5317 1205 5363 et
1226 5314 1457 5371 lltSent„
1480 5315 1595 5365 dist.
1619 5327 1802 5375 xxvm,

265 5405 319 5455 q.
353 5403 391 5453 1,
419 5394 516 5440 art.
547 5394 605 5453 53
645 5388 945 5447 aichardus,
978 5389 1039 5436 ΙΙΙ
1081 5388 1360 5454 Sent.‚dist.
1405 5402 1590 5451 xxvm,
1615 5427 1629 5450 ,
1665 5405 1718 5456 q.
1758 5403 1798 5440 1.-

329 5471 396 5536 (a)
428 5469 568 5535 ναῖς.
594 5469 832 5520 amicum.

3365 490 3485 551 633

1954 646 1985 683 a
2013 624 2355 689 Proximus
2402 642 2535 691 non
2580 625 2960 708 proprietate
3009 622 3341 705 sanguinis
3378 621 3480 684 in·

1938 729 2321 813 telligendus
2354 735 2450 795 est
2469 781 2488 810 ,
2518 732 2625 797 sed
2653 733 2943 797 societate
2972 730 3252 797 rationis.
3290 752 3321 789 ι
3358 727 3482 793 Sed

1936 838 2262 904 daemones
2305 843 2457 904 sunt
2508 840 2848 906 rationales
2893 863 2908 905 :
2953 859 3110 922 ergo
3161 840 3484 904 daemones

1936 949 2088 1011 sunt
2128 947 2404 1030 proximi
2459 947 2660 1012 nostri
2702 969 2718 1011 ε
2759 948 2810 1010 si
2863 966 3021 1028 ergo
3076 945 3349 1029 proximi
3398 961 3482 1013 ex

1936 1052 2240 1118 charitate
2289 1054 2591 1134 diligendi
2647 1059 2826 1132 sunt,
2886 1054 3138 1119 videtur
3192 1053 3365 1136 quod
3418 1057 3484 1119 et

1936 1159 2283 1224 daemones.

2015 1270 2074 1330 2.
2129 1266 2285 1331 Item
2337 1268 2496 1332 ratio
2555 1267 2862 1348 diligendi
2928 1269 3297 1350 proximum
3359 1271 3475 1347 est,

1935 1375 2087 1455 quia
2112 1378 2210 1439 est
2252 1376 2329 1440 ad
2362 1375 2471 1440 Dei
2500 1376 2847 1456 imaginem
2879 1403 2895 1455 3
2927 1376 3037 1441 sed
3087 1377 3254 1440 hanc
3292 1376 3479 1441 estin

1934 1481 2357 1558 daemonibus
2379 1482 2654 1563 reperire
2678 1504 2694 1546 z
2726 1500 2883 1561 ergo
2907 1500 3054 1546 cum
3086 1483 3153 1547 in
3177 1483 3271 1547 eis
3292 1500 3480 1557 repc-

1933 1589 2139 1653 riatur
2172 1589 2335 1652 ratio
2364 1587 2692 1669 diligendi,
2741 1587 2994 1652 videtur
3032 1589 3199 1670 quod
3229 1607 3336 1655 eos
3361 1592 3473 1654 de-

1934 1697 2201 1761 beamus
2228 1716 2306 1761 ex
2336 1696 2639 1760 charitate
2670 1695 2958 1778 diligere.

2014 1808 2072 1869 3.
2121 1805 2279 1870 Item
2324 1803 2538 1886 angeli
2561 1852 2578 1881 ,
2617 1808 2960 1885 antequam
3009 1809 3369 1885 peccarent,
3400 1824 3482 1869 ex

1934 1910 2242 1975 charitate
2287 1910 2596 1992 diligendi
2644 1916 2858 1986 erant,
2902 1914 3159 1992 propter
3209 1930 3284 1975 ea
3333 1929 3480 1993 quae

1934 2016 2255 2081 habebant
2293 2017 2363 2080 in
2402 2036 2468 2081 se
2502 2040 2518 2081 ε
2552 2016 2661 2081 sed
2693 2016 3028 2099 Dionysius
3054 2017 3204 2081 dicit
3233 2023 3278 2093 ⁸,
3308 2018 3481 2099 quod

1932 2125 2259 2189 daemones
2277 2125 2513 2188 habent
2531 2125 2651 2189 sibi
2677 2126 2820 2189 data
2838 2124 3090 2204 integra
3115 2129 3177 2188 et
3202 2125 3481 2207 splendi-

1933 2229 2194 2294 dissima
2228 2252 2242 2290 t
2275 2249 2435 2308 ergo
2462 2231 2517 2293 si
2546 2234 2702 2295 tunc
2736 2250 2818 2294 ex
2844 2230 3148 2295 charitate
3173 2231 3479 2312 diligendi

1932 2344 2114 2404 erant
2156 2346 2412 2423 propter
2452 2360 2527 2406 ea
2572 2360 2719 2424 quae
2760 2347 2913 2406 tunc
2950 2341 3307 2421 habebant,
3338 2344 3479 2425 pari

1932 2447 2179 2511 ratione
2209 2447 2465 2511 videtur
2490 2448 2660 2531 quod
2685 2466 2861 2512 nunc
2886 2448 3228 2513 debeamus
3265 2468 3372 2514 eos
3399 2469 3478 2515 ex

1933 2551 2236 2615 charitate
2262 2551 2550 2631 diligere.

2010 2663 2069 2722 4.
2144 2657 2301 2722 Item
2368 2678 2452 2724 ex
2515 2659 2816 2726 charitate
2861 2662 3164 2726 debemus
3210 2663 3477 2745 diligere

1930 2782 2352 2848 quaecumque
2380 2767 2623 2832 faciunt
2645 2768 2725 2833 ad
2756 2769 3093 2833 cumulum
3115 2771 3316 2835 nostri
3343 2791 3475 2836 me-

1929 2872 2037 2935 riti
2070 2896 2084 2936 :
2116 2873 2226 2936 sed
2254 2874 2577 2938 daemones
2602 2894 2718 2938 uos
2751 2879 3061 2940 tentantes
3088 2882 3153 2941 et
3171 2883 3478 2943 vexantes

1930 2979 2172 3044 faciunt
2197 2980 2276 3043 ad
2304 2981 2503 3044 nostri
2532 2982 2742 3045 meriti
2771 2983 3103 3047 cumulum
3133 3004 3148 3046 ε
3181 3001 3337 3063 ergo
3364 2986 3472 3049 vi·

1930 3086 2115 3152 detur
2140 3087 2310 3170 quod
2337 3107 2421 3152 ex
2450 3087 2754 3153 charitate
2778 3088 3082 3170 diligendi
3109 3095 3278 3155 sunt.

2009 3197 2068 3258 5.
2108 3194 2264 3258 Item
2290 3214 2370 3259 ex
2398 3196 2702 3259 charitate
2726 3196 3130 3277 diligendum
3157 3201 3250 3261 est
3275 3215 3469 3264 omne

1928 3303 2098 3384 quod
2143 3303 2291 3367 facit
2339 3302 2419 3367 ad
2460 3302 2570 3367 Dei
2598 3304 2931 3382 honorem,
2961 3308 3024 3366 et
3053 3304 3344 3368 decorem
3372 3305 3471 3369 di-

1931 3411 2099 3474 vinae
2121 3410 2385 3491 Justitiae
2417 3429 2433 3471 z
2464 3411 2571 3474 sed
2598 3410 2921 3475 daemones
2944 3459 2960 3489 ,
2989 3410 3068 3474 de
3096 3412 3257 3476 coelo
3289 3412 3470 3493 ejecti
3550 3410 3555 3419 ’

1927 3522 1989 3581 et
2026 3518 2231 3599 poenis
2271 3516 2575 3598 subjecti,
2612 3517 2852 3580 faciunt
2900 3517 2980 3579 ad
3019 3517 3473 3583 manifestatio·

1927 3643 2075 3688 nem
2103 3625 2339 3688 divinae
2362 3625 2627 3706 justitiae
2658 3643 2676 3689 ε
2708 3642 2865 3705 ergo
2910 3623 3165 3689 videtur
3192 3626 3365 3707 quod
3389 3644 3473 3691 ex

1925 3732 2229 3796 charitate
2258 3732 2385 3795 sint
2410 3732 2739 3813 diligendi.
2773 3731 2990 3796 Prima
3016 3732 3107 3795 sic
3123 3732 3471 3815 probatur:

1924 3839 2077 3921 quia
2106 3839 2377 3902 charitas
2405 3839 2614 3920 diligit
2643 3839 3126 3914 beatitudinem,
3155 3843 3219 3902 et
3235 3841 3474 3922 appetit

1924 3944 2269 4009 beatificari
2315 3946 2386 4008 in
2438 3945 2564 4010 Deo
2597 3965 2613 4009 ε
2645 3946 2788 4009 ideo
2832 3946 3040 4026 diligit
3064 3963 3257 4009 omne
3281 3946 3464 4028 illud,

1922 4055 2092 4136 quod
2121 4054 2321 4118 estad
2349 4053 2810 4118 beatitudinem
2855 4052 3218 4117 ordinatum
3251 4073 3267 4118 ε
3306 4070 3467 4135 ergo

1924 4163 2060 4243 pari
2104 4161 2347 4226 ratione
2387 4179 2540 4224 cum
2588 4160 2862 4224 charitas
2890 4158 3112 4239 diligat
3141 4156 3248 4222 Dei
3272 4159 3469 4222 hono-

1920 4288 2058 4333 rem
2086 4272 2152 4332 et
2178 4268 2459 4343 laudem,
2489 4266 2704 4348 diligit
2728 4283 2919 4331 omne
2952 4265 3109 4329 illud
3149 4265 3323 4347 quod
3360 4265 3462 4329 fa·

1919 4376 2006 4440 cit
2031 4375 2110 4438 ad
2145 4374 2702 4457 amplificationem
2731 4373 2936 4438 laudis
2960 4372 3219 4437 divinae.
3255 4371 3463 4437 Minor

1919 4488 2016 4549 est
2042 4484 2374 4548 manifesta
2401 4498 2515 4565 per
2537 4499 2627 4546 se.

1999 4591 2121 4655 Sed
2149 4594 2402 4654 contra:
2438 4587 2512 4652 ln
2540 4587 2840 4652 mandato
2867 4586 3217 4651 dilectionis
3245 4587 3464 4668 proxi-
3495 4611 3702 4656 ranam.

1919 4699 2008 4761 mi
2033 4694 2413 4780 'praecipitur
2435 4744 2452 4773 ,
2492 4699 2566 4759 ut
2605 4696 2799 4760 homo
2844 4695 3067 4776 diligat
3094 4695 3463 4776 proximum

1918 4806 2083 4870 sicut
2131 4806 2412 4887 seipsum
2464 4825 2478 4866 ε
2524 4803 2697 4885 quod
2770 4820 3096 4884 exponens
3148 4802 3464 4884 Augusti-

1920 4931 2045 4976 nus
2070 4918 2092 4952 *
2118 4911 2271 4976 dicit
2302 4930 2319 4973 x
2351 4934 2380 4972 α
2406 4912 2588 4976 Sicut
2617 4911 2913 4992 teipsum,
2947 4910 3010 4974 id
3036 4914 3151 4991 est,
3182 4911 3264 4976 ad
3288 4911 3460 4994 quod

1915 5112 2097 5162 Thom.
2142 5114 2371 5176 Argent,
2414 5111 2474 5160 ΙΙΙ
2513 5111 2670 5173 Seni„
2708 5110 2822 5161 dist.
2867 5122 3047 5168 xxvnu,
3085 5125 3137 5175 q.
3170 5123 3215 5175 1,
3262 5115 3359 5162 art.
3397 5115 3462 5178 ὸς

1918 5183 2091 5247 Steph.
2123 5182 2330 5243 Brutef„
2353 5183 2413 5230 tlt
2444 5182 2601 5244 Seni„
2626 5182 2741 5231 dist.
2774 5193 2958 5244 xxvm,
2991 5197 3041 5247 q.
3070 5195 3138 5246 113
3166 5184 3292 5233 Gab.
3316 5184 3463 5250 Biel.,

1921 5258 1981 5305 ΙΙΙ
2009 5256 2169 5314 Seni„
2198 5255 2516 5313 dist.xxv111‚
2540 5267 2591 5317 q.
2617 5266 2655 5319 1,
2685 5254 2809 5305 dub.
2839 5267 2898 5305 ιι.
2918 5281 2976 5292 -
3004 5257 3026 5290 ¹
3052 5256 3228 5320 Levit.,
3249 5268 3366 5321 xix,
3390 5260 3463 5308 18.

1916 5355 1977 5366 -
1996 5330 2016 5363 ³
2035 5329 2266 5387 Diome„
2288 5325 2348 5375 de
2380 5325 2489 5374 Diu.
2519 5325 2686 5389 Nom,
2713 5342 2759 5377 c.
2788 5338 2854 5375 iv.
2873 5353 2935 5365 --
2954 5327 2976 5361 ὅ
3004 5327 3090 5379 Sic
3118 5328 3325 5379 adducit
3351 5329 3467 5379 Ma-

1917 5400 2075 5465 gister
2099 5401 2153 5450 in
2176 5400 2377 5461 littera;
2398 5396 2486 5448 ubi
2502 5401 2678 5449 tamen
2710 5399 2807 5450 hoc
2826 5398 2960 5450 dicat.
2990 5401 3317 5466 Augustinus,
3358 5415 3465 5451 non

1917 5472 2111 5536 inveni,
2137 5472 2234 5522 nisi
2261 5472 2313 5521 in
2335 5484 2503 5522 sensu.
