4185 6288
747 451 830 515 gg
1872 440 2494 512 SENTENTIARUM
2531 448 2681 516 LIB.
2726 451 2834 517 111.

753 586 1042 669 Angelus
1070 583 1511 651 annuntiabat.
1522 582 1599 648 Et
1625 582 1931 666 qnoniam
1953 583 2159 645 mater
2183 579 2294 645 Dei

755 710 888 758 non
907 696 1091 770 esset,
1116 692 1242 757 nisi
1270 691 1438 757 Deus
1463 691 1688 757 unitus
1713 693 1875 755 esset
1901 688 2074 753 carni
2099 706 2295 770 quam

756 802 1164 881 conceperat;
1215 802 1279 862 et
1323 815 1471 862 caro
1525 815 1641 861 nec
1684 795 1809 860 Deo
1826 843 1844 873 ,
1896 812 2014 858 nec
2063 793 2298 858 animae

757 914 1169 990 congrueret,
1204 909 1330 973 nisi
1380 909 1645 973 haberet
1676 906 2115 972 membrorum
2164 906 2289 968 dis-

757 1016 1126 1082 tinctionem
1172 1018 1656 1082 convenientem
1696 1038 1713 1080 :
1752 1015 1902 1077 hinc
1946 1015 2075 1090 est,
2128 1012 2300 1094 quod

757 1121 839 1186 ab
878 1123 1139 1187 instanti
1176 1123 1600 1205 conceptionis
1636 1138 1869 1204 corpus
1907 1118 2137 1183 Christi
2183 1118 2299 1182 de-

758 1229 898 1294 buit
927 1232 995 1294 in
1029 1232 1471 1296 membrorum
1508 1228 1906 1296 distinctione
1949 1226 2299 1310 perfeetum

758 1354 913 1402 esse.
946 1338 1127 1404 Unde
1168 1340 1582 1405 concedendae
1610 1342 1760 1403 sunt
1794 1336 2070 1400 rationes
2099 1334 2179 1399 ad
2221 1334 2302 1397 is·

758 1449 890 1510 tam
916 1451 1162 1529 partem
1191 1448 1493 1512 inductae.

842 1560 901 1618 1.
937 1554 1035 1618 Ad
1067 1554 1223 1619 illud
1261 1557 1434 1638 quod
1460 1556 1805 1638 opponitur
1823 1600 1840 1632 ,
1870 1551 2043 1635 quod
2072 1568 2303 1614 nume-

760 1679 875 1726 rus
917 1663 1344 1744 quadraginta
1378 1682 1493 1726 sex
1535 1662 1785 1726 dierum
1831 1658 2131 1725 convenit
2164 1676 2303 1740 per-

760 1769 1014 1833 fectioni
1057 1771 1339 1852 corporis
1380 1769 1714 1846 dominici,
1746 1767 2084 1832 dicendum
2129 1766 2304 1848 quod

759 1876 830 1940 in
853 1875 1182 1959 Scriptura
1203 1879 1566 1960 frequenter
1585 1895 1687 1941 res
1711 1887 1862 1939 tunc
1885 1874 2117 1938 dicitur
2138 1873 2300 1953 fieri,

762 2004 912 2050 cum
951 1987 1284 2077 innotescit
1328 2010 1343 2051 z
1389 1992 1453 2051 et
1497 2005 1607 2070 per
1646 1987 1821 2051 hunc
1861 1986 2121 2068 quidem
2164 2003 2304 2050 mo-

764 2094 919 2157 dum
945 2095 1220 2159 verbum
1252 2095 1601 2176 Augustini
1638 2099 1733 2157 est
1759 2092 2249 2173 intelligendum
2282 2108 2299 2155 ε

762 2203 916 2284 quia
941 2202 1057 2266 etsi
1085 2220 1318 2285 corpus
1343 2202 1736 2267 dominicum
1764 2200 1845 2264 ab
1866 2199 2127 2264 instanti
2158 2217 2304 2263 con-

763 2313 1069 2397 ceptionis
1108 2315 1229 2378 fuit
1269 2317 1647 2390 formatum,
1677 2332 1811 2378 non
1851 2317 2065 2376 tamen
2110 2330 2303 2395 appa-

762 2423 918 2497 ruit,
949 2440 1067 2486 nec
1093 2422 1333 2506 percipi
1363 2423 1570 2506 potuit
1596 2439 1729 2503 prae
1753 2420 2065 2504 parvitate
2095 2438 2301 2501 quan-

759 2529 956 2594 titatis
984 2531 1210 2610 molis;
1252 2530 1358 2594 sed
1404 2534 1546 2613 post
1569 2528 1996 2612 quadraginta
2031 2545 2146 2591 sex
2172 2527 2306 2591 dies

759 2638 841 2702 ad
878 2641 1120 2703 tantam
1167 2638 1594 2720 quantitatem
1640 2636 2037 2720 perfectionis
2074 2634 2191 2699 ded
2199 2653 2305 2697 uc-

760 2746 899 2807 tum
936 2747 1064 2823 est,
1103 2744 1277 2828 quod
1322 2745 1677 2828 aspectibus
1714 2743 2056 2808 hominum
2088 2746 2305 2824 patere

759 2846 987 2928 potuit.
1041 2846 1216 2913 Unde
1278 2866 1509 2931 corpus
1565 2847 1794 2912 Christi
1851 2849 1920 2910 in
1981 2848 2304 2910 cremento

759 2970 908 3016 cum
935 2953 1073 3017 aliis
1111 2955 1483 3037 corporibus
1522 2954 2003 3019 similitudinem
2041 2952 2299 3028 habuit,

758 3060 1054 3143 quamvis
1081 3078 1214 3125 non
1249 3060 1512 3127 haberet
1549 3061 2031 3126 similitudinem
2070 3062 2143 3123 in
2171 3061 2303 3123 for-

758 3170 1038 3232 matione
1083 3170 1390 3252 primaria
1435 3192 1451 3233 1
1491 3189 1624 3235 non
1671 3172 1842 3234 enim
1890 3169 2298 3247 naturaliter,

756 3276 867 3338 sed
894 3275 1269 3340 mirabiliter
1295 3279 1640 3341 formatum
1670 3278 1810 3341 fuit.
1844 3277 1921 3340 Et
1947 3277 2037 3340 sic
2070 3276 2300 3340 intelli-

757 3381 970 3462 genda
998 3388 1149 3446 sunt
1174 3384 1371 3447 verba
1411 3383 1759 3465 Augustini
1805 3385 1873 3447 in
1913 3384 2074 3446 libro
2101 3401 2299 3466 quar-

757 3492 822 3551 to
880 3488 957 3570 (α)
985 3473 990 3479 ’
1019 3488 1098 3555 αι
1148 3490 1504 3570 Trinitace,
1553 3496 1617 3556 et
1673 3492 1739 3554 in
1791 3490 1952 3554 libro
2000 3489 2294 3554 Lxxxul

762 3581 1228 3676 (intestinum,
1275 3615 1425 3679 quae
1474 3598 1553 3662 ad
1588 3615 1871 3680 praesens
1912 3597 2298 3661 omittuntur

755 3702 837 3766 ad
867 3702 1188 3768 vitandam
1208 3706 1654 3788 prolixitatem.

837 3814 897 3874 2.
950 3811 1050 3875 Ad
1097 3812 1253 3876 illud
1320 3818 1537 3879 autem
1601 3816 1772 3897 quod
1814 3816 2160 3897 opponitur
2219 3817 2296 3881 de

756 3917 955 3982 verbo
981 3918 1298 4002 Apostoli:
1335 3923 1501 3996 Quia
1529 3939 1647 4006 per
1667 3926 1885 3990 omnia
1910 3924 2129 3992 debuit
2152 3927 2298 4006 rra-

758 4024 962 4091 tribus
1012 4027 1372 4095 assimilari
1388 4048 1414 4111 ;
1455 4030 1796 4095 dicendum
1848 4034 2019 4114 quod
2067 4052 2299 4097 verum

757 4136 850 4195 est
875 4137 1190 4216 quantum
1220 4135 1303 4200 ad
1326 4154 1401 4200 ea
1429 4154 1577 4219 quae
1612 4137 1920 4202 faciebant
1947 4140 2023 4203 ad
2049 4157 2299 4222 repara-

822 4255 886 4320 (o)
917 4256 1039 4308 Goet.
1061 4256 1183 4310 edit.
1211 4260 1260 4310 3.

2399 582 2640 649 tionem
2678 587 2937 669 generis
2977 589 3247 655 humani
3265 637 3283 667 ‚
3313 591 3479 657 sicut
3503 592 3626 658 hoc
3651 595 3823 677 quod
3851 603 3944 663 est

2400 694 2655 774 tentari,
2685 697 3051 762 conversari
3079 717 3229 763 cum
3253 699 3648 781 hominibus,
3675 707 3740 767 et
3764 704 3897 787 pati
3922 727 3936 768 :

2401 798 2510 863 sed
2532 800 2599 865 in
2628 804 2818 868 modo
2843 807 3300 888 conceptioniS,
3334 809 3486 891 quia
3510 809 3580 873 in
3620 810 3805 875 nobis
3827 830 3944 876 an·

2402 924 2639 972 nexam
2684 910 2876 976 habet
2912 913 3374 979 traductionem
3424 916 3753 998 originalis
3791 937 3940 1000 pec-

2404 1017 2560 1097 cati,
2593 1036 2725 1083 non
2753 1020 2972 1085 debuit
3001 1022 3366 1102 assimilari,
3414 1025 3570 1107 quia
3595 1043 3726 1090 non
3771 1044 3944 1090 com·

2405 1123 2656 1204 petebat
2682 1125 2804 1190 hoc
2832 1129 3080 1193 homini
3111 1130 3442 1195 mediatori
3482 1135 3547 1195 et
3573 1134 3941 1215 reparatori.

2487 1236 2547 1295 3.
2576 1232 2676 1296 Ad
2701 1233 2860 1298 illud
2889 1236 3061 1318 quod
3088 1237 3387 1320 obiicitur
3409 1287 3426 1317 ‚
3462 1239 3636 1322 quod
3661 1239 3947 1306 similiter

2406 1337 2524 1401 fuit
2563 1340 2883 1405 nutritum
2932 1346 2995 1406 et
3033 1349 3523 1425 augmentatum
3539 1393 3561 1424 ,
3608 1346 3945 1412 dicendum

2406 1445 2579 1527 quod
2608 1465 2740 1511 non
2767 1454 2862 1512 est
2886 1451 3091 1515 simile
3113 1500 3133 1531 ,
3178 1452 3331 1533 quia
3368 1455 3585 1516 nostra
3631 1471 3945 1534 augmen-

2407 1552 2560 1617 tatio
2583 1558 2646 1617 et
2665 1556 2932 1621 nutritio
2959 1558 3213 1641 culpam
3242 1577 3375 1622 non
3393 1558 3584 1622 babet
3600 1577 3941 1639 annexam,

2407 1661 2571 1727 sicut
2594 1669 2810 1728 nostra
2837 1666 3166 1746 generatio
3182 1715 3200 1744 ,
3231 1670 3293 1729 et
3332 1667 3419 1729 ita
3444 1685 3573 1728 non
3602 1666 3695 1728 sic
3736 1666 3947 1731 debuit

2407 1770 2744 1835 assimilari
2783 1771 2852 1834 in
2892 1773 3319 1853 generationis
3367 1773 3748 1856 primordio,
3790 1775 3947 1839 sicut

2410 1875 2478 1941 in
2500 1884 2851 1960 augmento
2879 1885 2941 1943 et
2966 1881 3379 1945 nutrimenta

2489 1994 2549 2053 4.
2579 1990 2674 2053 Ad
2706 1990 2859 2055 illud
2885 1992 3055 2073 quod
3083 1992 3404 2073 objicitur,
3435 1991 3608 2075 quod
3637 1992 3947 2057 formatio-

2409 2113 2557 2158 nem
2590 2095 2725 2159 veri
2766 2097 3047 2178 corporis
3094 2098 3394 2180 praecedit
3430 2098 3858 2173 consolidatio,
3886 2103 3947 2163 et

2409 2203 2970 2268 consolidationem
3014 2206 3366 2283 conversio,
3417 2210 3562 2282 etc.;
3609 2205 3945 2270 dicendum

2408 2310 2580 2391 quod
2621 2310 2859 2393 duplex
2903 2316 2997 2376 est
3036 2313 3214 2390 ord0,
3263 2312 3554 2378 videlicet
3602 2313 3945 2377 secundum

2408 2421 2662 2500 tempus
2687 2421 2752 2482 et
2777 2421 3077 2483 naturam
3096 2465 3112 2494 ‚
3143 2419 3245 2485 vel
3271 2419 3630 2483 secundum
3658 2424 3943 2483 naturam

2406 2529 2681 2599 tantum.
2702 2525 2812 2590 Isti
2827 2531 3042 2590 autem
3062 2530 3188 2590 tres
3204 2530 3380 2590 actus
3399 2526 3694 2591 ordinem
3718 2526 3943 2590 habent

2409 2629 2476 2693 in
2505 2636 2721 2696 nostra
2756 2635 3167 2713 generatione
3209 2638 3483 2717 utroque
3525 2634 3719 2698 modo
3739 2682 3755 2709 ‚
3798 2633 3943 2716 quia

2408 2742 2625 2801 nostra
2669 2740 2996 2821 generatio
3049 2744 3143 2804 est
3184 2760 3223 2804 a
3268 2741 3504 2805 virtute
3543 2732 3762 2818 finita,
3803 2756 3943 2823 quae

2408 2852 2710 2929 operatur
2736 2848 2805 2911 in
2833 2852 3140 2930 tempore.
3184 2848 3257 2912 In
3284 2849 3701 2930 generatione
3739 2851 3944 2912 autem

2410 2953 2637 3018 Christi
2674 2974 2803 3020 non
2828 2948 3070 3020 habent
3111 2956 3401 3020 ordinem
3446 2956 3570 3019 nisi
3600 2956 3941 3020 secundum

2408 3062 2703 3121 naturam
2737 3077 2753 3122 ε
2786 3062 2849 3121 et
2872 3058 3177 3140 quoniam
3203 3058 3503 3123 habentia
3527 3058 3817 3123 ordinem
3843 3076 3943 3121 se-

2409 3165 2696 3230 cundum
2741 3172 3037 3232 naturam
3066 3168 3260 3232 simul
3300 3186 3434 3231 esse
3475 3171 3744 3250 possunt
3790 3171 3942 3231 tem-

2404 3287 2561 3355 pore
2588 3275 2830 3356 absque
2860 3275 3076 3358 aliqua
3103 3274 3768 3358 incompossibilitate;
3797 3275 3939 3338 hinc

2407 3385 2533 3466 est,
2582 3383 2755 3465 quod
2799 3382 2958 3448 nihil
3000 3383 3263 3465 impedit
3302 3382 3442 3447 illos
3484 3386 3667 3446 actus
3708 3400 3839 3446 esse
3874 3381 3937 3444 in

2406 3494 2819 3574 generatione
2875 3494 3225 3571 dominica,
3283 3491 3585 3575 quamvis
3644 3510 3772 3556 non
3820 3491 3938 3554 sint

2406 3598 2599 3663 simul
2630 3601 2698 3664 in
2726 3603 2943 3664 nostra
2969 3599 3399 3681 generatione.
3433 3598 3613 3664 Unde
3648 3599 3805 3663 ratio
3838 3597 3935 3661 illa

2407 3723 2541 3771 non
2567 3708 2771 3789 cogit,
2802 3707 2958 3790 quia
2983 3710 3098 3771 aut
3135 3707 3415 3789 procedit:
3456 3706 3537 3769 ab
3579 3706 3797 3771 ordine
3842 3721 3936 3767 se-

2409 3807 2695 3879 cundum
2743 3819 3055 3880 naturam,
3107 3814 3185 3877 ad
3254 3812 3546 3878 ordinem
3600 3812 3936 3877 secundum

2410 3926 2701 4006 tempus;
2730 3926 2841 3985 aut
2873 3921 3151 4004 procedit
3186 3920 3268 3984 ab
3296 3921 3668 4003 operatione
3704 3924 3936 3983 naturae

2409 4032 2489 4094 ad
2537 4031 2970 4113 operationem
3025 4030 3280 4095 virtutis
3323 4028 3561 4093 divinae
3610 4051 3624 4092 :
3668 4033 3730 4093 et
3773 4027 3936 4090 nullo

2409 4138 2677 4202 istorum
2722 4138 3058 4204 modorum
3102 4145 3197 4202 est
3222 4136 3311 4200 ibi
3353 4135 3691 4201 necessitas
3739 4149 3938 4197 conse·

2410 4247 2713 4328 quentiae.
