4185 6288
1223 386 1415 452 ms'r.
1459 385 1675 491 xxm.
1721 384 1903 450 ΛΒΤ.
1952 383 2030 448 11.
2073 382 2374 461 QUAEST.
2421 383 2496 447 V.

277 522 601 602 dixerunt,
642 521 816 606 quod
860 521 995 604 ipse
1033 521 1289 586 habitus
1336 521 1486 587 fidei
1527 521 1818 586 informis

276 630 591 695 formatur
617 631 699 694 ab
735 630 873 713 ipsa
901 629 1130 711 gratia.
1159 628 1343 694 Ratio
1368 634 1588 694 autem
1620 629 1819 712 hujus

278 736 549 802 diversae
574 736 902 820 positionis
928 740 1023 799 est
1050 739 1306 819 propter
1333 736 1658 802 diversum
1687 754 1821 800 mo-

277 844 436 908 dum
464 844 861 926 intelligendi
890 844 1275 909 infusionem
1314 844 1541 925 gratiae
1582 849 1646 908 et
1683 844 1820 908 vir-

278 955 518 1017 tutum.
583 952 854 1028 Quidam
922 952 1094 1016 enim
1152 951 1500 1015 voluerunt
1565 951 1818 1029 dicere,

62 1004 180 1117 opis·o
196 1073 234 1107 ¹
278 1060 454 1141 quod
482 1058 649 1124 sicut
674 1060 890 1124 anima
918 1064 1013 1124 est
1055 1063 1261 1124 totum
1309 1059 1647 1141 potentiale
1690 1076 1823 1122 res·

277 1172 468 1249 pectn
517 1185 784 1231 suarum
828 1166 1075 1231 virium
1099 1214 1116 1243 ,
1167 1169 1230 1230 et
1276 1185 1425 1230 cum
1463 1164 1825 1230 infunditur

277 1274 520 1352 anima,
564 1273 755 1337 simul
785 1275 995 1355 portat
1031 1289 1249 1337 secum
1294 1290 1444 1336 suas
1483 1270 1817 1355 potentias,

271 1386 338 1445 et
376 1399 534 1445 cum
573 1380 923 1463 egreditur,
974 1378 1172 1444 simul
1214 1380 1410 1444 trahit
1455 1399 1473 1444 z
1504 1380 1594 1443 sic
1635 1382 1698 1443 et
1744 1379 1823 1443 de

273 1488 484 1568 gratia
511 1488 720 1552 dicere
746 1485 1129 1565 voluerunt,
1158 1486 1332 1569 quod
1373 1486 1582 1579 gratia
1629 1485 1825 1548 simul

271 1613 492 1660 secum
524 1597 647 1660 fert
677 1596 952 1661 virtutes
977 1595 1173 1679 ipsas,
1205 1596 1439 1679 quibus
1468 1594 1823 1658 informan-

271 1708 382 1770 tur
438 1706 742 1788 potentiae
767 1753 784 1781 ,
843 1705 1036 1769 simul
1083 1705 1276 1769 etiam
1331 1722 1552 1768 secum
1598 1703 1814 1766 trahit.

271 1805 452 1872 Unde
473 1807 655 1871 nulla
683 1807 890 1874 virtus
915 1808 1186 1871 formata
1210 1807 1480 1871 efficitur
1507 1806 1819 1883 informis,

272 1933 391 1978 nec
436 1915 655 1998 aliqua
704 1914 995 1979 informis
1038 1913 1312 1978 efficitur
1357 1914 1628 1978 formata
1667 1934 1682 1977 z
1728 1913 1825 1975 in-

269 2023 571 2087 funditur
599 2021 773 2086 enim
801 2022 1103 2104 quaelibet
1132 2021 1340 2086 virtus
1363 2021 1549 2103 plene
1577 2024 1641 2084 et
1661 2020 1816 2084 inte·

273 2149 392 2212 gre
415 2149 570 2195 cum
597 2130 735 2213 ipsa
760 2128 991 2211 gratia,
1020 2130 1112 2192 ita
1132 2129 1307 2212 quod
1334 2127 1495 2192 nihil
1521 2127 1825 2191 extrinse-

271 2256 385 2303 cus
428 2239 629 2302 intrat
673 2240 814 2320 ejus
859 2236 1196 2301 essentiam
1236 2255 1354 2300 nec
1399 2239 1714 2319 quantum
1744 2236 1824 2299 ad

273 2345 646 2425 materiale,
699 2362 817 2408 nec
862 2348 1179 2426 quantum
1227 2343 1306 2407 ad
1352 2342 1634 2406 formale.
1702 2340 1823 2406 Sed

271 2455 587 2537 quoniam
614 2453 1051 2536 experimento
1076 2452 1371 2517 videmus
1401 2452 1682 2534 aliquam
1702 2451 1826 2514 vir-

270 2561 482 2623 tutem
511 2561 828 2640 quantum
857 2557 939 2621 ad
965 2556 1028 2620 id
1049 2605 1067 2636 ,
1099 2558 1268 2639 quod
1297 2557 1489 2620 estin
1520 2575 1595 2619 ea
1622 2557 1823 2618 mate-

269 2666 460 2745 riale,
495 2666 763 2730 minime
809 2664 1097 2743 infundi,
1142 2667 1213 2729 ut
1258 2665 1580 2745 contingit
1607 2663 1824 2728 videre

271 2774 339 2839 in
365 2774 642 2858 parvulo
668 2773 1008 2856 baptizato,
1037 2772 1148 2854 qui
1193 2775 1334 2854 post
1380 2771 1607 2852 gratiae
1654 2769 1826 2833 infu-

270 2881 526 2946 sionem
555 2880 802 2961 indiget
828 2879 1039 2944 adhuc
1066 2877 1350 2942 articulis
1377 2877 1528 2942 fidei
1558 2876 1819 2955 erudiri,

266 2988 343 3051 ad
370 2988 507 3051 hoc
547 2986 719 3069 quod
751 2986 822 3049 in
864 2988 1078 3050 actum
1104 2985 1252 3049 fidei
1285 2989 1471 3049 exeat
1504 3006 1518 3049 ε
1557 3003 1685 3048 non
1732 2983 1825 3048 vi-

261 3096 463 3161 detur
528 3095 645 3160 iste
706 3092 946 3160 modus’
991 3093 1390 3176 intelligendi
1441 3092 1825 3158 infusionem

267 3206 505 3288 gratiae
531 3210 595 3269 et
620 3205 935 3270 virtutum
963 3203 1228 3267 omnino
1249 3221 1385 3267 esse
1412 3201 1818 3281 conveniens,

263 3314 567 3379 videlicet
592 3311 768 3395 quod
794 3329 944 3375 cum
972 3311 1112 3394 ipsa
1146 3310 1355 3391 gratia
1397 3310 1670 3375 virtutes
1713 3308 1824 3374 in-

266 3420 626 3487 fundantur
652 3423 971 3501 quantum
1006 3417 1087 3481 ad
1131 3417 1417 3499 ipsarum
1448 3416 1824 3480 totalitatem

269 3534 334 3592 et
380 3527 849 3608 integritatem,
898 3524 1022 3587 hoc
1064 3527 1197 3600 est,
1244 3527 1562 3606 quantum
1611 3522 1690 3586 ad
1731 3520 1818 3602 id,

43 3626 229 3681 ”⁹⁸⁰⁸
273 3634 453 3717 quod
505 3636 600 3698 est
644 3633 712 3696 in
767 3632 859 3696 eis
908 3630 1232 3695 materiale
1290 3634 1355 3695 et
1400 3629 1687 3694 formale.
1745 3628 1823 3692 Et

59 3695 173 3807 opu?
190 3757 230 3800 ι.
274 3744 614 3824 propterea
640 3737 804 3803 alius
832 3737 1062 3802 modus
1087 3741 1182 3801 est
1208 3735 1604 3816 intelligendi
1642 3734 1821 3798 infu-

272 3845 523 3909 sionem
544 3843 792 3924 gratiae,
824 3840 995 3923 quod
1022 3859 1173 3905 cum
1198 3840 1337 3923 ipsa
1367 3840 1577 3922 gratia
1603 3838 1824 3903 infun-

271 3953 449 4017 ditur
482 3949 747 4014 formale
789 3947 1085 4013 omnium
1127 3947 1441 4011 virtutum
1487 3946 1558 4009 in
1584 3964 1822 4027 genere

272 4058 580 4143 gratuiti,
636 4056 806 4139 quod
846 4055 1107 4138 quidem
1153 4052 1568 4119 essentialiter
1612 4052 1825 4116 differt

263 4169 356 4231 'ab
385 4165 526 4247 ipsa
566 4166 804 4244 gratia,
834 4165 997 4232 sicut
1036 4161 1317 4246 potentia
1342 4161 1577 4226 animae
1606 4178 1826 4224 essen·

271 4273 507 4338 tialiter
549 4272 763 4336 differt
806 4271 888 4334 ab
932 4272 1074 4352 ejus
1120 4269 1494 4334 substantia.
1549 4267 1630 4331 Et
1667 4267 1825 4331 illud

273 4381 538 4464 quidem
576 4378 838 4443 formale
878 4378 1131 4442 virtutis
1160 4377 1498 4459 cujuslibet
1536 4375 1824 4440 infusum

276 4506 430 4553 cum
456 4487 686 4569 gratia,
718 4489 943 4568 potens
967 4487 1062 4549 est
1085 4502 1280 4549 suum
1309 4482 1634 4547 materiale
1660 4483 1737 4547 ed
1745 4501 1824 4546 u-

278 4613 422 4660 cere
448 4595 527 4659 de
565 4594 844 4677 potentia
875 4592 946 4655 in
971 4596 1183 4656 actum
1208 4640 1225 4671 ,
1260 4591 1315 4654 si
1344 4609 1474 4654 non
1502 4590 1584 4653 sit
1615 4589 1826 4653 adhuc

279 4705 579 4770 eductum
610 4702 679 4765 in
704 4704 939 4765 actum.
964 4699 1031 4765 Si
1051 4717 1206 4764 vero
1228 4700 1367 4780 jam
1397 4696 1584 4761 estin
1610 4701 1825 4760 actum

282 4810 614 4888 eductum,
650 4809 853 4890 potest
893 4806 1106 4889 ipsum
1141 4807 1345 4869 facere
1376 4803 1733 4885 gratuitum
1764 4807 1826 4867 et

281 4919 534 4984 vivum.
566 4915 643 4981 Et
667 4916 771 4979 isti
798 4915 1019 4980 dicunt
1042 4919 1105 4977 et
1131 4914 1421 4983 sentiunt,
1443 4911 1613 4994 quod
1641 4910 1826 4974 habi-

283 5030 388 5090 tus
414 5023 562 5089 fidei
589 5021 879 5087 informis
902 5022 1214 5085 formetur
1240 5038 1355 5102 per
1378 5019 1586 5101 ipsam
1614 5018 1825 5081 virtu-

283 5137 415 5198 tem
454 5130 626 5212 fidei,
669 5147 818 5213 quae
862 5128 1050 5193 simul
1098 5145 1246 5192 cum
1293 5126 1502 5208 gratia
1537 5125 1822 5190 infundi-

65 934 253 1040 Expliw

48 2193 226 2249 Improb.

349 5298 369 5332 ¹
398 5297 452 5348 S.
487 5295 741 5357 Thomas,
779 5293 840 5342 de
876 5292 1026 5343 Ver-it.
1032 5305 1124 5356 ,.q
1153 5301 1272 5352 xiv,
1300 5292 1395 5339 art.
1435 5293 1487 5353 5,
1519 5290 1658 5340 tenet
1688 5290 1825 5355 quod

285 5371 536 5424 formatur
559 5381 593 5419 a
614 5367 779 5432 gratia
800 5363 1062 5415 mediante
1090 5360 1348 5413 charime.

3361 391 3478 451 509

1921 522 2073 596 tur;
2120 521 2182 582 et
2225 517 2520 583 similiter
2565 517 2837 583 efficitur
2880 518 3179 599 informe,
3219 520 3477 603 quando

1922 624 2115 703 illud,
2145 623 2320 707 quod
2349 625 2616 689 formale
2641 625 2764 689 fuit
2790 625 2857 689 in
2886 625 3012 690 fide
3033 673 3052 703 ,
3097 625 3289 690 simul
3330 643 3481 692 cum

1924 732 2135 812 gratia
2178 732 2417 798 recedit
2472 736 2538 798 et
2579 733 2939 816 expellitur.
2991 732 3069 797 Et
3121 735 3478 799 secundum

1925 838 2094 902 hanc
2131 839 2508 922 positionem
2525 889 2545 920 ,
2580 840 2792 922 gratia
2836 859 2967 924 qua
3005 840 3212 906 virtus
3250 840 3483 906 dicitur

1926 946 2209 1026 gratuita
2230 995 2251 1026 ‚
2306 946 2519 1012 differt
2563 946 2643 1012 ab
2694 966 2770 1011 ea
2817 966 2947 1031 qua
2992 947 3209 1012 anima
3248 948 3480 1017 dicitur

1927 1051 2055 1116 Deo
2098 1058 2304 1134 grata.
2335 1052 2458 1118 Sed
2484 1052 2791 1135 quoniam
2831 1052 2903 1115 in
2931 1070 3065 1117 una
3101 1052 3321 1117 anima
3348 1072 3481 1118 una

1928 1159 2063 1223 sola
2104 1164 2197 1223 est
2249 1159 2456 1241 gratia
2495 1164 2759 1241 gratum
2802 1159 3038 1225 faciens
3054 1206 3072 1237 ,
3119 1160 3472 1226 secundum

1931 1265 2103 1349 quod
2147 1266 2215 1329 in
2269 1267 2547 1331 secundo
2589 1266 2749 1330 libro
2798 1270 3124 1331 ostensum
3164 1266 3318 1346 fuit,
3367 1286 3482 1350 per

1929 1391 2128 1455 quam
2157 1377 2410 1456 accepta
2434 1376 2530 1437 est
2556 1372 2685 1436 Deo
2724 1374 2941 1437 anima
2981 1378 3043 1436 et
3092 1376 3234 1455 ejus
3264 1379 3481 1457 poten-

1930 1482 2056 1558 tia;
2084 1480 2227 1544 ideo
2270 1484 2364 1545 est
2412 1479 2621 1544 adhuc
2667 1480 2896 1543 tertius
2928 1479 3158 1544 modus
3203 1480 3476 1557 dicendi,
3531 1445 3721 1552 ⁸¹3⁵&

3510 1036 3703 1093 Improb-

1931 1592 1995 1651 et
2038 1586 2438 1668 intelligendi
2473 1585 2858 1650 infusionem
2898 1586 3125 1667 gratiae
3171 1591 3235 1651 et
3277 1587 3480 1651 virtu-
3509 1604 3643 1661 ‘opis
3666 1606 3707 1646 ε.

1930 1699 2099 1770 tum,
2131 1693 2249 1776 qui
2291 1693 2546 1757 vid‘etur
2571 1712 2706 1757 esse
2733 1692 3117 1775 probabilior
3153 1697 3215 1757 et
3240 1694 3483 1758 facilior

1931 1819 2129 1882 quam
2173 1800 2459 1883 praedicti
2490 1822 2506 1864 :
2536 1800 2829 1865 videlicet
2869 1801 3041 1883 quod
3084 1802 3223 1883 ipsa
3270 1803 3485 1883 gratia

1931 1912 2194 1988 gratum
2212 1907 2446 1971 faciens
2462 1910 2878 1989 ,comparatur
2905 1907 2985 1971 ad
3002 1906 3257 1972 habitus
3286 1908 3485 1974 virtu-

1931 2019 2075 2078 tum
2107 2015 2482 2093 substratOS,
2512 2014 2677 2077 sicut
2703 2018 3106 2096 comparatur
3134 2014 3252 2079 lux
3277 2014 3353 2079 ad
3384 2033 3485 2079 co-

1930 2121 2120 2186 lores,
2152 2121 2225 2184 In
2250 2120 2373 2185 hoc
2399 2125 2617 2185 tamen
2647 2125 2742 2184 est
2765 2120 3143 2197 differentia,
3168 2121 3341 2204 quod
3367 2121 3483 2185 lux

1931 2230 2052 2293 ista
2077 2228 2419 2311 corporalis
2453 2227 2698 2291 nonita
2722 2227 3059 2292 efficaciter
3086 2233 3288 2310 potest
3310 2229 3477 2293 edu-

1934 2353 2077 2401 cere
2106 2337 2348 2400 colores
2376 2335 2454 2400 de
2495 2335 2777 2421 potentia
2817 2335 2886 2398 in
2926 2340 3139 2399 actum
3166 2340 3479 2418 quantum

1932 2441 2013 2506 ad
2038 2461 2175 2507 esse
2201 2442 2375 2526 quod
2400 2441 2594 2505 habet
2627 2441 2801 2505 color
2843 2441 2912 2505 in
2948 2460 3184 2523 genere
3214 2442 3478 2523 coloris;

1932 2553 2039 2617 sed
2075 2554 2211 2635 ipsa
2240 2553 2448 2634 gratia
2479 2551 2759 2616 existens
2785 2552 2855 2616 in
2880 2551 3016 2635 ipsa
3040 2552 3254 2617 anima
3279 2558 3483 2637 potest

1932 2662 2139 2726 facere
2203 2661 2569 2743 germinare
2632 2660 2887 2724 habitus
2939 2660 3283 2726 virtutum.
3343 2662 3485 2747 Ipsa

1933 2768 2109 2832 enim
2139 2768 2351 2850 gratia
2375 2767 2720 2831 adveniens
2744 2767 2814 2830 in
2842 2767 3127 2832 animam
3155 2777 3478 2836 carentem

1932 2876 2257 2941 habitibus
2286 2876 2628 2955 virtutum,
2654 2894 2721 2939 se
2742 2875 2938 2940 habet
2959 2877 3146 2959 quasi
3166 2877 3480 2960 originale

1932 2982 2322 3066 principium
2371 2982 2630 3047 illorum
2676 2988 2992 3065 quantum
3043 2985 3126 3049 ad
3177 3004 3313 3050 esse
3355 2988 3480 3071 pri-

1931 3107 2142 3154 mum.
2186 3088 2366 3156 Unde
2411 3090 2574 3156 sicut
2620 3089 2840 3175 pluvia
2883 3092 3094 3158 infusa
3137 3098 3327 3161 terrae
3372 3096 3481 3162 ha-

1932 3198 2104 3262 benti
2146 3199 2212 3262 in
2261 3218 2329 3263 se
2372 3199 2812 3277 seminarium,
2860 3201 3007 3264 facit
3054 3219 3197 3266 eam
3239 3206 3485 3285 germi-

1932 3324 2087 3369 nare
2106 3352 2125 3384 ,
2154 3306 2357 3371 donec
2384 3307 2599 3372 veniat
2625 3307 2703 3371 ad
2731 3309 3012 3373 fructum
3050 3312 3438 3395 completum
3461 3334 3479 3395 3

1913 3413 2023 3480 ,sic
2063 3413 2555 3496 intelligendum
2592 3420 2690 3479 est
2713 3416 2791 3480 de
2818 3417 3026 3498 gratia
3050 3423 3341 3502 respectu
3367 3420 3484 3485 ha-

1933 3519 2190 3585 bituum
2229 3522 2515 3605 ipsarum
2559 3522 2877 3589 virtutum
2917 3529 3235 3608 quantum
3263 3527 3344 3591 ad
3381 3528 3483 3612 ip-

1932 3645 2155 3693 sorum
2199 3646 2335 3692 esse
2372 3629 2675 3711 primum.
2709 3627 2855 3695 Non
2899 3631 2990 3695 sic
3026 3637 3244 3698 autem
3279 3639 3485 3717 potest

1931 3736 2137 3799 facere
2205 3735 2322 3800 lux
2395 3736 2799 3818 super-infusa
2859 3740 3142 3805 exterius
3190 3748 3482 3827 respectu

1932 3843 2241 3909 colorum.
2276 3844 2398 3908 Sed
2426 3845 2480 3907 si
2518 3863 2961 3928 comparemus
3002 3850 3242 3916 colores
3271 3854 3350 3916 ad
3377 3854 3483 3918 lu-

1933 3970 2072 4015 cem
2101 4000 2117 4029 ,
2148 3957 2211 4016 et
2253 3951 2511 4016 habitus
2540 3952 2860 4018 virtutum
2890 3954 2971 4019 ad
3008 3959 3287 4039 gratiam
3329 3979 3479 4042 gra-

1933 4064 2078 4124 tum
2106 4059 2438 4123 facientem
2474 4065 2789 4143 quantum
2816 4063 2898 4127 ad
2923 4082 3059 4128 esse
3090 4068 3477 4149 secundum,

1935 4170 2157 4249 utpote
2181 4170 2497 4250 quantum
2528 4169 2607 4233 ad
2637 4187 2772 4233 esse
2797 4169 3083 4236 colorum
3129 4174 3200 4239 in
3240 4193 3480 4257 genere

1933 4275 2151 4355 lucidi,
2182 4279 2244 4340 et
2269 4276 2611 4342 habituum
2638 4278 2708 4342 in
2735 4296 2973 4359 genere
3000 4284 3292 4362 gratuiti,
3327 4289 3483 4350 tunc

1934 4387 2027 4448 est
2051 4382 2403 4448 similitudo
2430 4402 2760 4468 expressa,
2794 4389 2866 4449 ut
2892 4387 3055 4451 sicut
3091 4389 3279 4454 multi
3311 4392 3482 4456 colo-

1935 4508 2037 4554 res
2074 4490 2145 4554 in
2188 4509 2325 4555 una
2353 4492 2545 4557 domo
2584 4492 2916 4558 tenebrosa
2959 4496 3301 4563 existentes
3341 4501 3477 4565 effl-

1935 4597 2195 4662 ciuntur
2232 4598 2537 4664 luminosi
2575 4619 2688 4684 per
2734 4620 2935 4667 unam
2978 4604 3484 4674 luminositatem

1935 4705 2527 4787 supervenientem,
2571 4707 2748 4771 et·ab
2790 4707 2901 4771 illa
2935 4708 3386 4793 informantur,
3415 4722 3483 4783 et

1935 4811 2335 4892 decorantur,
2365 4818 2431 4878 et
2453 4818 2880 4879 venustantur
2907 4837 2924 4882 ε
2954 4817 3044 4880 sic
3069 4818 3324 4886 habitus
3351 4825 3480 4889 vir·

1934 4920 2151 4982 tutum
2176 4918 2479 4983 informes
2519 4921 2861 4987 existentes
2888 4921 2959 4987 in
3002 4925 3219 4991 anima
3250 4947 3480 4996 venus-

1935 5027 2153 5088 tantur
2174 5028 2238 5089 et
2264 5025 2643 5091 decorantur
2669 5028 2750 5091 ab
2780 5047 2914 5093 una
2937 5032 3146 5112 gratia
3172 5053 3475 5119 superve-

1935 5131 2149 5195 niente
2166 5133 2209 5195 ¹.
2243 5131 2323 5195 Et
2347 5135 2699 5199 secundum
2727 5136 2903 5201 hunc
2944 5141 3210 5205 modum
3245 5144 3480 5212 intelli-

1937 5239 2130 5319 gendi
2156 5238 2539 5306 infusionem
2566 5243 2794 5325 gratiae
2832 5249 2897 5310 et
2920 5247 3236 5315 virtutum
3252 5298 3269 5329 ,
3298 5253 3480 5320 facile

1937 5349 2035 5410 est
2055 5347 2409 5429 intelligere
2435 5349 2706 5432 qualiter
2728 5351 2980 5419 habitus
3011 5357 3159 5421 fidei
3189 5359 3481 5428 informis
