4185 6288
1188 471 1381 539 DIST.
1425 471 1637 540 xxvl.
1682 471 1866 540 ΛΒΤ.
1913 474 1965 540 1.
2016 473 2321 554 QUAEST.
2365 479 2446 545 11.

217 605 437 670 munis
463 606 542 671 ad
570 624 793 673 omnes
820 607 1144 675 virtutes:
1186 625 1345 690 ergo
1378 609 1584 675 virtus
1622 609 1759 692 spei

217 732 348 781 non
373 714 567 780 habet
588 717 903 782 unitatem
930 718 1159 801 speciei
1186 718 1673 802 specialissimae.

754 955 1204 1024 CONCLUSIO.

216 1130 350 1204 δρῶ
377 1134 454 1188 oet
486 1133 665 1190 virtus
690 1148 804 1189 uno
838 1135 1054 1191 unitate
1088 1138 1284 1207 speciei
1325 1138 1724 1209 specialissima
1741 1181 1762 1212 ‚

290 1237 408 1277 cum
447 1221 644 1279 habeat
669 1225 939 1280 unitatem
971 1227 1235 1297 rationis,
1278 1226 1503 1300 objecti,
1542 1232 1594 1285 et
1638 1232 1766 1299 finis

283 1314 527 1384 proprii.

301 1467 485 1553 Resp.
551 1469 630 1534 ad
682 1459 825 1552 arg.
855 1468 1202 1535 Dicendum
1230 1473 1520 1556 estquod
1538 1491 1767 1557 quem-

221 1575 569 1642 admodum
607 1575 802 1658 fldes‚
853 1576 1001 1642 licet
1040 1577 1125 1641 sit
1147 1577 1316 1643 circa
1342 1578 1547 1645 multa
1574 1580 1769 1647 credi·

224 1682 382 1746 bilia
400 1730 419 1764 ,
464 1700 599 1747 una
636 1686 851 1748 tamen
893 1683 1102 1751 virtus
1136 1689 1262 1763 est,
1309 1688 1462 1768 quia
1496 1705 1631 1751 una
1672 1692 1769 1752 est

220 1791 652 1875 principaliter
675 1793 840 1858 ratio
864 1794 1163 1861 movendi
1188 1795 1259 1859 in
1284 1796 1584 1861 omnibus
1625 1816 1766 1861 cre·

217 1897 553 1978 dibilibus3
580 1899 671 1964 sic
694 1904 759 1964 et
784 1901 988 1967 virtus
1023 1902 1180 1985 spei,
1213 1908 1676 1987 quotcumque,
1707 1911 1770 1970 et

218 2009 761 2090 quantacumque,
789 2010 854 2072 et
879 2026 1305 2092 quaecumque
1328 2010 1497 2076 bona
1532 2030 1768 2097 expec-

217 2118 329 2192 tet,
354 2133 488 2179 una
504 2115 711 2182 virtus
734 2118 866 2195 est,
892 2120 955 2182 et
980 2117 1297 2182 unitatem
1322 2118 1516 2184 habet
1540 2121 1769 2204 speciei

217 2221 715 2306 specialissimae,
744 2222 901 2306 quia
921 2241 1056 2288 una
1083 2226 1393 2305 est'ratio,
1419 2227 1525 2291 cui
1552 2227 1772 2291 inniti-

217 2333 329 2395 tur
353 2330 424 2394 in
464 2329 875 2413 expectando·
923 2328 1104 2396 Sicut
1157 2332 1333 2398 enim
1371 2332 1519 2397 fldei
1564 2335 1771 2400 virtus

220 2437 622 2503 assentiendo
678 2435 904 2520 primae
952 2438 1207 2504 veritati
1249 2445 1510 2524 propter
1553 2460 1622 2506 se
1644 2489 1660 2519 ,
1708 2447 1773 2508 et

220 2565 414 2630 super
442 2545 681 2627 omnia,
708 2546 819 2611 illa
839 2547 1060 2627 credit,
1077 2565 1225 2629 quae
1248 2549 1366 2612 sibi
1387 2566 1648 2614 summa
1666 2568 1774 2616 ve-

219 2653 376 2718 ritas
399 2653 592 2719 dictat
615 2672 753 2719 esse
779 2654 1092 2719 credenda
1114 2676 1132 2734 ;
1160 2656 1251 2720 sic
1269 2657 1407 2740 ipsa
1431 2674 1597 2740 spes,
1617 2674 1769 2722 con-

219 2761 474 2826 fidendo
500 2766 562 2825 et
586 2760 917 2827 innitendo
944 2763 1277 2827 immensae
1307 2768 1372 2827 et
1395 2764 1771 2831 indeficien-

220 2871 483 2934 tissimae
511 2868 789 2952 largitati
812 2869 1074 2950 divinae,
1091 2871 1311 2936 omnia
1337 2871 1444 2935 illa
1458 2876 1768 2956 expectat,

221 2995 370 3060 quae
397 2961 517 3042 sibi
540 2977 708 3043 Deus
735 2977 1051 3062 promittit
1077 2995 1213 3043 esse
1238 2978 1308 3044 in
1335 2980 1556 3044 futuro
1583 2981 1774 3045 retri-

221 3085 499 3152 buenda.
531 3084 611 3152 Et
635 3085 1178 3168 quemadmodum
1201 3086 1352 3152 fidei
1395 3087 1606 3152 virtus
1631 3106 1769 3153 om-

222 3194 332 3257 nia
358 3190 783 3276 quaecumque
809 3193 1007 3258 credit
1026 3193 1480 3277 principaliter,
1511 3212 1644 3260 non
1671 3213 1773 3262 so-

221 3300 361 3364 lum
388 3299 584 3365 credit
611 3300 773 3380 Dec,
801 3300 913 3365 sed
958 3301 1153 3365 etiam
1193 3300 1271 3366 de
1299 3301 1424 3366 Deo
1447 3350 1467 3382 ,
1506 3306 1571 3367 et
1606 3303 1774 3368 circa

223 3405 430 3470 Deum
458 3428 476 3472 ι
507 3405 598 3469 sic
621 3408 687 3471 et
706 3405 846 3489 ipsa
857 3424 1002 3490 spes
1022 3408 1263 3486 omnia,
1289 3424 1438 3492 quae
1455 3413 1770 3493 expectat,

220 3531 353 3578 non
373 3512 584 3577 solum
612 3516 902 3597 expectat
924 3533 968 3578 a
991 3513 1143 3595 Deo,
1171 3516 1280 3579 sed
1309 3517 1504 3580 etiam
1531 3533 1770 3601 expec-

220 3621 315 3685 tat
338 3618 446 3684 illa
467 3619 737 3685 obtineri
749 3620 820 3685 in
836 3620 974 3703 ipso
989 3620 1144 3698 Deo,
1164 3626 1240 3685 ut
1261 3621 1553 3688 habendo
1568 3623 1770 3688 Deum

218 3726 450 3792 habeat
479 3744 672 3793 omne
696 3726 945 3792 bonum
969 3729 1012 3793 ¹.
1045 3726 1322 3809 Rursus,
1352 3731 1772 3812 quemadmo-

219 3836 382 3901 dum
407 3835 564 3901 fldes
590 3835 787 3902 credit
825 3835 953 3901 Deo
996 3840 1306 3920 tanquam
1343 3840 1572 3903 rationi
1628 3858 1774 3905 mo-

224 3942 427 4022 venti,
458 3948 522 4009 et
546 3941 714 4008 circa
726 3944 939 4025 ipsum
962 3947 1256 4009 versatur
1271 3948 1578 4030 tanquam
1606 3948 1776 4012 circa

223 4051 568 4134 objectum,
600 4050 752 4117 etin
779 4052 992 4134 ipsum
1032 4051 1233 4116 tendit
1255 4057 1565 4137 tanquam
1590 4053 1660 4117 iu
1687 4054 1773 4117 fi-

224 4179 379 4226 nem
399 4159 766 4243 proprium3
796 4160 888 4223 sic
911 4164 978 4223 et
999 4160 1140 4243 ipsa
1155 4178 1318 4243 spes.
1354 4161 1431 4226 Et
1464 4161 1774 4244 quoniam

225 4268 442 4334 unitas
466 4267 722 4332 virtutis
746 4267 1092 4332 attenditur
1113 4285 1308 4351 penes
1334 4269 1646 4334 unitatem
1666 4289 1769 4335 ra-

225 4373 419 4440 tionis
444 4373 779 4453 moventiS,
808 4376 871 4438 et
887 4373 1113 4456 objecti
1139 4374 1528 4458 principalis,
1551 4378 1615 4441 et
1627 4377 1776 4442 finis

226 4481 501 4565 proprii,
529 4486 592 4547 et
612 4481 754 4546 haec
778 4482 996 4546 omnia
1020 4482 1302 4564 reperire
1326 4482 1508 4548 estin
1538 4483 1775 4550 virtute

224 4591 407 4675 spei,
479 4591 954 4657 concedendum
1010 4596 1107 4657 est
1154 4591 1357 4676 ipsam
1406 4610 1588 4675 spem
1639 4610 1776 4658 esse

228 4715 434 4768 unam
455 4698 699 4764 unitate
726 4698 956 4782 speciei
1001 4697 1471 4782 specialissimas
1493 4700 1536 4779 f:
1581 4703 1646 4765 et
1670 4718 1775 4764 ra-

225 4808 435 4873 tiones
459 4824 608 4890 quae
633 4804 1032 4871 inducuntur
1056 4807 1136 4870 ad
1152 4806 1319 4871 banc
1331 4809 1602 4889 partem,
1626 4809 1778 4871 sunt

225 4915 669 4981 concedendas.

313 5027 374 5087 1.
404 5022 501 5088 Ad
529 5021 690 5086 illud
714 5021 886 5104 quod
911 5021 1209 5105 objicitur
1226 5069 1245 5101 ,
1287 5021 1457 5105 quod
1498 5022 1778 5089 diverso-

228 5148 383 5197 rum
405 5135 666 5195 actuum
688 5128 921 5194 diversi
946 5132 1101 5192 sunt
1125 5128 1405 5209 habituS,
1436 5128 1776 5195 dicendum

228 5238 401 5321 quod
433 5254 666 5302 verum
691 5239 809 5316 est,
838 5237 1095 5319 quando
1112 5235 1204 5300 illi
1232 5239 1412 5305 actus
1435 5240 1584 5301 sunt
1611 5237 1781 5320 prin·-

301 5401 316 5435 ¹
344 5402 547 5463 Scotus,
562 5398 683 5448 dist.
705 5408 848 5459 xlm,
868 5410 920 5460 q.
947 5397 1097 5447 unica
1108 5412 1125 5460 ς
1146 5398 1398 5449 consentit
1417 5398 1568 5449 ctiam
1588 5401 1643 5450 S.
1663 5399 1775 5459 Th..

232 5473 367 5536 u-n,
399 5485 452 5541 q.
480 5481 612 5535 xva,
641 5470 737 5518 art.
768 5470 894 5519 6.-
914 5468 1347 5532 ’Exod.,xx1111‚
1378 5472 1455 5521 ¹9.

3298 480 3409 546 571

1876 610 2108 693 cipales
2149 616 2440 696 respectu
2481 612 2860 693 habituum;
2891 615 3003 680 sed
3043 616 3301 700 quando
3327 616 3418 681 sic

1874 723 1998 796 est,
2030 719 2203 801 quod
2247 740 2417 786 unus
2457 721 2888 804 principaliter
2932 723 3186 804 respicit
3225 723 3417 788 habi-

1873 827 2017 889 tum
2043 827 2321 907 virtutis,
2369 830 2431 892 et
2458 828 2625 892 alius
2652 827 2845 893 habet
2888 829 2968 894 ad
3013 829 3198 894 illum
3241 831 3415 897 ordi-

1875 950 2050 1012 nem,
2079 938 2143 998 et
2168 935 2656 1015 connexionem,
2684 941 2748 1001 et
2764 939 3281 1021 consequentiam
3299 956 3415 1003 na·

1875 1040 2172 1118 turalem,
2201 1059 2336 1107 non
2376 1047 2625 1126 oportet
2665 1043 2959 1108 habitum
3005 1045 3420 1110 diversificari

1878 1151 2135 1230 propter
2158 1147 2415 1213 illorum
2444 1154 2706 1215 actuum
2731 1150 3159 1215 diversitatem
3199 1156 3311 1216 :et
3331 1152 3423 1217 sic

1877 1258 1973 1321 aet
2026 1255 2097 1320 in
2137 1256 2458 1339 proposito
2502 1257 2800 1341 reperire.
2860 1256 3007 1322 Ideo
3063 1257 3239 1322 enim
3280 1275 3423 1342 spes

1878 1366 2167 1445 expectat
2202 1381 2446 1445 magna
2469 1364 2639 1429 bona
2672 1365 3014 1448 promissa,
3041 1366 3194 1448 quia
3218 1367 3417 1430 confl-

1879 1470 1969 1534 dit
1997 1470 2075 1536 de
2102 1471 2416 1536 immensa
2440 1472 2735 1554 largitate
2764 1474 3210 1555 promittentis,
3244 1473 3421 1540 Unde

1878 1578 2032 1661 quia
2078 1596 2248 1642 unus
2295 1578 2565 1644 istorum
2606 1584 2869 1645 actuum
2912 1583 3009 1645 est
3058 1580 3217 1645 ratio
3262 1581 3420 1644 altc-

1878 1686 2040 1765 ri'uS‚
2064 1685 2218 1750 hinc
2242 1692 2335 1750 est
2352 1687 2524 1770 quod
2544 1705 2675 1751 non
2688 1689 3008 1770 pertinent
3032 1689 3111 1752 ad
3136 1688 3421 1754 diversos

1879 1793 2160 1872 babituS,
2191 1794 2302 1860 sed
2329 1795 2409 1859 ad
2434 1813 2669 1860 unum.
2701 1795 2879 1861 Unde
2914 1814 3086 1860 unus
3114 1799 3207 1860 est
3231 1797 3420 1863 habi-

1879 1907 2006 1977 tuS,
2038 1918 2167 1983 quo
2187 1919 2524 1985 speramus
2550 1904 2617 1966 in
2644 1901 2937 1984 Domino,
2967 1906 3032 1967 et
3054 1921 3187 1987 quo
3212 1923 3424 1987 spera-

1879 2025 2029 2073 mus
2052 2009 2288 2073 habere
2315 2010 2697 2091 Dominum3
2725 2011 2890 2076 sicut
2920 2030 3095 2077 unus
3127 2028 3258 2094 quo
3283 2031 3421 2077 cre-

1880 2114 2095 2181 dimus
2121 2116 2268 2194 Deo,
2301 2122 2364 2182 et
2389 2136 2523 2202 quo
2547 2119 2867 2184 credimus
2891 2119 3113 2185 Deum.

1964 2230 2028 2290 2.
2055 2224 2152 2289 Ad
2197 2225 2355 2290 illud
2379 2225 2552 2309 quod
2580 2227 2912 2311 objicitur,
2940 2227 3115 2310 quod
3151 2244 3295 2310 spes
3328 2231 3425 2292 est

1882 2337 2171 2414 respectu
2196 2333 2406 2397 omnis
2432 2333 2605 2413 boni,
2636 2351 2786 2398 cum
2812 2333 2892 2398 sit
2916 2337 3206 2418 respectu
3230 2335 3424 2401 beati-

1880 2438 2121 2503 tudinis
2135 2487 2158 2519 ,
2200 2438 2540 2505 dicendum
2584 2441 2757 2524 quod
2807 2441 2969 2506 sicut
3025 2440 3183 2507 fides
3226 2440 3425 2506 credit

1874 2550 2086 2632 justos
2112 2552 2515 2614 assecuturos
2537 2547 2996 2616 beatitudinem
3012 2599 3030 2630 ,
3060 2553 3125 2614 et
3150 2549 3425 2614 charitas

1880 2655 2057 2720 illam
2082 2655 2540 2720 beatitudinem
2578 2673 2727 2720 cum
2754 2656 3074 2721 bonorum
3104 2655 3426 2723 universi·-

1881 2767 2008 2828 tate
2034 2762 2367 2842 desiderat,
2396 2765 2462 2827 et
2489 2767 2708 2828 tamen
2735 2762 2891 2828 fides
2916 2782 3050 2829 una
3071 2763 3278 2831 virtus
3304 2769 3421 2846 est,

1882 2871 2036 2954 quia
2078 2888 2211 2934 non
2249 2871 2451 2934 fertur
2492 2888 2685 2954 super
2721 2870 3212 2950 beatitudinem,
3242 2873 3306 2936 et
3348 2889 3424 2937 ea

1881 2994 2030 3061 quas
2058 2978 2139 3041 ad
2169 2978 2631 3043 beatitudinem
2671 2981 2976 3061 spectant,
3008 2976 3131 3042 nisi
3168 2978 3292 3043 sub
3318 2995 3426 3042 ra-

1881 3085 2055 3150 tione
2079 3103 2213 3151 una
2236 3132 2253 3164 ,
2287 3085 2376 3149 sic
2401 3085 2597 3151 etiam
2636 3089 2699 3153 et
2738 3103 2882 3170 spes
2926 3086 2994 3150 in
3017 3084 3426 3177 ‘expectando

1883 3209 2206 3257 summam
2230 3192 2709 3275 beatitudinem,
2748 3197 2815 3265 et
2838 3192 3147 3276 quidquid
3173 3192 3328 3258 boni
3354 3193 3426 3259 in

1881 3302 2022 3385 ipsa
2045 3290 2142 3365 est
2166 3322 2184 3365 z
2211 3301 2350 3365 ideo
2371 3317 2501 3365 non
2531 3300 2765 3366 recedit
2789 3301 2870 3365 ab
2897 3301 3141 3366 unitate
3165 3300 3426 3366 habitus

1882 3410 1948 3471 et
1972 3406 2251 3488 virtutis,
2281 3408 2435 3491 quia
2459 3424 2591 3472 una
2615 3407 2803 3471 estin
2831 3408 2970 3491 ipsa
2994 3425 3107 3490 spe
3132 3408 3295 3473 ratio
3320 3425 3426 3473 ex·

1882 3514 2199 3598 pectandi,
2233 3514 2302 3577 in
2328 3514 2451 3578 hoc
2474 3512 2769 3578 videlicet
2805 3514 2977 3595 quod
3004 3513 3338 3579 immensae
3363 3518 3428 3578 et

1881 3621 2268 3686 indeficienti
2330 3620 2632 3686 innititur
2699 3620 3007 3702 largitati.
3069 3619 3385 3687 Praeterea
3402 3669 3422 3698 ,

1882 3728 2057 3812 quod
2082 3727 2317 3792 dicitur
2346 3727 2519 3810 quod
2553 3726 2880 3792 beatitudo
2922 3729 3019 3791 est
3052 3730 3254 3792 status
3282 3744 3428 3792 om·-

1882 3836 2067 3900 nium
2098 3835 2417 3899 bonorum
2438 3834 2906 3917 aggregatione
2933 3833 3280 3916 perfectus,
3303 3834 3429 3901 hoc

1883 3961 2016 4008 non
2042 3941 2278 4007 dicitur
2317 3944 2574 4024 propter
2596 3941 2916 4007 bonorum
2949 3940 3429 4007 multitudinem

1883 4053 1948 4115 et
1990 4049 2396 4127 varietatem,
2424 4048 2533 4112 sed
2558 4047 2683 4114 hoc
2720 4048 2954 4115 dicitur
2982 4067 3097 4131 per
3131 4047 3430 4130 aequiva-

1883 4158 2146 4223 lentiam
2176 4179 2194 4223 ε
2227 4157 2384 4240 quia
2410 4160 2664 4222 tantum
2692 4156 2814 4223 erit
2837 4156 2998 4222 illud
3019 4156 3286 4221 unicum
3311 4156 3431 4220 bo-

1883 4283 2046 4331 num
2110 4264 2283 4348 quod
2338 4267 2709 4347 expectatur
2724 4314 2742 4345 ,
2796 4262 2969 4346 quod
3022 4262 3432 4346 aequivalebit

1880 4371 2064 4439 omni
2088 4372 2260 4438 bono
2291 4398 2306 4438 ς
2338 4391 2453 4456 per
2487 4389 2682 4456 quem
2711 4372 2976 4438 modum
3013 4370 3174 4437 dixit
3209 4369 3426 4436 Domi-

1883 4498 2009 4545 nus
2043 4477 2277 4563 Moysi,
2309 4498 2459 4543 cum
2486 4480 2725 4561 peteret
2755 4480 2830 4544 ut
2855 4476 3214 4544 ostenderet
3239 4476 3302 4542 ei
3326 4477 3428 4541 fa-

1885 4588 2049 4651 ciem
2088 4604 2278 4651 suam
2317 4590 2341 4627 ²
2376 4610 2390 4651 ε
2427 4588 2589 4670 qu,
2633 4585 2884 4669 inquit,
2923 4582 3257 4652 ostendam
3310 4582 3432 4651 tibi

1886 4711 2066 4763 omne
2098 4694 2328 4762 bonum
2370 4714 2395 4759 .·
2435 4699 2500 4760 et
2536 4694 2682 4759 ideo
2706 4712 2792 4759 ex
2814 4693 2937 4759 hoc
2965 4709 3099 4759 non
3139 4690 3432 4776 sequitur

1885 4803 2194 4870 virtutem
2252 4804 2389 4887 spei
2435 4802 2847 4868 diversificari
2869 4852 2889 4882 ,
2944 4800 3099 4885 quia
3144 4804 3436 4884 expectat

1887 4910 2230 4993 perfectam
2254 4909 2739 4977 beatitudinem.

1944 5018 2114 5100 3.,Ad
2129 5018 2287 5084 illud
2302 5018 2472 5100 quod
2485 5017 2588 5100 obj
2598 5017 2807 5098 icitur,
2819 5015 2992 5100 quod
3005 5014 3214 5081 omnis
3227 5014 3436 5081 virtus

1886 5125 2089 5192 tendit
2114 5130 2178 5192 et
2203 5125 2534 5192 ordinatur
2555 5122 2636 5189 ad
2658 5124 2858 5190 finem
2874 5140 3073 5189 suum
3099 5139 3436 5205 assequen-

1889 5234 2046 5299 dum
2062 5284 2084 5313 ,
2115 5233 2454 5300 dicendum
2486 5231 2660 5315 quod
2685 5231 2942 5296 tendere
2969 5230 3038 5296 in
3068 5230 3266 5294 finem
3310 5247 3434 5313 po—

1889 5343 2014 5407 test
2045 5360 2181 5408 esse
2218 5339 2587 5423 dupliciter,
2618 5342 2731 5405 aut
2770 5336 3190 5423 promerendo
3224 5337 3287 5401 et
3320 5335 3433 5401 ha-

1890 5447 2229 5530 bilitando,
2281 5450 2397 5514 ant
2437 5446 2850 5531 expectando.
2899 5443 3154 5513 Primus
3205 5444 3435 5513 modus
