4185 6288
85 4357 140 4402 211
146 4365 244 4401 aa·

1293 408 1491 477 ms'r.
1533 407 1749 477 XXVI.
1791 404 1976 481 ΛΒΤ.
2021 405 2072 471 1.
2118 405 2428 486 QUAEST.
2471 410 2522 475 1.

281 547 379 610 est
415 545 599 610 extra
636 547 877 609 statum
911 544 1196 610 merendi
1224 548 1288 609 et
1313 544 1684 611 demerendi
1717 564 1734 608 ε
1767 545 1831 609 et

280 653 393 717 illa
418 651 816 716 confirmatio
849 668 981 717 non
1008 657 1278 716 evacuat
1302 671 1503 736 spem,
1532 651 1832 736 quamvis

281 764 480 846 ponat
505 763 687 824 extra
712 762 953 824 statum
978 760 1402 825 vertibilitatis
1420 760 1622 843 ipsius
1647 758 1832 823 liberi

283 866 536 933 arbitrii
564 890 581 935 ς
612 886 804 949 erge,
834 872 956 932 etc.
983 867 1083 932 Ad
1129 868 1288 932 illud
1330 868 1499 950 quod
1531 866 1832 947 objicitur

281 975 361 1040 de
386 974 740 1040 Behemoth
757 1023 775 1054 ‚
809 974 1153 1040 dicendum
1180 974 1358 1058 quod
1386 991 1528 1057 spes
1555 973 1646 1036 ibi
1670 972 1829 1036 acci-

277 1083 460 1166 pitur
492 1081 873 1165 improprie,
921 1085 984 1147 et
1021 1099 1139 1165 pro
1184 1080 1626 1170 expectatione
1664 1079 1824 1143 dila-

278 1191 473 1256 tionis
503 1190 733 1273 judicii
757 1239 775 1270 ,
806 1188 876 1254 in
910 1207 1040 1272 quo
1079 1189 1291 1253 acrius
1310 1235 1328 1266 ,
1359 1204 1557 1270 quam
1600 1187 1791 1251 modo
1807 1234 1825 1266 ,

276 1298 644 1383 puniendus
688 1301 820 1377 est,
851 1299 916 1362 et
955 1315 1072 1381 pro
1102 1296 1536 1380 expectatione
1576 1295 1824 1360 dilatio-

274 1407 385 1471 nis
402 1405 634 1489 judicii
662 1406 903 1472 diutius
930 1405 1361 1471 constituendi
1389 1424 1582 1488 super
1607 1423 1819 1489 pecca-

276 1517 448 1580 tores
480 1536 497 1580 ε
526 1532 808 1597 quorum
849 1516 1122 1596 utroque
1162 1512 1573 1577 frustrabitur
1615 1512 1828 1576 diabo-

271 1620 383 1685 lus
408 1620 479 1685 in
505 1619 606 1686 die
626 1619 855 1702 ,iudicii
872 1667 892 1696 ,
917 1623 981 1683 et
1007 1619 1227 1699 citiuS,
1255 1637 1453 1701 quam
1482 1618 1704 1698 vellet,
1723 1620 1829 1700 ju-

273 1727 612 1792 dicabitur.
640 1726 720 1792 Et
749 1745 833 1792 ex
857 1725 961 1792 his
990 1729 1209 1809 patent
1251 1725 1361 1789 illa
1394 1724 1590 1790 dubia
1608 1774 1629 1805 ‚
1669 1742 1820 1810 quae

273 1851 471 1917 supra
493 1834 573 1900 de
600 1833 886 1916 subjecto
913 1833 1050 1917 spei
1070 1834 1550 1918 quaerehantur.

628 2134 638 2143 -
749 2085 1237 2158 ARTICULUS
1282 2087 1335 2156 I.

350 2265 450 2331 Ad
475 2265 964 2349 intelligentiam
991 2267 1206 2351 hujus,
1229 2268 1426 2351 partis
1469 2268 1689 2334 incidit
1715 2268 1823 2336 hic

272 2372 545 2457 quaestio
572 2373 651 2438 de
677 2372 921 2440 virtute
959 2373 1092 2457 spei
1120 2396 1138 2454 ;
1182 2377 1246 2439 et
1289 2374 1458 2441 circa
1496 2374 1696 2459 ipsius
1720 2375 1823 2440 in-

267 2480 681 2564 quisitionem
715 2479 1053 2564 dupliciter
1089 2482 1563 2565 procedendum
1591 2485 1687 2547 est
1719 2501 1816 2547 se-

268 2589 431 2654 dum
454 2605 828 2671 processum
852 2587 1054 2672 ipsius
1075 2588 1386 2670 Magistri.
1409 2587 1625 2655 Primo
1646 2589 1819 2655 enim

270 2695 589 2780 quaeritur
614 2695 693 2761 de
740 2695 882 2779 ipsa
920 2713 1032 2778 spe
1075 2694 1430 2759 secundum
1472 2695 1822 2762 considera-

266 2803 510 2868 tionem
530 2802 885 2869 absolutam
906 2822 925 2883 ;
965 2802 1248 2868 secundo
1282 2802 1598 2885 quaeritur
1621 2804 1699 2868 de
1722 2824 1821 2870 ea-

267 2909 420 2976 dem
471 2910 827 2977 seeundum
895 2910 1469 2976 considerationem
1529 2910 1816 2978 relatam.

271 3016 453 3083 Circa
491 3017 776 3101 primum
814 3022 1201 3101 quaeruntur
1241 3018 1525 3101 quinque
1558 3036 1575 3082 :
1607 3019 1816 3101 primo

268 3127 584 3212 quaeritur
609 3131 835 3194 utrum
860 3146 1003 3212 spes
1028 3127 1111 3193 sit
1141 3127 1351 3194 virtus
1384 3128 1666 3209 gratuita
1681 3151 1700 3208 ;
1730 3144 1822 3194 se-

271 3235 516 3316 cunde,
564 3239 790 3302 utrum
836 3254 978 3319 spes
1022 3236 1107 3301 sit
1150 3236 1405 3303 virtutis
1450 3255 1659 3319 genus
1680 3284 1700 3316 ,
1735 3255 1821 3303 an

271 3341 513 3424 species
534 3342 1022 3426 specialissima;
1046 3344 1232 3410 tertio
1260 3345 1573 3428 quaeritur
1597 3347 1820 3410 utrum

273 3465 420 3532 spes
463 3449 549 3514 sit
589 3449 798 3518 virtus
846 3450 1181 3516 cardinalis
1200 3499 1220 3530 ‚
1273 3471 1355 3516 an
1412 3452 1815 3535 theologica3

276 3558 535 3639 quarm,
578 3558 807 3622 utrum
859 3556 1202 3641 aliquando
1243 3558 1329 3623 sit
1372 3559 1578 3625 virtus
1616 3560 1819 3623 infor-

275 3663 430 3740 mis,
457 3681 542 3728 an
583 3681 835 3747 semper
877 3665 1189 3746 formata3
1228 3664 1458 3749 quinto
1501 3667 1820 3750 quaeritur

277 3773 500 3835 utrum
517 3768 586 3834 in
605 3773 753 3836 actu
770 3788 888 3835 suo
907 3771 989 3835 sit
999 3771 1480 3852 certitudinalis,
1495 3790 1583 3838 an
1602 3773 1816 3839 dubia.

819 3988 1181 4068 QUAESTIO
1222 3988 1274 4056 1.

616 4156 713 4213 An
737 4167 854 4227 spes
874 4154 951 4210 sit
975 4155 1152 4211 virtus
1176 4156 1427 4224 qratuita
1457 4157 1499 4208 ¹.

357 4313 586 4380 Utrum
608 4330 752 4397 spes
766 4313 846 4378 sit
872 4313 1080 4379 virtus
1091 4314 1411 4397 gratuita3
1433 4321 1497 4381 et
1514 4316 1686 4399 quod
1707 4318 1820 4396 sic,

275 4421 530 4486 videtur
555 4423 581 4458 ¹
609 4439 627 4486 ε
656 4422 789 4505 Spe
813 4419 986 4487 salvi
1009 4422 1173 4502 facti
1196 4438 1419 4489 sumus
1454 4444 1471 4487 ε
1500 4423 1677 4506 quod
1704 4444 1823 4489 au-

275 4532 408 4592 tem
452 4544 573 4593 nos
612 4528 758 4593 tacit
795 4530 1131 4611 pervenire
1175 4530 1256 4594 ad
1297 4531 1569 4598 salutem
1588 4579 1611 4611 ‚
1667 4532 1827 4599 illud

276 4637 600 4721 praecipue
626 4641 799 4702 tenet
842 4637 1158 4704 rationem
1184 4638 1441 4704 virtutis
1467 4641 1769 4720 gratuitae
1804 4662 1820 4707 ε

274 4744 332 4808 si
357 4761 518 4826 ergo
551 4762 695 4827 spes
719 4750 816 4810 est
841 4745 1213 4829 hujusmodi
1236 4793 1256 4826 ‚
1286 4765 1446 4829 ergo
1489 4752 1585 4814 est
1621 4749 1828 4815 virtus

279 4851 585 4933 gratuita.

360 4958 522 5026 Item
566 4960 637 5024 in
672 4958 925 5025 Psalmo
952 4960 974 4997 ⁸
1009 4962 1533 5045 :Beneplacitum
1574 4970 1667 5032 est
1696 4965 1828 5032 Do-

352 5121 678 5172 ¹Alexander
705 5120 923 5182 Mensis,
951 5121 1116 5185 cont„
1145 5138 1198 5188 p.
1222 5124 1306 5188 ΙΙΙ,
1333 5126 1453 5175 coll.
1485 5137 1626 5188 nvi,
1656 5130 1753 5177 art.
1782 5124 1825 5191 v15

282 5197 336 5247 S.
361 5193 602 5255 Thomas,
624 5193 760 5254 ΙΙ-ΙΙ,
779 5206 832 5256 q.
850 5204 977 5256 xvu,
994 5197 1089 5244 art.
1123 5199 1139 5243 Ι
1168 5199 1257 5257 ;et
1277 5197 1340 5245 ΙΙΙ
1364 5196 1524 5261 Seni,
1542 5197 1661 5249 dist.
1680 5209 1826 5263 xxvi,

280 5278 332 5330 q.
354 5277 419 5329 11,
438 5266 535 5315 art.
556 5269 601 5328 ¹3
622 5262 752 5313 etde
768 5263 943 5327 Vera„
956 5277 1006 5328 q.
1026 5276 1099 5325 ιν,
1121 5268 1216 5315 art.
1240 5269 1301 5332 13
1328 5267 1584 5332 Richard.,
1604 5270 1667 5318 ΙΙΙ
1690 5269 1829 5331 Seni,

254 5336 400 5395 dist.
426 5348 570 5397 xxw,
609 5338 707 5385 art.
729 5337 778 5398 3,
806 5348 859 5398 q.
887 5346 933 5397 13
960 5336 1111 5386 Joan.
1152 5338 1361 5402 Bacch„
1404 5340 1472 5391 ΙΙΙ
1513 5341 1672 5404 Seni„
1711 5340 1829 5390 dist.

281 5420 425 5471 xxvi,
459 5424 511 5473 q.
539 5423 574 5472 ι,
607 5410 705 5457 art.
742 5411 794 5470 ¹5
821 5406 998 5470 Steph.
1030 5406 1215 5470 Brulet,
1242 5411 1305 5461 ΙΙΙ
1336 5412 1495 5478 Seni„
1524 5412 1638 5465 dist.
1673 5422 1829 5476 xxm,

3373 421 3490 484 567

1940 541 2122 610 mino
2147 559 2338 626 super
2368 547 2654 613 timentes
2676 563 2851 628 eum,
2879 552 2938 617 et
2961 550 3037 615 in
3064 551 3159 616 eis
3200 552 3317 633 qui
3353 567 3494 635 spe—

1940 655 2095 716 rant
2117 666 2307 733 super
2331 653 2782 721 misericordia
2810 655 2949 737 effus
2965 678 2987 719 .·
3017 657 3126 721 sed
3154 658 3324 740 quod
3349 661 3490 724 red-

1940 757 2034 821 dit
2060 765 2391 840 acceptum
2421 761 2584 840 Deo,
2616 764 2721 827 vel
2769 769 2865 828 est
2906 766 3116 830 virtus
3166 769 3488 850 gratuita,

1939 864 2042 927 vel
2071 864 2332 930 habitus
2376 868 2787 934 excellentior
2829 871 3004 954 ipsa,
3036 873 3198 938 sicut
3235 873 3494 940 habitus

1939 968 2132 1050 doni,
2181 973 2285 1036 vel
2341 973 2748 1039 beatitudinis
2793 998 2810 1040 ε
2858 976 2911 1039 si
2960 996 3117 1059 ergo
3165 998 3309 1061 spes
3358 1000 3492 1047 non

1940 1086 2346 1166 computatur
2364 1085 2530 1149 inter
2557 1085 2815 1149 habitus
2840 1086 3158 1153 donorum
3192 1094 3256 1153 et
3282 1092 3486 1156 heati-

1937 1190 2261 1269 tudinum,
2295 1209 2548 1256 neeesse
2589 1197 2683 1257 est
2730 1211 2874 1257 eam
2919 1197 3275 1278 computari
3320 1198 3492 1265 inter

1935 1295 2193 1361 habitus
2218 1298 2538 1363 virtutum
2566 1301 3022 1381 gratuitarum.
3466 1281 3476 1293 ⁶

2018 1402 2176 1468 Item
2203 1404 2459 1470 habitus
2486 1406 2718 1471 directe
2738 1426 3108 1490 repugnans
3140 1409 3346 1493 culpae
3370 1411 3487 1476 ha-

1933 1510 2041 1575 bet
2086 1510 2157 1574 in
2201 1530 2271 1575 se
2312 1514 2628 1577 rationem
2674 1515 2933 1580 virtutis
2970 1517 3269 1597 gratuitae
3316 1540 3332 1583 ε
3379 1519 3489 1583 sed

1932 1636 2077 1703 spes
2105 1618 2388 1702 undique
2434 1625 2756 1704 repugnat
2784 1623 2991 1705 culpas
3016 1672 3034 1702 ,
3065 1624 3218 1706 quia
3243 1642 3488 1707 repug-

1932 1733 2046 1794 nat
2070 1729 2582 1812 praesumptioni‚
2602 1734 2666 1794 et
2682 1731 3106 1813 desperationi
3128 1750 3146 1795 ε
3168 1750 3347 1813 ergo,
3365 1736 3483 1796 etc.

2013 1838 2176 1903 Item
2198 1838 2362 1903 sicut
2389 1838 2643 1903 difficile
2669 1843 2766 1904 est
2791 1841 3044 1905 credere
3066 1841 3238 1924 quod
3258 1845 3354 1905 est
3375 1861 3487 1906 su-

1931 1962 2049 2029 pra
2075 1943 2416 2026 rationem,
2445 1944 2536 2008 sic
2563 1945 2816 2010 difficile
2844 1951 2939 2011 est
2963 1950 3296 2030 expectare
3315 1947 3485 2029 quod

1931 2053 2027 2114 est
2066 2069 2262 2134 supra
2309 2070 2569 2116 omnem
2620 2053 3106 2119 aestimationem
3138 2074 3155 2119 t
3208 2054 3320 2119 sed
3374 2071 3488 2137 per

1930 2175 2112 2241 spem
2133 2163 2503 2241 expectatur
2530 2159 2688 2224 illud
2710 2160 2960 2224 bonum
2975 2162 3147 2243 quod
3165 2161 3188 2197 ⁴
3206 2178 3320 2227 nec
3347 2177 3489 2229 ocu-

1930 2264 2029 2330 lus
2055 2265 2254 2343 vidit,
2285 2281 2395 2332 nec
2426 2267 2611 2332 auris
2641 2266 2902 2333 audivit
2921 2315 2939 2344 ‚
2967 2283 3082 2333 nec
3118 2269 3195 2334 in
3235 2284 3341 2335 cor
3366 2268 3482 2337 ho·

1929 2375 2132 2439 minis
2168 2372 2465 2440 ascendit
2501 2393 2527 2437 .·
2553 2391 2711 2455 ergo
2749 2375 2914 2439 sicut
2955 2376 3112 2439 fides
3143 2378 3239 2441 est
3278 2377 3489 2443 virtus

1927 2499 2058 2563 qua
2104 2479 2453 2544 creduntur
2493 2480 2874 2561 invisibilia,
2904 2482 2991 2545 sic
3018 2483 3272 2548 videtur
3312 2484 3488 2565 quod

1927 2605 2069 2670 spes
2095 2590 2191 2651 est
2218 2587 2425 2652 virtus
2452 2606 2582 2669 qua
2622 2593 3038 2670 expectantur
3062 2588 3484 2656 inaestimabi-

1926 2694 2033 2770 lia,
2055 2694 2179 2758 hoc
2205 2697 2320 2773 est,
2349 2694 2519 2758 bona
2542 2695 2895 2776 spiritualia
2924 2700 2988 2760 et
3015 2701 3277 2762 aeterna.

2009 2802 2168 2866 item
2189 2850 2208 2880 ,
2256 2802 2431 2886 quod
2483 2803 2764 2867 maxime
2813 2804 3029 2868 firmat
3072 2806 3387 2884 animam,
3418 2809 3483 2871 et

1925 2910 2268 2987 rectificat,
2313 2915 2375 2974 et
2402 2910 2705 2991 delectat,
2734 2911 2893 2977 illud
2940 2913 3265 2994 potissime
3293 2914 3484 2980 habet

1926 3018 2240 3081 rationem
2269 3019 2526 3083 virtutis
2554 3020 2886 3101 gratuitae3
2931 3022 3140 3086 virtus
3181 3021 3355 3085 enim
3390 3026 3482 3086 est

1927 3123 2187 3190 habitus
2213 3126 2511 3209 potentiae
2545 3127 2943 3209 regulativus
2974 3132 3038 3193 et
3082 3129 3479 3196 confirmati-

1926 3251 2072 3313 VuS,
2099 3234 2214 3316 qui
2242 3233 2390 3298 facit
2417 3234 2623 3315 ipsam
2666 3235 2948 3300 animam
2988 3238 3271 3318 gaudere
3312 3238 3482 3304 circa

1925 3359 2004 3406 ea
2056 3360 2203 3424 quae
2255 3345 2426 3404 recta
2467 3347 2621 3405 sunt
2646 3389 2665 3422 ,
2723 3343 3077 3406 secundum
3123 3344 3295 3427 quod
3340 3345 3481 3409 vult

1927 3449 2354 3533 Philosophus
2380 3450 2424 3513 ⁸.
2459 3449 2580 3514 Sed
2612 3469 2754 3534 spes
2779 3455 2874 3515 est
2896 3451 3271 3534 hujusmodi
3294 3474 3310 3531 ;
3341 3452 3479 3535 ipsa

1927 3558 2103 3623 enim
2128 3557 2466 3621 confirmat
2491 3561 2557 3620 et
2592 3557 2891 3636 delectat,
2924 3558 3277 3623 secundum
3305 3560 3481 3641 quod

1928 3664 2208 3753 dicitur⁸
2242 3685 2260 3730 t
2301 3667 2757 3731 Fortissimum
2798 3665 3099 3732 habemus
3134 3667 3438 3734 solatium
3456 3716 3479 3748 ‚

1924 3787 2040 3855 per
2066 3771 2239 3855 quod
2278 3774 2687 3854 confuqimus
2733 3772 2823 3838 ad
2861 3774 3257 3855 propositam
3298 3775 3480 3842 nobis

1928 3895 2128 3964 spem,
2156 3896 2351 3962 quam
2373 3882 2545 3946 sicut
2573 3880 2917 3946 anchoram
2935 3927 2958 3958 ‚
2995 3884 3114 3945 etc.
3141 3880 3221 3946 Et
3249 3882 3341 3963 ad
3365 3883 3483 3950 Ro-

1929 4002 2153 4054 manos
2179 3993 2204 4029 '¹
2238 4005 2265 4049 .·
2298 3986 2418 4069 Spe
2448 3986 2829 4070 pandentes.
2859 3986 3124 4054 Videtur
3150 4007 3308 4070 ergo
3336 4007 3480 4054 ma-

1929 4093 2176 4171 nifeste,
2206 4095 2378 4177 quod
2405 4112 2548 4178 spes
2573 4095 2654 4158 sit
2683 4095 2754 4158 in
2781 4112 3019 4176 genere
3045 4096 3302 4162 virtutis
3323 4115 3480 4178 gra-

1931 4202 2137 4267 tuitae.

1919 4352 1938 4370 .
2012 4307 2133 4373 Sed
2155 4311 2376 4372 contra
2403 4329 2420 4372 ι
2446 4313 2503 4372 1.
2530 4306 2720 4391 Nulla
2743 4308 2952 4391 passio
2973 4309 3071 4372 est
3091 4307 3301 4373 virtus
3325 4328 3343 4374 t
3372 4309 3482 4376 sed

1932 4435 2076 4499 spes
2105 4418 2201 4479 est
2227 4434 2360 4480 una
2390 4416 2468 4479 de
2493 4420 2771 4498 quatuor
2797 4415 3223 4499 passionibuS,
3250 4433 3478 4481 secun-

1931 4524 2090 4589 dum
2113 4523 2286 4607 quod
2328 4523 2478 4586 dicit
2521 4522 2778 4588 Boetius
2800 4571 2818 4600 ‚
2875 4522 2953 4589 de
2994 4522 3432 4590 Consolatione
3457 4547 3483 4591 .·

1933 4650 2089 4714 ergo
2117 4648 2261 4714 spes
2291 4648 2422 4694 non
2447 4635 2542 4694 est
2566 4631 2797 4694 virtus.
2820 4624 3035 4694 Prima
3046 4631 3350 4712 probatur
3371 4649 3485 4713 per

1930 4741 2091 4807 illud
2114 4788 2132 4817 ‚
2181 4740 2353 4823 quod
2386 4739 2536 4803 dicit
2579 4739 3003 4822 Philosophus
3027 4740 3074 4821 ⁸,
3113 4740 3283 4822 quod
3331 4758 3482 4806 cum

1932 4849 2055 4914 tria
2094 4849 2220 4912 sint
2269 4848 2338 4912 in
2384 4846 2638 4927 anima,
2687 4848 2985 4930 potentiae
3002 4896 3020 4926 ‚
3045 4848 3367 4931 passiones
3420 4853 3485 4914 et

1934 4957 2212 5036 habitus,
2241 4955 2449 5020 virtus
2473 4972 2606 5017 non
2632 4957 2727 5017 est
2755 4953 2823 5017 in
2853 4973 3090 5036 genere
3128 4955 3437 5038 passionis
3453 5005 3477 5035 ,

1937 5131 1986 5181 q.
2014 5128 2049 5167 1.
2071 5117 2333 5177 umam„
2351 5126 2463 5178 v111,
2493 5116 2570 5164 st.
2597 5115 2696 5152 —³
2718 5115 3043 5178 Psal.cx1.v1,
3073 5119 3149 5165 Η.
3172 5141 3233 5151 -
3259 5116 3281 5151 ὁ
3303 5116 3318 5165 Ι
3341 5116 3478 5182 σωκ,

1940 5201 1996 5251 11,
2027 5192 2074 5238 9.
2103 5188 2201 5226 -⁸
2235 5187 2405 5250 Arist„
2438 5186 2624 5246 Ethic„
2653 5186 2745 5236 lih.
2777 5188 2836 5243 ΙΙ,
2885 5191 3024 5237 cont.
3070 5190 3098 5237 3
3134 5190 3186 5237 et
3212 5190 3267 5250 η
3317 5188 3479 5252 Rhea,

1935 5260 2021 5310 lib.
2046 5260 2092 5323 1;
2119 5259 2302 5322 Eehic„
2328 5259 2418 5309 lib.
2444 5259 2555 5321 Vll,
2585 5262 2719 5309 cont.
2753 5260 2828 5309 14.
2858 5285 2923 5295 —
2948 5260 2969 5295 ⁶
2990 5256 3164 5322 Hebr„
3195 5271 3266 5323 VI,
3301 5262 3373 5323 ¹8,
3400 5263 3479 5311 19.

1936 5336 2034 5372 -7
2056 5335 2214 5399 Rom„
2243 5347 2337 5401 111,
2369 5338 2446 5386 12.
2475 5362 2527 5371 -
2548 5333 2572 5368 ⁸
2604 5334 2777 5397 Arist„
2809 5334 2998 5397 Ethic„
3022 5333 3110 5386 lib.
3153 5335 3212 5398 ΙΙ,
3243 5340 3380 5386 cont.
3419 5338 3476 5399 55

1938 5410 2026 5461 lib.
2067 5412 2152 5461 ΙΙΙ.

3512 4356 3584 4401 Ad
3606 4366 3714 4417 opp.
