4185 6288
1143 484 1340 552 DlST.
1383 482 1620 551 XXVII.
1669 483 1852 552 ΛΒΤ.
1900 487 1980 552 ΙΙ.
2023 485 2325 566 QUAEST.
2371 486 2419 552 Ι.

193 619 393 683 radice
442 619 784 685 charitatis.
839 643 871 681 n
929 621 1101 704 Ergo
1150 620 1335 686 radix
1401 619 1723 685 charitatis

193 724 488 789 omnibus
533 728 832 809 operibus
874 729 1097 793 tribuit
1138 727 1524 793 viriditatem
1564 749 1580 791 :
1613 726 1724 791 sed

191 832 325 896 baec
351 831 639 897 viriditas
675 852 807 899 non
839 840 934 899 oet
976 835 1173 913 aliud,
1204 853 1400 918 quam
1446 833 1725 899 efficacia

191 939 258 1003 in
302 940 600 1005 merendo
629 960 646 1006 t
691 943 746 1005 si
787 959 946 1024 ergo
988 943 1155 1007 hanc
1194 941 1419 1007 tribuit
1458 942 1725 1006 charitas

189 1046 326 1110 aliis
349 1047 698 1113 virtutibus
722 1066 837 1132 per
868 1067 1064 1113 suum
1091 1051 1307 1113 actum
1347 1053 1410 1112 et
1447 1050 1720 1127 motum,

187 1152 440 1219 videtur
463 1156 633 1238 quod
660 1160 837 1220 actus
864 1155 1189 1219 charitatis
1223 1156 1431 1238 primo
1455 1158 1520 1219 et
1543 1154 1720 1238 prin-

186 1260 469 1343 cipaliter
520 1262 603 1326 sit
652 1262 1014 1327 meritorius
1057 1262 1224 1327 inter
1275 1280 1500 1327 omnes
1546 1266 1726 1328 actus

183 1368 520 1433 virtutum.

263 1474 422 1540 Item
451 1477 754 1544 meritum
780 1477 946 1542 inest
973 1478 1152 1542 omni
1196 1478 1419 1543 virtuti
1446 1496 1530 1543 ex
1554 1483 1724 1556 recta

182 1583 580 1649 ordinatione
604 1584 677 1647 in
703 1584 898 1649 finem
923 1585 1068 1649 :sed
1093 1584 1368 1649 charitas
1395 1589 1492 1650 est
1517 1586 1725 1650 virtus

178 1711 330 1776 quae
381 1691 745 1756 immediate
788 1692 1040 1756 ordinat
1079 1692 1150 1756 in
1194 1695 1424 1773 finem,
1473 1696 1538 1758 et
1585 1712 1724 1758 me-

176 1801 394 1866 diante
420 1820 550 1884 qua
572 1805 818 1866 caeterae
846 1801 988 1865 aliae
1015 1802 1294 1867 ordinari
1320 1803 1559 1868 babent
1584 1826 1600 1868 ι
1630 1803 1724 1867 vi-

174 1910 368 1973 detur
401 1926 593 1991 ergo,
632 1909 805 1992 quod
851 1910 1020 1974 circa
1062 1914 1277 1975 actum
1304 1913 1446 1994 ejus
1472 1911 1684 1994 primo
1701 1958 1720 1990 ‚

175 2019 241 2080 et
273 2015 713 2098 principaliter
743 2018 1075 2099 contingat
1113 2027 1327 2083 actum
1363 2019 1576 2083 meriti
1621 2036 1720 2083 re-

173 2123 398 2205 periri.

255 2232 421 2296 Item
463 2232 714 2297 nullum
761 2233 1141 2316 obsequium
1187 2236 1282 2299 est
1321 2234 1722 2299 meritorium

171 2340 348 2423 apud
393 2339 622 2419 Deum,
674 2339 799 2405 nisi
844 2341 1016 2424 quod
1055 2342 1131 2406 flt
1166 2341 1508 2406 liberaliter
1553 2361 1571 2406 ε
1613 2342 1725 2406 sed

171 2446 343 2511 nihil
375 2448 456 2511 fit
494 2446 865 2528 liberaliter,
892 2448 1021 2512 nisi
1053 2448 1225 2532 quod
1261 2450 1333 2513 fit
1362 2467 1446 2512 ex
1470 2466 1719 2527 amore,

169 2554 491 2638 quoniam
537 2572 719 2619 amor
765 2558 861 2620 est
904 2555 1171 2635 donum,
1216 2555 1287 2619 in
1333 2573 1464 2638 quo
1507 2557 1725 2621 omnia

165 2665 294 2730 alia
345 2665 522 2730 dona
570 2665 912 2729 donantur.
955 2664 1025 2728 Si
1063 2682 1221 2746 ergo
1265 2664 1542 2730 efficacia
1579 2684 1723 2731 me-

161 2772 354 2837 rendi
398 2771 688 2836 consistit
727 2771 799 2834 in
838 2771 1230 2851 liberalitate,
1274 2776 1340 2836 et
1378 2772 1723 2837 liberalitas

157 2882 378 2964 primo
442 2884 509 2945 et
559 2881 988 2964 principaliter
1041 2881 1358 2964 reperitur
1414 2882 1483 2945 in
1542 2885 1723 2946 motu

156 2988 505 3054 charitatis
566 2992 631 3053 et
679 2989 919 3054 amoris
941 3038 960 3069 ‚
1016 2988 1272 3056 videtur
1327 2989 1499 3053 idem
1551 2990 1721 3072 quod

153 3097 365 3180 prius»,
398 3094 699 3164 videlicet
724 3096 897 3180 quod
927 3100 1139 3161 motus
1164 3095 1486 3160 charitatis
1512 3096 1721 3179 primo

150 3208 217 3269 et
241 3202 700 3288 principaliter
721 3203 801 3267 sit
825 3203 1212 3268 meritorius.

232 3311 404 3377 Item
465 3314 647 3375 actus
689 3310 837 3375 fidei
873 3329 1006 3375 non
1047 3316 1142 3375 est
1178 3311 1569 3393 meritoriuS‚
1599 3313 1720 3377 nisi

143 3419 533 3484 secundum
566 3417 736 3500 quod
769 3418 926 3483 fides
951 3419 1149 3483 credit
1173 3420 1244 3483 in
1269 3418 1472 3483 Deum
1518 3441 1533 3484 ε
1568 3439 1721 3484 nam

146 3527 421 3592 credere
452 3524 683 3606 Deum,
717 3529 784 3590 et
803 3526 1057 3592 credere
1085 3526 1233 3607 De0,
1262 3545 1605 3592 commune
1627 3533 1723 3593 est

141 3635 302 3700 fidei
350 3633 646 3713 informi,
697 3638 760 3697 et
803 3632 950 3697 fidei
997 3635 1286 3699 formatae
1327 3657 1343 3699 ε
1390 3636 1501 3700 sed
1547 3636 1723 3719 quod

138 3744 312 3808 fides
341 3742 574 3807 credat
595 3741 663 3804 in
689 3740 917 3821 Deum,
948 3741 1070 3807 hoc
1095 3742 1286 3807 habet
1311 3745 1555 3810 ratione
1577 3744 1723 3808 cha-

136 3852 361 3916 ritatis
403 3850 758 3930 adJunctae.
798 3872 829 3912 α
858 3848 1121 3914 Credere
1164 3850 1338 3915 enim
1381 3852 1451 3915 in
1491 3852 1715 3930 Deum,

133 3958 315 4023 sicut
342 3956 514 4022 dicit
547 3955 951 4039 Augustinus
978 3958 1022 4036 ¹,
1053 3960 1149 4021 est
1187 3958 1498 4023 credendo
1542 3978 1721 4023 ama-

131 4087 233 4133 re.
269 4090 305 4128 ²>
345 4066 545 4147 Ergo
573 4064 825 4130 videtur
854 4065 1027 4148 quod
1063 4067 1240 4129 actus
1275 4066 1424 4131 fidei
1468 4085 1600 4131 non
1641 4067 1721 4131 sit

136 4174 578 4250 meritorium
609 4172 733 4236 nisi
760 4172 1077 4237 mediante
1103 4176 1249 4237 actu
1280 4173 1619 4238 charitatis.
1653 4172 1720 4239 Si

132 4301 308 4366 ergo
338 4284 544 4347 actus
571 4278 721 4343 fidei
760 4282 855 4344 est
879 4280 1129 4362 primus
1157 4280 1323 4345 inter
1361 4284 1540 4346 actus
1575 4298 1716 4345 om-

125 4394 334 4458 nium
385 4389 746 4465 virtutum,
782 4387 1035 4454 videtur
1079 4383 1251 4472 quod
1293 4388 1459 4452 circa
1503 4394 1718 4453 actum

128 4496 499 4566 charitatis
554 4494 766 4576 primo
816 4499 881 4559 et
931 4495 1358 4579 principaliter
1422 4497 1720 4561 consistat

123 4607 498 4675 meritum.
1044 4662 1056 4677 .
1559 4612 1563 4616 ’

56 4772 66 4790 ,
212 4712 356 4780 Sed
397 4710 638 4776 contra
668 4728 683 4772 ε
717 4714 747 4773 1
761 4755 776 4772 .
822 4706 1044 4772 Omnis
1075 4712 1255 4772 actus
1292 4708 1638 4791 procedens
1678 4728 1717 4774 a

118 4827 393 4895 virtute
425 4819 712 4884 formata
750 4820 846 4881 est
883 4815 1009 4882 Deo
1040 4816 1311 4899 placitus
1351 4822 1414 4883 et
1450 4818 1716 4883 merito-

113 4938 295 5016 rius,
320 4929 502 5016 quia
530 4924 752 5009 quales
778 4928 929 4988 sunt
951 4924 1231 5005 habitus,
1262 4926 1419 4990 tales
1444 4930 1594 4991 sunt
1618 4944 1717 4990 ac-

109 5050 232 5110 tus
294 5063 312 5106 :
370 5035 502 5103 sed
561 5031 908 5097 virtutihus
960 5032 1377 5098 existentibus
1430 5034 1716 5099 formatis

105 5172 240 5240 901·
277 5147 492 5236 prius
537 5139 668 5204 exit
708 5139 777 5203 in
817 5144 997 5204 actus
1037 5139 1218 5219 fides,
1257 5159 1453 5224 quam
1495 5141 1711 5224 aliqua

106 5262 250 5329 alia
290 5255 538 5322 virtus
585 5267 602 5311 ε
646 5265 804 5329 ergo
847 5247 1102 5312 videtur
1134 5248 1304 5330 quod
1352 5251 1533 5333 actus
1574 5251 1714 5332 ejus
1751 5294 1762 5311 .

104 5370 350 5457 primo
380 5360 478 5426 sit
510 5354 904 5420 meritorius.

180 5497 202 5535 ι
234 5496 416 5556 Aug„
449 5482 522 5535 de
555 5480 804 5547 Tempore,
846 5493 1000 5532 serm.
1037 5491 1229 5533 cum
1259 5482 1437 5546 (Idem
1469 5485 1548 5533 est
1575 5484 1714 5549 quod

3256 496 3375 560 613

1914 628 1975 687 2.
2002 623 2162 688 ltem
2184 623 2255 686 in
2281 622 2459 687 omni
2485 639 2584 701 eo,
2611 621 2680 685 in
2705 640 2837 704 quo
2865 624 3073 706 primo
3095 628 3380 693 consistit

1832 730 1995 795 ratio
2041 730 2405 813 dirigendi,
2455 730 2664 812 primo
2704 730 2984 794 consistit
3026 734 3188 797 ratio
3239 752 3374 800 me-

1832 837 2015 903 rendi
2050 861 2065 903 :
2098 838 2207 902 sed
2235 836 2402 902 circa
2431 839 2645 900 actum
2670 836 2817 901 fidei
2859 838 3068 921 primo
3098 842 3377 907 consistit

1831 946 1997 1009 ratio
2019 946 2331 1028 dirigendi
2359 993 2376 1023 ‚
2406 963 2555 1009 cum
2592 946 2730 1027 ipsa
2767 946 2848 1010 sit
2889 947 3192 1012 directiva
3230 967 3379 1013 om-

1833 1053 2018 1116 nium
2044 1053 2362 1118 virtutum
2396 1075 2412 1116 :
2444 1070 2602 1134 ergo
2641 1057 2706 1117 et
2731 1053 2898 1117 circa
2930 1054 3140 1138 ipsum
3167 1057 3377 1140 primo

1834 1160 2116 1224 consistit
2143 1161 2304 1225 ratio
2347 1160 2633 1224 merendi
2665 1182 2679 1225 :
2712 1179 2843 1224 non
2881 1178 3041 1244 ergo
3079 1163 3244 1228 circa
3269 1181 3373 1228 ac-

1833 1271 1976 1330 tum
2006 1267 2350 1331 eharitatis.

1915 1379 1975 1438 3.
2017 1374 2177 1439 Item
2207 1375 2417 1457 gratia
2457 1374 2525 1437 in
2554 1374 2855 1439 merendo
2882 1378 3100 1441 movet
3126 1378 3377 1443 confor-

1834 1481 2026 1545 miter
2075 1481 2354 1546 liberum
2397 1480 2769 1560 arbitrium,
2823 1484 2886 1546 et
2932 1501 2968 1546 e
3016 1501 3321 1551 converso
3358 1509 3374 1550 ε

1834 1590 1944 1653 sed
1999 1589 2274 1653 liberum
2329 1588 2669 1652 arbitrium
2712 1607 2827 1673 per
2866 1592 3045 1673 prius
3086 1593 3374 1674 judicat,

1833 1714 2030 1779 quam
2055 1697 2254 1779 eligat
2283 1713 2299 1759 :
2338 1713 2497 1777 ergo
2535 1697 2743 1777 gratia
2767 1715 2882 1780 per
2911 1698 3089 1781 prius
3125 1699 3381 1765 videtur

1833 1804 2140 1886 respicere
2180 1808 2395 1867 actum
2432 1804 2843 1885 cognitionis,
2874 1823 3070 1888 quam
3096 1806 3376 1872 affectio-

1833 1912 1933 1974 nis
1973 1928 1991 1975 :
2046 1912 2157 1975 sed
2210 1911 2382 1994 quod
2427 1929 2542 1994 per
2591 1911 2770 1994 prius
2827 1913 3081 1995 respicit
3127 1915 3337 1995 gratia
3355 1963 3376 1994 ,

1835 2017 2046 2100 primo
2072 2018 2265 2082 habet
2290 2018 2605 2081 rationem
2634 2019 2943 2100 meritorii
2978 2042 2993 2083 z
3025 2038 3182 2102 ergo
3212 2022 3382 2086 vide·
3424 2042 3432 2048 ·

1833 2130 1944 2190 tur
1966 2126 2138 2209 quod
2180 2127 2344 2190 ratio
2371 2125 2659 2190 merendi
2701 2126 2880 2209 prius
2908 2128 3274 2194 inveniatur
3313 2130 3381 2194 in

1833 2237 1981 2299 actu
2026 2234 2428 2315 cognitioniS‚
2481 2252 2674 2317 quam
2720 2233 3070 2298 affectionis
3121 2257 3137 2298 t
3188 2238 3254 2301 et
3293 2235 3383 2300 ita

1832 2342 2016 2425 prius
2039 2341 2109 2404 in
2135 2346 2282 2405 actu
2308 2341 2478 2420 fidei,
2509 2358 2706 2424 quam
2734 2341 3078 2407 charitatis.

1911 2454 1972 2514 4.
2019 2448 2179 2514 Item
2219 2449 2375 2513 fides
2410 2448 2698 2513 informis
2740 2453 3023 2514 meretur
3061 2453 3381 2534 operatio-

1831 2575 1984 2621 nem
2011 2555 2472 2621 miraculorum
2499 2555 2576 2620 de
2605 2575 2896 2639 congruo
2921 2557 2992 2621 in
3026 2562 3195 2624 statu
3231 2578 3378 2643 pec·

1831 2664 1950 2727 cati
1983 2683 2000 2729 ε
2044 2663 2154 2728 sed
2200 2663 2402 2728 multo
2442 2663 2703 2745 majoris
2745 2664 3045 2729 efficaciae
3088 2670 3182 2730 est
3222 2668 3379 2733 fides

1831 2773 2101 2836 formata
2132 2775 2423 2854 respectu
2460 2771 2709 2854 praemii
2738 2773 3148 2855 assequendi,
3179 2793 3378 2858 quam

1830 2880 1988 2945 fides
2005 2879 2296 2943 informis
2316 2882 2606 2962 respectu
2633 2878 2924 2943 miraculi
2951 2879 3332 2963 impetrandi
3356 2903 3373 2948 :

1831 2988 1885 3051 si
1907 3005 2066 3068 ergo
2096 2986 2457 3070 impetratio
2487 2986 2776 3049 miraculi
2804 2986 3013 3069 primo
3051 2992 3113 3053 et
3139 2990 3378 3071 princi-

1830 3094 2055 3179 paliter
2080 3094 2454 3159 attribuitur
2480 3093 2648 3158 actui
2683 3093 2834 3158 fidei
2863 3094 3174 3177 informiS,
3205 3097 3377 3164 vide-

1829 3207 1937 3267 tur
1962 3203 2133 3285 quod
2161 3202 2506 3267 actuifldei
2533 3203 2823 3267 formatae
2850 3205 3059 3287 primo
3102 3210 3163 3269 et
3191 3208 3376 3290 prin-

1830 3310 2115 3393 cipaliter
2142 3310 2447 3375 meritum
2473 3309 2625 3376 vitae
2653 3314 2911 3376 aeternae
2946 3312 3170 3378 debeat
3195 3314 3374 3378 attri-

1829 3417 1967 3481 bui.

1910 3530 1967 3588 5.
2001 3524 2159 3589 uem
2191 3524 2362 3607 quod
2404 3523 2616 3605 magis
2642 3528 2737 3588 est
2763 3525 3048 3605 difficile,
3079 3529 3142 3591 et
3168 3512 3378 3611 magis

1829 3637 2050 3696 contra
2074 3635 2375 3696 naturam
2390 3680 2411 3711 ,
2445 3630 2603 3695 illud
2629 3635 2803 3696 tenet
2830 3633 3037 3715 magis
3062 3637 3377 3701 rationem

1829 3739 2040 3804 meriti
2068 3739 2137 3802 in
2168 3739 2276 3804 via
2304 3761 2319 3801 ε
2354 3738 2463 3803 sed
2491 3743 2707 3803 motus
2733 3739 2880 3803 fidei
2908 3743 3123 3822 magis
3147 3747 3243 3807 est
3266 3762 3377 3807 na-

1827 3850 1992 3910 turae
2018 3846 2333 3926 dissonuS,
2369 3863 2568 3929 quam
2596 3850 2809 3911 motus
2841 3847 3197 3928 charitatiS,
3224 3851 3377 3932 quia

1828 3954 2033 4019 Deum
2059 3955 2329 4037 diligere
2355 3972 2488 4019 non
2517 3957 2614 4019 est
2648 3960 2869 4019 contra
2895 3956 3213 4022 dictamen
3258 3978 3376 4023 na-

1825 4065 2017 4140 turae,
2060 4061 2225 4125 sicut
2260 4059 2513 4125 credere
2553 4060 2790 4127 multos
2834 4062 3132 4126 articulos
3166 4085 3181 4126 ε
3214 4082 3373 4146 ergo

1825 4168 2079 4232 videtur
2115 4167 2287 4250 quod
2329 4168 2398 4231 in
2438 4167 2587 4232 actu
2623 4168 2829 4250 ipsius
2871 4169 3018 4234 fidei
3062 4170 3271 4252 primo
3314 4175 3378 4236 et

1825 4275 2264 4359 principaliter
2290 4275 2586 4339 consistat
2606 4275 2887 4339 efficacia
2917 4276 3225 4342 merendi.

1906 4387 1968 4447 6.
2001 4382 2183 4462 Item,
2213 4381 2377 4449 sicut
2404 4399 2472 4446 se
2497 4381 2689 4446 habet
2718 4383 3059 4465 prudentia
3082 4388 3377 4467 respectu

1826 4490 2248 4555 cardinalium
2273 4537 2292 4569 ,
2345 4489 2432 4554 ita
2482 4507 2550 4554 se
2609 4490 2804 4554 habet
2868 4490 3027 4555 fides
3085 4496 3373 4576 respectu

1824 4588 2327 4680 theologicarum
2350 4619 2365 4662 :
2393 4597 2503 4662 sed
2528 4601 2698 4662 recta
2720 4597 3036 4663 ordinatio
3055 4618 3171 4682 per
3192 4600 3374 4683 prius

1823 4706 2141 4790 reperitur
2167 4705 2237 4768 in
2271 4707 2420 4769 actu
2453 4705 2808 4788 prudentiae
2826 4752 2843 4782 ‚
2879 4723 3076 4787 quam
3116 4707 3182 4771 in
3222 4710 3372 4773 actu

1826 4815 2145 4882 virtutum
2172 4812 2591 4879 cardinalium
2622 4834 2636 4876 :
2671 4830 2830 4894 ergo
2858 4815 3029 4877 recta
3056 4813 3369 4879 ordinatio

1822 4941 1937 5007 per
1981 4922 2162 5005 prius
2197 4920 2528 4986 invenitur
2569 4921 2638 4984 in
2682 4924 2828 4984 actu
2862 4919 3042 5001 fidei,
3073 4938 3270 5004 quam
3296 4921 3368 4986 in

1822 5034 1970 5095 actu
2013 5030 2286 5094 aliarum
2325 5028 2834 5111 theologicarum
2868 5049 2883 5092 ε
2914 5027 3021 5091 sed
3068 5028 3227 5092 fflud
3254 5045 3369 5111 per

1823 5139 2003 5222 prius
2028 5141 2126 5202 est
2151 5137 2570 5215 meritorium,
2597 5138 2664 5201 in
2691 5155 2823 5221 quo
2847 5155 2963 5220 per
2987 5136 3165 5220 prius
3194 5156 3369 5221 repe-

1821 5246 1985 5311 ritur
2032 5245 2346 5310 ordinatio
2393 5267 2410 5310 :
2459 5261 2619 5326 ergo
2663 5243 2919 5309 videtur
2964 5245 3137 5328 quod
3186 5247 3368 5310 actus

1820 5411 2084 5536 Trasctatus
2112 5407 2172 5459 de
2194 5408 2424 5476 Exposit.
2448 5407 2708 5474 Symb01i3
2734 5409 2912 5460 Enarr-
2956 5408 3006 5459 in
3027 5407 3165 5461 Psal.
3194 5419 3363 5473 unx,

1821 5495 1871 5534 n.
1937 5516 1951 5531 .
