4185 6288
763 471 885 536 ete

1797 467 2421 538 SENTENTIARUM
2457 470 2607 537 Lm.
2649 471 2758 539 111.

769 605 907 700 jam
929 623 1197 696 prorsus
1222 602 1504 695 perfecta
1528 610 1662 674 est?
1691 605 1833 675 Imo
1857 613 1935 676 ut
1963 606 2368 698 perficiatur,
2409 607 2699 678 nascitur
2732 634 2748 678 ε
2791 631 2943 680 cum
2970 610 3173 680 fuerit
3213 614 3394 694 nata,
3430 606 3758 692 nutritur;
3802 629 3941 676 cum

773 720 974 790 fuerit
999 718 1274 804 nutrita,
1306 718 1676 808 roboratur;
1712 745 1862 791 cum
1893 723 2095 792 fuerit
2120 723 2445 811 roborata,
2482 726 2846 818 perficitur3
2876 748 3031 796 cum
3055 729 3141 798 ad
3169 727 3637 821 perfectionem
3673 724 3942 809 venerit,

761 836 933 906 dicit
959 841 978 874 ⁸
1008 863 1031 903 .·
1065 835 1274 928 Cupio
1300 834 1591 924 dissolvi,
1621 848 1743 908 etc.
1774 865 1810 904 w
1845 838 1970 908 Hic
1994 847 2217 931 aperte
2258 861 2642 933 progressus
2673 850 2740 912 et
2785 843 3093 936 perfectio
3133 844 3470 914 charitatis
3501 841 3884 912 insinuatur
3925 864 3941 905 ε
3992 863 3995 870 ·

771 974 976 1047 quam
1003 952 1462 1044 perfectionem
1490 953 1686 1023 etiam
1713 954 1976 1024 Veritas
1998 957 2435 1043 commendat,
2463 957 2687 1029 dicens
2711 963 2734 997 ⁹
2770 984 2787 1030 ε
2818 962 3146 1053 Major-em
3172 960 3303 1031 Ιιαο
3322 960 3747 1032 dilectionem
3772 976 3946 1027 nemo

772 1069 991 1152 habet,
1024 1090 1226 1160 quam
1250 1079 1329 1138 ut
1355 1069 1661 1140 animam
1684 1092 1879 1140 suam
1897 1083 2116 1165 ponat
2160 1075 2305 1165 quis
2326 1095 2451 1166 pro
2479 1075 2718 1145 amicis
2752 1078 2911 1147 suis.
2943 1078 3136 1160 Quod
3170 1078 3404 1171 utique
3441 1077 3699 1146 dictum
3743 1083 3840 1145 est
3870 1073 3947 1144 de

770 1206 966 1278 opere
991 1182 1391 1270 dilectionis,
1442 1185 1602 1277 quia
1643 1187 1856 1278 major
1887 1187 2263 1258 dilectionis
2295 1190 2565 1261 effectus
2604 1214 2739 1262 non
2782 1203 2916 1281 est,
2961 1216 3164 1287 quam
3218 1216 3462 1288 ponere
3500 1193 3798 1263 animam
3832 1213 3945 1283 pro

768 1301 940 1370 aliis.
972 1299 1105 1370 Nec
1130 1307 1194 1370 te
1222 1307 1481 1370 moveat
1521 1301 1700 1393 quod
1741 1304 1867 1390 ait,
1901 1328 2030 1396 pro
2077 1306 2315 1376 amicis
2333 1330 2364 1390 ,·
2412 1307 2531 1400 qui
2557 1308 2734 1378 enim
2762 1310 2951 1402 ponit
2991 1311 3280 1380 animam
3323 1332 3443 1401 pro
3484 1309 3739 1397 amicis,
3770 1307 3947 1400 ponit

771 1424 836 1485 et
859 1438 980 1509 pro
1001 1416 1312 1504 inimicis,
1341 1416 1427 1485 ad
1453 1415 1576 1486 hoc
1603 1424 1678 1486 ut
1702 1418 1829 1510 ipsi
1855 1418 2020 1490 fiant
2045 1421 2264 1491 amici.

1154 1663 1560 1732 EXPOSITIO
1598 1664 1929 1736 TEXTUS.

769 1838 893 1889 Post
917 1835 1179 1902 predicta,
1209 1834 1272 1886 de
1299 1834 1480 1887 ordine
1510 1835 1768 1909 ebaritatis
1793 1839 2050 1903 agendum
2075 1843 2174 1904 est,
2205 1843 2305 1891 etc.

845 1987 1054 2072 Supra
1076 1988 1521 2055 determinavit
1548 1989 1848 2072 Magister
1882 1992 1963 2056 de
2001 1992 2306 2059 charitate

764 2098 1080 2179 quantum
1141 2095 1222 2161 ad
1285 2097 1623 2162 essentiam
1692 2103 1756 2163 et
1828 2099 2298 2179 diffinitionem,

763 2205 1076 2287 quantum
1103 2204 1185 2268 ad
1219 2204 1625 2285 diligibilium
1674 2223 2022 2271 numerum
2063 2212 2128 2272 et
2171 2208 2304 2281 dis-2

761 2310 1168 2389 tinctionem;
1212 2310 1317 2376 hic
1352 2312 1641 2394 sequitur
1662 2314 1849 2377 tertia
1874 2332 2043 2396 pars,
2076 2315 2147 2380 in
2172 2333 2302 2399 qua

760 2420 1137 2485 determinat
1189 2421 1267 2486 de
1317 2421 1454 2505 ipsa
1513 2425 1827 2504 quantum
1871 2422 1950 2487 ad
1996 2423 2302 2505 diligendi

647 2560 654 2568 -
760 2526 1072 2592 ordinem.
1113 2527 1425 2593 Dividitur
1464 2534 1679 2593 autem
1724 2547 1871 2611 pars
1912 2529 2035 2594 ista
2071 2530 2140 2593 in
2171 2534 2300 2595 tres

757 2638 996 2719 partes,
1044 2636 1113 2700 in
1176 2655 1454 2719 quarum
1515 2636 1723 2720 prima
1781 2635 2163 2701 determinat
2220 2637 2300 2704 de

758 2743 979 2808 ordine
1005 2742 1328 2809 charitatis
1356 2762 1472 2827 per
1499 2742 2034 2826 comparationem
2079 2745 2161 2808 ad
2195 2764 2293 2826 ea,

756 2868 904 2933 quae
930 2868 1045 2934 per
1073 2851 1445 2916 charitatem
1477 2850 1862 2932 diliguntur3
1896 2851 1967 2915 in
1994 2852 2293 2933 secunda,

754 2975 868 3040 per
894 2959 1432 3040 comparationem
1457 2957 1536 3021 ad
1557 2976 1634 3022 ea
1657 2957 1983 3037 beneficia,
2013 2975 2163 3041 quae
2182 2977 2297 3042 per

752 3064 1123 3129 charitatem
1158 3065 1641 3148 impenduntur,
1674 3064 1763 3129 ibi
1805 3087 1822 3129 ε
1878 3064 2050 3132 Unde
2096 3067 2294 3133 etiam

746 3189 935 3257 super
1000 3173 1114 3241 hoc
1155 3187 1319 3255 soepe
1356 3179 1644 3241 movetur
1689 3176 1992 3256 eumelio,
2044 3179 2165 3240 etc.
2220 3175 2294 3240 In

747 3283 954 3362 tertia,
979 3300 1095 3365 per
1121 3281 1660 3364 comparationem
1685 3281 1766 3346 ad
1794 3282 2058 3362 gradus,
2084 3284 2290 3365 quiin

746 3392 1048 3458 charitate
1064 3391 1494 3474 reperiuntur,
1516 3390 1641 3454 ibi:
1677 3388 2029 3458 Sciendum
2053 3408 2293 3475 quoque

742 3505 836 3567 esc
849 3499 1131 3567 diversos
1146 3499 1392 3582 aradus
1404 3498 1749 3565 charitatis
1764 3514 1914 3579 esse,
1931 3502 2050 3563 etc.
2076 3497 2290 3565 Prima

741 3613 803 3671 et
832 3607 1058 3671 ultima
1101 3606 1391 3689 partibus
1448 3605 1925 3670 remanentibus
1968 3605 2283 3688 indivisis,

741 3713 950 3778 media
991 3733 1139 3797 pars
1170 3713 1476 3778 dividitur
1520 3713 1590 3776 in
1637 3713 1818 3794 duaS‚
1879 3714 1950 3778 in
2006 3733 2286 3798 quarum

741 3819 948 3902 prima
978 3820 1157 3904 ponit
1198 3819 1501 3902 Magister
1547 3821 1715 3885 circa
1756 3821 1924 3886 hanc
1951 3824 2285 3888 materiam

740 3925 1138 3991 diversorum
1167 3926 1529 4009 opiniones;
1568 3927 1638 3989 in
1681 3928 1958 3993 secunda
1995 3929 2285 3995 dissolvit

739 4033 1085 4099 incidentes
1130 4033 1594 4115 dubitationes,
1652 4035 1740 4099 ibi
1801 4054 1818 4099 ε
1870 4034 2031 4103 Solet
2087 4039 2282 4104 etiam

735 4143 962 4224 quaeri,
993 4143 1057 4209 si
1089 4145 1388 4226 parentes
1431 4148 1675 4220 nostri,
1713 4146 1833 4207 etc.
1880 4141 2095 4209 Prima
2132 4163 2281 4227 pars

732 4247 1040 4313 dividitur
1078 4249 1146 4314 in
1194 4254 1323 4313 tres
1367 4253 1599 4331 partae,
1653 4249 1719 4312 in
1764 4267 2042 4333 quarum
2071 4252 2280 4334 prima

734 4355 998 4438 opponit
1046 4357 1122 4422 ad
1167 4360 1413 4439 partem
1459 4372 1657 4420 unam
1709 4357 2147 4422 auctoritatem
2192 4360 2270 4443 (a)

729 4461 1110 4542 Augustini3
1140 4463 1207 4526 in
1233 4462 1508 4527 secunda
1550 4479 1706 4526 vero
1745 4462 2010 4546 opponit
2049 4464 2133 4529 ad
2175 4465 2270 4529 al-

727 4572 928 4633 teram
973 4574 1221 4654 partem
1268 4569 1708 4634 auctoritatem
1751 4568 1825 4652 (b)
1858 4570 2020 4651 legis
2041 4619 2059 4647 ,
2124 4572 2218 4636 ibi
2250 4594 2266 4638 ι

727 4673 975 4756 Quibus
990 4675 1208 4743 obviat
1233 4674 1402 4742 illud
1412 4680 1799 4757 praeceptum
1830 4676 2009 4759 limis,
2031 4681 2181 4749 etc..-
2199 4678 2270 4743 in

722 4783 906 4849 tertia
933 4802 1086 4850 vero
1117 4782 1459 4866 subjungit
1483 4783 1851 4865 opinionem
1886 4800 2097 4863 suam,
2123 4784 2259 4850 ihi:

728 4893 962 4963 Verum
985 4897 1146 4978 quia
1166 4895 1511 4977 praemissa
1531 4894 1722 4960 verba
1748 4895 2105 4977 Ambrosii,
2137 4901 2258 4963 etc.

717 5000 1023 5068 Similiter
1043 5001 1322 5068 secunda
1349 5019 1518 5086 pars,
1553 5002 1621 5065 in
1647 5019 1778 5084 qua
1807 5007 2096 5067 removet
2137 5004 2261 5069 du-

714 5109 1048 5176 bitationes
1125 5110 1471 5175 incidentes
1489 5158 1507 5188 ,
1591 5113 1718 5174 tres
1790 5110 1981 5175 habet
2049 5115 2258 5193 panes

2416 1673 2513 1739 vit
2536 1673 2630 1739 ibi
2658 1697 2673 1737 ε
2710 1675 2875 1743 Solet
2901 1678 3110 1760 quoeri
3132 1678 3197 1743 si
3218 1682 3537 1760 parentes,
3558 1680 3709 1755 etc.;
3741 1693 3947 1741 secun-

2416 1780 2562 1846 dam
2580 1782 2705 1847 ibi:
2746 1784 3190 1851 Verumtamen
3212 1785 3532 1852 latebrosa
3544 1785 3812 1868 quoestio
3824 1783 3945 1848 Μ’(

2416 1892 2530 1966 est,
2563 1893 2707 1969 etc.;
2736 1893 2989 1956 tertiam
3014 1892 3101 1955 ibi
3128 1909 3146 1955 ε
3180 1891 3349 1960 Solet
3370 1894 3604 1974 quoeri,
3623 1909 3771 1958 cum
3792 1892 3947 1956 Deus

2413 2001 2719 2081 precepit
2745 2000 3046 2067 inimicos
3072 2000 3289 2084 diliqi,
3314 2006 3433 2065 etc.

3019 2221 3023 2225 >
3056 2194 3195 2241 mm.
3239 2194 3284 2239 1.

2724 2275 2905 2352 Peccat
2924 2301 3063 2355 enim
3089 2302 3177 2366 qui
3202 2303 3514 2367 praepostere
3536 2301 3665 2366 agit..

2490 2430 2754 2497 Videtur
2794 2431 2917 2497 hoc
2950 2450 3086 2497 esse
3132 2432 3360 2496 falsum
3408 2451 3427 2496 z
3466 2435 3749 2514 ponatur
3782 2431 3946 2496 enim

2410 2537 2583 2622 quod
2620 2538 2851 2622 aliquis
2891 2541 3172 2622 exponat
3216 2556 3286 2602 se
3334 2538 3526 2602 morti
3585 2555 3710 2620 pro
3754 2538 3947 2602 salute

2409 2642 2672 2706 alterius
2700 2642 2980 2706 melioris
3009 2660 3099 2722 se,
3129 2647 3195 2706 et
3238 2640 3551 2706 sustineat
3583 2640 3944 2722 penuriam,

2408 2752 2481 2813 ut
2507 2748 2613 2813 alii
2643 2748 2886 2812 meliori
2916 2767 2983 2813 se
3009 2749 3337 2832 provideat
3361 2748 3443 2812 ad
3477 2746 3943 2824 sufficientiam¹

2408 2856 2737 2939 praemittit
2762 2855 3131 2936 sibialiam,
3173 2860 3237 2921 et
3279 2861 3495 2921 tamen
3525 2873 3664 2920 non
3698 2855 3948 2920 videtur

2407 2969 2625 3029 contra
2650 2962 3021 3028 charitatem
3036 2966 3262 3043 facere,
3285 2965 3420 3029 imo
3446 2964 3636 3030 valde
3670 2963 3943 3028 charita·

2408 3072 2536 3137 tive
2555 3071 2913 3155 procedere.
2939 3071 3123 3151 Item,
3147 3076 3281 3138 esto
3311 3074 3482 3156 quod
3521 3072 3758 3137 faciam
3788 3072 3943 3157 patri

2404 3180 2711 3264 quidquid
2730 3181 2948 3259 debeo,
2970 3198 3104 3245 non
3129 3180 3381 3262 obligor
3406 3181 3466 3245 ei
3489 3180 3945 3245 adfaciendum

2402 3287 2728 3370 amplius:
2772 3305 2930 3370 ergo
2971 3288 3028 3352 si
3060 3287 3205 3370 plus
3228 3288 3389 3353 facio
3417 3287 3525 3351 alii
3569 3305 3777 3370 quam
3799 3287 3939 3362 sibi,

2401 3412 2532 3460 non
2565 3395 2913 3479 praejudico
2935 3396 3017 3475 ei,
3048 3413 3165 3460 nec
3183 3394 3390 3460 ordini
3424 3395 3777 3459 charitatis.

2481 3500 2665 3586 Resp.
2698 3502 3048 3568 Dicendum
3078 3504 3253 3586 quod
3293 3503 3594 3586 quaedam
3635 3508 3736 3568 δι
3783 3521 3945 3590 prae—

2397 3610 2738 3693 posteratio
2764 3609 3005 3675 ordInis
3030 3628 3113 3674 ex
3137 3609 3348 3675 debita
3370 3626 3595 3690 causa,
3645 3614 3946 3694 quaedam

2401 3719 2633 3797 praeter
2681 3732 2941 3779 causam
2961 3762 2981 3793 ‚
3036 3713 3337 3797 quaedam
3385 3716 3609 3778 contra
3659 3715 3946 3780 debitam

2396 3839 2678 3887 causam.
2737 3820 2918 3885 Tunc
2956 3825 3051 3886 est
3093 3821 3565 3904 praeposteratio
3606 3840 3691 3887 ex
3734 3823 3947 3889 debita

2395 3947 2609 4008 causa,
2638 3928 2899 4013 quando
2920 3928 3067 4010 quis
3092 3928 3339 3992 bonum
3380 3945 3728 3994 commune
3777 3948 3940 4016 prae-

2394 4035 2573 4118 ponit
2594 4037 2762 4102 bono
2790 4035 3047 4119 proprio
3079 4036 3148 4100 in
3175 4035 3635 4119 temporalibus
3662 4054 3680 4101 ε
3713 4045 3786 4103 et
3806 4041 3943 4105 baec

2391 4141 2649 4225 quidem
2672 4141 3147 4226 praeposteratio
3172 4143 3319 4207 facit
3351 4142 3431 4206 ad
3455 4143 3670 4206 meriti
3693 4163 3942 4211 cumu-

2386 4249 2545 4315 lum.
2580 4250 2659 4316 Et
2680 4251 2827 4316 licet
2851 4250 3144 4319 videatur
3172 4251 3676 4335 praeposteratio,
3720 4260 3941 4321 tamen

2385 4358 2593 4423 multo
2621 4359 2745 4442 maj
2754 4376 2828 4422 or
2855 4360 2949 4422 est
2974 4360 3038 4423 et
3053 4359 3391 4441 perfectior
3415 4358 3763 4426 ordinatio.
3795 4364 3939 4429 Alia

2382 4471 2477 4531 est
2515 4466 2988 4550 praeposteratio
3031 4469 3267 4548 praeter
3316 4482 3572 4531 causam
3620 4467 3931 4549 debitam,

2379 4580 2455 4640 ut
2507 4576 2564 4639 si
2618 4593 2701 4640 ex
2756 4574 2891 4640 sola
2937 4573 3312 4639 liberalitate
3364 4574 3720 4640 voluntatis
3766 4596 3934 4644 meae

2378 4683 2587 4765 magis
2612 4700 2716 4746 me
2741 4681 3084 4747 exhibeam
3127 4680 3315 4746 alicui
3359 4685 3689 4764 extranee,
3728 4705 3932 4770 quam

2375 4789 2745 4868 domestico,
2775 4792 2840 4854 et
2865 4789 3367 4870 eonsanguineo,
3415 4792 3482 4853 et
3522 4789 3726 4855 etiam
3763 4795 3931 4877 patri

2373 4915 2539 4977 meo,
2570 4896 3025 4961 considerando
3048 4896 3115 4959 in
3142 4895 3279 4978 ipso
3316 4895 3606 4979 aliquam
3645 4902 3928 4968 strenui-

2367 5009 2563 5071 tatem
2619 5005 2857 5085 magis,
2907 5022 3103 5086 quam
3152 5003 3264 5070 Dei
3316 5003 3749 5101 voluntatem,
3809 5015 3922 5075 aut

2367 5114 2577 5179 meriti
2616 5112 2995 5196 dignitatem
3041 5134 3056 5174 z
3123 5116 3187 5178 et
3243 5112 3387 5177 haec
3431 5119 3920 5198 praeposteratio

711 5217 1061 5282 secundum
1101 5221 1232 5282 tres
1263 5215 1685 5282 dubitationes
1721 5236 1883 5301 quas
1938 5218 2249 5300 dissolvit,
2363 5222 2570 5287 aufert
2614 5220 2915 5286 meritum
2931 5267 2949 5297 ‚
2989 5220 3142 5303 quia
3178 5219 3249 5285 in
3273 5220 3396 5285 hoc
3440 5238 3576 5286 non
3627 5240 3914 5292 mereor.

767 5454 839 5516 (a)
863 5452 984 5502 θαι.
1012 5451 1136 5502 edu.
1163 5466 1263 5503 una
1290 5455 1606 5506 auctoritate.
1634 5482 1687 5493 -
1721 5455 1789 5517 (ὁ)
1811 5454 2130 5509 auctoritate.

707 5341 984 5406 quarum
1011 5343 1144 5389 una
1166 5325 1372 5390 oritur
1397 5343 1480 5391 ex
1511 5322 1653 5389 alia.
1696 5323 1979 5391 Primam
2016 5327 2247 5393 dissol-
2361 5329 2570 5395 Tertia
2610 5345 2764 5392 vero
2802 5331 2897 5391 est
2944 5328 3417 5411 praeposteratio
3452 5334 3679 5395 contra
3720 5333 3914 5398 dehi-

2422 5458 2438 5491 1
2461 5452 2675 5519 Philip„
2704 5464 2741 5514 1,
2768 5456 2849 5505 23.
2868 5479 2930 5491 —
2950 5454 2972 5491 ¹
2990 5453 3152 5515 loen„
3176 5463 3264 5514 XV,
3298 5452 3372 5505 1³.
