4185 6288
1174 487 1560 556 ms‘rmc‘r.
1605 486 1710 557 vl.
1756 485 1940 554 ΛΒΤ.
1987 486 2037 552 1.
2081 485 2383 567 QUAEST.
2430 487 2479 553 1.

245 628 568 693 secundum
624 627 811 710 quod
863 625 1206 691 attenditur
1262 625 1625 691 numeratio
1681 623 1774 689 rei

245 742 527 819 quantum
562 734 647 800 ad
693 753 838 799 esse
877 734 947 797 in
984 738 1129 797 actu
1160 751 1177 797 τ
1209 737 1273 798 et
1309 733 1450 798 ideo
1492 733 1777 798 Christus

243 860 350 909 non
384 844 569 908 debet
614 843 747 906 dici
796 842 944 921 duo,
987 840 1096 904 sed
1137 858 1346 905 unum
1379 864 1394 905 :
1441 846 1505 906 et
1548 859 1775 906 conce-

243 949 435 1014 dendae
461 953 615 1014 sunt
643 949 951 1028 rationes,
979 966 1127 1031 quae
1156 947 1276 1012 hoc
1305 949 1667 1013 ostendunt.

306 1062 333 1120 1
374 1060 430 1121 et
476 1061 537 1119 Ξ.
584 1056 691 1121 Ad
738 1055 880 1119 illas
919 1073 1077 1136 ergo
1124 1055 1286 1118 duas
1330 1056 1769 1136 auctoritates,

242 1181 365 1246 quae
390 1166 455 1228 in
491 1164 902 1229 contrarium
938 1162 1362 1244 objiciuntur,
1394 1164 1564 1244 quod
1591 1164 1774 1230 Chri·

240 1278 353 1337 stus
376 1278 465 1338 est
489 1274 668 1338 aliud
700 1278 767 1337 et
805 1272 1014 1352 aliud,
1052 1272 1391 1336 dicendum
1427 1272 1599 1354 quod
1645 1274 1771 1338 illae

239 1379 697 1460 praedicationes
725 1383 878 1443 sunt
906 1378 1305 1462 impropriae,
1336 1380 1399 1441 et
1426 1379 1656 1444 dehent
1681 1379 1771 1443 sic

239 1486 445 1568 exponi
487 1487 839 1551 :Christus
882 1490 977 1550 est
1016 1484 1194 1549 aliud
1228 1489 1289 1549 et
1330 1485 1537 1564 aliud,
1567 1484 1633 1549 id
1678 1488 1775 1551 est

240 1591 470 1657 alterius
506 1599 569 1660 et
617 1594 888 1659 alterius
930 1596 1180 1657 naturae
1212 1615 1227 1656 t
1260 1597 1324 1657 et
1361 1611 1444 1657 ex
1488 1592 1606 1657 hoc
1639 1612 1773 1658 non

239 1703 503 1783 sequitur
547 1702 730 1786 quod
773 1701 1054 1767 Christus
1092 1700 1174 1764 sit
1216 1701 1346 1764 dno
1364 1750 1382 1779 ,
1419 1700 1526 1764 sed
1563 1701 1771 1765 solum

239 1808 386 1889 quod
429 1809 495 1872 in
548 1809 806 1875 Christo
858 1810 984 1872 sint
1026 1808 1234 1892 plura.
1278 1806 1544 1872 Locutio
1594 1808 1771 1872 enim

238 1914 561 1999 impropria
587 1936 727 1983 non
749 1921 843 1981 est
866 1915 1287 1980 extendenda.

312 2028 365 2088 3.
392 2025 485 2088 Ad
527 2025 694 2089 illud
721 2024 891 2106 quod
930 2023 1254 2105 objicitur,
1287 2022 1457 2105 quod
1489 2010 1773 2088 Christus

243 2134 323 2193 est
343 2150 537 2196 unum
575 2131 940 2197 secundum
967 2130 1138 2213 quod
1181 2133 1275 2193 est
1321 2130 1486 2195 Deus
1530 2132 1772 2196 unitate

243 2235 529 2319 increata,
578 2244 645 2304 et
690 2257 904 2303 unum
957 2237 1311 2303 secundum
1362 2239 1535 2321 quod
1577 2240 1772 2304 homo

243 2344 459 2409 unitate
496 2350 739 2425 creata,
770 2344 1114 2410 dicendum
1158 2345 1330 2426 quod
1376 2347 1585 2428 magis
1627 2365 1773 2429 pro·

246 2452 361 2533 prie
388 2453 620 2518 dieitur
646 2471 845 2531 unus,
867 2469 1064 2535 quam
1082 2451 1328 2515 dicatur
1357 2471 1489 2518 esse
1518 2473 1766 2519 unum:

247 2559 303 2621 in
325 2560 558 2626 Christo
589 2561 769 2626 enim
801 2565 896 2624 est
920 2578 1052 2624 una
1076 2559 1210 2623 sola
1235 2578 1528 2642 persona,
1551 2579 1774 2643 quam-

249 2667 331 2730 vis
368 2688 490 2733 non
535 2669 623 2733 sit
674 2686 814 2732 una
856 2667 991 2731 sola
1041 2672 1295 2731 natura.
1345 2666 1773 2732 Nihilominus

251 2774 435 2840 tamen
482 2780 693 2860 potest
748 2775 871 2839 dici
918 2793 1126 2838 unum
1175 2774 1533 2838 secundum
1599 2774 1772 2858 quod

253 2879 426 2964 Deus,
450 2890 510 2950 et
535 2902 752 2948 unum
779 2882 1133 2947 secundum
1161 2883 1332 2964 quod
1359 2883 1573 2947 home.
1610 2883 1769 2947 Illud

255 2991 436 3055 tamen
470 3010 677 3057 unum
694 3041 714 3070 ‚
745 2994 810 3055 et
843 2989 998 3054 illud
1017 3038 1037 3068 ,
1069 2988 1423 3054 secundum
1459 2991 1631 3073 quod
1667 2990 1772 3054 di-

255 3103 456 3165 cuntur
502 3101 581 3167 de
625 3099 897 3177 Christo,
951 3115 1084 3162 non
1128 3103 1379 3180 ponunt
1424 3098 1493 3162 in
1538 3118 1773 3165 nume-

253 3220 412 3287 rum;
446 3209 597 3291 quia
631 3207 920 3273 Christus
963 3224 1093 3269 non
1137 3206 1372 3270 dicitur
1413 3225 1620 3272 unum
1669 3228 1768 3272 se-

256 3315 508 3381 cundum
532 3315 705 3398 quod
734 3314 966 3378 dieitur
992 3313 1187 3378 homo
1214 3315 1591 3379 abstractive
1611 3362 1628 3391 ,
1660 3316 1772 3380 sed

257 3424 602 3488 concretive.
633 3421 941 3499 Quamvis
968 3423 1183 3486 autem
1210 3422 1423 3484 unitas
1448 3427 1681 3503 creata,
1709 3427 1771 3487 et

258 3524 543 3608 increata,
572 3529 821 3613 possint
846 3527 971 3592 diei
1006 3527 1171 3606 duo;
1204 3529 1358 3610 quia
1385 3532 1622 3609 tamen,
1670 3549 1771 3595 se-

255 3634 507 3699 cundum
538 3637 711 3719 qnod
750 3636 821 3699 in
850 3633 1093 3699 Christo
1119 3635 1381 3715 dicitur,
1414 3638 1770 3705 concretive

257 3737 486 3821 dicitur3
516 3744 734 3807 unitas
761 3745 971 3806 creata
996 3742 1075 3806 ad
1100 3742 1502 3825 suppositum
1527 3747 1769 3809 increa-

257 3849 373 3913 tum
398 3855 831 3935 comparatur,
861 3853 923 3914 et
957 3850 1035 3915 de
1073 3851 1297 3915 eodem
1332 3852 1719 3934 praedicatur
1750 3871 1768 3917 ε

260 3951 374 4020 ideo
412 3977 537 4022 non
584 3958 770 4042 ponit
816 3958 884 4020 in
929 3974 1274 4022 numerum
1294 4006 1313 4037 ,
1365 3962 1439 4022 ut
1484 3957 1771 4025 Christus

258 4065 426 4142 possit
462 4066 582 4129 dici
614 4066 744 4130 duo
764 4113 781 4144 ,
813 4064 977 4129 sicut
1001 4082 1119 4128 nec
1146 4062 1403 4145 PetruS,
1432 4068 1495 4131 et
1523 4066 1647 4131 hoc
1673 4067 1766 4133 al·

258 4166 413 4252 hum,
436 4174 651 4238 eodem
681 4173 1137 4238 demonstrato.

322 4282 378 4342 4.
405 4278 489 4343 Ad
516 4279 674 4344 illud
708 4278 878 4362 quod
905 4277 1269 4361 opponitur,
1298 4277 1471 4359 quod
1499 4279 1768 4345 diversae

259 4380 589 4452 differentiae
616 4385 980 4452 essentiales
1008 4386 1159 4449 dant
1187 4384 1439 4449 diversa
1479 4403 1643 4467 esse,
1677 4387 1769 4452 di-

259 4494 493 4559 cendum
521 4497 692 4581 quod
717 4496 877 4561 illud
906 4512 1137 4560 verum
1176 4499 1301 4573 est,
1331 4495 1589 4577 quando
1616 4514 1768 4581 sup-

257 4602 499 4681 positum
537 4605 696 4669 illud
716 4653 735 4684 ,
784 4603 866 4668 ad
919 4602 1092 4686 quod
1144 4606 1593 4685 comparantur
1640 4605 1768 4670 illae

258 4706 592 4778 differentiae
608 4762 625 4791 ,
656 4730 790 4776 non
820 4710 1124 4794 praecedit
1156 4710 1532 4775 naturaliter
1558 4732 1765 4796 quan-

256 4815 370 4880 tum
401 4820 476 4883 ad
513 4839 647 4886 esse
689 4805 937 4883 actuale
978 4817 1261 4899 aliquam
1304 4816 1563 4881 illarum
1594 4819 1770 4884 diffe-

254 4926 601 5007 rentiarum,
651 4926 820 4989 sicut
858 4923 1086 4988 Petrus
1121 4942 1251 4988 non
1284 4927 1379 4988 est
1418 4929 1564 4989 ante
1591 4926 1767 4990 illam

254 5026 636 5100 differentiam
704 5031 1020 5099 rationale
1052 5078 1073 5109 ,
1138 5035 1200 5096 et
1245 5031 1576 5097 brunellus
1622 5040 1769 5101 ante

247 5132 405 5203 istam
450 5140 878 5207 differentiam
899 5186 916 5218 ‚
973 5156 1119 5222 quae
1168 5143 1264 5203 est
1314 5140 1698 5208 irrationale
1740 5164 1765 5205 .-

244 5258 355 5310 non
386 5248 469 5313 sic
493 5255 713 5315 antem
745 5252 844 5312 est
884 5246 956 5310 in
985 5246 1327 5330 proposito.
1362 5245 1526 5309 Nam
1568 5246 1769 5315 Filius

242 5346 362 5430 Dei,
388 5356 490 5439 qui
515 5363 609 5423 est
647 5353 1042 5439 hypostasis,
1076 5359 1167 5420 est
1197 5354 1606 5437 suppositum
1633 5355 1764 5422 hu·-

242 5472 426 5527 manae
456 5471 704 5531 naturae
746 5480 866 5546 per
910 5461 1220 5528 unionem
1234 5509 1254 5540 ‚
1285 5465 1349 5528 et
1392 5463 1766 5530 naturaliter

3322 497 3441 558 149

1884 623 2186 708 praecedit
2212 628 2529 707 quantum
2559 622 2638 687 ad
2684 639 2821 688 esse
2844 623 3092 690 actuale
3134 626 3435 693 asentia-

1883 729 2015 796 lem
2052 731 2478 796 differentiam
2509 729 2791 795 hominis
2823 752 2840 795 ε
2873 736 2937 795 et
2978 732 3121 797 ideo
3165 732 3276 798 illa
3315 735 3439 800 dif-

1883 836 2151 902 ferentia
2176 856 2311 903 non
2349 837 2457 903 dat
2491 839 2550 902 ei
2580 855 2716 903 esse
2743 837 3141 921 simpliciter,
3175 840 3286 905 sed
3312 841 3437 908 tale

1883 962 2019 1010 esse
2074 947 2336 1011 advenit
2395 946 2719 1030 hypostasi
2780 948 2919 1028 jam
2983 947 3311 1029 completae
3365 948 3437 1013 in

1882 1069 2019 1117 esse
2050 1077 2065 1118 ε
2097 1060 2158 1116 et
2190 1054 2330 1118 ideo
2359 1073 2490 1118 non
2516 1058 2718 1137 potest
2744 1054 2811 1116 in
2840 1072 2982 1116 eam
3017 1054 3390 1137 plurificari.

1961 1164 2022 1224 ὅ.
2054 1161 2151 1224 Ad
2182 1161 2340 1225 illud
2367 1163 2539 1244 quod
2579 1162 2910 1245 objicitur,
2943 1162 3113 1244 quod
3150 1181 3285 1226 una
3315 1181 3436 1228 na-

1884 1272 2026 1332 tura
2075 1268 2145 1331 in
2184 1270 2481 1352 pluribus
2521 1271 2807 1353 personis
2843 1270 2986 1334 facit
3015 1287 3152 1334 esse
3180 1289 3430 1351 unum,

1880 1379 2028 1454 etc„
2073 1376 2412 1440 dicendum
2457 1377 2626 1459 quod
2672 1394 2805 1441 non
2850 1379 2948 1440 est
2997 1375 3238 1454 simile,
3281 1378 3435 1460 quia

1881 1488 2115 1547 natura
2153 1483 2371 1548 divina
2408 1485 2499 1549 sic
2538 1488 2637 1549 est
2670 1466 3073 1567 in'pluribus
3112 1486 3430 1566 personis,

1879 1592 2050 1674 quod
2089 1592 2169 1655 de
2196 1593 2478 1675 qualibet
2516 1592 2932 1676 praedicatur,
2963 1608 3097 1653 non
3124 1591 3334 1655 solum
3363 1591 3434 1656 in

1879 1700 2314 1778 concretione,
2346 1700 2457 1764 sed
2484 1705 2545 1763 et
2588 1700 2658 1762 in
2702 1698 3123 1763 abstractione
3154 1720 3168 1761 :
3202 1701 3267 1762 et
3291 1698 3434 1765 ideo

1881 1824 2030 1869 cum
2059 1808 2201 1890 ipsa
2234 1807 2315 1870 sit
2340 1826 2497 1884 una,
2546 1826 2798 1871 necesse
2826 1809 2921 1870 est
2964 1806 3108 1870 illas
3134 1811 3261 1871 tres
3306 1806 3431 1891 hy-

1881 1920 2163 1995 postases
2195 1934 2331 1980 esse
2362 1933 2568 1979 unum
2599 1916 2776 1998 quid.
2812 1914 2966 1978 Duae
2992 1919 3208 1978 autem
3243 1921 3431 1980 natu-

1877 2040 1971 2091 1·ae
2005 2024 2091 2088 ita
2132 2029 2524 2089 concurrunt
2555 2024 2623 2087 in
2653 2041 2851 2087 unam
2879 2041 3218 2105 personam
3262 2024 3435 2089 Chri-

1881 2132 1983 2210 sti,
2018 2135 2095 2195 ut
2121 2137 2336 2197 tamen
2364 2133 2652 2196 humana
2679 2135 2911 2195 natura
2940 2131 3275 2213 praedicari
3299 2149 3432 2196 non

1881 2237 2089 2302 valeat
2118 2238 2188 2302 in
2216 2239 2667 2318 abstractione,
2712 2237 2822 2302 sed
2854 2239 3063 2319 magis
3089 2238 3157 2301 in
3184 2255 3434 2303 concre-

1879 2344 2050 2408 tione
2104 2346 2184 2409 ad
2243 2347 2414 2410 idem
2463 2345 2866 2428 suppositum
2920 2365 2936 2408 ε
2992 2348 3055 2408 et
3106 2345 3260 2427 quia
3309 2345 3434 2409 hoc

1881 2453 2072 2517 modo
2100 2472 2230 2518 non
2265 2458 2724 2530 numerantur,
2755 2453 2861 2515 sed
2907 2451 3259 2530 uniuntur,
3288 2451 3431 2517 ideo

1879 2579 2012 2626 non
2062 2567 2268 2645 potest
2321 2583 2453 2627 una
2505 2581 2776 2645 persona
2827 2561 2950 2625 diei
2997 2561 3181 2643 plura
3197 2609 3215 2639 ,
3266 2561 3434 2627 sicut

1879 2669 2098 2751 plures
2126 2688 2416 2753 personae
2449 2670 2517 2733 in
2545 2670 2782 2735 divinis
2813 2669 3115 2735 dicuntur
3147 2686 3280 2734 una
3310 2687 3433 2733 na-

1880 2781 2049 2840 tura.

1958 2888 2021 2946 6.
2053 2882 2153 2947 Ad
2182 2883 2338 2947 illud
2367 2883 2541 2966 quod
2567 2881 2944 2967 opponitur,
2975 2879 3147 2965 quod
3174 2882 3433 2964 propter

1878 2991 2187 3055 unionem
2230 2994 2324 3054 est
2361 2991 2858 3056 communicatio
2884 2990 3294 3066 idiomatum,
3341 2988 3433 3053 di-

1878 3102 2152 3166 cendum
2185 3103 2356 3186 quod
2395 3121 2626 3167 verum
2669 3106 2785 3168 est.
2816 3101 2882 3166 Si
2923 3105 3140 3167 autem
3187 3118 3434 3185 quaera·

1879 3213 2009 3287 tur,
2040 3211 2194 3293 quid
2224 3211 2313 3274 ibi
2339 3212 2767 3276 communicet
2797 3212 3126 3290 idiomata,
3167 3228 3434 3293 respon-

1880 3318 2161 3383 dendum
2188 3319 2361 3401 quod
2391 3338 2521 3383 non
2546 3323 2780 3383 natura
2806 3322 3056 3382 naturae
3075 3318 3432 3382 secundum

1882 3427 2056 3510 quod
2088 3427 2572 3490 considerantur
2599 3427 2667 3489 in
2695 3425 3145 3503 abstractione,
3181 3424 3290 3488 sed
3316 3424 3434 3507 hy-

1875 3537 2148 3621 postasis
2203 3536 2440 3600 divinae
2498 3538 2748 3598 naturae
2816 3532 3248 3597 communicat
3312 3532 3435 3597 sibi

1876 3643 2183 3708 idiomata
2209 3662 2347 3721 sua,
2377 3641 2729 3706 secundum
2755 3641 2927 3723 quod
2952 3643 3046 3703 est
3072 3639 3434 3722 hypostasis

1875 3751 1945 3814 in
1985 3750 2273 3814 humana
2316 3752 2550 3812 natura
2593 3770 2609 3813 z
2656 3765 2789 3811 non
2833 3746 2983 3828 quia
3032 3746 3170 3828 ipsa
3213 3746 3295 3809 sit
3334 3746 3430 3810 di-

1875 3875 2061 3923 versa
2102 3858 2171 3921 in
2215 3875 2283 3920 se
2306 3904 2325 3935 ,
2374 3854 2483 3918 sed
2532 3853 2686 3937 quia
2729 3851 2999 3918 diversis
3045 3852 3296 3915 naturis
3339 3855 3434 3915 est

1875 3964 2220 4047 supposita.
2255 3960 2369 4027 Vel
2398 3965 2566 4025 certe
2592 3960 2747 4043 ipsae
2774 3963 3045 4038 naturae,
3079 3959 3432 4022 secundum

1876 4072 2048 4155 quod
2076 4071 2380 4134 dicuntur
2418 4070 2490 4132 in
2531 4067 2928 4133 concretione
2947 4115 2965 4148 ,
3001 4069 3268 4150 possunt
3310 4065 3432 4130 sihi

1875 4179 2031 4261 ipsis
2077 4178 2381 4244 idiomata
2430 4176 2945 4254 communicare,
2995 4178 3073 4239 ut
3119 4174 3369 4238 dicatur
3409 4194 3427 4239 ε

1884 4310 1917 4347 α
1940 4286 2103 4351 Deus
2117 4289 2213 4349 est
2239 4286 2503 4363 homo,›>
2540 4287 2641 4348 et:
2670 4283 2920 4348 «Homo
2951 4286 3047 4348 est
3076 4282 3238 4345 Deus
3262 4301 3280 4360 ;
3310 4301 3340 4339 i)
3367 4283 3433 4344 et

1875 4394 2134 4478 quando
2168 4392 2615 4473 intelliguntur
2642 4391 2732 4454 sic
2759 4389 3000 4472 accipi,
3029 4388 3331 4452 dicuntur
3358 4389 3435 4450 ut

1874 4522 1978 4570 res
2002 4506 2273 4580 naturae,
2307 4501 2464 4585 quia
2492 4499 2780 4565 medium
2810 4500 3027 4563 tenent
3049 4497 3220 4560 inter
3249 4496 3432 4557 natu-

1874 4629 2017 4676 ram
2044 4609 2426 4674 abstractive
2468 4607 2952 4685 consideratam,
2980 4606 3043 4669 et
3070 4605 3273 4686 ipsam
3300 4599 3429 4684 hy-

1873 4719 2202 4803 postasim.
2231 4716 2309 4781 Et
2337 4718 2458 4781 hoc
2483 4717 2675 4782 modo
2698 4718 2793 4779 est
2815 4714 2904 4778 ibi
2933 4716 3102 4778 recte
3135 4728 3429 4775 commu-

1874 4825 2109 4888 nicatio
2133 4824 2514 4888 idiomatum
2532 4870 2549 4901 ,
2580 4822 2734 4906 quia
2760 4824 2854 4885 est
2881 4820 2971 4883 ibi
3000 4817 3332 4884 diversitas
3357 4816 3428 4879 in

1874 4949 1979 4996 res
2018 4935 2298 5010 naturae,
2329 4929 2545 4994 habito
2591 4933 2880 5012 respectu
2926 4927 3005 4991 ad
3048 4926 3217 5008 ipsas
3245 4927 3428 4988 natu-

1874 5055 2024 5116 ras;
2071 5043 2137 5101 ct
2181 5039 2276 5102 est
2317 5036 2406 5099 ibi
2450 5035 2663 5100 unitas
2681 5085 2702 5115 ,
2749 5034 2967 5099 habito
3010 5034 3301 5115 respectu
3345 5030 3427 5094 ad

1874 5147 2079 5231 ipsam
2111 5147 2482 5227 personam.
2514 5143 2580 5207 Si
2616 5147 2691 5206 tu
2726 5142 2985 5223 objicias
3024 5138 3198 5224 quo'd
3241 5135 3421 5202 Chri-

1875 5257 2013 5336 stus
2056 5256 2214 5315 tunc
2250 5269 2382 5314 non
2432 5249 2619 5313 debet
2661 5248 2805 5327 dici,
2854 5267 2974 5312 nec
3021 5265 3268 5324 unum,
3306 5259 3424 5306 nec

1874 5362 2027 5440 du0,
2060 5361 2172 5427 sed
2201 5360 2485 5424 medium
2511 5362 2728 5424 tenere
2758 5360 2924 5423 inter
2953 5358 3324 5423 dualitatem
3360 5355 3424 5415 et

1877 5469 2222 5547 unitatem,
2255 5468 2595 5533 dicendum
2621 5466 2822 5551 quod,
2853 5466 3152 5549 quamvis
3176 5479 3280 5525 res
3303 5474 3421 5521 na-
