4185 6288
84 3830 244 3875 udam.

1238 434 1435 503 DIST.
1478 433 1663 502 XXV.
1706 434 1890 504 ΛΒΤ.
1925 437 2004 504 II.
2051 440 2354 519 QUAEST.
2405 445 2515 511 111.

266 560 585 641 mortuus,
632 564 697 627 et
738 564 911 646 quod
948 569 1301 635 resurrexit
1340 569 1532 636 tertia
1568 569 1671 636 die
1706 592 1722 634 ε
1753 576 1817 637 et

267 662 393 729 hoc
422 666 671 733 excedit
700 671 992 737 naturale
1011 674 1354 757 judicium,
1381 695 1500 741 nee
1520 676 1601 741 ad
1618 677 1817 761 hujus

268 775 702 855 cognitionem
728 781 1065 862 pervenire
1098 786 1303 867 potest
1336 784 1531 850 homo
1560 802 1675 869 per
1702 802 1811 866 ea,

270 898 421 963 quae
442 900 637 948 sensu
663 888 990 968 cognovit,
1019 888 1131 954 sed
1156 908 1272 974 per
1296 909 1395 972 ea,
1426 910 1574 974 quae
1600 891 1815 958 Domi·

270 1010 400 1058 nus
443 994 801 1080 inspiravit.
847 997 1023 1065 Unde
1067 1003 1366 1086 quamvis
1403 1004 1561 1069 fides
1599 1007 1819 1071 nostra

270 1099 354 1164 sit
391 1104 865 1185 praeteritorum
884 1155 905 1187 ,
956 1109 1169 1192 potius
1205 1113 1422 1177 tamen
1467 1111 1590 1178 dici
1633 1112 1821 1199 debet

269 1208 491 1277 divina
510 1212 929 1298 illuminatio,
959 1237 1156 1302 quam
1188 1221 1438 1289 dicatur
1462 1223 1820 1308 praeterito-

266 1333 419 1381 rum
443 1323 914 1391 rememoratio.

349 1428 411 1489 4.
442 1426 541 1491 Ad
566 1427 724 1494 illud
750 1432 922 1514 quod
947 1433 1270 1517 objicitur,
1295 1438 1469 1521 quod
1494 1437 1819 1505 illumina·

266 1531 359 1598 tio
419 1536 919 1617 praecedentium
985 1544 1196 1624 magis
1261 1546 1775 1612 communicatur
1791 1594 1814 1629 ,

267 1656 465 1722 quam
525 1641 917 1713 illuminatio
972 1650 1381 1733 sequentium
1400 1700 1420 1733 ,
1471 1652 1817 1720 dicendum

267 1748 439 1830 quod
466 1749 590 1815 hoc
612 1752 870 1836 accidit,
900 1755 1067 1822 sicut
1103 1757 1367 1824 lucerna
1392 1760 1599 1843 posita
1623 1779 1818 1846 super

266 1854 723 1923 candelabrum
790 1862 1001 1945 magis
1063 1862 1435 1946 illuminat,
1493 1885 1693 1950 quam
1758 1869 1816 1933 si

270 1960 495 2027 multae
538 1973 934 2047 ponerentur
979 1971 1103 2035 sub
1154 1972 1371 2038 modio
1419 1994 1436 2038 t
1480 1992 1598 2057 per
1638 1975 1819 2041 hunc

269 2069 536 2135 modum
577 2073 883 2157 patientIa
917 2074 1035 2143 Joh
1079 2079 1144 2143 et
1175 2076 1391 2144 Tobiae
1432 2079 1647 2162 plures
1673 2100 1815 2146 mo·

270 2180 402 2258 vet,
432 2183 496 2243 et
520 2179 748 2263 dirigit
773 2183 855 2247 ad
890 2184 1261 2264 veritatem,
1290 2204 1490 2270 quam
1517 2188 1819 2270 patientia

272 2285 629 2352 multorum
656 2288 957 2368 aliorum,
984 2310 1265 2374 quorum
1292 2293 1500 2359 virtus
1526 2295 1670 2377 plus
1694 2296 1819 2360 cla-

268 2391 407 2457 ruit
446 2392 614 2476 apud
654 2394 881 2462 Deum.
920 2396 998 2462 Et
1036 2399 1391 2464 secundum
1437 2401 1633 2468 istum
1673 2421 1813 2467 mo-

269 2496 429 2562 dum
455 2499 839 2568 illuminatio
874 2505 1133 2587 patrum
1161 2505 1655 2590 praecedentium
1686 2527 1818 2575 ma·

273 2607 378 2686 gis
420 2611 970 2692 communicatur,
1018 2631 1215 2695 quam
1278 2614 1662 2681 illuminatio
1712 2636 1813 2683 se-

270 2715 611 2796 quentium
642 2738 657 2781 ε
687 2718 843 2801 quia
867 2725 1203 2803 sequentes
1229 2738 1270 2784 a
1296 2721 1618 2805 prioribus
1654 2725 1815 2788 acci-

268 2821 460 2903 piunt
484 2825 853 2908 exemplum
883 2827 1043 2893 bene
1087 2827 1347 2894 vivendi
1383 2831 1447 2894 et
1488 2829 1815 2910 credendi,

269 2945 401 2992 non
429 2946 467 2992 e
500 2948 808 2996 converso
832 2951 851 3013 ;
884 2933 1050 2998 sicut
1079 2933 1427 3019 discipulus
1467 2934 1819 3000 doctrinam

267 3035 498 3119 accipit
523 3056 563 3102 a
594 3038 948 3120 magistro,
979 3041 1094 3124 qui
1120 3042 1173 3105 si
1213 3041 1422 3106 bonus
1450 3046 1585 3122 est,
1618 3045 1822 3125 potest

267 3140 477 3209 dicere
517 3163 668 3212 cum
697 3144 899 3214 David
920 3148 938 3183 ¹
972 3166 990 3211 ε
1024 3149 1238 3231 Super
1276 3163 1492 3217 omnes
1534 3150 1821 3220 docentes

269 3264 368 3314 me
393 3251 692 3319 intelam?
705 3300 722 3332 ‚
752 3256 873 3319 etc.

3362 471 3479 532 559

1925 572 2107 640 ribus
2132 578 2398 644 testibus
2422 584 2842 652 confirmatur
2881 610 2897 654 ε
2945 591 3056 657 sed
3082 593 3239 662 fides
3263 597 3482 668 Eccle-

1924 681 2038 748 siae
2065 685 2356 767 pluribus
2401 692 2666 758 testibus
2706 699 3085 767 confirmata
3123 710 3220 770 est
3234 756 3252 788 ,
3282 727 3481 794 quam

1924 789 2117 856 fuerit
2144 792 2518 881 Synagogae
2541 846 2562 876 ,
2591 802 2726 868 sive
2753 811 3070 887 quantum
3095 812 3178 878 ad
3204 815 3475 883 mirabi-

1925 895 2049 978 lia,
2080 900 2218 967 sive
2248 909 2565 986 quantum
2609 909 2690 975 ad
2728 915 3073 998 martyria,
3104 920 3241 988 sive
3266 943 3481 1006 quan-

1925 1005 2069 1070 tum
2092 1008 2176 1073 ad
2201 1011 2661 1094 prophetarum
2688 1021 2969 1089 oracula.

2007 1110 2189 1194 Item,
2222 1123 2464 1199 quanto
2491 1121 2648 1188 fides
2681 1126 2936 1194 firmius
2963 1131 3273 1215 adhaeret,
3304 1141 3479 1207 tanto

1925 1222 2159 1287 certior
2205 1229 2303 1289 est
2334 1246 2350 1290 ε
2382 1227 2493 1293 sed
2539 1237 2783 1313 quanto
2816 1236 2974 1303 fides
3014 1245 3109 1306 est
3152 1243 3473 1329 devotior,

1924 1325 2103 1389 tanto
2147 1325 2400 1394 firmius
2441 1331 2778 1403 adhaeret:
2821 1340 2931 1406 sed
2976 1347 3333 1413 secundum
3379 1350 3479 1415 di-

1925 1434 2291 1501 versitatem
2336 1441 2702 1523 temporum
2744 1448 2949 1514 crevit
2986 1452 3137 1518 fidei
3174 1455 3473 1525 devotio:

1923 1556 2084 1622 ergo
2114 1545 2317 1609 crevit
2351 1546 2555 1630 ipsius
2589 1550 2743 1617 fidei
2785 1556 3120 1624 certitudo.
3150 1559 3330 1639 Quod
3359 1583 3476 1631 au·
3547 1549 3550 1550 ⁷

1924 1648 2056 1712 tem
2086 1652 2443 1717 secundum
2468 1654 2904 1725 diversitatem
2936 1666 3304 1749 temporum
3331 1671 3479 1737 fidei

1925 1753 2177 1820 devotio
2207 1760 2499 1840 creverit,
2529 1765 2942 1833 manifestum
2970 1775 3085 1853 est,
3114 1774 3266 1856 quia
3292 1775 3479 1845 devo·

1924 1861 2164 1927 tionem
2190 1865 2390 1949 ipsius
2405 1868 2699 1938 Ecclesiae
2721 1875 3081 1944 admiratur
3097 1880 3470 1967 synagoga,

1925 1973 2001 2033 ut
2026 1974 2200 2053 patet
2223 1972 2292 2036 in
2326 1974 2615 2043 canticis
2641 1982 2823 2062 quasi
2851 2001 2964 2066 per
2989 1990 3219 2067 totum,
3238 2007 3473 2057 secun·

1926 2074 2081 2141 dum
2113 2079 2286 2161 quod
2326 2079 2562 2149 Glossae
2596 2094 2930 2171 exponunt
2973 2114 2988 2156 :
3024 2099 3088 2158 et
3113 2094 3236 2161 hoc
3263 2099 3475 2181 ipsum

1926 2199 2224 2266 expresse
2250 2186 2452 2252 videri
2490 2196 2694 2274 potest
2720 2194 2789 2259 in
2829 2197 3038 2264 choris
3077 2208 3440 2288 martyrum
3453 2255 3471 2286 ‚

1925 2289 2262 2372 virginum
2283 2342 2302 2372 ‚
2371 2298 2434 2360 et
2486 2300 2915 2367 confessorum
2937 2352 2954 2383 ‚
3019 2308 3134 2390 qui
3201 2312 3476 2396 amplius

1926 2396 2256 2465 abundant
2279 2404 2422 2484 post
2450 2402 2679 2469 Christi
2707 2408 3058 2477 adventum
3078 2434 3274 2498 quam
3301 2426 3470 2488 ante.

2005 2503 2129 2570 Sed
2162 2512 2382 2573 contra
2413 2530 2429 2572 ι
2465 2516 2523 2575 1.
2555 2511 2713 2578 Tota
2752 2518 3063 2585 certitudo
3098 2520 3301 2606 ipsius
3326 2527 3475 2593 fldei
3501 2549 3568 2592 Aa
3584 2560 3688 2606 opp.

1925 2610 2158 2692 pendet
2197 2631 2280 2678 ex
2313 2613 2534 2682 divina
2558 2620 2825 2687 veritate
2865 2623 3138 2693 dictante
3170 2652 3187 2697 ι
3219 2632 3329 2697 sed
3353 2633 3477 2718 ipsi

1926 2717 2165 2785 divinae
2192 2721 2440 2786 veritati
2475 2724 2733 2792 dictanti
2765 2730 2942 2796 nulla
2972 2735 3234 2802 omnino
3272 2745 3476 2822 potest

1926 2840 2278 2892 accrescere
2302 2829 2611 2897 certitudo
2645 2852 2664 2899 ε
2694 2853 2852 2918 ergo
2895 2842 3035 2921 pari
3073 2845 3319 2912 ratione
3359 2868 3478 2917 nec

1926 2929 2048 3014 ipsi
2078 2934 2229 3000 fidei
2256 2940 2644 3005 assentienti.

2008 3040 2167 3106 Item
2207 3046 2490 3126 cognitio
2533 3049 2682 3114 fidei
2729 3056 2824 3116 est
2861 3056 3206 3124 conformis
3241 3062 3478 3131 divinae

1926 3150 2364 3234 praescientiae,
2395 3173 2436 3217 a
2461 3173 2593 3238 qua
2620 3159 2847 3244 recipit
2888 3162 3426 3238 illuminationem
3458 3196 3475 3242 ε

1928 3255 2040 3320 sed
2067 3254 2285 3322 divina
2312 3263 2714 3342 praescientia
2739 3286 2924 3352 aeque
2948 3279 3118 3338 certa
3145 3281 3240 3342 est
3264 3280 3342 3344 de
3368 3281 3478 3347 fu-

1818 3388 1825 3395 ·
1927 3361 2076 3424 turo
2113 3364 2461 3444 antequam
2491 3368 2733 3449 veniat,
2764 3372 2927 3436 sicut
2952 3379 3015 3437 et
3040 3376 3120 3442 de
3154 3382 3478 3462 praeterito

789 3474 1146 3553 QUAESTIO
1183 3475 1293 3541 111.

330 3628 427 3686 An
452 3628 580 3700 tides
605 3631 831 3687 creverit
856 3630 1036 3701 quoad
1059 3646 1296 3688 assensus
1322 3628 1696 3688 certitudinem
1722 3630 1765 3689 ².

360 3791 590 3860 Utrum
616 3794 773 3860 fides
798 3793 1069 3859 creverit
1092 3795 1409 3876 quantum
1433 3793 1514 3860 ad
1532 3811 1823 3859 assensus

276 3900 765 3981 certitudinem3
794 3905 858 3966 et
897 3899 1070 3982 quod
1104 3899 1225 3981 sic,
1269 3900 1546 3967 videtur.
1578 3901 1823 3966 Certius

273 4008 617 4074 assentitur
648 4009 731 4089 ei,
763 4008 936 4092 quod
962 4006 1198 4071 clarius
1223 4008 1632 4089 cognoscitur
1667 4031 1683 4074 :
1712 4007 1822 4074 sed

271 4116 430 4182 fides
455 4117 809 4183 secundum
837 4113 1265 4181 diversitatem
1292 4118 1659 4197 temporum
1681 4135 1825 4200 pro-

269 4225 419 4290 fecit
444 4225 516 4289 in
544 4223 849 4289 charitate
888 4220 1315 4304 cognoscendi
1343 4238 1363 4286 ε
1391 4239 1549 4305 ergo
1585 4223 1657 4288 in
1683 4241 1823 4289 cer-

270 4330 545 4397 titudine
575 4327 981 4396 assentiendi.

353 4436 512 4503 Item
528 4441 709 4503 tanto
725 4436 961 4502 certius
984 4434 1327 4501 assentitur
1341 4435 1435 4500 rei
1449 4438 1559 4517 (a),
1579 4440 1821 4519 quanto

269 4544 502 4611 certior
545 4547 641 4610 est
682 4544 753 4609 in
793 4563 862 4609 se
898 4566 914 4605 ε
962 4543 1073 4609 sed
1110 4543 1545 4609 necessarium
1588 4546 1823 4613 certius

268 4655 368 4719 est
390 4669 588 4740 quam
616 4652 995 4733 contingens
1029 4672 1045 4716 ε
1077 4668 1235 4733 ergo
1264 4649 1422 4716 fides
1448 4669 1598 4734 quae
1621 4659 1717 4718 est
1740 4654 1821 4720 de

268 4759 652 4838 necessario,
679 4760 907 4825 certior
934 4763 1025 4823 est
1047 4776 1245 4841 quam
1270 4757 1428 4823 fides
1449 4777 1598 4843 quae
1625 4765 1717 4826 est
1742 4762 1820 4827 de

270 4850 666 4951 contingenti
700 4887 719 4932 ε
750 4867 863 4933 sed
906 4868 1064 4932 fides
1099 4886 1229 4951 qua
1262 4866 1578 4933 credimus
1606 4869 1819 4935 Chris·-

270 4981 587 5053 tumesse
628 4976 925 5059 passum,
969 4979 1065 5039 est
1103 4974 1182 5039 de
1225 4975 1578 5040 necessario
1595 4997 1614 5054 ;
1660 4977 1820 5043 fides

268 5101 402 5168 qua
450 5082 855 5148 crediderunt
896 5080 1218 5146 Christum
1260 5098 1396 5147 esse
1436 5100 1814 5166 passurum,

266 5191 391 5260 ruit
434 5192 513 5260 de
555 5190 957 5273 contingenti
996 5211 1013 5254 :
1049 5207 1209 5271 ergo
1247 5189 1477 5256 certior
1522 5194 1617 5257 est
1658 5192 1817 5261 fides

265 5303 409 5383 post
431 5298 782 5369 adventum
810 5296 1073 5379 Christis,
1101 5315 1300 5381 quam
1323 5298 1496 5366 ante.

348 5406 510 5479 Item
529 5410 719 5472 tanto·
735 5405 968 5472 certius
985 5409 1088 5485 est
1109 5405 1376 5488 aliquid,
1405 5406 1647 5490 quanto
1674 5407 1815 5490 plu·

1926 3470 2265 3552 postquam
2305 3472 2521 3537 evenit
2552 3494 2569 3538 ε
2601 3494 2760 3559 ergo
2797 3478 3060 3567 videtur
3101 3486 3275 3569 quod
3316 3490 3475 3556 fides
3577 3508 3582 3515 ·

1927 3580 2189 3656 patrum
2255 3582 2754 3662 praecedentium
2826 3589 3178 3658 adventum
3249 3596 3478 3665 Christi

1925 3680 2201 3747 habebat
2226 3688 2471 3752 tantam
2497 3692 2976 3778 certitudinem,
3007 3704 3316 3783 quantam
3358 3705 3478 3772 ha-

1928 3787 2038 3855 bet
2060 3792 2219 3867 fides
2245 3813 2467 3861 eorum
2482 3845 2502 3876 ,
2533 3799 2643 3882 qui
2674 3806 2825 3866 sunt
2850 3803 3192 3873 subsecuti.

2009 3899 2169 3965 Item
2197 3921 2384 3986 aeque
2423 3911 2593 3971 certa
2619 3912 2715 3973 est
2744 3911 2882 3993 ipsa
2907 3914 3066 3979 fides
3092 3917 3170 3982 de
3199 3937 3275 3985 eo
3302 3924 3474 4003 quod

1927 4012 2275 4091 cognoscit,
2308 4013 2474 4079 sicut
2498 4020 2561 4081 et
2595 4018 2930 4102 prophetia
2960 4044 2975 4088 z
3007 4026 3117 4090 sed
3141 4030 3475 4113 prophetia

1928 4120 2023 4180 est
2048 4117 2270 4184 divina
2294 4120 2622 4205 inspiratio
2654 4143 2873 4191 rerum
2901 4135 3205 4198 eventum
3234 4135 3473 4204 immo·
3526 4120 3529 4123 “

1927 4221 2040 4287 bili
2070 4224 2330 4289 veritate
2358 4225 2751 4295 denuncians
2765 4277 2787 4311 ,
2820 4251 2969 4315 quae
2997 4238 3155 4304 adeo
3183 4243 3278 4307 est
3303 4254 3474 4311 certa

1926 4331 2274 4413 demtum,
2303 4333 2467 4399 sicut
2497 4341 2562 4400 et
2586 4337 2665 4401 de
2690 4342 3050 4422 praeterit05
3082 4347 3254 4413 unde
3280 4354 3344 4415 et
3369 4352 3474 4417 fu-

1925 4441 2073 4503 tura
2099 4440 2462 4524 frequenter
2488 4447 2838 4512 annunciat
2862 4468 2977 4531 per
3006 4452 3272 4520 modum
3302 4477 3473 4541 prae-

1925 4545 2096 4610 teriti
2128 4570 2143 4612 ε
2177 4568 2337 4632 ergo
2384 4552 2524 4635 pari
2564 4554 2807 4621 ratione
2852 4558 3109 4626 videtur
3125 4610 3144 4642 ‚
3193 4566 3365 4647 quod
3409 4572 3474 4633 et

1924 4653 2083 4719 fides
2110 4656 2178 4720 in
2208 4658 2512 4747 pluribus*
2527 4662 2818 4743 patribus
2839 4668 3341 4747 praecedentibus
3366 4673 3475 4740 ad-

1924 4767 2193 4829 ventum
2222 4766 2449 4847 Christi
2475 4784 2662 4853 aeque
2688 4778 2858 4836 certa
2883 4773 3094 4854 fuerit,
3125 4777 3289 4844 sicut
3312 4785 3378 4846 et
3401 4781 3469 4845 in

1925 4874 2482 4955 consequentibus.
2937 4967 2941 4972 Π

2006 4976 2198 5060 Item,
2232 4981 2396 5045 sicut
2434 4982 2503 5046 in
2530 4983 2657 5051 fide
2683 4989 2901 5052 nostra
2926 4989 3147 5055 nullus
3172 4994 3337 5061 cadit
3362 5014 3469 5062 er·

1922 5103 2054 5167 ror,
2098 5086 2278 5151 nulla
2317 5088 2649 5173 dubitatio,
2689 5092 2780 5158 sic
2809 5112 2929 5160 nec
2952 5097 3021 5160 in
3058 5099 3183 5166 fide
3225 5120 3468 5184 praece-

1923 5191 2213 5260 dentium
2255 5199 2514 5278 patrum
2570 5219 2588 5262 ε
2641 5199 2698 5265 si
2745 5219 2907 5284 ergo
2976 5206 3184 5275 albius
3234 5212 3470 5282 dicitur

1988 5356 2003 5391 ¹
2026 5355 2166 5406 Psal.
2189 5369 2367 5424 cxvm,
2388 5361 2467 5410 99.
2486 5386 2550 5399 -
2568 5363 2589 5395 ²
2607 5363 2687 5428 Cf.
2709 5365 2855 5416 Alex.
2880 5367 3093 5436 Mensis,
3121 5372 3283 5437 Cont„
3303 5391 3355 5442 p.
3383 5380 3469 5447 m,

1920 5426 2035 5479 coll.
2066 5439 2155 5489 xp,
2186 5432 2283 5480 art.
2312 5434 2363 5481 6.
2387 5457 2443 5467 -
2463 5433 2529 5497 (a)
2559 5433 2645 5488 ΔΙ.
2679 5437 2747 5487 ei.
