4185 6288
1188 468 1568 538 DISTINCT.
1610 468 1771 535 xxi.
1816 467 2002 535 ΛΒΤ.
2046 468 2096 534 Ι.
2143 468 2443 549 QUAEST.
2487 473 2597 539 111.

308 631 442 678 non
487 614 706 676 autem
744 608 823 674 de
867 609 1077 674 medio
1121 607 1562 690 congr-uitatis,
1619 606 1855 670 Anima

310 722 526 784 autem
575 735 707 782 non
748 719 889 782 erat
934 715 1216 781 medium
1257 714 1647 780 necessitatis
1665 762 1686 792 ,
1744 712 1855 778 sed

308 824 751 910 congruitatis.
809 823 1123 888 Praeterea
1160 840 1291 887 non
1365 824 1504 885 erat
1567 819 1855 885 medium

308 935 554 1000 ratione
590 931 1056 1017 coniunctionis
1094 928 1452 995 secundum
1475 931 1714 1005 actum,
1747 926 1854 990 sed

309 1040 664 1108 secundum
710 1040 1028 1106 habitum.
1085 1038 1164 1103 Et
1223 1038 1368 1103 ideo
1439 1037 1588 1101 licet
1640 1036 1859 1101 anima

309 1167 441 1215 non
476 1152 640 1214 esset
666 1148 850 1213 unita
877 1146 1052 1211 carni
1091 1145 1160 1209 in
1197 1148 1424 1224 morte,
1470 1146 1605 1209 erat
1641 1147 1857 1207 tamen

309 1257 369 1322 ei
395 1256 676 1333 unibiliS‚
706 1259 771 1321 et
795 1272 911 1339 per
938 1254 1063 1318 hoc
1088 1270 1235 1318 caro
1261 1252 1455 1318 etiam
1478 1250 1744 1316 unibilis
1769 1249 1859 1314 di·

308 1364 587 1431 vinitati.

390 1476 454 1538 Ξ.
482 1471 584 1538 Ad
608 1469 763 1536 illud
790 1468 961 1554 quod
987 1467 1311 1552 objicitur,
1336 1467 1510 1550 quod
1541 1467 1858 1531 destructo

311 1580 544 1665 priori,
591 1577 937 1644 destruitur
997 1580 1062 1641 et
1113 1574 1429 1658 posterius
1446 1623 1464 1654 ,
1516 1573 1859 1638 dicendum

311 1688 486 1771 quod
510 1686 669 1751 illud
693 1703 921 1750 verum
941 1686 1055 1761 est,
1081 1682 1193 1746 ubi
1208 1681 1520 1765 posterius
1550 1680 1862 1763 dependet

312 1794 724 1860 essentialiter
748 1811 789 1856 a
814 1791 1033 1875 priori.
1061 1788 1181 1855 Ubi
1207 1806 1365 1854 vero
1403 1787 1642 1871 aliquid
1683 1805 1858 1870 prae·

314 1902 482 1980 cedit
508 1902 785 1966 alterum
823 1900 992 1963 sicut
1015 1897 1336 1980 dispositio
1370 1913 1692 1977 congrua,
1724 1912 1860 1959 non

312 2013 561 2092 oportet
585 2007 757 2092 quod
782 2008 1011 2071 habeat
1036 2006 1370 2069 veritatem
1404 2023 1420 2069 ι
1453 2008 1518 2068 et
1542 2003 1635 2067 sic
1672 2007 1767 2066 est
1792 2002 1861 2065 in

310 2114 656 2198 proposito.
687 2112 849 2177 Nam
880 2112 1040 2177 unio
1075 2110 1423 2175 divinitatis
1458 2109 1538 2174 ad
1574 2126 1855 2187 carnem,

311 2222 452 2287 sive
476 2221 685 2286 carnis
711 2221 791 2286 ad
816 2219 1239 2298 divinitatem,
1270 2235 1403 2281 non
1424 2214 1737 2299 dependet
1766 2233 1863 2279 es·

313 2328 681 2407 sentialiter,
713 2327 848 2391 sive
886 2324 1302 2408 dependentia
1328 2323 1737 2400 necessitatis,
1776 2322 1859 2385 ab

317 2433 556 2498 unione
584 2431 841 2494 illorum
871 2429 1150 2493 duorum
1177 2427 1258 2492 ad
1292 2426 1607 2503 invicem3
1654 2425 1764 2489 sed
1806 2424 1862 2487 si

313 2539 427 2604 illa
468 2539 785 2623 supponit,
843 2537 967 2601 hoc
1000 2539 1095 2601 est
1130 2534 1411 2617 quadam
1447 2531 1866 2614 congruitatis

314 2645 783 2711 convenientia.

399 2754 459 2816 3.
491 2751 590 2816 Ad
616 2751 774 2817 illud
798 2749 973 2835 quod
998 2747 1324 2831 objicitur,
1356 2745 1527 2830 quod
1566 2745 1865 2811 divinitas

315 2877 450 2925 non
478 2863 575 2925 est
599 2859 860 2924 unibilis
889 2862 1139 2922 naturae
1164 2854 1519 2919 irrationali
1560 2857 1624 2919 et
1650 2854 1867 2918 insen-

317 2967 510 3046 sibili,
539 2968 873 3033 dicendum
900 2966 1074 3050 quod
1106 2963 1222 3029 etsi
1257 2981 1406 3028 caro
1428 2962 1662 3027 Christi
1687 2980 1862 3027 care-

316 3078 418 3140 ret
441 3075 688 3139 ratione
715 3079 779 3139 et
803 3092 1018 3154 sensu,
1036 3072 1310 3137 habebat
1332 3073 1549 3135 tamen
1573 3070 1863 3135 ordinem

318 3182 402 3247 ad
427 3182 733 3264 animam,
766 3201 915 3265 quae
960 3181 1274 3245 rationem
1315 3183 1380 3243 et
1411 3196 1671 3242 sensum
1705 3178 1774 3242 in
1796 3195 1865 3242 se

318 3289 534 3355 habet.
557 3290 638 3355 Et
661 3291 719 3354 si
745 3296 816 3354 tu
841 3287 1124 3371 objicias,
1155 3286 1327 3370 quod
1356 3284 1518 3350 illud
1560 3302 1693 3349 non
1727 3285 1867 3348 sut-

318 3399 475 3477 flcit,
508 3398 677 3481 quod
701 3397 942 3481 aliquid
989 3397 1070 3461 sit
1101 3394 1397 3479 possibile
1432 3394 1514 3460 ad
1554 3392 1864 3458 unionem

321 3505 557 3569 animae
584 3505 931 3585 rationalis,
976 3504 1057 3568 ad
1108 3502 1232 3567 hoc
1281 3501 1454 3585 quod
1497 3518 1865 3582 congruum

321 3613 406 3680 sit
447 3613 621 3678 uniri
674 3630 826 3677 cum
875 3611 1241 3689 divinitate,
1301 3609 1642 3674 dicendum
1693 3607 1867 3690 quod

321 3721 564 3804 absque
587 3720 781 3785 dubio
808 3719 931 3783 hoc
955 3736 1083 3783 non
1113 3718 1461 3783 suffecisset
1500 3717 1569 3780 in
1594 3715 1869 3799 primor-

320 3827 428 3893 dio
446 3825 919 3907 incarnationis,
951 3825 1082 3890 imo
1107 3825 1297 3890 simul
1322 3823 1533 3889 decuit
1568 3823 1865 3887 divinita·

321 3938 457 4002 tem
491 3935 666 3999 uniri
709 3935 885 3999 carni
927 3939 990 3998 et
1024 3933 1282 4009 animae,
1323 3936 1397 3998 ut
1433 3931 1789 4014 conjunctis
1844 3950 1861 3992 ε

323 4061 508 4108 secus
554 4047 771 4109 autem
822 4045 918 4107 est
967 4043 1036 4106 in
1079 4040 1431 4105 ministerio
1476 4042 1711 4104 nostrae
1757 4055 1867 4102 re-

327 4151 733 4235 demptionis,
785 4149 960 4235 quod
1008 4147 1267 4231 quidem
1298 4146 1519 4212 debuit
1569 4163 1871 4211 consum-

332 4260 500 4324 mari
515 4278 629 4344 per
643 4264 911 4325 mortem
921 4308 937 4340 ,
959 4263 1022 4324 et
1034 4257 1279 4323 ratione
1296 4257 1484 4339 cujus
1504 4272 1868 4337 congruum

241 4397 248 4404 ·
327 4369 452 4433 fuit
496 4372 574 4433 ut
621 4368 762 4447 illa,
829 4385 977 4450 quae
1032 4365 1212 4449 prius
1284 4363 1467 4429 valde
1534 4362 1874 4444 conjuncta

326 4479 532 4556 erant,
559 4492 696 4539 non
721 4474 936 4539 minus
957 4489 1247 4553 congrue
1270 4472 1479 4534 essent
1502 4468 1584 4533 ad
1609 4473 1872 4550 tempus

325 4584 554 4662 divisa,
585 4601 734 4647 caro
761 4581 1055 4648 videlicet
1088 4583 1152 4644 et
1188 4578 1406 4643 anima
1438 4600 1454 4642 :
1491 4580 1556 4640 et
1602 4592 1718 4658 pro
1759 4574 1871 4640 illo

325 4697 614 4774 tempore
640 4691 804 4757 bene
826 4688 1179 4754 sufficiebat
1202 4686 1324 4769 ipsi
1346 4684 1524 4748 carni
1550 4683 1873 4748 unibilitas

330 4799 410 4865 ad
439 4798 722 4864 animam
746 4798 887 4863 loco
914 4793 1353 4877 congruitatis,
1383 4791 1701 4855 reddentis
1727 4808 1872 4855 eam

328 4906 625 4973 idoneam
673 4905 753 4972 ad
808 4904 1115 4970 unionem
1167 4918 1316 4966 cum
1363 4898 1715 4964 divinitatis
1757 4916 1876 4962 na-

334 5017 504 5078 tura.

413 5119 475 5184 1⁵.
507 5118 606 5184 Ad
632 5117 788 5184 illud
815 5117 987 5202 quod
1012 5115 1332 5199 objicitur,
1367 5115 1539 5199 quod
1563 5113 1721 5180 unio
1746 5117 1878 5180 ter-

332 5227 620 5294 minatur
651 5226 735 5295 ad
775 5223 1034 5309 aliquod
1057 5240 1302 5306 unum,
1330 5222 1670 5289 dicendum
1707 5222 1879 5306 quod

399 5396 419 5431 ¹
450 5394 531 5458 Cf.
568 5392 830 5458 menard„
868 5392 935 5442 ιιι
966 5389 1125 5455 δοιώ,
1151 5389 1268 5441 dist.
1291 5402 1403 5454 xxi,
1432 5403 1483 5455 q.
1516 5400 1597 5454 ιη
1627 5388 1873 5453 stephan.

341 5465 557 5531 Bruler„
583 5465 650 5516 ιιι
678 5463 841 5526 Sene„
862 5461 980 5512 dist.
1009 5470 1132 5523 xxi,
1159 5473 1212 5525 q.
1241 5470 1324 5513 ιιι.

3383 485 3503 546 447

1959 609 2055 669 est
2089 624 2321 672 verum
2351 628 2366 671 ε
2400 608 2544 673 talis
2583 609 2756 674 enim
2801 610 2957 675 unio
2999 612 3385 680 terminatur
3425 615 3506 681 ad

1959 730 2170 779 unum
2194 713 2266 778 in
2290 733 2563 800 persona
2590 738 2605 781 ι
2637 735 2791 781 nam
2834 736 2983 783 caro
3017 719 3243 785 unitur
3267 720 3506 789 divinae

1961 823 2209 886 naturae
2246 821 2315 886 in
2357 823 2668 889 unitatem
2708 826 3064 910 hypostasis
3108 828 3171 893 et
3218 847 3509 911 personae

1963 927 2109 993 Filii
2135 929 2266 995 Dei.
2298 929 2423 996 Sed
2452 932 2939 1014 attendendum,
2969 934 3144 1017 quod
3184 936 3368 1003 aliter
3407 938 3506 1003 di-

1964 1036 2137 1101 citur
2182 1036 2290 1102 illa
2339 1038 2697 1122 hypostasis
2746 1042 2955 1109 carnis
2977 1088 2995 1119 ,
3048 1046 3111 1107 et
3154 1043 3511 1128 hypostasis

1965 1144 2265 1210 hominis.
2314 1146 2683 1231 Hypostasis
2730 1149 2905 1213 enim
2955 1148 3235 1214 hominis
3279 1150 3512 1216 dicitur

1963 1269 2099 1315 non
2123 1252 2333 1319 solum
2359 1254 2428 1318 in
2453 1255 2753 1338 obliquo,
2787 1255 2897 1320 sed
2941 1257 3132 1321 etiam
3175 1257 3245 1322 in
3290 1262 3509 1341 recto;

1965 1360 2060 1423 est
2083 1358 2256 1424 enim
2283 1361 2665 1444 hypostasis,
2696 1382 2845 1447 quae
2872 1365 2967 1428 est
2989 1365 3208 1430 homo.
3244 1365 3364 1432 Sed
3396 1367 3513 1451 hy-

1965 1467 2232 1549 postasis
2276 1470 2485 1533 carnis
2527 1469 2906 1553 intelligitur
2953 1472 3021 1536 in
3051 1472 3349 1557 obliquo,
3382 1492 3512 1539 non

1966 1574 2119 1656 quia
2145 1578 2307 1639 esset
2332 1594 2479 1641 οπο
2502 1625 2519 1655 ,
2553 1576 2663 1641 sed
2707 1577 2860 1660 quia
2893 1578 3169 1644 habebat
3202 1597 3462 1645 carnem
3494 1604 3510 1645 ι

1967 1683 2140 1747 unde
2164 1683 2271 1747 illa
2297 1686 2542 1767 poterat
2568 1684 2692 1749 dici
2737 1703 2884 1751 οπο
2911 1684 3123 1751 Verbi.
3159 1686 3239 1752 Et
3264 1688 3388 1752 hoc
3424 1691 3518 1753 est

1966 1790 2141 1873 quod
2165 1790 2316 1855 dicit
2340 1790 2764 1858 Damascenus
2797 1814 2812 1858 ε
2847 1816 2879 1853 α
2904 1792 2973 1858 Si
3000 1797 3295 1860 mortuus
3319 1800 3415 1860 est
3441 1799 3516 1860 ut
3549 1864 3558 1873 ‚
3679 1816 3683 1820 ·

1968 1896 2200 1978 bomo,
2233 1902 2298 1963 et
2340 1904 2555 1964 sancta
2579 1900 2687 1964 illa
2713 1900 2925 1965 anima
2953 1901 3034 1965 ab
3076 1904 3218 1985 ejus
3253 1920 3515 1987 corpore

1968 2003 2173 2069 divisa
2224 2009 2321 2070 est
2338 2029 2355 2086 ;
2387 2005 2682 2070 divinitas
2723 2012 2940 2072 tamen
2969 2009 3407 2093 inseparabilis
3438 2010 3519 2074 ab

1968 2116 2244 2196 utroque
2271 2115 2638 2196 permansit,
2666 2133 2877 2199 neque
2902 2115 3024 2181 ista
3050 2135 3184 2181 una
3210 2116 3515 2200 hyposta-

1969 2222 2056 2286 sis
2107 2222 2174 2285 in
2225 2222 2385 2287 duas
2433 2222 2637 2287 divisa
2687 2228 2783 2288 est
2829 2246 2845 2287 t
2892 2224 3127 2288 etenim
3171 2241 3403 2306 corpus
3458 2227 3521 2287 et

1969 2332 2187 2396 anima
2211 2351 2252 2396 a
2278 2331 2590 2415 principio
2616 2331 2685 2397 in
2712 2331 2902 2397 Verbi
2930 2333 3256 2416 hypostasi
3284 2333 3520 2398 habue-

1970 2442 2127 2503 runt
2151 2440 2617 2519 sustinentiam,
2648 2440 2801 2504 etin
2830 2451 3033 2505 morte
3082 2459 3120 2504 a
3146 2460 3212 2504 se
3240 2439 3518 2508 invicem

1970 2546 2175 2613 divisa
2210 2552 2582 2612 manserunt
2614 2562 2632 2608 ι
2660 2546 2994 2630 singulum
3025 2552 3242 2613 autem
3291 2566 3517 2614 eorum

1970 2671 2173 2718 unam
2238 2653 2636 2737 hypostasim
2694 2652 2884 2721 Verbi
2936 2655 3150 2720 habet.
3205 2674 3237 2717 n
3297 2651 3519 2739 Neque

1970 2762 2144 2827 enim
2172 2777 2424 2843 corpus,
2452 2779 2665 2845 neque
2692 2762 2908 2826 anima
2934 2761 3260 2845 propriam
3292 2762 3522 2829 habuit

1969 2866 2363 2950 hypostasim
2390 2874 2623 2951 praeter
2646 2869 3041 2953 hypostasim
3065 2868 3257 2936 Verbi
3286 2888 3304 2934 ι
3335 2874 3400 2935 et
3426 2871 3518 2935 sic

1970 2980 2148 3058 patet
2170 2974 2350 3041 illud.

2491 3126 2848 3207 QUAESTIO
2888 3129 2998 3197 111.

1972 3263 2064 3321 An
2089 3263 2330 3323 Chi-istm
2355 3265 2526 3332 tuerit
2552 3267 2772 3323 unitum
2806 3270 2962 3325 carni
2997 3271 3048 3325 et
3079 3271 3279 3327 animae
3305 3270 3517 3343 duplici

2614 3360 2826 3415 ratione
2847 3358 2886 3415 ¹.

2057 3512 2284 3581 Utrum
2335 3513 2620 3582 Verbum
2674 3516 2929 3582 unitum
2984 3519 3178 3584 fuerit
3232 3519 3410 3584 carni
3463 3524 3528 3585 et
3553 3533 3613 3578 ad
3635 3546 3737 3590 opp·

1974 3622 2211 3687 animae
2238 3622 2476 3706 duplici
2501 3625 2777 3707 unione;
2805 3628 2869 3691 et
2896 3627 3067 3709 quod
3093 3627 3207 3708 sic,
3229 3628 3525 3694 videtur:

1977 3729 2139 3795 Unio
2177 3735 2560 3796 numeratur
2593 3751 2710 3815 per
2747 3738 3033 3799 extrema
3069 3735 3340 3799 unibilia
3373 3758 3387 3799 ε
3420 3736 3530 3800 sed

1977 3854 2126 3901 caro
2168 3840 2233 3902 et
2277 3838 2492 3902 anima
2538 3843 2689 3904 sunt
2739 3840 2987 3906 diversa
3033 3842 3343 3922 unibilia;
3397 3843 3523 3907 hoc

1977 3944 2151 4009 enim
2179 3948 2272 4010 est
2298 3948 2643 4030 corporale,
2674 3952 2736 4013 et
2761 3948 2920 4014 illud
2947 3950 3275 4032 spirituale
3299 3971 3313 4015 ε
3337 3969 3517 4033 erg0,

1978 4051 2035 4116 si
2099 4052 2421 4119 uniuntur
2484 4053 2691 4120 Verbo
2722 4103 2741 4136 ,
2813 4054 3108 4139 pluribus
3179 4057 3530 4123 unionibus

1978 4160 2326 4227 uniuntur.

2058 4272 2122 4332 2.
2154 4268 2335 4350 Item,
2358 4270 2410 4332 si
2431 4269 2694 4353 aliquod
2720 4286 2930 4334 unum
2956 4268 3183 4335 unitur
3211 4271 3531 4354 aliquibus

1980 4374 2060 4442 ad
2094 4378 2172 4460 (a)
2203 4377 2585 4444 alterutrum
2613 4378 2859 4457 divisis»,
2891 4378 3114 4444 unitur
3143 4380 3235 4444 eis
3270 4381 3535 4446 diversis

1982 4484 2331 4550 unionibus
2363 4487 2518 4551 :sed
2551 4486 2912 4569 hypostasis
2951 4484 3140 4553 Verbi
3186 4489 3370 4553 unita
3412 4488 3537 4552 fuit

1981 4591 2052 4654 in
2075 4596 2280 4657 morte
2296 4594 2472 4657 carni
2489 4597 2552 4658 et
2570 4593 2804 4658 animae
2826 4592 2903 4658 ad
2926 4593 3003 4677 (α)
3024 4594 3403 4659 alterutrum
3432 4593 3533 4658 di-

1983 4698 2176 4761 visis:
2200 4718 2357 4781 ergo
2375 4701 2721 4765 uniebatur
2747 4701 2836 4764 eis
2862 4701 3216 4766 unionibus
3240 4701 3527 4766 diversis.

1985 4805 2108 4870 Sed
2121 4806 2344 4870 eodem
2366 4807 2553 4872 modo
2580 4808 2765 4873 unita
2791 4809 2916 4873 fuit
2944 4808 3242 4874 divinitas
3266 4808 3450 4873 carni
3476 4812 3541 4874 et

1985 4913 2220 4978 animae
2248 4913 2317 4978 in
2342 4915 2780 4980 incarnatione
2799 4965 2816 4996 ,
2848 4919 2910 4981 et
2944 4915 3011 4981 in
3039 4919 3245 4981 morte
3264 4963 3281 4997 ,
3312 4920 3376 4982 et
3398 4920 3542 4999 post

1986 5025 2284 5102 mortem,
2326 5023 2480 5105 quia
2521 5021 2633 5086 illa
2680 5023 2839 5087 unio
2886 5040 3020 5087 non
3058 5022 3181 5086 fuit
3227 5023 3472 5089 variata
3521 5041 3540 5089 ε

1987 5145 2146 5210 ergo
2198 5128 2255 5193 si
2319 5132 2461 5212 post
2531 5134 2807 5195 mortem
2871 5128 3216 5196 uniebatur
3275 5129 3545 5197 diversis

1988 5236 2359 5318 unionibus,
2390 5237 2745 5304 necessario
2773 5237 3156 5322 sequebatur
3190 5237 3363 5323 quod
3390 5243 3453 5305 et
3477 5239 3547 5305 in

1989 5345 2129 5429 ipsa
2152 5344 2607 5412 incarnatione.

2058 5472 2131 5539 (a)
2161 5472 2284 5525 σαι.
2309 5472 2432 5525 edit.
2464 5470 2597 5528 deest
2622 5447 2706 5525 iad.
