4185 6288
477 1553 545 1597 Ad
591 1567 692 1608 opp.

745 440 865 501 500

730 568 1017 635 cundum
1044 564 1354 630 accidens.
1394 564 1702 641 Quamvis
1739 563 1913 629 enim
1957 562 2282 628 beatitudo

727 676 960 742 habeat
1010 673 1321 739 rationem
1393 673 1541 737 boni
1568 721 1588 751 ,
1646 677 1861 737 tamen
1914 689 2044 735 non
2117 670 2285 734 cadit

729 781 1160 866 principaliter
1188 781 1314 846 sub
1351 781 1788 862 expectatione
1832 779 1967 862 spei
2006 779 2128 842 sub
2177 779 2284 842 illa

731 890 996 965 ratione,
1029 888 1228 952 sedin
1258 893 1575 970 quantum
1609 888 1801 951 habet
1835 887 2149 950 rationem
2176 903 2282 949 ar·

735 997 872 1063 dui.

1271 1191 1629 1274 QUAES'rtO
1670 1194 1746 1262 V.

737 1378 835 1434 An
846 1392 964 1450 spes
984 1381 1059 1434 sit
1077 1380 1138 1433 iu
1164 1383 1324 1450 parte
1341 1379 1540 1434 animoe
1552 1377 1850 1446 comitiva,
1866 1375 1950 1431 vel
1972 1374 2228 1445 affectiva
2243 1383 2282 1429 ¹.

823 1537 911 1602 De
934 1555 1045 1620 spe
1073 1556 1185 1621 per
1211 1536 1749 1619 comparationem
1777 1535 1853 1598 ad
1888 1534 2249 1616 subjectum
2265 1580 2284 1609 ,

744 1650 966 1709 utrum
993 1645 1225 1708 scilicet
1249 1661 1391 1726 spes
1427 1643 1602 1706 sitin
1631 1647 1807 1725 parte
1844 1642 2079 1706 animae
2135 1659 2288 1721 cog-

742 1751 965 1832 nitiva,
987 1751 1092 1816 vel
1109 1750 1433 1827 affectiva3
1465 1754 1528 1814 et
1545 1750 1714 1832 quod
1738 1749 1909 1812 sitin
1935 1747 2286 1829 cognitiva,

740 1859 998 1926 videtur
1054 1858 1263 1941 primo
1314 1875 1428 1939 per
1483 1857 1638 1920 illud
1687 1856 1860 1938 quod
1904 1855 2142 1920 dicitur
2182 1873 2293 1918 su-

742 1984 857 2049 per
898 1966 1052 2029 illud
1082 1973 1148 2030 ¹:
1189 1966 1377 2031 Finis
1402 1962 1702 2046 praecepti
1744 1968 1836 2029 est
1878 1963 2159 2028 charitas
2213 1961 2293 2026 de

742 2073 929 2140 corde
970 2089 1171 2155 puro,
1220 2078 1282 2138 et
1316 2073 1712 2138 conscientia
1758 2070 1921 2136 bona
1938 2089 1966 2151 ;
2023 2069 2241 2134 Glossa
2274 2090 2290 2132 z

755 2204 786 2240 α
823 2180 908 2245 De
944 2182 1327 2246 conscientia
1363 2181 1531 2245 bona
1551 2230 1569 2260 ,
1617 2180 1684 2244 id
1729 2185 1826 2245 est
1863 2179 1941 2243 de
1975 2197 2108 2262 spe.
2141 2200 2172 2236 n
2226 2178 2295 2241 Si

747 2307 905 2371 ergo
932 2309 1074 2372 spes
1119 2293 1214 2354 est.
1257 2289 1635 2353 conscientia
1658 2337 1675 2365 ,
1706 2293 1769 2352 et
1808 2287 2189 2353 conscientia
2228 2305 2296 2351 se

748 2401 920 2462 tenet
948 2415 1032 2461 ex
1068 2403 1246 2480 parte
1286 2397 1672 2479 cognitionis
1697 2446 1715 2476 ,
1758 2397 1861 2462 vel
1908 2395 2253 2478 cognitivae
2270 2442 2291 2473 ‚

748 2503 1001 2569 videtur
1030 2504 1202 2587 quod
1238 2508 1301 2568 et
1328 2504 1465 2586 ipsa
1490 2522 1653 2585 spoe.

829 2616 890 2675 2.
922 2611 1079 2676 Item
1106 2610 1466 2675 Bernardus
1494 2610 1564 2673 in
1591 2610 1868 2693 quadam
1895 2608 2160 2673 homilia
2185 2624 2295 2672 su·

747 2736 865 2801 per
896 2720 1213 2785 Cantica:
1244 2742 1275 2779 c
1303 2718 1470 2783 Deus
1495 2720 1749 2782 futurus
1776 2722 1871 2780 aet
1898 2714 2129 2778 rationi
2165 2714 2297 2796 ple·

752 2826 977 2890 nitudo
1012 2826 1172 2891 lucis
1189 2874 1210 2905 ‚
1256 2826 1573 2890 voluntati
1609 2823 1953 2888 multitudo
1998 2822 2169 2904 pacis
2190 2869 2207 2897 ,
2239 2825 2303 2885 et

757 2934 1083 2999 memoriae
1110 2933 1501 2998 continuatio
1522 2930 1914 2997 aeternitatiS.
1941 2952 1972 2991 ι
2003 2928 2128 2995 Sed
2152 2946 2301 2993 aon-

758 3040 1027 3105 tinuatio
1073 3041 1443 3104 aeternitatis
1496 3043 1594 3103 est
1644 3037 1756 3102 dos
1803 3036 2303 3119 correspondens

754 3141 1175 3232 expectationi
1202 3149 1401 3231 ipsius
1427 3147 1561 3229 spei
1590 3165 1608 3210 :
1639 3164 1796 3227 ergo
1823 3146 1875 3208 si
1907 3146 2016 3210 illa
2044 3144 2305 3228 respicit

756 3257 1135 3322 memoriam
1168 3257 1397 3338 ipsam,
1428 3256 1683 3319 videtur
1709 3254 1877 3336 quod
1905 3254 2043 3336 ipsa
2073 3271 2303 3336 expec—

757 3370 912 3434 tatio
938 3370 1074 3452 spei
1118 3370 1187 3433 in
1226 3369 1335 3433 via
1385 3386 1522 3432 esse
1562 3369 1630 3430 in
1670 3367 1979 3431 memoria
2020 3366 2253 3431 habeat
2283 3389 2298 3431 :

758 3479 865 3542 sed
895 3479 1035 3543 haec
1053 3477 1246 3542 estin
1272 3476 1552 3558 potentia
1580 3474 1943 3555 cognitiva:
1975 3491 2157 3554 ergo,
2180 3478 2301 3538 etc.

840 3588 897 3648 3.
931 3583 1090 3648 ltem
1117 3583 1522 3663 Augustinus
1546 3581 1866 3645 diffiniens
1904 3599 2082 3664 spem
2124 3581 2195 3644 in
2231 3581 2307 3644 li-

758 3692 877 3756 bro
903 3691 983 3759 de
1015 3692 1290 3759 civitate
1318 3690 1459 3770 Dei,
1489 3689 1639 3754 dicit
1666 3687 1836 3771 quod
1865 3706 2008 3770 spes
2033 3693 2129 3751 est
2170 3688 2301 3752 vir-

759 3803 866 3863 tus
890 3817 1020 3882 qua
1062 3798 1209 3882 quis
1236 3816 1304 3861 se
1331 3797 1411 3861 ad
1458 3796 1651 3876 illud,
1681 3796 1853 3879 quod
1890 3795 2085 3859 credit
2105 3842 2126 3875 ,
2158 3813 2302 3878 per-

761 3914 1110 3972 venturum
1137 3906 1493 3991 praesumit.
1522 3906 1602 3970 Et
1625 3906 1747 3970 hac
1773 3904 2153 3969 diffinitione
2204 3904 2307 3967 vi-

763 4014 947 4079 demr
973 4014 1145 4097 quod
1172 4013 1338 4077 nihil
1368 4011 1541 4077 aliud
1567 4013 1649 4075 sit
1664 4026 1950 4094 sperare,
1977 4027 2175 4093 quam
2201 4011 2309 4073 fir-

765 4122 953 4186 miter
1003 4120 1259 4186 credere
1302 4139 1371 4185 se
1417 4123 1879 4202 perventurum
1916 4119 1998 4183 ad
2047 4116 2307 4199 aliquod

764 4229 1038 4293 arduum
1066 4233 1129 4291 et
1156 4226 1497 4291 excellens:
1519 4226 1629 4291 sed
1645 4229 1780 4290 tam
1807 4225 2081 4304 credere,
2112 4243 2308 4308 quam

764 4336 1038 4400 firmiter
1077 4335 1330 4399 credere
1356 4383 1374 4414 ,
1427 4338 1524 4399 est
1562 4334 1859 4418 potentiae
1904 4333 2251 4414 cognitivae
2290 4355 2305 4397 τ

764 4460 923 4523 ergo
948 4460 1199 4525 sperare
1237 4445 1476 4524 spectat
1518 4441 1597 4505 ad
1636 4440 1982 4524 potentiam
2031 4439 2310 4521 cogniti-

765 4569 918 4615 vam
946 4571 962 4615 ι
995 4550 1105 4615 sed
1132 4551 1320 4632 cujus
1347 4553 1444 4614 est
1471 4553 1652 4614 actus
1670 4597 1688 4628 ,
1723 4551 1865 4631 ejus
1894 4552 1990 4613 est
2034 4554 2099 4612 et
2123 4548 2306 4613 habi-

766 4661 872 4724 tus
898 4680 914 4723 ε
943 4676 1106 4740 ergo
1130 4657 1301 4722 idem
1328 4657 1492 4722 redit
1516 4657 1687 4740 quod
1709 4656 1910 4739 prius.

847 4771 907 4830 4.
943 4766 1099 4831 Item
1138 4766 1356 4848 imago
1396 4764 1733 4830 creationis
1776 4765 2160 4829 reformatur
2200 4780 2313 4845 per

769 4873 1121 4957 imaginem
1142 4874 1568 4951 recreationiS,
1601 4891 1750 4957 quae
1782 4873 2043 4955 quidem
2072 4870 2313 4936 consis-

769 4984 845 5048 tit
866 4984 937 5047 in
964 4983 1173 5066 gratia
1194 4987 1258 5046 et
1279 4982 1486 5047 tribus
1512 4960 1860 5046 virtutibus
1884 4980 2261 5061 theologicis
2294 5001 2309 5043 :

768 5110 928 5174 ergo
950 5092 1005 5156 si
1034 5091 1302 5157 virtutes
1329 5092 1747 5157 reformantes
1793 5093 1947 5155 sunt
1983 5090 2051 5153 iu
2089 5094 2312 5173 poten-

842 5288 953 5349 ¹Cs.
973 5288 1347 5352 Memnoneis,
1367 5288 1597 5353 συκέης).
1623 5290 1709 5353 ΙΙΙ,
1723 5288 1844 5340 coll.
1861 5301 2006 5353 mx,
2022 5293 2158 5341 art.¹
2186 5293 2238 5341 et
2255 5291 2285 5340 2
2296 5304 2314 5352 ;

773 5359 976 5419 Scotus,
1002 5360 1064 5410 ΙΙΙ
1087 5360 1245 5420 Sene„
1273 5360 1392 5410 dist.
1410 5372 1534 5411 xxvi
1555 5398 1571 5423 ‚
1596 5374 1645 5425 q.
1669 5372 1714 5424 13
1743 5361 2040 5417 Richardus.
2068 5362 2134 5410 111
2159 5362 2317 5425 Sene„

772 5431 892 5481 dist.
919 5439 1062 5492 xxvi,
1094 5435 1190 5482 art.
1219 5434 1336 5496 5‚q.
1358 5442 1445 5494 1115
1470 5432 1648 5495 Stepb.
1672 5430 1888 5495 nmter„
1910 5433 1976 5482 ΙΙΙ
2001 5431 2166 5494 Seni„
2196 5432 2313 5483 dist.

1778 423 2404 493 SENTssnmnun
2444 424 2593 490 Lm.
2637 425 2746 491 111.

2391 561 2498 625 tiis
2572 580 2736 643 quas
2802 563 3190 644 reformant,
3277 581 3537 630 necesse
3629 568 3730 627 aet
3812 581 3942 627 oese

2390 669 2662 734 virtutes
2736 670 3128 753 theologicas
3204 672 3273 736 in
3377 671 3507 736 illis
3597 671 3904 752 potantiis
3924 718 3940 745 ,

2391 777 2460 839 in
2516 777 2754 859 quibus
2806 779 3156 843 attenditur
3218 779 3561 859 integritas
3618 776 3941 857 imaginis.

2392 886 2459 952 Si
2487 906 2646 969 ergo
2671 888 2795 952 illae
2820 891 3119 971 potentias
3143 895 3297 955 sunt
3327 890 3784 971 intelligentia,
3814 907 3947 951 me-

2396 981 2601 1060 moria
2626 1001 2691 1061 et
2717 997 3032 1072 voluntas,
3061 1002 3127 1063 et
3154 1000 3426 1064 charitas
3442 998 3708 1081 roepicit
3733 997 3951 1060 volun-

2394 1106 2613 1183 tatem,
2628 1103 2788 1169 fides
2806 1103 3321 1186 intelligentiam,
3336 1106 3592 1170 videtur
3609 1123 3775 1188 ergo
3784 1105 3952 1188 quod

2394 1228 2537 1293 spes
2563 1212 2854 1295 respiciat
2882 1214 3260 1279 memoriam
3287 1235 3303 1278 ε
3336 1232 3492 1296 ergo
3517 1217 3616 1277 est
3636 1213 3708 1276 in
3741 1219 3954 1295 poten-

2393 1318 2483 1381 tia
2509 1321 2853 1400 cognitiva.

2486 1433 2546 1495 5.
2576 1428 2732 1493 Item
2760 1430 3068 1497 certitudo
3082 1431 3336 1514 respicit
3357 1431 3708 1514 potentiam
3729 1433 3951 1512 cogni-

2396 1543 2597 1607 tivam
2632 1562 2646 1602 z
2678 1557 2836 1620 ergo
2882 1556 3033 1601 cum
3070 1557 3215 1621 spoe
3254 1538 3337 1602 sit
3381 1542 3554 1602 certa
3599 1541 3954 1622 expectatio

2399 1649 2635 1713 futurae
2662 1645 3093 1725 beatitudinis,
3127 1664 3272 1727 spes
3294 1651 3389 1709 oet
3413 1646 3791 1729 inpotentia
3816 1667 3953 1729 cog.

2397 1755 2604 1819 nitiva
2630 1760 2937 1835 tanquam
2964 1752 3035 1816 in
3063 1754 3370 1835 subjecto.

2482 1862 2603 1926 Sed
2631 1866 2896 1924 contrat
2941 1865 2998 1922 1.
3048 1858 3336 1936 Quatuor
3379 1878 3625 1940 genera
3669 1862 3952 1925 affecfio-
3977 1882 4128 1927 suu

2401 1985 2562 2032 num
2585 1968 3071 2047 distinguuntur
3088 1984 3128 2028 a
3142 1966 3378 2030 sanctis
3391 1971 3455 2029 et
3478 1985 3519 2029 a
3533 1967 3950 2050 philosophis,

2402 2075 2694 2140 videlicet
2742 2074 3085 2155 gaudium,
3144 2073 3321 2138 dolor
3343 2122 3362 2153 ,
3422 2093 3568 2156 spae
3615 2080 3682 2139 et
3716 2077 3953 2140 timor:

2405 2202 2562 2265 ergo
2588 2183 2642 2246 si
2683 2183 2892 2246 omnis
2917 2181 3166 2245 affectio
3188 2228 3205 2256 ‚
3237 2185 3300 2244 et
3341 2181 3604 2246 habitus
3651 2184 3959 2263 regulati-

2405 2304 2529 2350 vus
2548 2283 2917 2361 affectionis,
2948 2284 3126 2346 estin
3151 2284 3436 2365 potentia
3459 2283 3790 2364 affectiva,
3819 2306 3958 2350 cum

2407 2410 2549 2475 spes
2593 2391 2696 2455 vel
2736 2391 3025 2455 nominet
3059 2389 3458 2455 affectionem
3482 2439 3502 2468 ,
3529 2391 3640 2456 vel
3671 2392 3960 2456 habitum

2408 2501 2789 2565 directivum
2815 2498 3186 2575 affectioniS,
3216 2500 3474 2565 videtur
3502 2519 3665 2582 ergo
3687 2520 3957 2582 genera·

2408 2618 2550 2681 liter
2577 2617 2751 2699 quod
2780 2635 2926 2698 spae
2955 2616 3132 2680 sitin
3162 2618 3443 2699 potentia
3468 2618 3794 2683 affectiva.

2491 2729 2647 2793 Item
2675 2729 2962 2811 ejusdem
2990 2729 3290 2810 potentias
3327 2734 3422 2793 est
3450 2749 3715 2813 sperare
3735 2780 3755 2810 ,
3786 2734 3963 2814 cujus

2409 2842 2503 2901 est
2528 2838 2754 2901 timere
2786 2837 2937 2901 :sed
2963 2837 3193 2900 timere
3222 2855 3355 2900 non
3383 2841 3480 2901 aet
3505 2838 3631 2900 nisi
3659 2840 3961 2921 potentia

2409 2944 2719 3009 affectivae
2749 2963 2767 3009 ε
2808 2961 2965 3025 ergo
2993 2962 3113 3007 nec
3136 2962 3395 3026 sperare
3425 2967 3442 3008 :
3492 2944 3600 3008 sed
3645 2948 3845 3027 cnjus
3878 2952 3964 3010 est

2409 3056 2610 3130 actm,
2635 3054 2772 3132 ejus
2799 3056 2979 3115 estet
3004 3050 3304 3114 habitus:
3334 3052 3595 3116 videtur
3619 3072 3787 3136 ergo
3805 3055 3966 3138 quod

2410 3179 2553 3243 spes
2579 3161 2658 3225 sit
2680 3162 2746 3224 in
2770 3162 3054 3243 potentia
3081 3161 3395 3225 affectiva.

2491 3266 2649 3332 Item
2677 3268 2963 3350 opposita
2988 3272 3138 3331 nata
3155 3272 3306 3332 sunt
3321 3268 3460 3332 fleri
3482 3267 3651 3333 circa
3673 3271 3965 3336 eamdem

2411 3374 2548 3439 vim
2581 3376 2603 3411 ⁸
2635 3397 2649 3440 :
2702 3375 2810 3440 sed
2860 3393 3005 3458 spes
3047 3381 3110 3440 et
3158 3376 3515 3459 desperatio
3570 3382 3730 3441 sunt
3774 3397 3969 3462 oppo-

2413 3481 2535 3543 sita
2590 3499 2607 3543 :
2670 3480 2724 3544 si
2798 3498 2959 3561 ergo
3006 3480 3357 3563 desperatio
3430 3487 3528 3547 est
3600 3484 3670 3546 in
3744 3489 3970 3568 poten-

2414 3587 2501 3650 tia
2544 3588 2870 3665 affectiva,
2903 3588 3159 3652 videtur
3196 3588 3491 3653 similiter
3516 3590 3696 3672 quod
3751 3596 3816 3656 et
3841 3593 3972 3674 ipae

2417 3714 2580 3779 spes.

2496 3803 2676 3882 Item,
2700 3803 2863 3868 sicut
2876 3804 3187 3885 contingit
3199 3804 3549 3887 potentiam
3568 3806 3972 3886 rationalem,

2415 3913 2479 3973 et
2504 3911 3058 3992 concupiscibilem
3076 3960 3093 3990 ,
3119 3911 3439 3993 obliquari
3488 3918 3550 3975 et
3602 3912 3797 3994 dirigi
3827 3964 3846 3993 ,
3888 3918 3968 3978 ita

2417 4017 2608 4081 etiam
2638 4017 3016 4081 irascibilem
3048 4040 3063 4082 t
3090 4036 3251 4099 ergo
3278 4018 3441 4083 sicut
3467 4025 3565 4082 est
3585 4019 3808 4104 aliqua
3843 4023 3975 4086 vir·

2417 4127 2521 4189 tus
2547 4123 2905 4204 theologica
2930 4125 2999 4188 in
3027 4124 3342 4202 rationali,
3374 4130 3436 4189 et
3460 4126 3681 4209 aliqua
3714 4129 3784 4192 in
3825 4148 3973 4194 con-

2418 4229 2791 4313 cupiscibili,
2819 4231 2909 4296 ita
2939 4230 3156 4312 aliqua
3173 4232 3361 4296 debet
3376 4249 3513 4296 esse
3537 4233 3605 4295 in
3623 4234 3930 4300 irascibili
3957 4260 3971 4301 :

2418 4339 2525 4403 sed
2553 4337 2693 4401 haec
2717 4356 2848 4402 non
2880 4343 2973 4403 est
2997 4339 3122 4402 nisi
3144 4356 3287 4421 spes
3318 4357 3336 4403 z
3379 4358 3536 4421 ergo
3577 4360 3730 4423 spes
3776 4350 3877 4408 aet
3911 4346 3977 4407 in

2419 4444 2717 4510 irascibili
2761 4467 2777 4508 :
2817 4463 2976 4527 ergo
3021 4464 3163 4528 spes
3204 4450 3301 4511 est
3341 4447 3410 4511 in
3455 4450 3743 4530 potentia
3783 4453 3976 4517 affec-

2421 4553 2578 4617 tiva.

2503 4659 2659 4723 Item
2718 4660 3036 4742 objectum
3095 4664 3226 4745 spei
3263 4667 3359 4729 cst
3399 4681 3723 4746 magnum
3771 4673 3842 4732 et
3884 4688 3979 4733 ar-

2423 4769 2650 4848 duum,
2679 4768 2845 4831 sicut
2876 4786 3072 4850 supra
3124 4775 3451 4836 ostensum
3503 4772 3630 4836 fuit
3662 4792 3682 4836 :
3715 4775 3830 4839 sed
3873 4796 3977 4840 ar—

2423 4875 2627 4939 duum
2650 4879 2745 4939 est
2759 4875 3081 4957 objectum
3095 4880 3393 4958 potentiae
3410 4879 3752 4945 irascibilis
3776 4905 3793 4946 ε
3826 4902 3978 4966 ergo

2425 4983 2478 5046 si
2517 4983 2686 5048 idem
2732 4987 2827 5047 est
2875 4983 3196 5065 objectum
3236 4986 3527 5067 habituS,
3579 4993 3644 5052 et
3683 4994 3976 5073 potentie

2426 5093 2761 5158 substratae
2783 5094 2853 5158 in
2879 5113 3008 5177 qua
3036 5101 3132 5160 est
3149 5096 3406 5163 habitus
3430 5145 3449 5177 ,
3469 5117 3618 5182 spes
3640 5107 3743 5167 est
3767 5103 3842 5167 in
3871 5121 3977 5187 po-

2428 5302 2571 5351 xxw,
2594 5305 2648 5355 q.
2686 5302 2810 5353 vu13
2835 5293 2985 5344 Gabr.
3007 5294 3155 5355 niel„
3193 5297 3259 5345 ΙΙΙ
3293 5298 3452 5358 Sene„
3488 5294 3621 5352 dist.
3663 5317 3815 5367 xxvx,
3849 5320 3900 5370 q.
3940 5317 3973 5365 1,

2429 5361 2680 5498 ‹mh—
2702 5363 2758 5412 ¹1
2789 5362 2929 5427 rim„
2959 5377 2997 5426 1,
3016 5370 3061 5416 5.
3085 5394 3130 5402 -—
3156 5367 3176 5401 ⁸
3201 5368 3370 5433 Arist„
3393 5369 3832 5443 Pacem-(edictam,
3851 5394 3896 5429 c.
3918 5377 3975 5426 de

2661 5447 2704 5482 s.
