4185 6288
1475 389 1856 459 DISTINCT.
1896 389 2165 459 XXVIII.

605 548 1018 648 EXPOSITIO
1056 573 1384 643 TExTns.

237 744 325 796 Hic
378 743 537 809 quaeri
577 747 765 809 potest,
823 747 996 794 utrum
1041 740 1127 790 illo
1183 736 1425 788 mandato
1481 705 1767 785 dilectionis

810 813 1049 879 proximi,
1084 815 1183 863 ete.

313 965 519 1049 Supra
545 967 681 1048 egit
698 965 1002 1047 Magister
1025 961 1103 1026 de
1126 960 1432 1024 charitate
1457 957 1770 1039 quantum

171 1137 176 1142 ,
235 1073 315 1138 ad
327 1074 658 1138 essentiam
679 1077 742 1137 et
753 1070 1195 1137 diffinitionem
1216 1088 1230 1146 3
1251 1066 1323 1130 in
1336 1064 1458 1130 hac
1483 1061 1772 1146 partein-

237 1181 435 1246 tendit
473 1200 667 1263 agere
691 1180 770 1245 de
814 1198 890 1243 ea
931 1180 1247 1260 quantum
1276 1174 1355 1237 ad
1397 1172 1772 1237 dilectorum

117 1328 125 1338 ·
152 1328 161 1337 -
236 1307 584 1354 numerum
610 1294 673 1354 et
690 1286 1180 1351 distinctionem.
1213 1279 1529 1346 Dividitur
1554 1281 1773 1341 autem

235 1396 355 1461 ista
385 1415 533 1478 pars
574 1396 644 1463 in
689 1401 819 1460 tres
855 1397 1103 1477 parteS,
1138 1392 1208 1454 in
1244 1406 1523 1472 quarum
1567 1385 1777 1469 prima

236 1503 505 1586 inquirit
528 1521 676 1586 quae
706 1507 768 1566 et
793 1505 949 1585 quot
976 1501 1105 1563 sint
1132 1496 1460 1579 diligenda
1478 1544 1498 1576 ,
1527 1499 1591 1559 et
1615 1513 1773 1577 qua·

230 1609 379 1676 liter
405 1610 849 1692 exprimantur
892 1626 1005 1690 per
1047 1604 1178 1670 duo
1215 1604 1552 1680 mandata;
1585 1603 1650 1665 in
1677 1621 1776 1665 se-

233 1717 446 1782 cunda
480 1736 633 1782 vero
661 1721 838 1800 parte
867 1717 1158 1780 removet
1198 1710 1496 1795 quaedam
1534 1708 1729 1773 dubia
1752 1755 1773 1787 ,

232 1825 327 1888 ibi
349 1829 366 1888 i
394 1825 620 1890 Oritur
637 1830 849 1890 autem
865 1823 971 1888 hic
989 1822 1257 1905 quoestio
1275 1819 1353 1885 de
1371 1816 1636 1902 anqetiS,
1658 1820 1775 1881 etc.

233 1930 310 1996 In
335 1931 524 1996 tertia
548 1948 704 1995 vero
729 1935 908 2013 parte
927 1927 1266 2011 subjungit
1290 1925 1638 2022 quamdam
1659 1923 1781 1987 dis-

229 2038 613 2103 tinctionem
629 2086 649 2116 ,
684 2055 831 2120 quae
857 2036 1006 2101 facit
1025 2036 1104 2099 ad
1130 2033 1612 2118 praemissorum
1638 2049 1778 2095 ma-

220 2147 442 2228 Jorem
484 2144 903 2218 evidentiam,
945 2142 1035 2205 ibi
1067 2163 1081 2204 :
1123 2141 1247 2206 Hic
1290 2137 1646 2205 notandum
1691 2142 1785 2203 est

225 2255 630 2335 proximum,
653 2257 771 2315 etc.
793 2248 1008 2315 Prima
1028 2266 1175 2332 pars
1190 2247 1498 2312 dividitur
1511 2246 1583 2308 in
1601 2244 1782 2321 duas,

227 2362 298 2426 in
330 2378 621 2444 quarum
649 2359 852 2442 prima
878 2359 1095 2422 movet
1121 2354 1569 2438 quaestionem‚
1593 2356 1657 2418 et
1682 2352 1786 2416 de·

229 2470 583 2546 terminat;
631 2467 701 2531 in
745 2465 1023 2531 secunda
1041 2513 1063 2545 ,
1108 2463 1480 2529 auctoritate
1519 2462 1782 2541 Augus-

228 2576 353 2640 tini
387 2575 761 2654 confirmat,
794 2573 883 2638 ibi
914 2596 930 2637 :
967 2573 1248 2646 Ouatuor
1274 2576 1486 2651 autem
1514 2568 1787 2651 ἀπέρρη-

224 2681 344 2761 da,
367 2686 496 2746 etc.
523 2681 679 2745 Item
705 2678 984 2745 secunda
1004 2697 1152 2762 pars
1168 2678 1478 2744 dividitur
1505 2677 1574 2740 in
1602 2675 1785 2754 duas,

221 2790 295 2854 in
325 2808 619 2875 quarum
644 2788 855 2874 prima
878 2791 1166 2852 removet
1192 2785 1460 2851 dubium
1491 2785 1568 2848 de
1598 2801 1792 2865 ange-

221 2899 305 2964 lis
329 2922 347 2977 ;
375 2899 449 2964 in
479 2899 760 2966 secunda
787 2916 941 2964 vero
969 2898 1047 2961 de
1075 2896 1322 2961 Christo
1340 2944 1361 2975 ‚
1393 2895 1484 2959 ibi
1517 2917 1534 2959 ε
1570 2894 1790 2960 Chris·
1823 2916 1828 2921 ·

223 3014 375 3075 tum
399 3022 574 3086 vere,
597 3007 996 3089 inquantum
1014 3004 1217 3084 homo,
1241 3007 1359 3068 etc.
1384 3002 1617 3068 Ultima
1636 3019 1792 3067 vero

229 3133 392 3199 pars
421 3119 719 3181 remanet
742 3114 1035 3179 indivisa.

913 3349 1051 3396 DUB.
1095 3349 1139 3393 1.

215 3468 332 3517 Nec
359 3462 589 3530 speciali
605 3466 865 3527 praecepto
891 3475 1021 3526 opus
1048 3465 1157 3511 erat
1171 3459 1222 3510 id
1252 3457 1399 3524 tradi,
1422 3460 1482 3508 ut
1506 3456 1719 3522 quisque
1739 3470 1795 3507 se

283 3538 375 3588 vel
407 3549 610 3599 corpus
630 3548 780 3585 suum
805 3534 1060 3599 diligeret,
1087 3532 1209 3598 quia
1233 3532 1333 3583 hoc
1358 3531 1412 3581 in
1435 3530 1522 3581 illo
1539 3532 1794 3595 proecepto

283 3609 620 3671 continetur,
646 3610 744 3658 etc.

300 3728 608 3825 Contra:
650 3753 783 3819 Hoc
815 3770 947 3817 non
988 3751 1241 3815 videtur
1267 3768 1496 3815 verum
1515 3796 1533 3828 ‚
1562 3750 1716 3833 quia
1740 3750 1795 3813 si

209 3868 567 3952 praecepta
589 3862 735 3927 data
760 3864 909 3924 sunt
933 3858 1013 3923 ad
1057 3856 1472 3939 dirigendum
1510 3856 1796 3922 affectio·

206 3993 340 4043 nes
366 3974 641 4039 nostras
655 4017 675 4048 ,
708 3986 859 4031 cum
883 3965 1165 4030 maxime
1198 3963 1528 4046 contingat
1554 3981 1797 4028 unum-

206 4083 550 4168 quodque
574 4094 789 4141 errare
815 4075 985 4139 circa
1009 4072 1411 4138 dilectionem
1438 4072 1542 4136 sui
1559 4119 1581 4151 ,
1613 4071 1796 4137 vide-

203 4197 329 4261 tur
358 4184 563 4273 quod
597 4184 678 4249 de
702 4184 825 4248 hoc
849 4180 1070 4246 debuit
1100 4178 1380 4244 maxime
1407 4182 1796 4263 praeceptum

202 4299 386 4367 dari.
426 4296 606 4360 Item
632 4291 703 4354 in
730 4288 1064 4371 praeceptis
1106 4286 1430 4352 charitatis
1472 4304 1603 4350 non
1632 4303 1797 4368 prae-

203 4407 477 4490 cipitur
527 4416 715 4467 amor
757 4396 1052 4474 estuanti,
1097 4394 1210 4460 sed
1251 4392 1597 4477 spiritualis
1632 4416 1647 4457 ε
1690 4393 1798 4458 sed

201 4509 705 4586 difficillimum
725 4508 819 4569 est
836 4504 1118 4586 seipsum
1138 4501 1490 4568 secundum
1504 4501 1801 4584 spiritum

202 4623 518 4702 diligere
551 4632 569 4677 ε
599 4611 711 4679 sed
737 4611 793 4675 si
817 4611 941 4676 hoc
966 4608 1392 4676 necessarium
1415 4612 1512 4673 est
1533 4607 1614 4672 ad
1638 4608 1805 4673 salu-
1910 4610 2004 4675 rei
2041 4611 2319 4675 absentis
2355 4618 2417 4678 et
2459 4617 2798 4698 praeteritae
2829 4639 2846 4683 ε
2877 4622 2987 4687 sed
3028 4627 3245 4693 anima
3283 4650 3450 4701 nun.

200 4737 384 4808 mm,
434 4721 713 4791 videtur
754 4717 928 4801 quod
969 4718 1092 4782 hoc
1135 4716 1352 4782 debuit
1395 4716 1805 4800 spiritualiter
1912 4737 2109 4801 quam
2166 4722 2260 4782 est
2298 4720 2417 4783 sibi
2470 4723 2698 4800 absens
2741 4729 2805 4790 et
2841 4732 3164 4809 praeterita
3216 4756 3234 4800 ε
3290 4758 3449 4824 ergo

201 4829 542 4924 praecipi.
574 4824 643 4890 Si
677 4824 848 4889 dicas
887 4824 1061 4908 quod
1096 4842 1232 4888 non
1278 4826 1524 4907 oportet
1571 4823 1803 4906 praeci-
1911 4843 2250 4908 nunquam
2299 4828 2590 4892 meminit
2632 4831 2771 4895 sibi.
2826 4832 2984 4901 Item
3028 4846 3246 4907 contra
3291 4847 3450 4916 illud

201 4962 380 5031 pere
412 4932 616 5022 quod
638 4931 709 4995 in
735 4930 875 4996 aliis
900 4931 1152 4997 duobus
1177 4930 1511 5014 praeceptis
1536 4929 1804 4995 includi·

200 5060 354 5131 tur,
390 5052 580 5114 tuns:
621 5037 955 5120 quaeritur,
987 5054 1188 5120 quare
1231 5036 1482 5103 dilectio
1530 5037 1806 5121 proximi

200 5177 360 5227 non
387 5145 792 5225 includitur,
820 5144 931 5209 sed
956 5144 1358 5227 exprimitur.

280 5326 301 5360 ι
321 5325 506 5384 Aug„
538 5323 700 5361 serm.
728 5288 927 5373 mpost
954 5311 1256 5360 pentem—¹
1273 5309 1593 5372 ld.,deDoct.
1612 5309 1808 5370 christ„

3292 399 3408 461 62¹1

1956 529 2140 610 Resp.
2191 527 2539 593 Dicendum
2588 530 2758 612 quod
2801 531 3032 615 triplex
3077 535 3171 597 est
3213 531 3376 597 ratio
3389 582 3407 609 ‚

1875 655 2073 719 quare
2102 653 2232 699 non
2267 637 2514 718 oportet
2551 637 2819 719 speciale
2856 640 3228 704 mandatum
3273 641 3413 706 dari

1876 743 1954 807 de
2011 741 2346 808 dilectione
2391 743 2491 807 sui
2514 791 2531 819 ‚
2584 743 2688 810 vel
2735 746 3037 840 corporis.
3094 745 3233 812 Una
3275 751 3409 829 est,

1877 867 2076 932 quam
2124 849 2329 914 reddit
2372 849 2860 932 Augustinus¹,
2913 856 2976 918 et
3028 854 3303 920 habetur
3345 856 3415 922 in

1877 956 2106 1031 littera,
2137 956 2289 1038 quia
2314 957 2462 1021 satis
2494 957 2877 1040 intelligitur
2919 977 3035 1042 per
3075 962 3197 1025 hoc
3243 965 3416 1045 quod

1878 1067 2111 1132 dicitur
2140 1086 2157 1132 ε
2193 1069 2373 1136 Sicut
2402 1075 2460 1135 te
2487 1071 2724 1151 ipsum.
2761 1071 2902 1136 Alia
2929 1072 3090 1136 ratio
3116 1078 3233 1155 est,
3263 1075 3417 1159 quia

1881 1175 1957 1239 ad
1995 1175 2118 1239 hoc
2161 1176 2374 1258 ipsum
2415 1177 2675 1241 inclinat
2718 1183 2968 1244 natura.
3000 1179 3213 1246 Tertia
3258 1184 3419 1249 ratio

1881 1286 1994 1358 est,
2023 1283 2178 1365 quia
2202 1283 2464 1366 diligere
2491 1284 2695 1349 Deum
2721 1305 2803 1350 ex
2829 1290 2961 1351 toto
2989 1288 3207 1368 corde,
3247 1293 3312 1354 et
3338 1309 3421 1356 ex

1880 1392 2013 1453 tota
2038 1390 2284 1467 anima,
2316 1398 2379 1455 et
2405 1411 2487 1456 ex
2513 1395 2646 1456 tota
2673 1399 2917 1474 mente,
2950 1393 3070 1459 hoc
3114 1401 3208 1460 est
3251 1398 3418 1480 seip-

1882 1514 2029 1561 sum
2055 1498 2466 1579 spiritualiter
2491 1517 2729 1564 amare.
2763 1499 2874 1565 Ille
2915 1503 3089 1566 enim
3123 1504 3418 1586 spiritua·

1881 1602 2028 1668 liter
2062 1623 2131 1669 se
2158 1609 2351 1686 amat,
2382 1607 2494 1689 qui
2521 1625 2631 1671 cor
2659 1612 2723 1671 et
2748 1626 2979 1692 corpus
3005 1611 3085 1675 ad
3111 1611 3422 1678 honorem

1884 1708 1993 1776 Dei
2032 1712 2308 1776 totaliter
2349 1715 2612 1797 exponit
2644 1740 2658 1780 ε
2693 1719 2756 1780 et
2796 1716 2890 1780 sic
2931 1717 3177 1783 dilectio
3218 1718 3424 1802 ipsius

1885 1817 2248 1900 implicatur
2273 1821 2342 1884 in
2369 1821 2493 1885 illis
2529 1823 2779 1887 duobus
2821 1825 3133 1890 mandatis
3163 1847 3179 1892 t
3221 1832 3283 1891 et
3309 1828 3423 1910 qui

1886 1925 2048 1989 bene
2073 1927 2414 2010 exequitur
2440 1928 2724 2011 primum
2750 1931 3145 2012 mandatum,
3169 1935 3427 2000 facilita-

1886 2036 2016 2096 tem
2058 2034 2272 2115 habet,
2320 2040 2384 2099 et
2425 2037 2870 2102 rectitudinem
2918 2040 3111 2105 habet
3151 2041 3231 2106 ad
3275 2043 3429 2108 diri-

1891 2141 2181 2220 gendum
2206 2143 2483 2225 seipsum
2509 2167 2526 2223 ;
2556 2147 2620 2209 et
2645 2149 2899 2228 propter
2921 2147 3044 2211 hoc
3070 2166 3199 2213 non
3228 2168 3424 2232 opor-

1890 2250 1980 2312 tet
1997 2250 2259 2313 tertium
2288 2251 2660 2315 mandatum
2679 2251 2854 2333 addi,
2876 2254 3228 2320 secundum
3258 2258 3430 2340 quod

1891 2353 2044 2418 dicit
2069 2356 2296 2420 beatus
2340 2356 2783 2438 Augustinus¹¹
2817 2381 2833 2424 ε
2881 2365 2943 2424 et
2967 2380 3082 2444 per
3112 2361 3233 2427 hoc
3261 2368 3432 2447 patet

1893 2460 2335 2527 determinatio
2352 2464 2763 2547 objectorum.
2790 2466 2951 2531 Nam
2970 2469 3050 2532 ad
3074 2470 3231 2536 illud
3253 2472 3425 2555 quod

1895 2568 2190 2650 objicitur
2221 2572 2300 2654 (a)
2323 2620 2341 2651 ,
2372 2571 2545 2655 quod
2571 2573 2735 2638 circa
2773 2574 3170 2641 dilectionem
3201 2578 3302 2643 sui
3340 2584 3434 2644 est

1895 2674 2246 2758 obliquatio
2265 2681 2329 2742 et
2345 2678 2709 2759 difficultaS‚
2727 2683 2864 2763 jam
2885 2688 3055 2765 patet
3072 2686 3396 2768 responsio
3412 2734 3431 2764 ‚

1897 2784 2049 2866 quia
2075 2783 2226 2847 satis
2251 2785 2592 2850 instruitur
2611 2786 2806 2852 bomo
2831 2807 2944 2871 per
2968 2790 3077 2855 illa
3103 2792 3230 2856 duo
3258 2772 3436 2857 man-

1897 2890 2043 2955 data
2080 2891 2161 2956 ad
2188 2892 2578 2975 obliquitatis
2618 2899 2681 2959 et
2720 2896 3104 2963 difficultatis
3132 2899 3304 2965 illius
3329 2920 3431 2966 re-

1898 2998 2264 3067 motionem.
2296 2999 2394 3064 Ad
2429 2999 2585 3065 illud
2620 3002 2787 3084 quod
2825 3003 3053 3069 ultimo
3092 3009 3403 3090 quaeritur

1899 3123 2101 3189 quare
2129 3124 2259 3171 non
2286 3106 2375 3171 sic
2400 3106 2588 3172 datur
2622 3107 3319 3193 implicite'mandatum
3358 3117 3436 3183 de

1899 3213 2230 3278 dilectione
2272 3215 2584 3297 proximi,
2633 3217 2798 3281 sicut
2827 3219 2905 3283 de
2944 3220 3276 3287 dilectione
3308 3225 3433 3306 sui,

1898 3320 2241 3386 dicendum
2283 3321 2455 3405 quod
2501 3322 2663 3387 ratio
2701 3325 2900 3407 hujus
2945 3332 3059 3407 est,
3108 3331 3263 3412 quia
3303 3349 3435 3397 non

1901 3435 1995 3493 est
2033 3430 2126 3493 ita
2164 3430 2241 3495 de
2283 3431 2694 3497 inclinatione
2729 3437 2977 3500 naturae
3002 3484 3019 3515 ‚
3049 3441 3112 3502 et
3154 3441 3437 3529 appetitu

1901 3539 2173 3615 naturae,
2205 3538 2489 3602 converti
2516 3539 2596 3602 ad
2622 3539 2895 3605 alterum
2912 3591 2930 3622 ,
2966 3543 3131 3608 sicut
3156 3548 3439 3612 converti

1902 3642 1983 3707 ad
2034 3661 2104 3707 se
2157 3663 2175 3707 ε
2231 3648 2293 3708 et
2344 3649 2604 3728 propter
2663 3648 2786 3712 hoc
2843 3649 3290 3719 difficillimum
3345 3660 3442 3721 est

1901 3751 2271 3833 proximum
2314 3751 2600 3835 diligere,
2632 3756 2913 3822 maxime
2949 3761 3204 3841 quando
3244 3766 3338 3827 est
3381 3765 3440 3829 ei

1903 3857 2303 3923 adversarius
2349 3880 2365 3921 ε
2415 3859 2559 3924 ideo
2615 3879 2975 3945 congruum
3023 3867 3141 3931 fuit
3189 3869 3268 3934 de
3318 3870 3442 3937 hoc

1903 3965 2168 4048 speciale
2192 3967 2566 4033 mandatum
2592 3970 2754 4034 dari.

2548 4169 2685 4217 DUB.
2724 4171 2792 4217 11.
3078 4238 3089 4250 .

1938 4279 1992 4331 Si
2015 4279 2223 4331 condita
2259 4282 2339 4331 est
2361 4292 2511 4332 mens
2537 4282 2762 4366 humana
2773 4323 2791 4350 ‚
2818 4288 2876 4338 ut
2897 4298 3162 4353 nunquam
3198 4292 3276 4344 sui
3307 4311 3414 4354 non

2453 4357 2746 4409 meminerit
2754 4394 2776 4423 ,
2802 4365 2904 4421 etc,

1990 4503 2220 4569 Contra
2247 4505 2533 4586 primum
2561 4508 2857 4592 objicitur
2878 4515 2968 4582 sic
2989 4539 3005 4582 ε
3029 4518 3334 4590 Memoria
3353 4534 3449 4596 est

1914 4933 2084 5015 quod
2113 4935 2446 5016 sequitur:
2483 4959 2515 4996 α
2541 4935 2701 5015 Quia
2725 4958 3060 5025 nunquam
3091 4967 3159 5013 se
3184 4970 3319 5017 non
3346 4956 3452 5025 in-

1915 5038 2181 5121 telligit3
2227 5060 2258 5100 n
2304 5042 2620 5126 objicitur,
2672 5049 2846 5129 quod
2889 5051 3104 5119 anima
3146 5058 3452 5147 intelligit

1916 5145 2040 5211 alia
2088 5163 2129 5210 a
2164 5163 2234 5212 se
2282 5169 2299 5212 t
2350 5153 2415 5213 et
2449 5148 2835 5233 impossibile
2884 5161 2979 5222 est
3020 5163 3192 5244 quod
3234 5170 3454 5240 anima

1916 5254 2106 5336 plura
2124 5253 2440 5337 intelligat
2464 5257 2655 5323 simul
2684 5278 2704 5326 :
2733 5280 2892 5346 ergo
2921 5268 3079 5332 tunc
3103 5287 3234 5338 non
3259 5274 3452 5345 intel-

200 5402 308 5455 lib.
348 5398 396 5454 1,
431 5405 486 5440 c.
527 5393 693 5444 11111,
719 5394 771 5432 n.
802 5384 940 5431 22.-
969 5381 1039 5445 (a)
1060 5380 1145 5431 AI.
1170 5382 1434 5433 Namillud
1458 5383 1594 5446 quod
1614 5381 1807 5445 objicit.
1919 5360 2061 5442 figit
2099 5378 2186 5424 se.
2222 5360 2536 5430 Praeterea
2563 5369 2747 5433 multi
2773 5373 3037 5440 credunt
3067 5396 3136 5443 fle
3177 5399 3310 5449 non
3334 5386 3452 5453 ha-
