4185 6288
486 3500 548 3543 Fu

552 3500 694 3546 udam.

717 438 837 502 288

720 577 944 636 utrum
970 570 1261 635 videlicet
1293 571 1376 635 sit
1415 571 1538 635 alia
1575 589 1771 654 quam
1798 573 2006 653 gratia
2032 573 2268 654 singu-

719 678 872 742 laris
898 696 1209 762 personae,
1239 681 1302 741 et
1338 680 1547 761 gratia
1571 678 1865 758 unionis;
1904 683 1968 743 et
1992 679 2168 763 quod
2190 678 2270 743 sit

722 785 866 864 alia,
899 786 1154 851 videtur
1187 791 1246 850 1.
1268 785 1725 864 Gommuniter,
1746 787 2103 851 secundum
2128 786 2269 850 doc-

722 895 889 956 tores
911 941 929 971 ,
991 894 1061 956 iu
1118 893 1362 958 Christo
1397 894 1475 977 (a)
1520 894 1852 959 consuevit
1912 892 2269 959 differentia

719 1000 945 1082 gratiae
972 1001 1145 1082 poni,
1177 1001 1415 1067 scilicet
1442 1003 1650 1084 gratia
1678 1002 2024 1084 singularis
2050 1019 2265 1084 perso·

720 1124 857 1183 uae,
887 1110 949 1171 et
977 1107 1186 1188 gratia
1230 1108 1510 1188 unionis,
1555 1113 1618 1173 et
1657 1109 1866 1191 gratia
1910 1108 2132 1191 capitis
2165 1130 2180 1171 z
2215 1108 2268 1171 si

719 1230 877 1294 ergo
898 1213 1127 1278 divisio
1154 1233 1289 1279 esse
1312 1216 1493 1280 debet
1519 1234 1634 1298 per
1663 1217 1978 1299 opposita,
2012 1215 2116 1279 vel
2142 1215 2270 1278 sal-

722 1325 849 1384 tem
876 1320 1223 1404 disparata,
1256 1322 1508 1387 videtur
1534 1323 1706 1406 quod
1753 1325 1873 1388 ista
1908 1323 2269 1388 differentia

720 1426 947 1506 gratiae
972 1427 1055 1490 ab
1081 1427 1222 1491 aliis
1254 1428 1333 1492 sit
1357 1429 1628 1493 diversa.

801 1538 860 1596 2.
914 1533 1095 1614 Item,
1140 1535 1347 1617 gratia
1386 1535 1606 1618 capitis
1653 1535 1791 1600 aliis
1831 1536 2268 1602 communica-

721 1644 830 1704 tur
873 1664 887 1703 z
925 1642 1200 1723 gratiam
1237 1661 1392 1707 vero
1430 1643 1774 1723 singularis
1800 1662 2089 1726 personae
2111 1694 2128 1724 ,
2164 1643 2269 1708 vel

725 1748 1000 1827 unionis,
1023 1749 1309 1813 Christus
1331 1749 1472 1812 aliis
1491 1768 1623 1814 uon
1646 1751 2099 1828 communicat,
2116 1751 2269 1833 quia

722 1854 973 1936 respicit
1008 1854 1219 1937 ipsum
1247 1856 1455 1920 solum
1487 1876 1504 1919 z
1538 1875 1696 1938 ergo
1722 1860 1875 1922 sunt
1904 1857 2270 1923 differentes

723 1961 973 2041 gratiae.

804 2074 862 2132 3.
896 2069 1083 2149 Item,
1115 2070 1288 2151 quod
1315 2070 1396 2134 sit
1422 2070 1544 2134 alia
1570 2089 1769 2154 quam
1796 2071 2006 2152 gratia
2035 2071 2270 2153 singu-

721 2175 872 2239 laris
898 2196 1215 2260 personae,
1250 2178 1503 2242 videtur
1532 2198 1549 2241 z
1582 2179 1736 2261 quia
1761 2184 1895 2243 esto
1927 2180 2099 2261 quod
2139 2180 2269 2244 hu—

722 2285 993 2349 manitas
1016 2290 1346 2368 separatur
1372 2306 1411 2350 a
1437 2287 1789 2367 divinitate,
1816 2287 2028 2352 adhuc
2052 2292 2268 2352 tamen

721 2396 1009 2456 remanet
1035 2394 1242 2474 gratia
1267 2394 1612 2475 singularis
1640 2413 1927 2477 personae
1962 2417 1976 2458 z
2003 2395 2112 2458 sed
2137 2414 2269 2460 non

723 2504 1006 2563 remanet
1049 2501 1259 2581 gratia
1295 2500 1547 2582 capitis,
1577 2519 1696 2564 nec
1726 2503 1934 2583 gratia
1958 2502 2216 2566 unionis
2246 2522 2263 2566 ε

723 2623 879 2687 ergo
907 2607 1115 2688 gratia
1141 2608 1363 2690 capitis
1389 2607 1601 2671 differt
1622 2627 1662 2670 a
1691 2609 1900 2689 gratia
1924 2609 2269 2690 singularis

724 2730 1033 2795 personae.
1878 2751 1888 2761 ·

803 2825 861 2883 4.
894 2820 1085 2899 Item,
1116 2822 1289 2904 quod
1316 2822 1395 2884 sit
1440 2820 1564 2885 alia
1609 2839 1807 2903 quam
1834 2822 2043 2903 gratia
2085 2822 2269 2887 unio-

723 2927 854 3003 nis,
884 2928 1139 2992 videtur
1173 2948 1190 2991 ε
1222 2929 1374 3011 quia
1417 2928 1627 3009 gratia
1668 2929 1925 2992 unionis
1972 2947 2105 2994 non
2153 2931 2269 2993 ha-

723 3034 865 3098 huit
890 3054 1026 3099 esse
1055 3054 1172 3099 nec
1210 3027 1586 3115 efficaciam,
1617 3036 1738 3099 nisi
1767 3038 1835 3099 in
1877 3036 2270 3119 plenitudine

722 3147 1130 3226 temporum;
1165 3143 1374 3225 gratia
1417 3143 1635 3226 capitis
1679 3162 1718 3207 a
1755 3143 2107 3226 primordio
2146 3146 2268 3209 ha-

725 3251 863 3315 buit
900 3251 1195 3315 effectum
1238 3252 1305 3314 iu
1336 3249 1579 3316 Sanctis
1623 3273 1637 3313 ε
1671 3269 1833 3333 ergo
1874 3270 2129 3317 necesse
2175 3257 2271 3317 est

724 3375 831 3422 eas
856 3359 936 3422 ab
965 3358 1242 3422 invicem
1269 3358 1545 3423 differre.

803 3465 927 3533 Sed
953 3472 1175 3533 contra
1203 3491 1217 3531 :
1258 3468 1333 3531 In
1381 3468 1569 3532 unica
1595 3469 1812 3533 anima
1836 3488 1969 3533 una
1994 3474 2089 3533 est
2115 3488 2267 3551 gra-

724 3574 810 3639 tia
836 3579 1095 3657 gratum
1121 3575 1355 3639 faciens
1371 3624 1389 3654 ,
1418 3575 1578 3663 sicut
1606 3594 1736 3640 una
1763 3579 1856 3639 est
1890 3576 2025 3640 vita
2055 3598 2070 3639 ε
2108 3595 2267 3659 ergo

721 3683 774 3745 si
801 3684 1018 3748 anima
1055 3683 1283 3749 Christi
1322 3688 1418 3748 est
1449 3702 1583 3746 una
1602 3731 1619 3762 ,
1658 3687 1772 3748 aut
1796 3683 2004 3766 gratia
2042 3684 2268 3767 capitis

721 3808 853 3853 non
898 3795 997 3854 est
1032 3794 1293 3873 gratum
1338 3790 1593 3865 faciens,
1640 3794 1754 3854 aut
1792 3808 1922 3855 non
1968 3790 2184 3854 differt
2227 3809 2268 3855 a

720 3898 929 3977 gratia
968 3897 1247 3972 unionis,
1286 3901 1350 3962 et
1388 3896 1732 3978 singularis
1777 3915 2066 3979 personae
2105 3920 2120 3960 :
2156 3898 2266 3961 sed

721 4008 816 4066 est
835 4009 1095 4086 gratum
1116 4004 1350 4068 faciens
1381 4027 1396 4067 ε
1426 4022 1606 4086 erge,
1630 4007 1747 4068 etc.

802 4111 959 4177 Item
997 4113 1167 4177 idem
1193 4116 1289 4177 est
1316 4112 1572 4176 habitus
1597 4111 1875 4176 scientiae
1900 4158 1919 4186 ,
1960 4129 2092 4193 quo
2120 4112 2266 4194 quis

720 4223 898 4287 novit
922 4222 991 4286 in
1017 4242 1106 4303 se,
1137 4225 1200 4288 et
1223 4240 1354 4306 quo
1381 4225 1601 4305 potens
1632 4226 1726 4286 est
1751 4221 1975 4285 docere
2008 4221 2166 4285 alios
2193 4224 2268 4286 ut

719 4331 1025 4413 magister
1059 4356 1073 4396 :
1105 4351 1262 4414 ergo
1289 4332 1429 4414 pari
1454 4331 1695 4396 ratione
1718 4330 1890 4395 idem
1929 4334 2025 4395 est
2074 4331 2266 4395 habi-

718 4443 824 4503 tus
866 4439 1093 4520 gratiae
1122 4439 1343 4522 quoin
1380 4457 1448 4503 se
1476 4437 1804 4521 perficitur
1845 4442 1909 4503 et
1940 4438 2065 4502 Deo
2110 4438 2265 4501 uni-

717 4550 847 4625 tur,
876 4551 938 4611 et
967 4565 1094 4629 quo
1122 4547 1333 4611 influit
1356 4545 1424 4608 in
1451 4545 1741 4609 membra
1772 4548 1834 4609 et
1861 4544 1952 4609 eis
1983 4545 2213 4610 unitur
2244 4567 2259 4609 ε

716 4653 824 4718 sed
882 4654 1128 4737 primus
1176 4652 1428 4717 habitus
1487 4653 1717 4733 gratiae
1776 4651 2005 4716 dicitur
2056 4653 2266 4734 gratia

717 4761 1065 4843 singularis
1115 4778 1399 4844 personae
1465 4766 1528 4824 et
1589 4760 1843 4825 unionis
1863 4810 1879 4840 ,
1946 4759 2263 4824 secundus

720 4890 873 4936 vero
900 4871 1127 4935 dicitur
1162 4870 1373 4951 gratia
1418 4869 1637 4952 capitis
1669 4891 1684 4933 ε
1716 4887 1873 4951 ergo
1909 4869 2120 4951 gratia
2157 4887 2260 4932 ca·

717 4979 883 5061 pitis,
909 4982 972 5042 et
1001 4978 1278 5054 unioniS,
1303 4981 1609 5041 suntuna
1634 4978 1845 5059 gratia
1872 4995 2023 5041 cum
2051 4976 2263 5057 gratia

714 5089 1060 5170 singularis
1088 5107 1398 5171 personae.

794 5197 973 5277 Item,
994 5215 1070 5262 eo
1091 5198 1229 5282 ipso
1253 5202 1347 5262 est
1370 5197 1476 5261 ille
1499 5198 1694 5261 homo
1722 5199 1912 5279 caput
1939 5193 2259 5275 Ecclesiae,

778 5362 844 5427 (a)
882 5362 1006 5414 Cat.
1051 5362 1176 5413 edit.
1205 5363 1420 5414 Videtur
1447 5362 1790 5413 communiter
1817 5360 2105 5411 secundum
2132 5359 2258 5410 doc-

711 5438 864 5490 tores.
898 5437 954 5486 tn
981 5434 1201 5486 Christo.
1223 5461 1283 5473 —
1303 5435 1371 5500 (ὁ)
1397 5436 1519 5487 Goet.
1543 5435 1667 5485 edit.
1691 5434 1868 5485 desum
1894 5433 2103 5483 diversa
2130 5445 2253 5483 non.

1855 434 2475 502 SENTENTIARIJM
2516 436 2663 502 LIB.
2711 436 2817 501 111.

2376 591 2508 656 quo
2538 577 2905 655 assumptus
2927 576 3023 637 est
3048 592 3090 638 a
3112 574 3321 641 Verbo
3350 577 3424 641 in
3448 578 3757 645 unitatem
3784 600 3921 665 par.

2375 700 2553 747 sonae
2596 701 2613 746 t
2659 684 2768 747 sed
2813 684 2937 748 hoc
2983 691 3080 750 est
3115 706 3230 770 per
3270 690 3549 770 gratiam
3593 693 3849 758 unionis
3900 715 3915 759 ε

2377 808 2535 872 ergo
2583 793 2791 873 gratia
2835 793 3094 858 unionis
3110 843 3129 875 ,
3179 799 3243 860 et
3290 798 3515 880 capitis
3530 848 3549 878 ,
3599 787 3751 864 sunt
3794 819 3923 865 una

2377 900 2604 980 gratia.
2645 900 2854 966 Minor
2897 905 3232 969 manifesta
3267 910 3365 970 est
3394 930 3409 970 ε
3444 909 3652 991 major
3689 910 3922 993 proba-

2374 1011 2483 1071 tur
2527 1027 2642 1091 per
2691 1009 2870 1088 illud,
2918 1014 3092 1094 quod
3131 1014 3365 1079 dicitur
3409 1016 3489 1081 ad
3529 1015 3830 1099 Ephesios
3852 1018 3916 1081 ¹:

2376 1118 2596 1198 Ipsum
2630 1117 2814 1185 dedit
2852 1125 3037 1201 caput
3055 1168 3071 1197 ,
3102 1125 3220 1186 etc.
3248 1145 3265 1201 ;
3298 1121 3516 1188 Glossa
3546 1146 3561 1188 ε
3602 1146 3633 1184 α
3662 1121 3922 1188 Nullum

2377 1224 2587 1304 maJus
2615 1224 2861 1289 donum
2893 1229 3197 1308 praestare
3225 1232 3433 1311 posset
3459 1228 3626 1294 Deus
3650 1228 3924 1293 homini-

2375 1330 2520 1409 bus,
2552 1350 2749 1414 quam
2775 1338 2846 1397 ut
2871 1332 3152 1398 Verbum
3180 1354 3396 1416 suum,
3425 1355 3542 1419 per
3566 1337 3738 1420 quod
3770 1355 3921 1402 con-

2376 1437 2532 1501 didit
2560 1439 2777 1504 omnia
2797 1487 2816 1516 ,
2848 1441 3081 1506 faceret
3114 1441 3239 1506 illis
3264 1447 3457 1525 caput
3498 1461 3633 1507 esse
3666 1467 3681 1507 ε
3728 1442 3923 1508 Filius

2376 1544 2521 1620 Dei,
2569 1550 2632 1609 et
2658 1546 2829 1610 filius
2863 1547 3184 1626 hominis;
3215 1567 3390 1612 unus
3429 1549 3773 1615 Deuscum
3807 1549 3919 1616 Pa·

2375 1654 2505 1729 tre,
2536 1671 2707 1716 unns
2739 1654 2936 1718 homo
2978 1673 3130 1719 cum
3174 1655 3565 1720 hominibus.
3597 1678 3627 1715 ι
3666 1655 3765 1720 Ex
3805 1656 3923 1721 hoc

2375 1776 2667 1842 expresse
2692 1761 2993 1839 habetur,
3028 1764 3199 1845 quod
3226 1781 3303 1827 eo
3331 1769 3427 1829 est
3450 1765 3557 1828 ille
3588 1764 3787 1829 homo
3814 1783 3921 1829 ca-

2373 1871 2510 1950 put,
2532 1886 2663 1950 quo
2684 1887 2725 1932 a
2749 1867 2960 1934 Verbo
2986 1869 3097 1935 Dei
3120 1875 3489 1954 assumptus
3511 1872 3582 1935 in
3608 1872 3921 1937 unitatem

2376 1994 2687 2058 personae.
3266 2051 3271 2056 .

2456 2082 2639 2161 Item,
2665 2084 2836 2166 qnod
2860 2103 2974 2168 per
2999 2086 3644 2168 superabundantiam
3669 2088 3915 2166 dicitur,

2376 2191 2491 2255 uni
2533 2191 2649 2255 soli
2698 2193 2992 2258 convenit
3040 2213 3057 2256 ε
3106 2193 3215 2258 sed
3256 2194 3465 2276 gratia
3519 2196 3776 2260 unionis
3824 2199 3914 2260 est

2376 2316 2632 2362 summa
2658 2299 2895 2380 gratia,
2925 2304 2999 2363 ut
3025 2299 3177 2363 dicit
3210 2300 3617 2382 Augustinus
3646 2302 3728 2368 de
3776 2302 3915 2368 Tri-

2375 2409 2582 2474 nitate
2602 2414 2647 2487 ²,
2677 2412 2741 2470 et
2765 2405 3039 2471 habetur
3077 2407 3147 2470 in
3170 2409 3484 2492 principio
3513 2412 3919 2492 praecedentis

2377 2514 2792 2580 distinctionis
2810 2538 2825 2579 ε
2844 2515 2922 2580 In
2950 2516 3134 2581 rebus
3148 2532 3265 2599 per
3292 2522 3534 2599 tempus
3561 2520 3752 2597 ortis,
3774 2523 3914 2596 etc.;

2376 2625 2585 2705 gratia
2617 2625 2836 2707 capitis
2876 2630 2970 2689 est
3013 2642 3303 2704 summa,
3334 2625 3498 2689 sicut
3536 2626 3815 2692 habetur
3854 2627 3920 2690 in

2375 2732 2746 2796 auctoritate
2791 2731 3121 2814 praemissa
3171 2755 3188 2794 ε
3234 2750 3392 2813 ergo
3441 2733 3654 2814 gratia
3706 2735 3922 2817 capitis

2376 2856 2507 2902 non
2543 2839 2755 2903 differt
2776 2857 2814 2903 a
2837 2839 3047 2921 gratia
3072 2839 3357 2903 unionis.

2459 2946 2639 3024 Item,
2668 2947 2840 3028 quod
2866 2947 3008 3011 haec
3032 2947 3283 3011 diversa
3312 2965 3442 3012 non
3480 2947 3558 3031 (b)
3591 2949 3674 3013 sit
3703 2969 3743 3014 a
3769 2967 3919 3031 gra-

2374 3053 2462 3117 tia
2508 3053 2854 3135 singularis
2901 3072 3191 3138 personae
3213 3103 3230 3134 ,
3282 3054 3534 3120 videtur
3553 3104 3571 3135 ,
3618 3057 3920 3140 qnoniam

2377 3160 2660 3226 Christus
2686 3165 2781 3226 est
2806 3166 2997 3244 caput
3026 3162 3380 3227 secundum
3419 3162 3594 3227 illam
3620 3165 3916 3245 gratiam,

2375 3270 2729 3333 secundum
2767 3288 2964 3352 quam
2993 3276 3088 3334 est
3125 3270 3196 3334 in
3233 3271 3373 3353 ipso
3408 3288 3723 3335 sensuum
3757 3272 3919 3337 inte-

2374 3377 2575 3458 gritas
2618 3382 2680 3441 et
2724 3379 3021 3461 perfectio
3076 3401 3091 3442 z
3145 3383 3209 3443 et
3265 3380 3387 3444 hoc
3432 3384 3527 3444 est
3566 3381 3917 3445 secundum

2375 3485 2650 3565 gratiam
2675 3486 3027 3568 singularis
3043 3504 3333 3569 personae
3359 3478 3572 3570 ierg0,
3591 3491 3715 3553 etc.
3742 3489 3914 3566 Item,

2373 3593 2731 3657 secundum
2767 3592 2942 3656 illam
2974 3592 3250 3675 gratiam
3277 3593 3559 3658 Christus
3584 3599 3686 3658 est
3711 3599 3912 3679 caput,

2372 3700 2724 3763 secundum
2750 3718 2948 3782 quam
2976 3719 3092 3784 pro
3127 3701 3313 3766 nohis
3340 3702 3670 3783 satisfecit,
3699 3702 3916 3768 nobis-

2373 3825 2499 3890 que
2526 3808 2878 3891 promeruit
2906 3810 3182 3889 gratiam
3218 3813 3539 3892 quantum
3565 3809 3647 3875 ad
3678 3815 3913 3875 motum

2373 3919 2437 3980 et
2465 3934 2726 3981 sensum
2752 3918 2833 3981 ad
2859 3935 2979 3981 nos
3006 3918 3279 3983 derivari
3310 3941 3325 3982 :
3361 3920 3469 3984 sed
3505 3919 3632 3984 hoc
3676 3920 3796 3984 ruit
3819 3936 3914 3981 se-

2373 4023 2659 4087 cundum
2708 4025 2985 4105 gratiam
3025 4043 3313 4109 personae
3352 4026 3738 4108 singularis,
3768 4024 3915 4108 quia

2373 4135 2686 4213 quantum
2713 4131 2792 4195 ad
2817 4132 2992 4197 illam
3014 4134 3362 4198 attenditur
3385 4134 3728 4199 meritum:
3759 4150 3911 4214 ergo

2372 4232 2541 4299 idem
2568 4235 2743 4318 quod
2765 4235 2966 4319 prius.

2919 4474 3367 4543 CONCLUSIO.

2371 4637 2569 4695 Gratia
2603 4639 2899 4709 sinqulan‘s
2929 4654 3201 4712 perseum,
3243 4645 3295 4697 et
3325 4642 3514 4711 qratia
3546 4641 3781 4712 capitis,
3827 4654 3904 4696 se-

2441 4728 2668 4784 cundum
2704 4729 2944 4785 diversas
2971 4733 3293 4803 acceptiones
3339 4746 3522 4788 aarum
3555 4733 3683 4786 sunt
3722 4727 3861 4784 idem
3885 4766 3901 4794 ,

2445 4818 2531 4873 vel
2558 4817 2797 4875 diversoe.

2450 4979 2634 5062 Resp.
2665 4980 2744 5045 ad
2773 4999 2913 5063 arg.
2944 4982 3040 5046 Ad
3068 4982 3521 5064 praedictorum
3545 4979 3905 5061 intelligen-

2366 5085 2523 5150 tiam
2549 5091 2644 5151 est
2678 5088 3031 5152 notandum
3045 5137 3062 5165 ,
3092 5087 3264 5171 quod
3303 5088 3515 5168 gratia
3558 5085 3905 5169 singularis

2367 5212 2654 5277 personae
2701 5196 2953 5278 proprie
2993 5195 3282 5259 nominat
3318 5195 3637 5273 habitum,
3689 5210 3905 5259 secun·

2435 5357 2673 5480 πέψω,
2700 5369 2739 5419 ι,
2759 5359 2840 5409 22.
2861 5383 2917 5394 -
2938 5358 2961 5394 ·
2979 5360 3131 5423 Aug„
3147 5356 3209 5407 de
3227 5357 3432 5421 matt„
3447 5357 3542 5409 m».
3566 5356 3702 5421 xm,
3725 5369 3774 5406 ο.
3796 5363 3901 5415 nx.

2370 5442 2425 5479 n.
2522 5465 2534 5478 .
