4185 6288
541 453 660 514 300

541 590 637 649 tas
671 584 792 648 sibi
820 583 936 649 soli
960 588 1112 648 nota
1140 589 1257 663 est,
1291 588 1356 647 et
1380 582 1630 647 homini
1662 585 2010 664 assumpto.
2042 605 2072 640 ι)

541 691 670 755 Aut
714 710 874 772 ergo
915 692 1201 774 loquitur
1227 692 1306 754 de
1334 691 1556 755 notitia
1595 689 2082 772 qualiscumque

541 799 841 878 visionis,
883 803 994 862 aut
1029 800 1321 881 perfectae
1358 796 1940 881 comprehensionis
1976 819 1990 860 ε
2026 796 2082 859 si

541 908 751 989 primo
770 906 959 970 modo
985 907 1308 989 loquatur,
1335 907 1568 972 falsum
1593 909 1710 985 est,
1738 905 1893 988 quia
1920 904 2084 968 mul-

540 1015 623 1077 tis
665 1014 912 1096 angelis
955 1019 1019 1078 et
1072 1015 1444 1079 hominibus
1496 1018 1590 1078 est
1646 1018 1845 1078 nota:
1878 1013 2084 1095 loqui-

544 1125 651 1185 tur
687 1140 846 1203 ergo
887 1123 964 1187 de
1020 1123 1384 1203 cognitione
1434 1121 2017 1204 comprehensionis
2061 1138 2091 1182 ε,

542 1246 725 1310 ergo,
765 1233 883 1293 etc.

621 1342 681 1399 4.
732 1336 926 1418 Item,
976 1339 1249 1422 simplex
1285 1357 1437 1403 cum
1480 1337 1844 1419 attingitur,
1875 1339 2083 1400 totum

541 1446 899 1527 attingitur,
932 1466 1047 1529 pro
1084 1466 1160 1512 eo
1201 1448 1375 1530 quod
1417 1465 1545 1511 non
1588 1447 1780 1510 habet
1809 1449 2080 1528 partem,

542 1557 607 1618 et
646 1558 892 1636 partem
938 1577 953 1618 :
1003 1555 1057 1618 si
1100 1574 1260 1636 ergo
1290 1554 1572 1620 Verbum
1601 1555 1956 1617 increatum
1993 1558 2088 1617 est

543 1663 1118 1745 simplicissimum,
1151 1666 1406 1729 videtur
1435 1664 1607 1747 quod
1647 1668 1854 1728 totum
1880 1667 1943 1726 et
1983 1666 2085 1727 to-

545 1771 754 1837 taliter
780 1773 862 1834 ab
889 1775 1105 1839 anima
1130 1772 1358 1837 Christi
1386 1773 1765 1853 attingatur,
1791 1771 1844 1834 si
1871 1771 2087 1853 aliquo

547 1885 735 1948 modo
763 1883 1103 1963 attingitur
1134 1903 1150 1943 ε
1193 1880 1302 1944 sed
1331 1879 1668 1958 attingitur
1697 1878 1913 1959 aliquo
1948 1895 2086 1941 mo-

546 1992 627 2054 do
659 2011 674 2053 :
705 2010 861 2071 ergo
889 1987 1468 2071 comprehenditur.
1502 1985 1568 2049 Si
1612 1989 1684 2048 tu
1722 1985 1891 2048 dicas
1918 1984 2087 2066 quod

548 2117 678 2162 non
711 2098 899 2174 valet,
932 2097 1083 2180 quia
1109 2096 1435 2158 infinitum
1453 2098 1568 2171 est,
1591 2099 1653 2157 et
1678 2094 1820 2157 ideo
1846 2094 2087 2156 incom-

549 2206 973 2288 prehensibile
1012 2228 1028 2282 ;
1069 2207 1293 2267 contra
1336 2225 1350 2265 ε
1388 2202 1553 2265 sicut
1600 2220 1751 2265 vere
1798 2206 1893 2264 est
1945 2200 2087 2263 infi-

546 2315 778 2392 nitum,
822 2314 910 2377 ita
954 2331 1104 2378 vere
1158 2316 1253 2375 est
1293 2310 1565 2392 simplex
1611 2309 1768 2372 illud
1807 2307 2088 2372 Verbum

548 2425 859 2486 aeteruum
890 2443 906 2485 z
938 2439 1097 2502 ergo
1124 2419 1288 2483 sicut
1314 2418 1574 2501 ponitur
1603 2415 2089 2498 incomprehen-

547 2531 725 2594 sibile
751 2530 996 2594 ratione
1016 2526 1481 2604 immensitatis,
1513 2525 1603 2587 ita
1628 2523 1882 2587 deberet
1912 2541 2085 2586 com·

547 2639 857 2722 prehendi
884 2638 1127 2702 ratione
1157 2633 1596 2717 simpliciatiS.

628 2752 688 2810 5.
736 2747 894 2811 Item
949 2746 1165 2809 anima
1209 2743 1440 2806 Christi
1490 2738 1818 2820 cognoscit
1875 2739 2090 2821 ipsum

549 2853 828 2918 Verbum
861 2877 875 2917 :
907 2859 1020 2917 aut
1054 2833 1496 2933 ergo'aliquid
1532 2852 1629 2911 est
1672 2848 1750 2910 de
1781 2845 2087 2921 claritate,

549 2966 613 3026 et
636 2962 902 3026 veritate
926 3009 943 3037 ‚
986 2964 1047 3024 et
1083 2957 1589 3042 pulchritudine,
1621 2955 1793 3037 quod
1823 2973 1953 3018 non
1984 2972 2090 3018 co-

549 3073 852 3151 gnoscat,
880 3072 993 3132 aut
1025 3067 1190 3130 nihil
1218 3085 1236 3129 z
1266 3066 1321 3128 si
1357 3064 1626 3147 aliquid,
1656 3082 1814 3143 ergo
1857 3062 1927 3125 in
1965 3062 2092 3126 Deo

549 3180 645 3240 est
680 3176 923 3258 aliquid
950 3194 988 3240 a
1014 3174 1261 3239 Christo
1309 3174 1644 3255 cognitum
1673 3221 1689 3248 ,
1737 3176 1802 3235 et
1851 3171 2092 3253 aliquid

549 3282 948 3363 incognitum
981 3300 996 3340 ι
1032 3299 1190 3362 ergo
1217 3280 1478 3361 aliquid,
1510 3283 1572 3341 et
1599 3278 1838 3360 aliquid
1868 3301 1882 3341 ε
1913 3284 1977 3341 et
2002 3278 2092 3341 ita

556 3407 704 3472 pars
724 3436 741 3464 ‚
771 3393 836 3451 et
862 3407 1008 3471 pars
1040 3411 1055 3452 ε
1082 3388 1254 3470 quod
1280 3405 1411 3450 non
1447 3390 1542 3449 est
1574 3385 1992 3465 intelligibile.
2025 3385 2091 3449 Si

550 3496 709 3558 nihil
737 3499 831 3559 est
859 3495 1127 3559 omnino
1154 3494 1324 3576 quod
1363 3511 1497 3556 non
1532 3496 1874 3572 cognoscat
1893 3541 1911 3571 ,
1940 3492 2096 3574 quia

550 3606 756 3667 totum
802 3607 897 3667 est
927 3602 1095 3666 idem
1138 3600 1227 3664 ibi
1247 3649 1265 3679 ,
1295 3599 1547 3664 videtur
1600 3599 1771 3682 quod
1822 3598 2095 3663 totaliter

552 3713 721 3775 intra
763 3728 948 3775 suam
993 3709 1424 3790 cognitionem
1468 3708 1671 3771 Deum
1701 3706 1953 3771 claudat
1985 3726 1998 3768 :
2030 3712 2096 3772 et

552 3817 674 3882 hoc
696 3821 791 3882 est
817 3817 1017 3882 Deum
1043 3816 1579 3898 comprehendere
1608 3838 1622 3879 ε
1649 3834 1829 3898 ergo,
1863 3819 1981 3879 etc.

634 3931 693 3988 6.
743 3925 898 3989 ltem
918 3973 935 4001 ,
967 3927 1022 3988 si
1062 3925 1280 3988 anima
1323 3922 1551 3987 Christi
1591 3941 1723 3987 non
1773 3923 2097 4004 cognoscit

552 4035 766 4117 ipsum
792 4033 1073 4097 Verbum
1120 4034 1189 4095 in
1225 4037 1354 4095 tota
1393 4049 1513 4096 sua
1538 4030 1953 4113 plenitudine,
1981 4030 2096 4093 ad-

554 4141 684 4204 huc
723 4141 930 4204 deficit
956 4159 996 4203 a
1021 4140 1461 4221 cognoscendo
1504 4139 1582 4202 de
1622 4137 1829 4202 Verbo
1856 4138 2095 4221 aliquid

555 4249 975 4330 cognoscibile
1006 4268 1023 4312 z
1050 4266 1207 4329 ergo
1237 4253 1460 4331 potens
1500 4253 1595 4309 est
1622 4247 1689 4309 in
1727 4247 2096 4328 cognitione

554 4357 660 4419 illa
718 4357 1022 4438 proficere
1067 4378 1082 4418 ι
1130 4374 1287 4437 ergo
1329 4372 1481 4418 cum
1520 4353 1830 4418 desideret
1892 4354 2095 4418 Deum

553 4464 826 4546 perfecte
864 4481 1121 4526 noscere
1146 4510 1164 4541 ,
1196 4461 1452 4526 videtur
1500 4461 1672 4543 quod
1714 4462 2097 4526 desiderium

555 4572 790 4636 animae
838 4570 1064 4635 Christi
1101 4588 1232 4634 non
1279 4570 1360 4632 sit
1408 4569 1744 4652 impletum
1769 4618 1786 4649 ,
1830 4576 1894 4633 et
1924 4569 2098 4652 quod

555 4680 693 4762 ipsa
736 4699 864 4744 non
906 4678 1269 4762 pervenerit
1307 4677 1386 4741 ad
1427 4678 1836 4744 beatitudinis
1862 4684 2098 4744 statum

556 4787 930 4868 perfectum.

640 4899 698 4957 7.
735 4894 914 4973 Item,
945 4893 1049 4957 ille
1077 4892 1250 4957 solus
1275 4896 1371 4956 est
1396 4892 1642 4972 beatuS,
1677 4893 1791 4974 qui
1819 4910 2101 4977 compre-

558 5000 779 5065 hendit
804 5001 973 5082 quod
995 5019 1112 5064 nos
1139 5000 1458 5065 credimus
1484 5005 1547 5065 et
1571 5019 1904 5084 speramus
1940 5023 1954 5065 :
1991 5002 2099 5066 sed

553 5127 673 5173 nos
712 5110 1031 5173 credimus
1068 5111 1273 5192 ipsam
1319 5107 1509 5175 Verbi
1550 5110 2045 5174 immensitatem
2079 5133 2094 5175 ε

557 5218 611 5280 si
650 5235 809 5299 ergo
844 5217 1125 5283 Christus
1159 5221 1255 5282 est
1296 5223 1360 5284 et
1398 5218 1521 5283 fuit
1562 5219 1813 5299 beatuS,
1847 5217 2100 5284 videtur

621 5380 912 5445 ¹Damasc.,
935 5380 1025 5433 lib.
1049 5384 1088 5446 l,
1114 5395 1159 5432 c.
1188 5392 1259 5431 ιν.
1277 5407 1341 5420 -
1361 5382 1384 5415 ¹
1411 5384 1560 5446 Aug„
1586 5381 1750 5445 Epist.
1781 5392 1888 5433 cxu
1906 5418 1923 5444 ,
1946 5396 1996 5434 c.
2023 5392 2098 5443 tx,

562 5452 627 5504 al.
652 5464 850 5518 cxtvu,
871 5467 922 5505 n.
949 5454 1026 5505 21.

1656 443 2281 512 SENTENTIARUM
2319 443 2470 510 LlB.
2509 444 2618 509 111.

2189 583 2358 665 quod
2401 582 2608 664 ipsam
2650 582 3146 648 immensitatem
3198 580 3390 647 Verbi
3434 599 3735 664 compre-

2194 688 2456 754 hendat.

2272 795 2395 861 Sed
2419 801 2640 861 contra
2673 820 2689 860 ε
2722 797 3150 862 Damascenus
3172 798 3189 832 ¹
3224 819 3242 860 ι
3294 818 3324 856 c
3346 796 3482 861 Hoc
3528 796 3743 861 solum

2190 903 2579 985 intelligitur
2636 905 2715 969 de
2767 904 2895 970 Deo
2920 952 2938 981 ,
2975 903 3145 987 quod
3188 904 3744 987 incomprehensi-

2192 1011 2340 1075 bilis
2365 1014 2483 1075 est.
2515 1033 2547 1070 n
2582 1010 2707 1077 Sed
2732 1011 2786 1074 si
2814 1012 3032 1076 anima
3067 1011 3296 1075 Christi
3334 1013 3550 1093 ipsum
3571 1031 3747 1077 com·

2195 1118 2635 1201 prehenderet‚
2667 1119 3048 1201 intelligeret
3090 1119 3304 1201 ipsum
3330 1138 3465 1184 non
3490 1121 3746 1186 incom-

2195 1226 2686 1310 prehensibilem
2705 1276 2726 1307 ,
2787 1227 2897 1291 sed
2948 1228 3588 1310 comprehensibilem
3631 1252 3646 1292 :
3689 1231 3747 1294 si

2196 1353 2354 1416 ergo
2388 1335 2512 1399 hoc
2537 1353 2577 1397 a
2602 1334 2861 1399 nemine
2902 1337 3105 1417 potest
3134 1335 3405 1418 intelligi
3428 1384 3446 1415 ,
3476 1355 3611 1401 non
3635 1356 3747 1419 po-

2196 1451 2315 1512 test
2352 1447 2637 1512 Verbum
2690 1447 3048 1511 increatum
3100 1447 3181 1510 ab
3233 1448 3452 1513 anima
3514 1449 3747 1517 Christi

2197 1556 2670 1639 comprehendi.

2278 1664 2433 1729 Item
2464 1664 2898 1745 Augustinus,
2917 1662 2998 1729 de
3017 1663 3295 1729 videndo
3322 1665 3443 1732 Deo
3462 1672 3560 1730 ἰα
3579 1666 3745 1734 Illud
3774 1695 4014 1742 runem.

2198 1772 2759 1853 comprehenditur
2791 1819 2808 1847 ,
2863 1773 3048 1852 cujus
3096 1770 3256 1835 fines
3309 1772 3746 1839 circumscribi

2199 1882 2481 1962 possunt.
2518 1902 2549 1938 ι»
2586 1879 2707 1943 Sed
2738 1881 2899 1942 finae
2941 1879 3178 1943 divinae
3220 1880 3671 1947 immensitatis
3708 1904 3750 1948 a

2199 1985 2378 2050 nullo
2424 1986 2858 2049 circumscribi
2904 1991 3173 2069 possunt
3221 2008 3236 2051 ε
3288 2006 3448 2071 ergo
3494 1990 3661 2055 Deus
3707 2011 3749 2055 a

2199 2095 2375 2160 nulla
2401 2095 2621 2159 anima
2650 2099 2851 2177 potest
2875 2095 3350 2177 comprehendi.

2279 2202 2435 2267 Item
2477 2221 2668 2267 omne
2703 2204 2877 2285 quod
2913 2202 3507 2285 comprehenditur,
3536 2210 3632 2270 est
3666 2207 3748 2270 fi-

2198 2310 2408 2373 nitum
2436 2309 2992 2393 comprehendenti
3024 2330 3041 2373 :
3077 2328 3236 2392 ergo
3261 2311 3434 2393 quod
3456 2329 3746 2395 compre-

2198 2417 2501 2482 henditur
2522 2437 2563 2482 a
2590 2418 2797 2495 finito,
2828 2422 2924 2482 est
2954 2418 3014 2480 ei
3044 2418 3336 2496 finitum3
3371 2423 3433 2483 et
3460 2418 3625 2481 nihil
3651 2422 3750 2482 est

2199 2525 2457 2588 finitum
2484 2525 2666 2589 finito
2690 2574 2707 2602 ,
2738 2525 2856 2588 nisi
2887 2525 3060 2607 quod
3088 2529 3185 2589 est
3203 2526 3465 2589 finitum
3494 2527 3748 2608 simpli-

2200 2632 2351 2695 citer
2378 2655 2393 2695 :
2425 2633 2533 2695 sed
2565 2631 2730 2696 Deus
2751 2636 2845 2696 oet
2871 2632 3161 2697 infinitus
3181 2631 3586 2715 simpliciter3
3608 2634 3747 2696 ani·

2201 2761 2309 2808 ma
2332 2741 2584 2819 Christi,
2617 2761 2766 2806 cum
2794 2743 2874 2806 sit
2892 2745 3206 2820 creatura,
3235 2747 3330 2806 est
3346 2742 3528 2805 finita
3549 2762 3567 2805 :
3587 2761 3747 2822 ergo

2199 2868 2328 2914 non
2392 2853 2597 2931 potest
2654 2848 3194 2930 comprehendere
3245 2849 3746 2913 immensitatem

2202 2957 2387 3022 Verbi
2417 2958 2537 3021 sibi
2566 2958 2753 3021 uniti.

2280 3064 2462 3143 Item,
2482 3066 2653 3147 quod
2678 3063 3160 3147 comprehendit
3183 3062 3481 3140 alterum,
3498 3069 3592 3128 est
3614 3083 3749 3129 ma-

2191 3176 2305 3253 ,ius
2354 3173 2464 3237 illo
2491 3222 2507 3248 ‚
2557 3172 2659 3237 vel
2703 3172 2929 3236 saltem
2978 3172 3036 3235 ei
3082 3175 3418 3253 sequatur,
3455 3172 3750 3255 alioquin

2199 3280 2414 3361 ipsum
2461 3279 2753 3343 claudere
2799 3279 2966 3342 intra
3015 3297 3083 3341 se
3135 3296 3267 3341 non
3320 3283 3528 3360 posset
3578 3305 3593 3344 :
3639 3281 3752 3344 sed

2201 3387 2589 3470 impossibile
2616 3391 2711 3450 est
2736 3389 3092 3450 creaturam
3121 3404 3240 3449 nec
3268 3404 3381 3468 per
3412 3387 3747 3467 unionem,

2199 3514 2318 3559 nec
2338 3513 2451 3577 per
2470 3494 2668 3559 alium
2686 3494 2951 3559 modum
2969 3492 3216 3576 aequari
3240 3492 3517 3557 Creatori
3538 3516 3556 3571 ;
3583 3512 3750 3576 ergo

2200 3603 2588 3685 impossibile
2632 3609 2727 3667 est
2771 3603 2944 3686 quod
2972 3603 3466 3686 comprehendat
3493 3601 3752 3667 Creato-

2201 3728 2338 3774 rem
2372 3732 2388 3773 :
2419 3728 2577 3792 ergo
2603 3711 2820 3774 anima
2862 3711 3088 3775 Christi
3127 3710 3411 3775 Verbum
3447 3707 3566 3772 sibi
3592 3708 3747 3772 uni-

2199 3821 2342 3881 tum
2369 3835 2502 3880 non
2532 3818 3031 3900 comprehendit.
3071 3817 3185 3880 His
3212 3816 3450 3880 eisdem
3482 3815 3752 3879 rationi-

2202 3928 2322 3992 bus
2349 3929 2595 3993 ostendi
2611 3933 2813 4006 potest
2839 3929 3013 4011 quod
3039 3928 3216 3992 nulla
3246 3928 3483 3991 anima.

2283 4036 2463 4116 Item,
2488 4035 2770 4101 Verbum
2819 4038 3174 4102 increatum
3225 4037 3314 4100 sic
3364 4041 3457 4101 est
3482 4037 3750 4101 unitum

2202 4144 2435 4207 animae
2464 4143 2716 4220 Christi,
2745 4144 2915 4227 quod
2948 4147 3158 4226 posset
3193 4143 3365 4207 uniri
3394 4144 3573 4209 alteri
3607 4166 3622 4207 :
3657 4144 3750 4209 sic

2203 4252 2443 4316 habitat
2488 4252 2558 4315 in
2597 4253 2757 4334 ipsa,
2801 4253 2975 4333 quod
3000 4252 3070 4315 in
3122 4251 3340 4315 multis
3366 4251 3506 4315 aliis
3537 4269 3554 4314 ε
3589 4269 3750 4333 ergo

2203 4361 2294 4423 sic
2323 4366 2417 4423 est
2457 4361 2527 4422 in
2570 4360 2786 4423 anima
2836 4360 2958 4422 sibi
2986 4359 3187 4436 unita,
3218 4359 3390 4440 quod
3417 4359 3608 4423 etiam
3656 4363 3753 4423 est

2205 4471 2408 4544 extra,
2439 4485 2589 4529 cum
2622 4466 2704 4529 sit
2728 4466 2971 4549 ubique
2998 4487 3013 4529 ε
3045 4484 3203 4547 ergo
3230 4484 3479 4547 semper
3503 4466 3753 4529 excedit

2204 4575 2408 4656 ipsam
2442 4573 2727 4637 animam
2756 4578 3187 4655 assumptam:
3230 4591 3390 4653 ergo
3414 4573 3469 4635 si
3495 4576 3751 4636 tantum

2206 4682 2309 4745 vel
2339 4682 2482 4764 plus
2503 4684 2599 4744 est
2624 4685 2827 4759 extra,
2857 4697 3055 4762 quam
3076 4680 3267 4758 intra,
3297 4677 3552 4743 videtur
3576 4679 3750 4761 quod

2206 4789 2423 4853 anima
2474 4788 2699 4853 Christi
2729 4805 2862 4851 non
2891 4786 3175 4851 includat
3217 4787 3453 4869 ipsum,
3511 4803 3584 4849 ac
3636 4804 3755 4868 per

2206 4897 2328 4960 hoc
2347 4914 2477 4959 non
2503 4894 3022 4977 comprehendat.

2288 5004 2470 5082 Item,
2505 5005 2559 5067 si
2581 5004 2799 5068 anima
2829 5002 3059 5066 Christi
3108 4988 3315 5084 posset
3342 4999 3620 5065 Verbum
3652 5000 3757 5062 in-
3880 5000 3891 5017 ⁸

2205 5114 2491 5178 creatum
2536 5109 3090 5194 comprehendere,
3121 5111 3333 5190 posset
3386 5126 3502 5191 per
3527 5126 3755 5174 conse-

2206 5207 2411 5303 quens
2429 5217 2670 5301 aliquid
2690 5220 2901 5299 maJus
2919 5217 3225 5298 cogitare;
3246 5217 3421 5279 omni
3442 5219 3528 5295 (a)
3552 5218 3751 5294 enim,

2209 5329 2395 5407 quus
2420 5328 2727 5391 terminos
2758 5324 3227 5406 cognoscimuS,
3258 5342 3600 5405 possumus
3648 5324 3751 5388 in-

2273 5454 2338 5515 (α)
2371 5451 2491 5502 Coet.
2515 5451 2637 5503 edit.
2667 5451 2914 5503 omnium.
