4185 6288
715 581 941 631 omnes
966 564 1280 649 explicite.
1310 563 1488 631 Unde
1514 568 1936 635 concedendae
1975 574 2130 635 sunt
2157 587 2267 636 ra-

715 671 947 749 tiones,
975 690 1124 756 quae
1150 678 1303 739 sunt
1326 674 1408 740 ad
1435 679 1679 759 partem
1706 677 1916 743 istam.

799 786 859 846 1.
895 781 994 847 Ad
1019 781 1177 847 illud
1208 800 1362 848 vero
1395 786 1567 867 quod
1604 786 1816 869 primo
1856 785 2155 869 objicitur
2197 785 2267 850 in

716 890 1131 969 contrarium,
1151 889 1321 973 quod
1335 910 1531 974 super
1546 893 1787 977 lapides
1803 894 2068 959 debebat
2076 892 2267 956 scribi

717 999 823 1063 lex
848 997 1083 1079 lucide,
1114 1000 1457 1065 dicendum
1485 1003 1655 1085 quod
1693 1003 1851 1067 illud
1885 1002 2265 1067 mandatum

716 1121 849 1170 non
874 1111 1009 1170 erat
1038 1104 1258 1171 datum
1284 1107 1481 1189 laida,
1516 1109 1785 1189 sediliis,
1816 1111 1930 1194 qui
1955 1110 2269 1176 debebant

716 1231 827 1277 eos
852 1212 1065 1293 legem
1092 1211 1338 1280 docere.
1371 1214 1548 1281 Unde
1588 1235 1670 1281 ex
1715 1217 1838 1281 hoc
1884 1235 2016 1282 non
2059 1221 2268 1300 potest

717 1320 1033 1398 concludi,
1063 1319 1237 1402 quod
1263 1321 1581 1405 simplices
1624 1326 1965 1389 teneantur
2011 1323 2268 1390 credere

716 1444 941 1492 omnes
966 1427 1263 1492 articulos
1285 1429 1432 1493 fidei
1453 1430 1615 1509 ,sed
1639 1432 1816 1514 quod
1842 1432 1932 1496 illi
1954 1482 1973 1513 ‚
2005 1433 2121 1515 qui
2147 1433 2267 1497 ha-

716 1533 871 1598 bent
922 1552 1147 1599 curam
1187 1535 1554 1601 animarum
1598 1539 1920 1621 ipsorum,
1964 1543 2268 1604 tenentur

717 1642 992 1721 credere,
1017 1647 1082 1707 et
1099 1643 1259 1708 scire
1285 1645 1500 1725 fldem,
1530 1651 1593 1710 et
1619 1646 1822 1731 ipsam
1859 1647 2268 1713 manifestare

716 1749 928 1815 lucide
954 1755 1019 1816 et
1044 1757 1282 1833 aperte.

795 1863 857 1922 2.
889 1857 987 1924 Ad
1017 1859 1176 1924 illud
1202 1878 1356 1924 vero
1375 1859 1547 1943 quod
1569 1859 1888 1944 objicitur,
1920 1861 2090 1943 quod
2118 1879 2267 1926 sex·

716 1966 919 2030 tarius
945 1966 1097 2031 fidei
1124 1967 1412 2032 consistit
1440 1967 1507 2031 in
1529 1967 1719 2051 plena
1745 1967 2138 2032 confessione
2167 1968 2267 2050 ip-

716 2074 872 2152 sius,
900 2074 1242 2139 dicendum
1266 2074 1437 2158 quod
1455 2075 1773 2140 sextarius
1795 2074 1900 2139 ille
1919 2122 1939 2152 ,
1990 2075 2103 2156 qui
2130 2074 2264 2156 sig-

715 2191 828 2250 nat
850 2187 1304 2252 confessionem
1334 2187 1520 2266 fidei,
1554 2187 1807 2271 impleri
1842 2186 2032 2251 habet
2059 2186 2267 2270 pleni-

716 2293 939 2359 tudine
986 2294 1382 2360 sufficientiae
1409 2343 1427 2373 ,
1473 2299 1536 2359 et
1586 2293 1979 2377 plenitudine
2034 2295 2260 2378 copiae.

658 2429 673 2443 ·
715 2400 898 2466 Tunc
959 2402 1262 2484 impletur
1336 2402 1729 2485 plenitudine
1809 2401 2214 2466 sufficientiae
2240 2449 2262 2481 ,

716 2508 974 2591 quando
989 2509 1136 2592 quis
1161 2527 1384 2575 omnes
1408 2510 1711 2574 articulos
1733 2508 1952 2588 credit,
1978 2509 2067 2572 ita
2090 2508 2265 2592 quod

714 2615 971 2682 nullum
997 2616 1289 2681 discredit
1318 2638 1332 2680 ε
1368 2616 1615 2699 aliquos
1642 2620 1857 2681 tamen
1898 2614 2098 2680 credit
2142 2614 2264 2679 im-

715 2723 946 2806 plicite,
976 2728 1040 2788 et
1066 2724 1316 2808 aliquos
1340 2724 1634 2807 explicite
1654 2772 1673 2801 ,
1707 2723 1798 2788 ita
1821 2721 1993 2805 quod
2024 2722 2096 2785 in
2123 2739 2268 2786 cre-

717 2832 981 2898 dulitate
1003 2851 1152 2910 sua,
1174 2833 1309 2898 sive
1337 2833 1405 2897 in
1432 2833 1566 2897 istis
1588 2880 1605 2909 ,
1635 2849 1797 2915 quos
1824 2831 2023 2895 credit
2061 2829 2271 2913 impli-

716 2938 861 3018 cite,
890 2940 1027 3004 sive
1065 2940 1135 3004 in
1161 2939 1293 3020 his,
1321 2959 1483 3023 quos
1511 2940 1711 3004 credit
1733 2938 2030 3022 explicite
2055 2986 2073 3016 ,
2105 2935 2270 3001 nihil

715 3045 911 3123 addit,
945 3065 1062 3112 nec
1090 3047 1326 3112 minuit
1356 3046 1434 3111 de
1475 3046 1576 3110 his
1598 3095 1615 3126 ,
1644 3062 1791 3128 quae
1819 3045 2018 3110 credit
2052 3050 2270 3109 sancta

718 3153 1017 3234 Ecclesia,
1047 3160 1110 3219 et
1146 3154 1301 3219 'dicit
1328 3158 1544 3217 sancta
1570 3153 1900 3236 Scriptura
1937 3174 1952 3216 ε
2001 3157 2063 3217 et
2092 3135 2271 3215 hunc

715 3261 1065 3326 sextarium
1140 3262 1232 3325 sic
1305 3261 1646 3344 impletum
1729 3260 1964 3325 debent
2043 3276 2270 3324 omnes

717 3367 967 3433 offerre.
1005 3368 1186 3435 Tunc
1233 3373 1450 3433 autem
1508 3371 1603 3431 est
1637 3366 1969 3450 plenitudo
2024 3366 2225 3448 oopiae
2250 3413 2267 3443 ‚

716 3476 977 3560 quando
1006 3475 1153 3559 quis
1185 3474 1474 3539 distinete
1511 3479 1575 3538 et
1611 3474 1907 3558 explicite
1952 3474 2172 3554 novit,
2209 3477 2272 3537 et

717 3585 915 3649 credit
952 3602 1029 3648 ea
1063 3601 1211 3668 quae
1250 3586 1536 3666 spectant
1561 3581 1642 3646 ad
1671 3582 1971 3647 articulos
1996 3582 2178 3661 fidei,
2207 3586 2273 3645 et

717 3710 793 3758 ea
814 3709 961 3775 quae
987 3692 1066 3756 ad
1091 3692 1262 3775 ipsos
1288 3693 1813 3772 consequuntur:
1840 3694 1905 3753 et
1927 3689 2068 3754 haec
2099 3706 2273 3752 men·

716 3820 870 3866 sura
895 3819 1023 3865 non
1052 3804 1146 3865 est
1173 3800 1465 3865 omnium
1484 3847 1501 3876 ,
1531 3799 1643 3864 sed
1675 3799 1885 3880 magis
1911 3798 2264 3881 capacium.

798 3913 836 3972 3
873 3912 936 3971 et
972 3913 1032 3972 4.
1080 3907 1177 3972 Ad
1223 3906 1384 3972 illud
1424 3907 1600 3989 quod
1640 3905 1944 3988 objicitur
1994 3906 2181 3969 tertio
2208 3909 2272 3969 et

718 4019 983 4100 quart0,
1010 4015 1183 4098 quod
1223 4015 1388 4078 sicut
1429 4031 1497 4076 se
1538 4014 1729 4078 habet
1765 4012 2125 4078 obedientia
2163 4032 2266 4078 re-

718 4127 935 4208 spectu
962 4127 1454 4207 praeceptorum,
1476 4127 1539 4187 et
1567 4122 1841 4186 charitas
1865 4126 2154 4205 respectu
2180 4121 2274 4186 di-

716 4232 1129 4314 ligendorum
1148 4278 1165 4308 ,
1213 4230 1303 4294 sic
1336 4234 1399 4294 et
1420 4228 1577 4293 fides
1604 4232 1895 4312 respectu
1923 4229 2271 4294 credendo-

717 4361 894 4421 rum,
922 4342 1291 4426 responderi
1319 4344 1524 4425 potest
1549 4340 1905 4424 dupliciter.
1935 4339 2152 4405 Primo
2174 4341 2271 4406 di·

719 4450 998 4516 cendum
1026 4449 1197 4534 quod
1226 4467 1354 4513 non
1386 4452 1479 4512 est
1506 4448 1737 4526 simile,
1770 4447 1923 4529 quia
1944 4464 2094 4510 cum
2115 4447 2271 4511 fides

720 4559 1023 4625 consistat
1074 4558 1145 4622 in
1182 4556 1580 4639 cognitione,
1628 4559 1693 4619 et
1743 4553 2024 4637 cognitio
2068 4558 2273 4637 potest

722 4667 885 4731 scire
929 4664 1175 4748 aliquid
1214 4664 1282 4728 in
1322 4662 1708 4739 universali,
1746 4661 1836 4725 ita
1860 4665 2077 4724 tamen
2100 4661 2273 4744 quod

721 4790 855 4840 nou
903 4773 1058 4837 sciat
1102 4773 1172 4836 in
1214 4770 1625 4855 particulari,
1673 4772 1737 4834 et
1790 4769 1881 4833 ita
1933 4769 2096 4832 scire
2141 4786 2273 4833 uno

722 4882 935 4963 mod0,
962 4884 1027 4945 et
1048 4879 1347 4963 ignorare
1374 4878 1499 4942 alio
1528 4877 1754 4957 modo,
1785 4880 1988 4960 potest
2030 4880 2094 4941 et
2134 4876 2274 4959 ipsa

723 4984 880 5048 fides
904 4982 1145 5065 aliquid
1174 4982 1427 5046 credere
1454 4980 1783 5063 implicite,
1817 4980 2112 5063 quamvis
2138 4998 2271 5044 non

726 5089 939 5155 credat
963 5089 1255 5173 explicite
1283 5111 1299 5153 ε
1327 5104 1461 5153 non
1486 5088 1580 5152 sic
1623 5092 1839 5153 autem
1888 5091 1984 5151 est
2017 5087 2095 5152 de
2129 5089 2274 5153 obe-

723 5200 985 5278 dientia,
1011 5217 1159 5280 quae
1186 5199 1468 5264 consistit
1493 5197 1559 5261 in
1586 5197 2036 5262 mandatorum
2049 5216 2278 5264 execu-

725 5307 899 5373 tione
928 5325 949 5369 ι
976 5322 1109 5370 non
1147 5305 1319 5372 enim
1354 5308 1561 5389 potest
1604 5305 1979 5370 mandatum
2024 5306 2279 5390 impleri

727 5414 797 5480 in
825 5411 1212 5489 universali,
1231 5412 1391 5496 quin
1418 5411 1762 5495 impleatur
1784 5411 1854 5477 in
1879 5413 2270 5496 particulari.

1817 429 2443 502 samartanum
2483 433 2636 504 mn.
2681 436 2791 504 111.

2374 569 2678 638 Similiter
2723 590 2800 640 ea
2842 593 2992 659 quae
3034 578 3308 645 charitas
3350 579 3607 665 diligit,
3650 583 3742 648 ita
3778 592 3921 653 sunt

2377 680 2707 746 manifesta
2721 730 2740 762 ,
2771 684 2942 765 quod
2986 702 3118 749 non
3159 691 3426 768 possunt
3465 688 3689 754 latere.
3730 691 3923 759 Alita-

2375 784 2577 865 potest
2603 783 2797 849 etiam
2812 787 3203 870 responderi,
3230 791 3406 873 quod
3423 792 3712 873 quodam
3738 796 3923 861 modo

2373 889 2457 954 sit
2482 891 2689 957 simile
2717 915 2732 957 z
2763 894 2919 976 quia
2942 894 3295 960 obedientia
3325 915 3459 962 non
3491 902 3751 964 tenetur
3787 919 3919 967 om·

2375 997 2485 1060 nia
2511 1000 2809 1064 mandata
2833 1002 3069 1082 exequi
3110 1002 3179 1065 in
3204 1020 3435 1085 opere,
3466 1004 3595 1067 nisi
3631 1023 3753 1088 pro
3794 1006 3924 1073 loco

2373 1107 2439 1168 et
2463 1107 2777 1188 tempore;
2810 1108 2918 1171 sed
2946 1109 3178 1192 sufficit
3199 1110 3373 1191 quod
3397 1116 3776 1195 promptum
3792 1114 3925 1178 red·

2373 1210 2483 1275 dat
2508 1215 2573 1277 et
2593 1213 3033 1279 voluntarium
3061 1216 3137 1280 ad
3164 1218 3617 1299 exequendum
3669 1221 3886 1285 omnia
3902 1267 3919 1298 ‚

2373 1334 2525 1381 cum
2566 1318 2755 1383 suerit
2789 1319 2966 1384 locus
3022 1326 3085 1385 et
3132 1326 3405 1406 tempus.
3456 1321 3777 1390 Similiter
3815 1344 3926 1391 nec

2373 1424 2648 1489 charitas
2699 1426 3050 1510 specialiter
3092 1428 3304 1511 diligit
3348 1448 3920 1517 unumquemque,

2373 1533 2483 1597 sed
2511 1551 2737 1599 omnes
2761 1536 3187 1601 communiter
3231 1538 3642 1622 amplectitur
3676 1563 3693 1604 :
3745 1542 3923 1608 illum

2373 1645 2591 1706 autem
2643 1642 2999 1726 specialiter
3043 1644 3289 1726 diligit,
3330 1663 3529 1728 quem
3573 1647 3925 1730 specialiter

2374 1749 2721 1830 cognoscit.
2751 1749 2899 1816 ldeo
2927 1768 3009 1815 ex
3036 1751 3160 1816 hoc
3182 1769 3314 1816 non
3341 1756 3551 1836 potest
3586 1755 3881 1821 concludi
3901 1805 3920 1835 ,

2374 1854 2548 1937 quod
2575 1856 2809 1938 aliquis
2833 1876 2948 1941 per
2973 1859 3167 1924 fldem
3193 1862 3486 1925 teneatur
3503 1879 3744 1932 omnes
3770 1863 3926 1928 arti-

2374 1961 2553 2027 culos
2577 1963 2871 2048 explicite
2888 1966 3144 2031 credere
3159 2014 3181 2046 ,
3211 1967 3320 2032 sed
3348 1966 3693 2051 implicite;
3722 1969 3924 2052 expli·

2374 2068 2495 2134 cite
2521 2074 2760 2153 autem,
2790 2091 2942 2138 cum
2969 2091 3036 2138 se
3078 2074 3269 2139 offert
3306 2076 3756 2160 opportunitas
3771 2124 3795 2157 ,
3825 2080 3922 2143 ut·

2374 2178 2544 2259 pote,
2561 2179 2819 2260 quando
2830 2180 3062 2265 aliquis
3077 2181 3389 2247 articulus
3405 2182 3500 2246 illi
3518 2183 3924 2265 praedicatur‚

2374 2287 2439 2346 et
2460 2283 2814 2367 explicatur
2838 2288 2919 2352 ab
2945 2307 3022 2353 eo
3048 2289 3156 2353 cui
3182 2288 3368 2354 debet
3393 2289 3675 2355 credere.

2455 2395 2518 2454 5.
2549 2390 2649 2457 Ad
2672 2392 2830 2457 illud
2857 2396 3027 2478 quod
3055 2397 3421 2479 opponitur,
3455 2396 3629 2480 quod
3665 2416 3800 2462 non
3825 2398 3921 2462 vi·

2373 2502 2548 2564 tatur
2576 2501 2822 2566 malum
2851 2504 2975 2567 nisi
2999 2504 3356 2586 cognitum,
3385 2503 3732 2569 dicendum
3761 2505 3925 2589 quod

2377 2624 2606 2672 verum
2633 2614 2756 2687 est3
2783 2610 2892 2675 sed
2920 2611 3255 2693 cognitum
3279 2615 3486 2694 potest
3512 2629 3655 2676 esse
3684 2612 3924 2695 aliquid

2376 2715 2733 2799 dupliciter,
2753 2719 2854 2783 vel
2878 2719 2949 2782 in
2972 2737 3063 2799 se,
3088 2719 3419 2785 velinalio
3444 2742 3461 2784 :
3488 2724 3554 2784 et
3570 2720 3925 2786 secundum

2376 2823 2553 2890 hunc
2573 2826 2893 2910 duplicem
2922 2827 3189 2892 modum
3217 2832 3422 2910 potest
3450 2827 3688 2911 aliquis
3726 2829 3926 2894 vitare

2377 2934 2645 3014 malum,
2681 2934 2780 3000 vel
2806 2954 2923 3021 per
2948 2937 3239 3001 notitiam
3267 2936 3596 3019 propriam
3615 2984 3634 3016 ,
3664 2936 3771 3001 vel
3819 2955 3929 3020 per

2378 3041 2672 3106 notitiam
2699 3044 2995 3108 alienam.
3027 3042 3137 3108 Ille
3163 3047 3379 3108 autem
3398 3091 3416 3122 ,
3466 3044 3582 3126 qui
3609 3043 3810 3109 hahet
3847 3045 3930 3108 fl-

2378 3149 2526 3217 dem
2554 3150 2926 3234 implicitam
2952 3152 3031 3217 de
3056 3153 3271 3236 aliquo
3293 3152 3565 3217 articulo
3585 3201 3604 3233 ,
3631 3153 3931 3235 quamvis

2379 3275 2659 3323 errorem
2689 3263 2911 3323 contra
2937 3260 3134 3324 istum
3175 3259 3523 3324 articulum
3562 3276 3700 3325 non
3737 3261 3934 3343 possit

2379 3365 2644 3431 omnino
2688 3367 2893 3432 vitare
2936 3384 3051 3449 per
3085 3367 3378 3431 notitiam
3422 3367 3787 3450 propriam,
3819 3386 3933 3451 po-

2381 3478 2500 3540 test
2525 3481 2741 3540 tamen
2767 3476 2971 3543 vitare
3005 3494 3120 3561 per
3146 3476 3442 3541 notitiam
3469 3475 3746 3540 alienam
3780 3498 3797 3541 z
3827 3477 3930 3540 in·

2379 3581 2606 3665 nititur
2632 3582 2805 3647 enim
2832 3583 2957 3662 his,
2979 3584 3093 3667 qui
3116 3584 3384 3648 credunt
3404 3583 3707 3648 articulos
3731 3584 3932 3668 expli·

2380 3689 2520 3755 cite.
2554 3690 2733 3757 Unde
2759 3693 2993 3775 aliquis
3014 3691 3290 3775 simplex
3312 3692 3533 3771 homo,
3552 3692 3660 3758 vel
3690 3692 3926 3770 vetula,

2377 3816 2531 3862 cum
2571 3799 2751 3864 audit
2793 3799 3034 3883 aliquid
3074 3818 3321 3867 novum
3380 3798 3719 3883 praedicari
3739 3845 3760 3877 ,
3801 3816 3929 3864 non

2379 3904 2565 3970 debet
2590 3907 2806 3971 statim
2827 3908 3156 3983 assentire,
3188 3924 3526 3989 quousque
3551 3907 3810 3972 noverit
3848 3905 3926 3969 il-

2376 4015 2488 4079 lud
2524 4014 2975 4081 universaliter
3016 4016 3096 4079 ab
3145 4013 3419 4079 Ecclesia
3476 4014 3701 4078 teneri.
3751 4012 3926 4079 Unde

2379 4128 2611 4209 praeter
2657 4123 3020 4189 remedium
3071 4123 3311 4188 divinae
3369 4121 3809 4205 inspirationis
3866 4126 3925 4185 et

2377 4231 2702 4312 orationis,
2728 4231 2810 4295 ad
2845 4230 3018 4312 quod
3047 4248 3302 4313 semper
3321 4228 3785 4294 recurrendum
3808 4234 3924 4306 αἱ,

2378 4339 2619 4404 habent
2642 4337 3325 4422 simplicoeremedium
3335 4338 3644 4403 humanae
3661 4338 3926 4402 instruo-

2379 4446 2590 4526 tionis,
2621 4446 2700 4511 ad
2729 4446 2896 4529 quod
2927 4449 3193 4529 possunt
3227 4444 3578 4527 confugere
3598 4493 3617 4524 ,
3649 4450 3723 4510 ut
3748 4462 3923 4509 erro-

2380 4572 2481 4619 res
2508 4555 2761 4620 valeant
2785 4554 3121 4618 declinare.
3144 4552 3409 4636 Semper
3433 4552 3612 4617 enim
3637 4552 3807 4617 Deus
3822 4552 3929 4617 hs-

2379 4662 2542 4741 buit,
2572 4666 2636 4727 et
2680 4663 2942 4728 habebit
2978 4662 3223 4746 aliquos
3255 4664 3467 4745 justos
3509 4666 3577 4727 et
3615 4662 3923 4739 ramosos,

2380 4770 2494 4853 qui
2538 4770 2872 4837 veritatem
2914 4771 3062 4835 fidei
3109 4788 3240 4834 non
3293 4768 3502 4835 solum
3547 4769 3619 4833 in
3658 4787 3727 4833 se
3754 4818 3775 4848 ,
3821 4767 3930 4832 sed

2381 4878 2573 4944 etiam
2597 4878 2665 4942 in
2690 4878 3080 4962 simplicibus
3104 4881 3575 4957 oonservarent,
3594 4876 3756 4942 dum
3783 4875 3930 4940 sim-

2384 4985 2576 5070 plices
2601 4986 2964 5049 innituntur
2989 4986 3101 5066 eis,
3133 4988 3196 5048 et
3222 4984 3509 5075 credunt.

2464 5097 2526 5156 6.
2559 5091 2658 5157 Ad
2677 5091 2835 5157 illud
2862 5092 3032 5175 quod
3058 5090 3404 5174 opponitur
3449 5090 3714 5170 ultimo,
3762 5087 3931 5173 quod

2385 5216 2610 5265 omnes
2650 5198 2901 5264 articuli
2939 5197 3181 5262 habent
3216 5215 3285 5261 se
3328 5197 3667 5280 aequaliter
3708 5198 3793 5262 ad
3833 5213 3932 5260 as-

2386 5323 2647 5371 sensum
2669 5308 2734 5371 et
2762 5304 3087 5384 auditum,
3120 5304 3460 5369 dicendum
3485 5305 3666 5387 quod
3690 5304 3810 5371 etsi
3833 5305 3929 5369 in·

2387 5414 2756 5483 differenter
2778 5411 3931 5481 sehabentomnesarticuliadfidn
