4185 6288
693 418 811 478 344
1540 468 1549 477 ‚
1811 394 2441 463 SENTENTIARUM
2479 392 2631 461 Lm.
2674 391 2782 456 m.

690 547 901 631 passio
952 542 1335 628 perturbans
1364 556 1382 601 ε
1414 541 1480 602 et
1511 536 1638 600 hoc
1670 531 1860 596 modo
1894 529 2242 614 procedunt
2350 531 2491 595 ideo
2518 546 2650 593 non
2688 528 2780 590 sic
2802 525 3263 609 oppositionem
3306 521 3499 588 habet
3537 539 3684 586 cum
3719 539 3923 586 man-

690 656 921 738 primae
940 651 1088 716 duae
1134 647 1413 711 rationes
1438 642 1520 706 ad
1566 636 1912 704 secundam
1939 641 2186 720 partem
2217 658 2234 704 t
2352 637 2714 703 suetudine.
2762 634 2842 699 Et
2892 638 3152 717 propter
3198 632 3323 696 hoc
3378 648 3511 694 non
3563 629 3873 713 sequitur
3897 679 3920 712 ,

691 767 755 828 et
808 761 1140 845 propterea
1194 752 1551 818 secundum
1591 748 1767 812 illam
1796 745 1972 826 viam
2008 764 2240 811 verum
2354 745 2526 829 quod
2574 744 2629 807 si
2657 742 2776 807 fuit
2822 741 3118 825 perfectae
3166 737 3693 816 mansuetudiniS,
3727 739 3919 821 quod
3947 788 3954 794 ,

695 866 1105 943 concludunt,
1130 865 1193 927 et
1219 859 1477 925 concedi
1508 860 1795 940 possunt.
2356 856 2611 937 propter
2629 851 2753 915 hoc
2774 867 2906 913 non
2932 848 3230 913 habuerit
3252 846 3650 913 affectionem
3675 847 3833 912 irae.

775 979 833 1038 3.
869 974 965 1038 Ad
996 971 1151 1036 illud
1205 986 1362 1034 vero
1402 964 1573 1048 quod
1614 962 1945 1044 objicitur,
1976 961 2147 1045 quod
2176 962 2245 1025 in
2435 965 2496 1024 4.
2528 958 2626 1022 Ad
2658 957 2813 1021 illud
2857 956 3026 1039 quod
3052 955 3349 1038 objicitur
3378 953 3548 1036 quod
3571 953 3668 1016 ira
3698 957 3806 1017 est
3835 972 3924 1018 ex

695 1082 941 1147 Christo
956 1079 1133 1143 nulla
1161 1076 1279 1141 fuit
1305 1071 1624 1156 superbia,
1643 1086 1800 1150 ergo
1823 1068 2001 1132 nulla
2027 1067 2246 1132 debuit
2356 1067 2724 1132 accensione
2768 1064 3104 1158 sanguinis
3158 1063 3322 1126 circa
3374 1078 3507 1140 cor,
3563 1061 3926 1125 dicendum

695 1208 829 1254 esse
857 1189 974 1267 ira,
1006 1185 1163 1269 quia
1192 1184 1313 1248 fuit
1331 1181 1644 1265 perfectus
1664 1178 1734 1241 in
1755 1176 2245 1241 mansuetudine
2358 1175 2529 1259 quod
2556 1191 2789 1238 verum
2816 1177 2910 1235 est
2939 1171 3007 1234 in
3032 1168 3237 1247 nobis,
3262 1170 3330 1233 in
3353 1168 3587 1251 quibus
3614 1185 3771 1232 caro
3805 1186 3922 1233 re-

698 1296 861 1359 sicut
885 1294 958 1357 in
985 1290 1377 1365 humilitate;
1411 1285 1755 1351 dicendum
1786 1282 1957 1366 quod
1999 1300 2131 1346 non
2152 1286 2248 1347 est
2360 1284 2609 1366 pugnat
2635 1280 2909 1362 spiritui,
2964 1282 3027 1343 et
3052 1278 3428 1355 sensualitas
3473 1276 3751 1355 rationi3
3807 1275 3928 1358 qui

700 1399 928 1478 simile,
945 1400 1098 1483 quia
1114 1396 1414 1479 superbia
1428 1393 1719 1458 nominat
1733 1391 1963 1455 directe
1985 1390 2242 1469 vitium,
2361 1410 2502 1456 non.
2516 1394 2768 1455 tantum
2793 1388 3107 1452 habemus
3128 1384 3597 1469 corruptionem
3633 1383 3923 1465 poenali-

699 1512 763 1574 et
787 1507 929 1571 ideo
957 1522 1207 1588 semper
1252 1501 1617 1586 oppositum
1644 1498 1837 1562 habet
1862 1516 2012 1561 cum
2038 1497 2248 1561 humi·
2361 1499 2527 1577 tatis,
2561 1499 2693 1561 imo
2749 1495 2940 1560 etiam
2980 1491 3300 1558 foeditatis.
3343 1489 3476 1554 Hoc
3512 1492 3737 1555 autem
3786 1508 3924 1554 non

699 1615 897 1693 litate,
929 1615 994 1676 et
1018 1614 1351 1693 propterea
1376 1624 1508 1670 non
1534 1609 1738 1688 potest
1763 1608 1929 1669 stare
1943 1622 2097 1669 cum
2110 1623 2248 1688 per·
2359 1608 2607 1690 oportet
2632 1621 2769 1668 esse
2794 1602 2863 1665 in
2890 1600 3162 1665 Christo.
3213 1596 3280 1663 Si
3322 1599 3466 1680 quis
3493 1601 3713 1661 tamen
3740 1596 3921 1661 dice-

703 1723 865 1785 i'ecta
893 1718 1290 1796 humilitate3
1324 1717 1430 1781 ira
1456 1718 1672 1778 autem
1691 1730 1822 1775 non
1847 1728 2100 1795 semper
2125 1730 2251 1777 no-
2357 1718 2456 1779 ret
2480 1713 2550 1776 in
2578 1711 2824 1775 Christo
2855 1708 3050 1773 fuisse
3068 1705 3505 1771 accensionem
3541 1703 3918 1785 sanguinis,

708 1828 908 1892 minat
931 1825 1184 1902 vitium,
1215 1824 1347 1888 imo
1366 1820 1558 1886 etiam
1585 1818 1871 1884 nominat
1894 1819 2198 1883 virtutem
2232 1843 2247 1885 ι
2360 1820 2467 1885 sed
2489 1818 2836 1896 moderate,
2856 1833 2988 1879 non
3002 1813 3405 1880 videturesse
3424 1810 3920 1882 inconveniens.

1785 2070 2524 2168 DISTINCTIO
2624 2070 2858 2164 XVI

714 2334 1003 2390 QUOMODO
1044 2330 1226 2381 vml
1282 2332 1394 2378 SEU
1437 2330 1679 2377 CHRISTI
1725 2327 2092 2376 mmmmm)
2141 2327 2486 2375 ORDINATUR
2531 2329 2616 2378 An
2663 2329 2943 2378 NOSTRAM
2990 2331 3455 2379 REDEMPTIONRM
3494 2332 3793 2388 QUANTUM
3844 2334 3924 2379 AD

1785 2445 2123 2493 PASSIONEM
2153 2446 2412 2493 nomms
2449 2447 2511 2492 m
2550 2447 2850 2495 SPECIALI.

532 2667 656 2724 pm.
807 2623 1285 2694 Verumtamen
1312 2622 1524 2711 magis
1549 2628 1820 2692 movent
1842 2643 1916 2691 ac
1942 2619 2380 2690 difficiliorem
2409 2620 2699 2691 afferunt
2725 2622 3155 2714 quaestionem
3183 2622 3386 2692 verba
3410 2621 3653 2693 Hilarii
3672 2623 3924 2715 quibus

513 2728 676 2773 ‘'ww’'
723 2741 979 2810 videtur
1008 2739 1261 2808 tradere
1289 2738 1459 2807 ictus
1485 2746 1551 2807 et
1577 2738 1858 2808 vulnera
1872 2737 2258 2829 hujusmodi
2305 2737 2492 2806 sicin
2538 2738 2875 2809 Christum
2915 2739 3243 2825 incidisse,
3291 2748 3367 2808 ut
3393 2738 3712 2831 passionis
3737 2738 3923 2807 dolo-

506 2792 664 2834 tionem

526 2866 641 2895 ⁶¹“³⁸
723 2881 859 2926 rem
888 2878 1024 2925 non
1052 2856 1445 2942 incuterent,
1479 2853 1648 2923 sicut
1674 2853 1879 2923 telum
1909 2861 2190 2922 tractum
2215 2875 2331 2946 per
2357 2877 2626 2946 aquam,
2657 2855 2762 2924 vel
2788 2856 3012 2945 ignem
3029 2855 3136 2924 vel
3165 2878 3341 2941 aera,
3368 2877 3446 2923 ea
3471 2855 3647 2943 facit,
3682 2876 3833 2948 quae
3859 2865 3924 2922 et

506 2916 665 2973 passio-

485 2991 584 3049 πω,
604 2977 677 3050 ⁶9·
721 2996 872 3042 cum
913 2971 1198 3039 trahitur
1240 2993 1357 3062 per
1400 2992 1673 3062 corpora
1717 2968 2029 3056 animata,
2067 2969 2228 3062 quia
2271 2970 2557 3062 perforat
2602 2978 2667 3038 et
2711 2971 3135 3063 compungit3
3195 2995 3328 3041 non
3375 2982 3587 3041 tamen
3624 2971 3922 3040 dolorem

503 3040 676 3083 nnnnnnn

482 3102 650 3148 Christo
679 3132 692 3155 ι
722 3087 986 3178 ingerit,
1021 3087 1181 3179 quia
1207 3109 1342 3156 non
1373 3094 1529 3157 sunt
1556 3086 1690 3155 illae
1719 3108 1822 3156 res
1851 3086 2097 3155 doloris
2139 3108 2425 3178 capaces.
2475 3086 2572 3156 Ita
2615 3098 2679 3157 et
2722 3110 2958 3181 corpus
2987 3088 3252 3175 Christi,
3285 3088 3424 3158 siue
3453 3111 3645 3157 sensu
3678 3108 3917 3180 poenae,

508 3179 603 3221 qun
623 3177 675 3206 ex

516 3226 662 3300 vqs-big
723 3207 860 3276 vim
871 3227 1083 3297 poenae
1108 3204 1430 3296 excepisse
1458 3203 1638 3291 dicit,
1670 3203 1829 3295 quia
1847 3203 2015 3272 sicut
2040 3226 2279 3295 corpus
2305 3212 2607 3273 nostrum
2636 3206 3001 3294 nonuhabet
3029 3206 3226 3275 talem
3247 3213 3579 3291 naturam,
3612 3213 3688 3274 ut
3703 3206 3923 3275 valeat

481 3290 702 3395 hffssleirgr-
728 3322 974 3391 calcare
1001 3320 1233 3407 undas,
1275 3321 1367 3388 ita
1400 3342 1636 3412 corpus
1679 3319 1918 3388 Christi
1971 3318 2128 3387 dicit
2170 3341 2305 3388 non
2348 3319 2653 3390 habuisse
2699 3330 3004 3392 naturam
3049 3324 3255 3392 nostri
3298 3322 3567 3408 doloris,
3599 3324 3762 3414 quia
3787 3343 3918 3390 non

484 3421 700 3521 2221}ssss
729 3439 961 3508 habuit
992 3446 1299 3506 naturam
1327 3438 1411 3506 ad
1438 3435 1822 3505 dolendum.
1856 3435 1974 3504 Ait
2009 3436 2187 3504 enim
2212 3435 2303 3504 sic
2330 3435 2402 3503 in
2431 3437 2682 3506 decimo
2710 3437 2881 3507 libro
2910 3437 2990 3508 de
3024 3442 3076 3507 Τ
3068 3439 3376 3507 rinitate¹
3405 3464 3426 3504 .·
3459 3463 3497 3505 c<
3523 3438 3918 3528 Unigenitus

482 3540 704 3657 Ὑξξζξρξζ·
729 3556 905 3625 Deus
930 3553 1267 3623 hominem
1296 3556 1531 3622 verum
1558 3552 1923 3621 secundum
1947 3551 2449 3621 similitudinem
2487 3554 2695 3622 nostri
2724 3553 3038 3641 hominiS,
3085 3577 3221 3623 non
3259 3554 3569 3623 deficiens
3594 3578 3634 3623 a
3661 3580 3730 3625 se
3757 3556 3913 3639 Deo,

485 3662 703 3782 2¹:52⁰?ssss
733 3672 1108 3763 assumpsit.
1166 3672 1244 3739 In
1300 3694 1434 3762 quo
1488 3670 1793 3762 quamvis
1849 3678 1966 3738 aut
2014 3670 2184 3737 ictus
2237 3669 2585 3756 incideret,
2638 3679 2756 3738 aut
2807 3671 3055 3740 vulnus
3097 3670 3543 3757 descenderet,
3600 3679 3721 3740 aut
3764 3669 3917 3739 nodi

489 3787 705 3905 {imis
734 3795 1223 3874 concurrerent,
1273 3795 1389 3856 aut
1429 3786 1767 3879 suspensio
1813 3786 2122 3875 elevaret,
2170 3786 2481 3855 afferrent
2531 3786 2798 3879 quidem
2840 3787 2981 3856 haec
3022 3789 3343 3880 impetum
3389 3790 3733 3882 passionis,
3786 3809 3914 3855 non

488 3913 708 4018 ffgtffiffi
735 3915 955 3975 tamen
1006 3904 1323 3998 passionis
1377 3903 1671 3973 dolorem
1727 3902 2101 3971 inferrent:
2156 3908 2230 3970 ut
2268 3902 2475 3971 telum
2522 3903 2789 3994 aliquod
2831 3927 3071 3996 aquam
3117 3906 3479 3997 perforans,
3536 3905 3642 3974 vel
3697 3906 3913 3994 ignem

529 4037 673 4084 minis.
733 4043 1203 4113 compungenS,
1245 4020 1353 4089 vel
1389 4042 1541 4089 aera
1584 4020 1967 4108 vulneranS,
2013 4040 2241 4088 omnes
2284 4019 2554 4111 quidem
2596 4017 2714 4087 has
2751 4021 3079 4111 passiones
3123 4029 3375 4091 naturae
3394 4044 3528 4092 suae
3557 4022 3782 4106 infert,
3822 4019 3912 4085 uti

735 4138 1041 4230 perforet,
1086 4144 1163 4207 ut
1187 4141 1610 4228 compungat,
1659 4143 1735 4203 ut
1786 4134 2129 4223 vulneret3
2175 4134 2287 4204 sed
2339 4143 2646 4204 naturam
2702 4159 2893 4204 suam
2947 4136 3018 4205 in
3070 4136 3192 4205 hac
3248 4138 3544 4228 passione
3573 4138 3759 4207 illata
3783 4155 3909 4203 non

734 4253 995 4342 retinet,
1025 4254 1189 4323 dum
1214 4254 1286 4321 in
1313 4260 1551 4322 natura
1577 4274 1712 4320 non
1741 4259 1837 4320 est
1872 4251 1980 4319 vel
2017 4274 2261 4343 aquam
2298 4252 2525 4337 forari,
2570 4252 2677 4321 vel
2717 4253 2927 4344 pungi
2964 4254 3211 4343 ignem,
3244 4254 3350 4323 vel
3376 4277 3528 4323 aera
3552 4248 3904 4333 vulnerari,

734 4371 1041 4465 quamvis
1067 4378 1307 4439 natura
1325 4369 1440 4438 teli
1467 4369 1577 4455 sit,
1607 4375 1671 4437 et
1697 4367 2084 4454 vulnerarej,
2122 4376 2188 4436 et
2212 4392 2677 4461 compungere,
2703 4378 2766 4438 et
2792 4370 3026 4438 forare.
3062 4370 3302 4440 Passus
3327 4371 3596 4463 quidem
3622 4369 3909 4441 Christus

736 4496 833 4558 est
857 4489 1018 4557 dum
1046 4486 1346 4574 caeditur,
1373 4485 1538 4554 dum
1566 4483 1991 4576 suspenditur
2016 4484 2178 4553 dum
2209 4485 2524 4575 moritur,
2567 4487 2779 4557 sedin
2807 4510 3042 4579 corpus
3074 4488 3335 4557 irruens
3361 4489 3597 4581 passio,
3639 4508 3758 4555 nec
3782 4505 3907 4553 non

734 4605 864 4674 fuit
906 4604 1144 4697 passio,
1188 4625 1323 4672 non
1367 4609 1588 4671 tamen
1629 4609 1937 4670 naturam
1976 4602 2296 4694 passionis
2345 4604 2664 4691 exercuit,
2718 4605 2880 4674 dum
2925 4614 2989 4674 et
3028 4605 3274 4696 poenali
3318 4605 3682 4674 ministerio
3723 4620 3906 4695 poena

734 4721 1049 4809 desaeviit,
1098 4728 1162 4789 et
1221 4719 1434 4789 virtus
1484 4718 1773 4811 corporis
1826 4718 1966 4787 sine
2007 4741 2204 4789 sensu
2245 4742 2454 4812 poenae
2507 4721 2645 4789 vim
2696 4743 2911 4814 poenae
2957 4722 3028 4789 in
3081 4743 3148 4791 se
3189 4722 3596 4791 desaevientis
3640 4716 3900 4808 excepit.

732 4838 985 4907 Habuit
1027 4860 1183 4939 sane
1232 4835 1403 4905 illud
1448 4834 1854 4906 dominicum
1898 4859 2133 4928 corpus
2184 4836 2429 4906 doloris
2476 4838 2684 4907 nostri
2734 4846 3066 4927 naturam,
3121 4838 3178 4906 si
3230 4815 3467 4930 corpus
3505 4845 3799 4906 nostrum
3839 4828 3902 4897 id
3941 4912 3949 4921 ,

739 4964 991 5024 naturae
1016 4954 1239 5040 habet,
1271 4960 1349 5022 ut
1401 4952 1602 5022 calcet
1643 4953 1884 5039 undas,
1941 4961 2006 5022 et
2050 4953 2291 5022 fluctus
2344 4953 2623 5046 desuper
2673 4961 2801 5039 eat,
2858 4975 2978 5022 nec
3029 4953 3260 5024 clausae
3314 4954 3551 5024 domus
3568 4946 3902 5023 obstaculis

736 5075 1054 5139 arceatur.
1086 5067 1177 5134 At
1202 5088 1359 5135 vero
1385 5066 1441 5133 si
1468 5065 1780 5134 dominici
1821 5065 2112 5157 corporis
2156 5067 2372 5136 solum
2409 5066 2532 5135 ista
2576 5072 2817 5135 natura
2860 5066 2967 5152 sit,
3016 5074 3092 5135 ut
3132 5066 3381 5134 feratur
3407 5066 3479 5133 in
3504 5063 3814 5146 humidis,
3843 5063 3900 5125 et

734 5184 917 5252 sistat
942 5184 1014 5251 in
1039 5182 1334 5275 liquidis,
1369 5190 1433 5252 et
1457 5191 1701 5252 structa
1730 5184 1813 5275 (a)
1853 5190 2257 5252 transcurrat
2287 5208 2304 5252 ι
2336 5183 2498 5277 quid
2533 5205 2652 5275 per
2695 5191 3001 5253 naturam
3029 5181 3305 5252 humani
3339 5181 3626 5273 corporis
3651 5194 3897 5249 carnem

732 5322 814 5367 ex
842 5298 1097 5390 Spiritu
1124 5307 1345 5367 sancto
1384 5305 1759 5390 conceptam
1792 5299 2214 5389 judicamus?
2266 5299 2433 5369 Caro
2458 5300 2576 5369 illa
2597 5299 2680 5368 de
2704 5299 2890 5368 coelis
2917 5307 3037 5387 est,
3068 5310 3134 5368 et
3154 5296 3354 5369 homo
3380 5297 3495 5367 ille
3520 5297 3602 5366 de
3626 5298 3757 5366 Deo
3783 5296 3890 5377 est,

772 5444 808 5527 ι’
842 5442 1021 5505 Hilar.,
1047 5442 1108 5491 de
1129 5442 1329 5503 Trinit„
1351 5441 1439 5491 lib.
1468 5444 1531 5502 Χ,
1561 5455 1613 5490 n.
1646 5442 1726 5495 23.
1755 5467 1815 5479 -
1844 5442 1914 5505 (a)
1946 5442 2033 5492 Al.
2064 5446 2340 5494 exstructa.
