<?xml version="1.0" encoding="UTF-8"?>
<!DOCTYPE html PUBLIC "-//W3C//DTD XHTML 1.0 Transitional//EN"
    "http://www.w3.org/TR/xhtml1/DTD/xhtml1-transitional.dtd">
<html xmlns="http://www.w3.org/1999/xhtml" xml:lang="en" lang="en">
 <head>
  <title>
</title>
<meta http-equiv="Content-Type" content="text/html;charset=utf-8" />
  <meta name='ocr-system' content='tesseract 3.04.00' />
  <meta name='ocr-capabilities' content='ocr_page ocr_carea ocr_par ocr_line ocrx_word'/>
</head>
<body>
  <div class='ocr_page' id='page_1' title='image "./srecardinalissb01cargoog_0219.png"; bbox 0 0 4185 6288; ppageno 0'>
   <div class='ocr_carea' id='block_1_1' title="bbox 1581 453 3459 535">
    <p class='ocr_par' dir='ltr' id='par_1_1' title="bbox 1581 453 3459 535">
     <span class='ocr_line' id='line_1_1' title="bbox 1581 453 3459 535; baseline 0.009 -16"><span class='ocrx_word' id='word_1_1' title='bbox 1581 453 1959 521; x_wconf 72' lang='lat' dir='ltr'>ms‘rmc&#39;r.</span> <span class='ocrx_word' id='word_1_2' title='bbox 2007 456 2109 523; x_wconf 77' lang='lat' dir='ltr'>lx.</span> <span class='ocrx_word' id='word_1_3' title='bbox 3343 475 3459 535; x_wconf 72' lang='lat'>{97</span> 
     </span>
    </p>
   </div>
   <div class='ocr_carea' id='block_1_2' title="bbox 261 588 3460 1976">
    <p class='ocr_par' dir='ltr' id='par_1_2' title="bbox 261 588 3460 1976">
     <span class='ocr_line' id='line_1_2' title="bbox 277 588 3460 687; baseline 0.004 -25"><span class='ocrx_word' id='word_1_4' title='bbox 277 593 458 662; x_wconf 86' lang='lat' dir='ltr'>unita</span> <span class='ocrx_word' id='word_1_5' title='bbox 480 599 609 661; x_wconf 83' lang='lat' dir='ltr'>est:</span> <span class='ocrx_word' id='word_1_6' title='bbox 643 598 722 661; x_wconf 91' lang='lat' dir='ltr'>ut</span> <span class='ocrx_word' id='word_1_7' title='bbox 752 613 890 660; x_wconf 88' lang='lat' dir='ltr'>non</span> <span class='ocrx_word' id='word_1_8' title='bbox 924 589 1131 660; x_wconf 87' lang='lat' dir='ltr'>alium</span> <span class='ocrx_word' id='word_1_9' title='bbox 1158 598 1222 659; x_wconf 90' lang='lat' dir='ltr'>et</span> <span class='ocrx_word' id='word_1_10' title='bbox 1248 590 1485 678; x_wconf 89' lang='lat' dir='ltr'>alium,</span> <span class='ocrx_word' id='word_1_11' title='bbox 1513 588 1624 661; x_wconf 89' lang='lat' dir='ltr'>sed</span> <span class='ocrx_word' id='word_1_12' title='bbox 1661 615 1874 661; x_wconf 89' lang='lat' dir='ltr'>unum</span> <span class='ocrx_word' id='word_1_13' title='bbox 1900 594 2342 687; x_wconf 89' lang='lat' dir='ltr'>eumdemque</span> <span class='ocrx_word' id='word_1_14' title='bbox 2368 595 2581 667; x_wconf 90' lang='lat' dir='ltr'>Deum</span> <span class='ocrx_word' id='word_1_15' title='bbox 2608 606 2673 667; x_wconf 87' lang='lat' dir='ltr'>et</span> <span class='ocrx_word' id='word_1_16' title='bbox 2699 598 3033 670; x_wconf 90' lang='lat' dir='ltr'>hominem</span> <span class='ocrx_word' id='word_1_17' title='bbox 3061 602 3311 674; x_wconf 88' lang='lat' dir='ltr'>Filium</span> <span class='ocrx_word' id='word_1_18' title='bbox 3339 605 3460 675; x_wconf 87' lang='lat' dir='ltr'>Dei</span> 
     </span>
     <span class='ocr_line' id='line_1_3' title="bbox 275 707 3450 807; baseline 0.004 -27"><span class='ocrx_word' id='word_1_19' title='bbox 275 734 409 780; x_wconf 87' lang='lat' dir='ltr'>esse</span> <span class='ocrx_word' id='word_1_20' title='bbox 430 710 767 780; x_wconf 88' lang='lat' dir='ltr'>confitear.</span> <span class='ocrx_word' id='word_1_21' title='bbox 798 707 1101 800; x_wconf 89' lang='lat' dir='ltr'>Denique</span> <span class='ocrx_word' id='word_1_22' title='bbox 1130 708 1187 776; x_wconf 91' lang='lat' dir='ltr'>si</span> <span class='ocrx_word' id='word_1_23' title='bbox 1213 709 1551 777; x_wconf 90' lang='lat' dir='ltr'>hominem</span> <span class='ocrx_word' id='word_1_24' title='bbox 1581 711 1981 801; x_wconf 79' lang='lat' dir='ltr'>separaveris</span> <span class='ocrx_word' id='word_1_25' title='bbox 2007 734 2048 779; x_wconf 92' lang='lat' dir='ltr'>a</span> <span class='ocrx_word' id='word_1_26' title='bbox 2073 711 2236 798; x_wconf 89' lang='lat' dir='ltr'>De0,</span> <span class='ocrx_word' id='word_1_27' title='bbox 2267 711 2369 781; x_wconf 90' lang='lat' dir='ltr'>illi</span> <span class='ocrx_word' id='word_1_28' title='bbox 2397 736 2744 807; x_wconf 83' lang='lat' dir='ltr'>nunquam</span> <span class='ocrx_word' id='word_1_29' title='bbox 2781 718 2997 805; x_wconf 92' lang='lat' dir='ltr'>credo,</span> <span class='ocrx_word' id='word_1_30' title='bbox 3038 741 3159 789; x_wconf 90' lang='lat' dir='ltr'>nec</span> <span class='ocrx_word' id='word_1_31' title='bbox 3184 722 3400 791; x_wconf 86' lang='lat' dir='ltr'>servio</span> <span class='ocrx_word' id='word_1_32' title='bbox 3433 749 3450 792; x_wconf 74' lang='lat' dir='ltr'><em>z</em></span> 
     </span>
     <span class='ocr_line' id='line_1_4' title="bbox 275 824 3456 924; baseline 0.004 -28"><span class='ocrx_word' id='word_1_33' title='bbox 275 828 449 896; x_wconf 58' lang='lat' dir='ltr'>&lt;relat</span> <span class='ocrx_word' id='word_1_34' title='bbox 473 828 529 896; x_wconf 91' lang='lat' dir='ltr'>si</span> <span class='ocrx_word' id='word_1_35' title='bbox 563 827 716 920; x_wconf 87' lang='lat' dir='ltr'>quis</span> <span class='ocrx_word' id='word_1_36' title='bbox 765 848 1131 919; x_wconf 80' lang='lat' dir='ltr'>purpuram</span> <span class='ocrx_word' id='word_1_37' title='bbox 1175 825 1283 893; x_wconf 84' lang='lat' dir='ltr'>vel</span> <span class='ocrx_word' id='word_1_38' title='bbox 1337 824 1640 894; x_wconf 86' lang='lat' dir='ltr'>diadema</span> <span class='ocrx_word' id='word_1_39' title='bbox 1689 827 1909 916; x_wconf 84' lang='lat' dir='ltr'>regale</span> <span class='ocrx_word' id='word_1_40' title='bbox 1953 828 2178 919; x_wconf 89' lang='lat' dir='ltr'>jacens</span> <span class='ocrx_word' id='word_1_41' title='bbox 2233 829 2552 915; x_wconf 89' lang='lat' dir='ltr'>inveniat,</span> <span class='ocrx_word' id='word_1_42' title='bbox 2608 832 2937 924; x_wconf 90' lang='lat' dir='ltr'>numquid</span> <span class='ocrx_word' id='word_1_43' title='bbox 2989 857 3068 904; x_wconf 89' lang='lat' dir='ltr'>ea</span> <span class='ocrx_word' id='word_1_44' title='bbox 3109 838 3456 909; x_wconf 80' lang='lat' dir='ltr'>conabitur</span> 
     </span>
     <span class='ocr_line' id='line_1_5' title="bbox 278 941 3458 1046; baseline 0.004 -33"><span class='ocrx_word' id='word_1_45' title='bbox 278 943 539 1013; x_wconf 88' lang='lat' dir='ltr'>adorare</span> <span class='ocrx_word' id='word_1_46' title='bbox 566 948 599 1012; x_wconf 72' lang='lat'>‘2</span> <span class='ocrx_word' id='word_1_47' title='bbox 629 944 799 1013; x_wconf 90' lang='lat' dir='ltr'>Cum</span> <span class='ocrx_word' id='word_1_48' title='bbox 832 966 991 1012; x_wconf 83' lang='lat' dir='ltr'>vero</span> <span class='ocrx_word' id='word_1_49' title='bbox 1021 941 1114 1010; x_wconf 90' lang='lat' dir='ltr'>eis</span> <span class='ocrx_word' id='word_1_50' title='bbox 1163 964 1278 1010; x_wconf 85' lang='lat' dir='ltr'>rex</span> <span class='ocrx_word' id='word_1_51' title='bbox 1321 942 1524 1010; x_wconf 83' lang='lat' dir='ltr'>fuerit</span> <span class='ocrx_word' id='word_1_52' title='bbox 1562 942 1860 1030; x_wconf 89' lang='lat' dir='ltr'>indutus,</span> <span class='ocrx_word' id='word_1_53' title='bbox 1899 944 2269 1035; x_wconf 86' lang='lat' dir='ltr'>periculum</span> <span class='ocrx_word' id='word_1_54' title='bbox 2313 947 2540 1015; x_wconf 88' lang='lat' dir='ltr'>mortis</span> <span class='ocrx_word' id='word_1_55' title='bbox 2584 949 2888 1035; x_wconf 86' lang='lat' dir='ltr'>incurrit,</span> <span class='ocrx_word' id='word_1_56' title='bbox 2935 951 2993 1019; x_wconf 89' lang='lat' dir='ltr'>si</span> <span class='ocrx_word' id='word_1_57' title='bbox 3026 975 3102 1020; x_wconf 84' lang='lat' dir='ltr'>ea</span> <span class='ocrx_word' id='word_1_58' title='bbox 3125 975 3278 1022; x_wconf 90' lang='lat' dir='ltr'>cum</span> <span class='ocrx_word' id='word_1_59' title='bbox 3304 978 3458 1046; x_wconf 87' lang='lat' dir='ltr'>rege</span> 
     </span>
     <span class='ocr_line' id='line_1_6' title="bbox 277 1058 3453 1160; baseline 0.003 -31"><span class='ocrx_word' id='word_1_60' title='bbox 277 1062 537 1130; x_wconf 83' lang='lat' dir='ltr'>adorare</span> <span class='ocrx_word' id='word_1_61' title='bbox 566 1060 719 1153; x_wconf 91' lang='lat' dir='ltr'>quis</span> <span class='ocrx_word' id='word_1_62' title='bbox 747 1058 1232 1150; x_wconf 81' lang='lat' dir='ltr'><strong>contempserit.</strong></span> <span class='ocrx_word' id='word_1_63' title='bbox 1266 1058 1364 1126; x_wconf 88' lang='lat' dir='ltr'>Ita</span> <span class='ocrx_word' id='word_1_64' title='bbox 1391 1065 1457 1126; x_wconf 84' lang='lat' dir='ltr'>et</span> <span class='ocrx_word' id='word_1_65' title='bbox 1481 1058 1551 1125; x_wconf 91' lang='lat' dir='ltr'>in</span> <span class='ocrx_word' id='word_1_66' title='bbox 1566 1058 1822 1128; x_wconf 87' lang='lat' dir='ltr'>Christo</span> <span class='ocrx_word' id='word_1_67' title='bbox 1839 1059 2124 1130; x_wconf 87' lang='lat' dir='ltr'>Domino</span> <span class='ocrx_word' id='word_1_68' title='bbox 2146 1061 2623 1132; x_wconf 76' lang='lat' dir='ltr'>humanitatem</span> <span class='ocrx_word' id='word_1_69' title='bbox 2651 1088 2785 1135; x_wconf 90' lang='lat' dir='ltr'>non</span> <span class='ocrx_word' id='word_1_70' title='bbox 2811 1066 3018 1135; x_wconf 88' lang='lat' dir='ltr'>solam</span> <span class='ocrx_word' id='word_1_71' title='bbox 3047 1068 3152 1137; x_wconf 87' lang='lat' dir='ltr'>vel</span> <span class='ocrx_word' id='word_1_72' title='bbox 3179 1070 3453 1160; x_wconf 86' lang='lat' dir='ltr'>nudam,</span> 
     </span>
     <span class='ocr_line' id='line_1_7' title="bbox 269 1173 3459 1280; baseline 0.004 -36"><span class='ocrx_word' id='word_1_73' title='bbox 269 1177 378 1245; x_wconf 87' lang='lat' dir='ltr'>sed</span> <span class='ocrx_word' id='word_1_74' title='bbox 404 1175 733 1245; x_wconf 81' lang='lat' dir='ltr'>divinitati</span> <span class='ocrx_word' id='word_1_75' title='bbox 772 1175 1054 1260; x_wconf 87' lang='lat' dir='ltr'>unitam,</span> <span class='ocrx_word' id='word_1_76' title='bbox 1095 1173 1339 1243; x_wconf 91' lang='lat' dir='ltr'>scilicet</span> <span class='ocrx_word' id='word_1_77' title='bbox 1382 1197 1594 1244; x_wconf 89' lang='lat' dir='ltr'>unum</span> <span class='ocrx_word' id='word_1_78' title='bbox 1632 1174 1879 1243; x_wconf 85' lang='lat' dir='ltr'>Filium</span> <span class='ocrx_word' id='word_1_79' title='bbox 1914 1175 2128 1245; x_wconf 91' lang='lat' dir='ltr'>Deum</span> <span class='ocrx_word' id='word_1_80' title='bbox 2173 1201 2430 1265; x_wconf 86' lang='lat' dir='ltr'>verum,</span> <span class='ocrx_word' id='word_1_81' title='bbox 2469 1188 2533 1248; x_wconf 93' lang='lat' dir='ltr'>et</span> <span class='ocrx_word' id='word_1_82' title='bbox 2572 1180 2904 1251; x_wconf 89' lang='lat' dir='ltr'>hominem</span> <span class='ocrx_word' id='word_1_83' title='bbox 2935 1206 3195 1270; x_wconf 86' lang='lat' dir='ltr'>verum,</span> <span class='ocrx_word' id='word_1_84' title='bbox 3224 1188 3280 1255; x_wconf 89' lang='lat' dir='ltr'>si</span> <span class='ocrx_word' id='word_1_85' title='bbox 3307 1188 3459 1280; x_wconf 88' lang='lat' dir='ltr'>quis</span> 
     </span>
     <span class='ocr_line' id='line_1_8' title="bbox 267 1291 3448 1388; baseline 0.003 -26"><span class='ocrx_word' id='word_1_86' title='bbox 267 1294 529 1362; x_wconf 80' lang='lat' dir='ltr'>adorere</span> <span class='ocrx_word' id='word_1_87' title='bbox 574 1292 1089 1383; x_wconf 79' lang='lat' dir='ltr'>comtempserit,</span> <span class='ocrx_word' id='word_1_88' title='bbox 1140 1291 1541 1361; x_wconf 82' lang='lat' dir='ltr'>aeternaliter</span> <span class='ocrx_word' id='word_1_89' title='bbox 1577 1292 1897 1360; x_wconf 87' lang='lat' dir='ltr'>morietur</span> <span class='ocrx_word' id='word_1_90' title='bbox 1938 1295 2056 1384; x_wconf 85' lang='lat' dir='ltr'>(a).</span> <span class='ocrx_word' id='word_1_91' title='bbox 2090 1320 2125 1358; x_wconf 62' lang='grc' dir='ltr'>ιι</span> <span class='ocrx_word' id='word_1_92' title='bbox 2157 1294 2338 1364; x_wconf 78' lang='lat' dir='ltr'>Idem</span> <span class='ocrx_word' id='word_1_93' title='bbox 2378 1320 2571 1388; x_wconf 79' lang='lat' dir='ltr'>super</span> <span class='ocrx_word' id='word_1_94' title='bbox 2597 1300 2920 1382; x_wconf 83' lang='lat' dir='ltr'>Psalmos,</span> <span class='ocrx_word' id='word_1_95' title='bbox 2962 1300 3349 1371; x_wconf 88' lang='lat' dir='ltr'>ubidicitur</span> <span class='ocrx_word' id='word_1_96' title='bbox 3378 1310 3396 1345; x_wconf 86' lang='lat'>¹</span> <span class='ocrx_word' id='word_1_97' title='bbox 3432 1329 3448 1371; x_wconf 74' lang='grc' dir='ltr'>ε</span> 
     </span>
     <span class='ocr_line' id='line_1_9' title="bbox 265 1406 3455 1505; baseline 0.003 -26"><span class='ocrx_word' id='word_1_98' title='bbox 265 1409 557 1479; x_wconf 79' lang='lat' dir='ltr'>Adorate</span> <span class='ocrx_word' id='word_1_99' title='bbox 579 1409 939 1478; x_wconf 80' lang='lat' dir='ltr'>scabellum</span> <span class='ocrx_word' id='word_1_100' title='bbox 959 1406 1207 1500; x_wconf 82' lang='lat' dir='ltr'>pedum</span> <span class='ocrx_word' id='word_1_101' title='bbox 1235 1408 1401 1498; x_wconf 74' lang='lat' dir='ltr'>ejus,</span> <span class='ocrx_word' id='word_1_102' title='bbox 1424 1409 1742 1501; x_wconf 79' lang='lat' dir='ltr'>quoniam</span> <span class='ocrx_word' id='word_1_103' title='bbox 1767 1422 2074 1478; x_wconf 81' lang='lat' dir='ltr'>sanctum</span> <span class='ocrx_word' id='word_1_104' title='bbox 2090 1422 2187 1479; x_wconf 79' lang='lat' dir='ltr'>est</span> <span class='ocrx_word' id='word_1_105' title='bbox 2206 1419 2227 1452; x_wconf 81' lang='lat'>⁸</span> <span class='ocrx_word' id='word_1_106' title='bbox 2246 1437 2269 1477; x_wconf 94' lang='lat'>.·</span> <span class='ocrx_word' id='word_1_107' title='bbox 2298 1439 2334 1478; x_wconf 72' lang='grc' dir='ltr'>(ι</span> <span class='ocrx_word' id='word_1_108' title='bbox 2366 1411 2720 1482; x_wconf 81' lang='lat' dir='ltr'>Sciendum</span> <span class='ocrx_word' id='word_1_109' title='bbox 2739 1417 2899 1505; x_wconf 88' lang='lat' dir='ltr'>quia</span> <span class='ocrx_word' id='word_1_110' title='bbox 2917 1416 2987 1484; x_wconf 91' lang='lat' dir='ltr'>in</span> <span class='ocrx_word' id='word_1_111' title='bbox 3007 1416 3264 1486; x_wconf 87' lang='lat' dir='ltr'>Christo</span> <span class='ocrx_word' id='word_1_112' title='bbox 3282 1428 3455 1487; x_wconf 90' lang='lat' dir='ltr'>terra</span> 
     </span>
     <span class='ocr_line' id='line_1_10' title="bbox 267 1523 3445 1625; baseline 0.002 -28"><span class='ocrx_word' id='word_1_113' title='bbox 267 1536 385 1612; x_wconf 84' lang='lat' dir='ltr'>est,</span> <span class='ocrx_word' id='word_1_114' title='bbox 411 1527 476 1595; x_wconf 93' lang='lat' dir='ltr'>id</span> <span class='ocrx_word' id='word_1_115' title='bbox 507 1535 606 1603; x_wconf 61' lang='lat' dir='ltr'>est</span> <span class='ocrx_word' id='word_1_116' title='bbox 633 1547 815 1612; x_wconf 90' lang='lat' dir='ltr'>caro,</span> <span class='ocrx_word' id='word_1_117' title='bbox 844 1546 1000 1617; x_wconf 79' lang='lat' dir='ltr'>quae</span> <span class='ocrx_word' id='word_1_118' title='bbox 1023 1523 1164 1594; x_wconf 88' lang='lat' dir='ltr'>sine</span> <span class='ocrx_word' id='word_1_119' title='bbox 1190 1523 1525 1616; x_wconf 77' lang='lat' dir='ltr'>impietate</span> <span class='ocrx_word' id='word_1_120' title='bbox 1551 1524 1884 1594; x_wconf 88' lang='lat' dir='ltr'>adoratur.</span> <span class='ocrx_word' id='word_1_121' title='bbox 1937 1525 2239 1618; x_wconf 84' lang='lat' dir='ltr'>Suscepit</span> <span class='ocrx_word' id='word_1_122' title='bbox 2282 1529 2459 1596; x_wconf 88' lang='lat' dir='ltr'>enim</span> <span class='ocrx_word' id='word_1_123' title='bbox 2503 1529 2582 1597; x_wconf 91' lang='lat' dir='ltr'>de</span> <span class='ocrx_word' id='word_1_124' title='bbox 2613 1539 2785 1598; x_wconf 85' lang='lat' dir='ltr'>terra</span> <span class='ocrx_word' id='word_1_125' title='bbox 2817 1542 3080 1618; x_wconf 85' lang='lat' dir='ltr'>terram,</span> <span class='ocrx_word' id='word_1_126' title='bbox 3111 1532 3270 1625; x_wconf 87' lang='lat' dir='ltr'>quia</span> <span class='ocrx_word' id='word_1_127' title='bbox 3293 1557 3445 1604; x_wconf 88' lang='lat' dir='ltr'>caro</span> 
     </span>
     <span class='ocr_line' id='line_1_11' title="bbox 265 1641 3454 1738; baseline 0.002 -25"><span class='ocrx_word' id='word_1_128' title='bbox 265 1643 346 1713; x_wconf 90' lang='lat' dir='ltr'>de</span> <span class='ocrx_word' id='word_1_129' title='bbox 374 1652 546 1713; x_wconf 89' lang='lat' dir='ltr'>terra</span> <span class='ocrx_word' id='word_1_130' title='bbox 570 1651 693 1730; x_wconf 88' lang='lat' dir='ltr'>est,</span> <span class='ocrx_word' id='word_1_131' title='bbox 727 1652 793 1712; x_wconf 92' lang='lat' dir='ltr'>et</span> <span class='ocrx_word' id='word_1_132' title='bbox 821 1641 902 1710; x_wconf 89' lang='lat' dir='ltr'>de</span> <span class='ocrx_word' id='word_1_133' title='bbox 927 1664 1124 1710; x_wconf 88' lang='lat' dir='ltr'>carne</span> <span class='ocrx_word' id='word_1_134' title='bbox 1149 1641 1371 1710; x_wconf 60' lang='lat' dir='ltr'>Marias</span> <span class='ocrx_word' id='word_1_135' title='bbox 1396 1663 1661 1710; x_wconf 89' lang='lat' dir='ltr'>carnem</span> <span class='ocrx_word' id='word_1_136' title='bbox 1702 1643 1968 1735; x_wconf 86' lang='lat' dir='ltr'>accepit.</span> <span class='ocrx_word' id='word_1_137' title='bbox 2005 1644 2160 1712; x_wconf 78' lang='lat' dir='ltr'>Haec</span> <span class='ocrx_word' id='word_1_138' title='bbox 2194 1646 2335 1713; x_wconf 90' lang='lat' dir='ltr'>sine</span> <span class='ocrx_word' id='word_1_139' title='bbox 2377 1645 2707 1738; x_wconf 86' lang='lat' dir='ltr'>impietate</span> <span class='ocrx_word' id='word_1_140' title='bbox 2734 1671 2773 1715; x_wconf 90' lang='lat' dir='ltr'>a</span> <span class='ocrx_word' id='word_1_141' title='bbox 2798 1648 3020 1718; x_wconf 87' lang='lat' dir='ltr'>Verbo</span> <span class='ocrx_word' id='word_1_142' title='bbox 3047 1649 3166 1719; x_wconf 90' lang='lat' dir='ltr'>Dei</span> <span class='ocrx_word' id='word_1_143' title='bbox 3200 1674 3454 1720; x_wconf 88' lang='lat' dir='ltr'>assum·</span> 
     </span>
     <span class='ocr_line' id='line_1_12' title="bbox 261 1759 3459 1859; baseline 0.002 -29"><span class='ocrx_word' id='word_1_144' title='bbox 261 1770 375 1854; x_wconf 83' lang='lat' dir='ltr'>pta</span> <span class='ocrx_word' id='word_1_145' title='bbox 400 1762 715 1830; x_wconf 86' lang='lat' dir='ltr'>adoratur</span> <span class='ocrx_word' id='word_1_146' title='bbox 742 1783 782 1828; x_wconf 92' lang='lat' dir='ltr'>a</span> <span class='ocrx_word' id='word_1_147' title='bbox 830 1759 1042 1839; x_wconf 88' lang='lat' dir='ltr'>nobis,</span> <span class='ocrx_word' id='word_1_148' title='bbox 1091 1759 1252 1853; x_wconf 88' lang='lat' dir='ltr'>quia</span> <span class='ocrx_word' id='word_1_149' title='bbox 1300 1780 1496 1828; x_wconf 91' lang='lat' dir='ltr'>nemo</span> <span class='ocrx_word' id='word_1_150' title='bbox 1540 1780 1804 1827; x_wconf 90' lang='lat' dir='ltr'>carnem</span> <span class='ocrx_word' id='word_1_151' title='bbox 1850 1759 1993 1851; x_wconf 90' lang='lat' dir='ltr'>ejus</span> <span class='ocrx_word' id='word_1_152' title='bbox 2039 1760 2416 1847; x_wconf 88' lang='lat' dir='ltr'>manducat,</span> <span class='ocrx_word' id='word_1_153' title='bbox 2465 1762 2590 1831; x_wconf 90' lang='lat' dir='ltr'>nisi</span> <span class='ocrx_word' id='word_1_154' title='bbox 2638 1763 2820 1854; x_wconf 91' lang='lat' dir='ltr'>prius</span> <span class='ocrx_word' id='word_1_155' title='bbox 2865 1762 3136 1834; x_wconf 89' lang='lat' dir='ltr'>adoret:</span> <span class='ocrx_word' id='word_1_156' title='bbox 3184 1766 3296 1835; x_wconf 88' lang='lat' dir='ltr'>sed</span> <span class='ocrx_word' id='word_1_157' title='bbox 3337 1766 3459 1859; x_wconf 88' lang='lat' dir='ltr'>qui</span> 
     </span>
     <span class='ocr_line' id='line_1_13' title="bbox 263 1874 3454 1976; baseline 0.002 -29"><span class='ocrx_word' id='word_1_158' title='bbox 263 1879 509 1966; x_wconf 86' lang='lat' dir='ltr'>adorat,</span> <span class='ocrx_word' id='word_1_159' title='bbox 540 1900 681 1946; x_wconf 90' lang='lat' dir='ltr'>non</span> <span class='ocrx_word' id='word_1_160' title='bbox 723 1884 962 1945; x_wconf 86' lang='lat' dir='ltr'>terram</span> <span class='ocrx_word' id='word_1_161' title='bbox 1021 1876 1321 1944; x_wconf 89' lang='lat' dir='ltr'>intuetur</span> <span class='ocrx_word' id='word_1_162' title='bbox 1352 1899 1368 1941; x_wconf 79' lang='lat' dir='ltr'>t</span> <span class='ocrx_word' id='word_1_163' title='bbox 1428 1874 1542 1945; x_wconf 89' lang='lat' dir='ltr'>sed</span> <span class='ocrx_word' id='word_1_164' title='bbox 1596 1875 1792 1945; x_wconf 86' lang='lat' dir='ltr'>illum</span> <span class='ocrx_word' id='word_1_165' title='bbox 1845 1877 2087 1969; x_wconf 89' lang='lat' dir='ltr'>potius,</span> <span class='ocrx_word' id='word_1_166' title='bbox 2149 1877 2339 1969; x_wconf 89' lang='lat' dir='ltr'>cujus</span> <span class='ocrx_word' id='word_1_167' title='bbox 2388 1879 2746 1948; x_wconf 87' lang='lat' dir='ltr'>scabellum</span> <span class='ocrx_word' id='word_1_168' title='bbox 2789 1888 2908 1967; x_wconf 91' lang='lat' dir='ltr'>est,</span> <span class='ocrx_word' id='word_1_169' title='bbox 2964 1889 3229 1974; x_wconf 90' lang='lat' dir='ltr'>propter</span> <span class='ocrx_word' id='word_1_170' title='bbox 3255 1906 3454 1976; x_wconf 85' lang='lat' dir='ltr'>quem</span> 
     </span>
    </p>
   </div>
   <div class='ocr_carea' id='block_1_3' title="bbox 265 1991 2965 2089">
    <p class='ocr_par' dir='ltr' id='par_1_3' title="bbox 265 1991 2965 2089">
     <span class='ocr_line' id='line_1_14' title="bbox 265 1991 2965 2089; baseline 0 -25"><span class='ocrx_word' id='word_1_171' title='bbox 265 1994 513 2064; x_wconf 78' lang='lat' dir='ltr'>adorat.</span> <span class='ocrx_word' id='word_1_172' title='bbox 542 2020 578 2060; x_wconf 69' lang='lat' dir='ltr'><strong><em>n</em></strong></span> <span class='ocrx_word' id='word_1_173' title='bbox 613 1993 737 2063; x_wconf 90' lang='lat' dir='ltr'>His</span> <span class='ocrx_word' id='word_1_174' title='bbox 765 1991 1266 2062; x_wconf 87' lang='lat' dir='ltr'>auctoritatibus</span> <span class='ocrx_word' id='word_1_175' title='bbox 1298 1992 1641 2084; x_wconf 82' lang='lat' dir='ltr'>praemissae</span> <span class='ocrx_word' id='word_1_176' title='bbox 1668 1991 2192 2082; x_wconf 83' lang='lat' dir='ltr'>investigationis</span> <span class='ocrx_word' id='word_1_177' title='bbox 2228 1994 2552 2065; x_wconf 88' lang='lat' dir='ltr'>absolutio</span> <span class='ocrx_word' id='word_1_178' title='bbox 2580 1996 2965 2089; x_wconf 86' lang='lat' dir='ltr'>explicatur.</span> 
     </span>
    </p>
   </div>
   <div class='ocr_carea' id='block_1_4' title="bbox 534 2316 1524 2538">
    <p class='ocr_par' dir='ltr' id='par_1_4' title="bbox 534 2316 1524 2538">
     <span class='ocr_line' id='line_1_15' title="bbox 640 2316 1427 2385; baseline -0.003 0"><span class='ocrx_word' id='word_1_179' title='bbox 640 2317 1055 2385; x_wconf 83' lang='lat' dir='ltr'>EXPOSITIO</span> <span class='ocrx_word' id='word_1_180' title='bbox 1095 2316 1427 2385; x_wconf 85' lang='lat' dir='ltr'>TEXTUS.</span> 
     </span>
     <span class='ocr_line' id='line_1_16' title="bbox 534 2472 1524 2538; baseline -0.003 -12"><span class='ocrx_word' id='word_1_181' title='bbox 534 2475 798 2526; x_wconf 77' lang='lat' dir='ltr'>Praeterea</span> <span class='ocrx_word' id='word_1_182' title='bbox 824 2472 1121 2537; x_wconf 79' lang='lat' dir='ltr'>investigari</span> <span class='ocrx_word' id='word_1_183' title='bbox 1156 2474 1391 2538; x_wconf 79' lang='lat' dir='ltr'>oportet,</span> <span class='ocrx_word' id='word_1_184' title='bbox 1423 2475 1524 2523; x_wconf 85' lang='lat' dir='ltr'>etc.</span> 
     </span>
    </p>
   </div>
   <div class='ocr_carea' id='block_1_5' title="bbox 261 2642 1809 3139">
    <p class='ocr_par' dir='ltr' id='par_1_5' title="bbox 261 2642 1809 3139">
     <span class='ocr_line' id='line_1_17' title="bbox 337 2642 1808 2727; baseline -0.001 -20"><span class='ocrx_word' id='word_1_185' title='bbox 337 2642 550 2726; x_wconf 87' lang='lat' dir='ltr'>Supra</span> <span class='ocrx_word' id='word_1_186' title='bbox 586 2644 727 2725; x_wconf 88' lang='lat' dir='ltr'>egit</span> <span class='ocrx_word' id='word_1_187' title='bbox 767 2643 1068 2726; x_wconf 78' lang='lat' dir='ltr'>Magister</span> <span class='ocrx_word' id='word_1_188' title='bbox 1110 2644 1188 2709; x_wconf 89' lang='lat' dir='ltr'>de</span> <span class='ocrx_word' id='word_1_189' title='bbox 1214 2643 1687 2727; x_wconf 87' lang='lat' dir='ltr'>comparatione</span> <span class='ocrx_word' id='word_1_190' title='bbox 1710 2644 1808 2708; x_wconf 89' lang='lat' dir='ltr'>di-</span> 
     </span>
     <span class='ocr_line' id='line_1_18' title="bbox 262 2752 1809 2835; baseline 0 -20"><span class='ocrx_word' id='word_1_191' title='bbox 262 2752 429 2816; x_wconf 80' lang='lat' dir='ltr'>vinae</span> <span class='ocrx_word' id='word_1_192' title='bbox 458 2754 710 2816; x_wconf 79' lang='lat' dir='ltr'>naturae</span> <span class='ocrx_word' id='word_1_193' title='bbox 756 2752 838 2817; x_wconf 88' lang='lat' dir='ltr'>ad</span> <span class='ocrx_word' id='word_1_194' title='bbox 864 2753 1312 2835; x_wconf 86' lang='lat' dir='ltr'>proprietatem</span> <span class='ocrx_word' id='word_1_195' title='bbox 1356 2753 1659 2816; x_wconf 84' lang='lat' dir='ltr'>humanae</span> <span class='ocrx_word' id='word_1_196' title='bbox 1692 2771 1809 2815; x_wconf 89' lang='lat' dir='ltr'>na-</span> 
     </span>
     <span class='ocr_line' id='line_1_19' title="bbox 262 2859 1805 2943; baseline 0.001 -22"><span class='ocrx_word' id='word_1_197' title='bbox 262 2862 425 2923; x_wconf 81' lang='lat' dir='ltr'>turae</span> <span class='ocrx_word' id='word_1_198' title='bbox 450 2876 466 2919; x_wconf 72' lang='grc' dir='ltr'><em>τ</em></span> <span class='ocrx_word' id='word_1_199' title='bbox 495 2859 601 2923; x_wconf 90' lang='lat' dir='ltr'>hic</span> <span class='ocrx_word' id='word_1_200' title='bbox 622 2878 778 2924; x_wconf 84' lang='lat' dir='ltr'>vero</span> <span class='ocrx_word' id='word_1_201' title='bbox 807 2859 946 2941; x_wconf 86' lang='lat' dir='ltr'>agit</span> <span class='ocrx_word' id='word_1_202' title='bbox 974 2861 1052 2925; x_wconf 91' lang='lat' dir='ltr'>de</span> <span class='ocrx_word' id='word_1_203' title='bbox 1076 2861 1548 2943; x_wconf 89' lang='lat' dir='ltr'>comparatione</span> <span class='ocrx_word' id='word_1_204' title='bbox 1572 2859 1805 2923; x_wconf 90' lang='lat' dir='ltr'>huma-</span> 
     </span>
     <span class='ocr_line' id='line_1_20' title="bbox 261 2967 1809 3052; baseline -0.002 -20"><span class='ocrx_word' id='word_1_205' title='bbox 261 2985 360 3032; x_wconf 85' lang='lat' dir='ltr'>nae</span> <span class='ocrx_word' id='word_1_206' title='bbox 391 2973 645 3033; x_wconf 79' lang='lat' dir='ltr'>naturae</span> <span class='ocrx_word' id='word_1_207' title='bbox 675 2968 754 3032; x_wconf 87' lang='lat' dir='ltr'>ad</span> <span class='ocrx_word' id='word_1_208' title='bbox 805 2968 1256 3052; x_wconf 87' lang='lat' dir='ltr'>proprietatem</span> <span class='ocrx_word' id='word_1_209' title='bbox 1302 2968 1561 3044; x_wconf 85' lang='lat' dir='ltr'>divinae,</span> <span class='ocrx_word' id='word_1_210' title='bbox 1591 2967 1809 3050; x_wconf 90' lang='lat' dir='ltr'>inqui-</span> 
     </span>
     <span class='ocr_line' id='line_1_21' title="bbox 261 3074 1809 3139; baseline 0.001 -2"><span class='ocrx_word' id='word_1_211' title='bbox 261 3092 407 3138; x_wconf 87' lang='lat' dir='ltr'>rens</span> <span class='ocrx_word' id='word_1_212' title='bbox 447 3079 671 3139; x_wconf 86' lang='lat' dir='ltr'>utrum</span> <span class='ocrx_word' id='word_1_213' title='bbox 718 3079 953 3139; x_wconf 85' lang='lat' dir='ltr'>natura</span> <span class='ocrx_word' id='word_1_214' title='bbox 1003 3074 1292 3139; x_wconf 89' lang='lat' dir='ltr'>humana</span> <span class='ocrx_word' id='word_1_215' title='bbox 1334 3075 1401 3137; x_wconf 91' lang='lat' dir='ltr'>in</span> <span class='ocrx_word' id='word_1_216' title='bbox 1437 3074 1681 3139; x_wconf 90' lang='lat' dir='ltr'>Christo</span> <span class='ocrx_word' id='word_1_217' title='bbox 1729 3075 1809 3138; x_wconf 89' lang='lat' dir='ltr'>sit</span> 
     </span>
    </p>
   </div>
   <div class='ocr_carea' id='block_1_6' title="bbox 103 3181 1806 3274">
    <p class='ocr_par' dir='ltr' id='par_1_6' title="bbox 103 3181 1806 3274">
     <span class='ocr_line' id='line_1_22' title="bbox 103 3181 1806 3274; baseline -0.001 -27"><span class='ocrx_word' id='word_1_218' title='bbox 103 3206 237 3259; x_wconf 64' lang='lat' dir='ltr'>nm...</span> <span class='ocrx_word' id='word_1_219' title='bbox 260 3183 581 3247; x_wconf 85' lang='lat' dir='ltr'>adoranda</span> <span class='ocrx_word' id='word_1_220' title='bbox 595 3182 965 3248; x_wconf 84' lang='lat' dir='ltr'>adoratione</span> <span class='ocrx_word' id='word_1_221' title='bbox 993 3182 1219 3247; x_wconf 83' lang='lat' dir='ltr'>latriae.</span> <span class='ocrx_word' id='word_1_222' title='bbox 1241 3181 1565 3274; x_wconf 38' lang='lat' dir='ltr'>,Dividitur</span> <span class='ocrx_word' id='word_1_223' title='bbox 1591 3186 1806 3246; x_wconf 90' lang='lat' dir='ltr'>autem</span> 
     </span>
    </p>
   </div>
   <div class='ocr_carea' id='block_1_7' title="bbox 258 3288 1810 4339">
    <p class='ocr_par' dir='ltr' id='par_1_7' title="bbox 258 3288 1810 4339">
     <span class='ocr_line' id='line_1_23' title="bbox 258 3288 1808 3372; baseline 0.001 -20"><span class='ocrx_word' id='word_1_224' title='bbox 258 3307 404 3370; x_wconf 85' lang='lat' dir='ltr'>pars</span> <span class='ocrx_word' id='word_1_225' title='bbox 429 3289 550 3353; x_wconf 81' lang='lat' dir='ltr'>ista</span> <span class='ocrx_word' id='word_1_226' title='bbox 598 3288 670 3354; x_wconf 89' lang='lat' dir='ltr'>in</span> <span class='ocrx_word' id='word_1_227' title='bbox 719 3293 931 3372; x_wconf 90' lang='lat' dir='ltr'>partes</span> <span class='ocrx_word' id='word_1_228' title='bbox 957 3290 1139 3367; x_wconf 89' lang='lat' dir='ltr'>duas,</span> <span class='ocrx_word' id='word_1_229' title='bbox 1196 3290 1264 3352; x_wconf 86' lang='lat' dir='ltr'>in</span> <span class='ocrx_word' id='word_1_230' title='bbox 1291 3307 1569 3372; x_wconf 88' lang='lat' dir='ltr'>quarum</span> <span class='ocrx_word' id='word_1_231' title='bbox 1599 3289 1808 3371; x_wconf 89' lang='lat' dir='ltr'>prima</span> 
     </span>
     <span class='ocr_line' id='line_1_24' title="bbox 258 3396 1810 3480; baseline 0 -20"><span class='ocrx_word' id='word_1_232' title='bbox 258 3397 669 3479; x_wconf 83' lang='lat' dir='ltr'>prosequitur</span> <span class='ocrx_word' id='word_1_233' title='bbox 695 3396 1120 3479; x_wconf 80' lang='lat' dir='ltr'>quaestionem</span> <span class='ocrx_word' id='word_1_234' title='bbox 1174 3397 1525 3461; x_wconf 87' lang='lat' dir='ltr'>secundum</span> <span class='ocrx_word' id='word_1_235' title='bbox 1563 3396 1810 3480; x_wconf 88' lang='lat' dir='ltr'>opinio-</span> 
     </span>
     <span class='ocr_line' id='line_1_25' title="bbox 259 3503 1809 3587; baseline 0 -21"><span class='ocrx_word' id='word_1_236' title='bbox 259 3521 406 3568; x_wconf 89' lang='lat' dir='ltr'>nem</span> <span class='ocrx_word' id='word_1_237' title='bbox 433 3522 883 3582; x_wconf 90' lang='lat' dir='ltr'>communem;</span> <span class='ocrx_word' id='word_1_238' title='bbox 908 3505 977 3567; x_wconf 90' lang='lat' dir='ltr'>in</span> <span class='ocrx_word' id='word_1_239' title='bbox 1005 3503 1287 3568; x_wconf 89' lang='lat' dir='ltr'>secunda</span> <span class='ocrx_word' id='word_1_240' title='bbox 1302 3522 1458 3569; x_wconf 84' lang='lat' dir='ltr'>vero</span> <span class='ocrx_word' id='word_1_241' title='bbox 1483 3504 1809 3587; x_wconf 87' lang='lat' dir='ltr'>prosequi-</span> 
     </span>
     <span class='ocr_line' id='line_1_26' title="bbox 259 3610 1810 3693; baseline 0 -18"><span class='ocrx_word' id='word_1_242' title='bbox 259 3614 360 3675; x_wconf 86' lang='lat' dir='ltr'>tur</span> <span class='ocrx_word' id='word_1_243' title='bbox 414 3630 562 3676; x_wconf 87' lang='lat' dir='ltr'>eam</span> <span class='ocrx_word' id='word_1_244' title='bbox 620 3610 977 3675; x_wconf 89' lang='lat' dir='ltr'>secundum</span> <span class='ocrx_word' id='word_1_245' title='bbox 1004 3611 1375 3693; x_wconf 89' lang='lat' dir='ltr'>opinionem</span> <span class='ocrx_word' id='word_1_246' title='bbox 1400 3611 1678 3675; x_wconf 88' lang='lat' dir='ltr'>aliorum</span> <span class='ocrx_word' id='word_1_247' title='bbox 1696 3660 1713 3690; x_wconf 90' lang='lat'>,</span> <span class='ocrx_word' id='word_1_248' title='bbox 1745 3614 1810 3675; x_wconf 89' lang='lat' dir='ltr'>et</span> 
     </span>
     <span class='ocr_line' id='line_1_27' title="bbox 259 3717 1809 3800; baseline 0 -16"><span class='ocrx_word' id='word_1_249' title='bbox 259 3718 643 3784; x_wconf 89' lang='lat' dir='ltr'>Sanctorum</span> <span class='ocrx_word' id='word_1_250' title='bbox 661 3719 1091 3798; x_wconf 76' lang='lat' dir='ltr'>auctoritateS,</span> <span class='ocrx_word' id='word_1_251' title='bbox 1108 3717 1198 3782; x_wconf 90' lang='lat' dir='ltr'>ibi</span> <span class='ocrx_word' id='word_1_252' title='bbox 1227 3740 1242 3782; x_wconf 72' lang='grc' dir='ltr'>ε</span> <span class='ocrx_word' id='word_1_253' title='bbox 1275 3718 1418 3784; x_wconf 80' lang='lat' dir='ltr'>Alii</span> <span class='ocrx_word' id='word_1_254' title='bbox 1443 3725 1656 3785; x_wconf 81' lang='lat' dir='ltr'>autem</span> <span class='ocrx_word' id='word_1_255' title='bbox 1670 3718 1809 3800; x_wconf 80' lang='lat' dir='ltr'>pla-</span> 
     </span>
     <span class='ocr_line' id='line_1_28' title="bbox 261 3824 1803 3910; baseline -0.003 -16"><span class='ocrx_word' id='word_1_256' title='bbox 261 3836 348 3896; x_wconf 77' lang='lat' dir='ltr'>cet</span> <span class='ocrx_word' id='word_1_257' title='bbox 395 3828 644 3894; x_wconf 74' lang='lat' dir='ltr'>christi</span> <span class='ocrx_word' id='word_1_258' title='bbox 693 3827 1180 3906; x_wconf 76' lang='lat' dir='ltr'>humanitatem,</span> <span class='ocrx_word' id='word_1_259' title='bbox 1236 3829 1356 3889; x_wconf 90' lang='lat' dir='ltr'>etc.</span> <span class='ocrx_word' id='word_1_260' title='bbox 1397 3824 1611 3888; x_wconf 84' lang='lat' dir='ltr'>Prima</span> <span class='ocrx_word' id='word_1_261' title='bbox 1656 3845 1803 3910; x_wconf 87' lang='lat' dir='ltr'>pars</span> 
     </span>
     <span class='ocr_line' id='line_1_29' title="bbox 262 3933 1809 4017; baseline -0.001 -17"><span class='ocrx_word' id='word_1_262' title='bbox 262 3935 565 4000; x_wconf 87' lang='lat' dir='ltr'>dividitur</span> <span class='ocrx_word' id='word_1_263' title='bbox 592 3935 662 3998; x_wconf 89' lang='lat' dir='ltr'>in</span> <span class='ocrx_word' id='word_1_264' title='bbox 709 3934 871 3998; x_wconf 90' lang='lat' dir='ltr'>duas</span> <span class='ocrx_word' id='word_1_265' title='bbox 918 3936 1152 4016; x_wconf 84' lang='lat' dir='ltr'>partes,</span> <span class='ocrx_word' id='word_1_266' title='bbox 1173 3933 1244 3996; x_wconf 91' lang='lat' dir='ltr'>in</span> <span class='ocrx_word' id='word_1_267' title='bbox 1296 3951 1575 4015; x_wconf 86' lang='lat' dir='ltr'>quarum</span> <span class='ocrx_word' id='word_1_268' title='bbox 1601 3935 1809 4017; x_wconf 88' lang='lat' dir='ltr'>prima</span> 
     </span>
     <span class='ocr_line' id='line_1_30' title="bbox 262 4039 1803 4127; baseline -0.003 -18"><span class='ocrx_word' id='word_1_269' title='bbox 262 4051 439 4127; x_wconf 84' lang='lat' dir='ltr'>parte</span> <span class='ocrx_word' id='word_1_270' title='bbox 464 4042 773 4126; x_wconf 83' lang='lat' dir='ltr'>opponit3</span> <span class='ocrx_word' id='word_1_271' title='bbox 806 4041 877 4105; x_wconf 90' lang='lat' dir='ltr'>in</span> <span class='ocrx_word' id='word_1_272' title='bbox 904 4040 1182 4104; x_wconf 90' lang='lat' dir='ltr'>secunda</span> <span class='ocrx_word' id='word_1_273' title='bbox 1210 4039 1609 4119; x_wconf 89' lang='lat' dir='ltr'>determinat,</span> <span class='ocrx_word' id='word_1_274' title='bbox 1664 4041 1753 4104; x_wconf 91' lang='lat' dir='ltr'>ihi</span> <span class='ocrx_word' id='word_1_275' title='bbox 1787 4063 1803 4105; x_wconf 72' lang='grc' dir='ltr'><strong>ε</strong></span> 
     </span>
     <span class='ocr_line' id='line_1_31' title="bbox 262 4146 1809 4233; baseline -0.003 -16"><span class='ocrx_word' id='word_1_276' title='bbox 262 4152 407 4219; x_wconf 77' lang='lat' dir='ltr'>Ideo</span> <span class='ocrx_word' id='word_1_277' title='bbox 445 4149 835 4233; x_wconf 77' lang='lat' dir='ltr'>quibusdam</span> <span class='ocrx_word' id='word_1_278' title='bbox 879 4147 1163 4228; x_wconf 82' lang='lat' dir='ltr'>videtur,</span> <span class='ocrx_word' id='word_1_279' title='bbox 1193 4152 1313 4211; x_wconf 91' lang='lat' dir='ltr'>etc.</span> <span class='ocrx_word' id='word_1_280' title='bbox 1346 4146 1635 4212; x_wconf 85' lang='lat' dir='ltr'>Secunda</span> <span class='ocrx_word' id='word_1_281' title='bbox 1664 4168 1809 4232; x_wconf 90' lang='lat' dir='ltr'>pars</span> 
     </span>
     <span class='ocr_line' id='line_1_32' title="bbox 262 4256 1808 4339; baseline -0.001 -16"><span class='ocrx_word' id='word_1_282' title='bbox 262 4261 328 4323; x_wconf 77' lang='lat' dir='ltr'>iii</span> <span class='ocrx_word' id='word_1_283' title='bbox 356 4260 519 4325; x_wconf 87' lang='lat' dir='ltr'>duas</span> <span class='ocrx_word' id='word_1_284' title='bbox 545 4256 872 4334; x_wconf 77' lang='lat' dir='ltr'>dividitur,</span> <span class='ocrx_word' id='word_1_285' title='bbox 903 4256 973 4319; x_wconf 91' lang='lat' dir='ltr'>in</span> <span class='ocrx_word' id='word_1_286' title='bbox 999 4274 1276 4338; x_wconf 85' lang='lat' dir='ltr'>quarum</span> <span class='ocrx_word' id='word_1_287' title='bbox 1299 4256 1505 4339; x_wconf 79' lang='lat' dir='ltr'>prima</span> <span class='ocrx_word' id='word_1_288' title='bbox 1540 4256 1808 4339; x_wconf 88' lang='lat' dir='ltr'>subjun-</span> 
     </span>
    </p>
   </div>
   <div class='ocr_carea' id='block_1_8' title="bbox 134 4361 1810 4452">
    <p class='ocr_par' dir='ltr' id='par_1_8' title="bbox 134 4361 1810 4452">
     <span class='ocr_line' id='line_1_33' title="bbox 134 4361 1810 4452; baseline -0.002 -22"><span class='ocrx_word' id='word_1_289' title='bbox 134 4449 137 4452; x_wconf 79' lang='lat'>.</span> <span class='ocrx_word' id='word_1_290' title='bbox 263 4368 359 4449; x_wconf 90' lang='lat' dir='ltr'>git</span> <span class='ocrx_word' id='word_1_291' title='bbox 396 4366 677 4429; x_wconf 86' lang='lat' dir='ltr'>aliorum</span> <span class='ocrx_word' id='word_1_292' title='bbox 710 4361 1074 4445; x_wconf 88' lang='lat' dir='ltr'>opinionem</span> <span class='ocrx_word' id='word_1_293' title='bbox 1099 4385 1115 4440; x_wconf 84' lang='lat'><em>3</em></span> <span class='ocrx_word' id='word_1_294' title='bbox 1137 4362 1203 4424; x_wconf 91' lang='lat' dir='ltr'>in</span> <span class='ocrx_word' id='word_1_295' title='bbox 1230 4362 1509 4425; x_wconf 66' lang='lat' dir='ltr'>secunda</span> <span class='ocrx_word' id='word_1_296' title='bbox 1535 4382 1690 4428; x_wconf 83' lang='lat' dir='ltr'>vero</span> <span class='ocrx_word' id='word_1_297' title='bbox 1716 4365 1810 4427; x_wconf 92' lang='lat' dir='ltr'>in-</span> 
     </span>
    </p>
   </div>
   <div class='ocr_carea' id='block_1_9' title="bbox 255 4472 1810 5315">
    <p class='ocr_par' dir='ltr' id='par_1_9' title="bbox 255 4472 1810 5315">
     <span class='ocr_line' id='line_1_34' title="bbox 260 4472 1807 4556; baseline -0.002 -16"><span class='ocrx_word' id='word_1_298' title='bbox 260 4476 434 4540; x_wconf 89' lang='lat' dir='ltr'>ducit</span> <span class='ocrx_word' id='word_1_299' title='bbox 478 4474 656 4538; x_wconf 89' lang='lat' dir='ltr'>illius</span> <span class='ocrx_word' id='word_1_300' title='bbox 712 4472 1026 4556; x_wconf 87' lang='lat' dir='ltr'>opinionis</span> <span class='ocrx_word' id='word_1_301' title='bbox 1078 4473 1626 4536; x_wconf 84' lang='lat' dir='ltr'>confirmationem</span> <span class='ocrx_word' id='word_1_302' title='bbox 1694 4492 1807 4556; x_wconf 91' lang='lat' dir='ltr'>per</span> 
     </span>
     <span class='ocr_line' id='line_1_35' title="bbox 258 4579 1803 4665; baseline -0.001 -18"><span class='ocrx_word' id='word_1_303' title='bbox 258 4582 676 4665; x_wconf 88' lang='lat' dir='ltr'>multiplicem</span> <span class='ocrx_word' id='word_1_304' title='bbox 703 4579 1079 4645; x_wconf 89' lang='lat' dir='ltr'>Sanctorum</span> <span class='ocrx_word' id='word_1_305' title='bbox 1128 4580 1631 4662; x_wconf 74' lang='lat' dir='ltr'>attestationemj,</span> <span class='ocrx_word' id='word_1_306' title='bbox 1662 4580 1749 4643; x_wconf 90' lang='lat' dir='ltr'>ibi</span> <span class='ocrx_word' id='word_1_307' title='bbox 1788 4604 1803 4646; x_wconf 75' lang='grc' dir='ltr'>ε</span> 
     </span>
     <span class='ocr_line' id='line_1_36' title="bbox 257 4687 1809 4764; baseline -0.004 -7"><span class='ocrx_word' id='word_1_308' title='bbox 257 4690 476 4757; x_wconf 77' lang='lat' dir='ltr'>Dehoc</span> <span class='ocrx_word' id='word_1_309' title='bbox 504 4691 779 4756; x_wconf 80' lang='lat' dir='ltr'>Joannes</span> <span class='ocrx_word' id='word_1_310' title='bbox 805 4690 1237 4752; x_wconf 76' lang='lat' dir='ltr'>Damascenus</span> <span class='ocrx_word' id='word_1_311' title='bbox 1263 4688 1361 4752; x_wconf 78' lang='lat' dir='ltr'>ita</span> <span class='ocrx_word' id='word_1_312' title='bbox 1388 4688 1522 4764; x_wconf 82' lang='lat' dir='ltr'>ait,</span> <span class='ocrx_word' id='word_1_313' title='bbox 1551 4690 1668 4752; x_wconf 83' lang='lat' dir='ltr'>etc.</span> <span class='ocrx_word' id='word_1_314' title='bbox 1700 4687 1809 4751; x_wconf 82' lang='lat' dir='ltr'>llla</span> 
     </span>
     <span class='ocr_line' id='line_1_37' title="bbox 255 4793 1804 4880; baseline -0.003 -18"><span class='ocrx_word' id='word_1_315' title='bbox 255 4798 539 4862; x_wconf 84' lang='lat' dir='ltr'>secunda</span> <span class='ocrx_word' id='word_1_316' title='bbox 559 4814 712 4880; x_wconf 85' lang='lat' dir='ltr'>pars</span> <span class='ocrx_word' id='word_1_317' title='bbox 736 4798 944 4878; x_wconf 90' lang='lat' dir='ltr'>posset</span> <span class='ocrx_word' id='word_1_318' title='bbox 959 4794 1168 4859; x_wconf 89' lang='lat' dir='ltr'>adhuc</span> <span class='ocrx_word' id='word_1_319' title='bbox 1184 4793 1498 4858; x_wconf 85' lang='lat' dir='ltr'>subdividi</span> <span class='ocrx_word' id='word_1_320' title='bbox 1514 4794 1583 4857; x_wconf 91' lang='lat' dir='ltr'>in</span> <span class='ocrx_word' id='word_1_321' title='bbox 1604 4793 1764 4858; x_wconf 88' lang='lat' dir='ltr'>duas</span> <span class='ocrx_word' id='word_1_322' title='bbox 1786 4813 1804 4858; x_wconf 71' lang='grc' dir='ltr'><strong>ε</strong></span> 
     </span>
     <span class='ocr_line' id='line_1_38' title="bbox 256 4898 1810 4989; baseline -0.003 -20"><span class='ocrx_word' id='word_1_323' title='bbox 256 4906 324 4969; x_wconf 91' lang='lat' dir='ltr'>in</span> <span class='ocrx_word' id='word_1_324' title='bbox 350 4905 565 4989; x_wconf 85' lang='lat' dir='ltr'>prima</span> <span class='ocrx_word' id='word_1_325' title='bbox 593 4902 933 4968; x_wconf 84' lang='lat' dir='ltr'>confirmat</span> <span class='ocrx_word' id='word_1_326' title='bbox 976 4900 1347 4964; x_wconf 86' lang='lat' dir='ltr'>auctoritate</span> <span class='ocrx_word' id='word_1_327' title='bbox 1376 4898 1578 4964; x_wconf 84' lang='lat' dir='ltr'>Graeci</span> <span class='ocrx_word' id='word_1_328' title='bbox 1596 4948 1613 4978; x_wconf 90' lang='lat'>,</span> <span class='ocrx_word' id='word_1_329' title='bbox 1643 4902 1810 4965; x_wconf 89' lang='lat' dir='ltr'>scili-</span> 
     </span>
     <span class='ocr_line' id='line_1_39' title="bbox 258 5008 1808 5087; baseline -0.003 -9"><span class='ocrx_word' id='word_1_330' title='bbox 258 5017 357 5078; x_wconf 91' lang='lat' dir='ltr'>cet</span> <span class='ocrx_word' id='word_1_331' title='bbox 381 5009 791 5087; x_wconf 76' lang='lat' dir='ltr'>Damasceni;</span> <span class='ocrx_word' id='word_1_332' title='bbox 825 5008 897 5071; x_wconf 90' lang='lat' dir='ltr'>in</span> <span class='ocrx_word' id='word_1_333' title='bbox 923 5009 1201 5073; x_wconf 85' lang='lat' dir='ltr'>secunda</span> <span class='ocrx_word' id='word_1_334' title='bbox 1225 5008 1598 5073; x_wconf 87' lang='lat' dir='ltr'>auctoritate</span> <span class='ocrx_word' id='word_1_335' title='bbox 1645 5008 1808 5074; x_wconf 88' lang='lat' dir='ltr'>Lati-</span> 
     </span>
     <span class='ocr_line' id='line_1_40' title="bbox 256 5119 1810 5204; baseline -0.002 -14"><span class='ocrx_word' id='word_1_336' title='bbox 256 5125 351 5204; x_wconf 89' lang='lat' dir='ltr'>ni,</span> <span class='ocrx_word' id='word_1_337' title='bbox 394 5124 687 5190; x_wconf 81' lang='lat' dir='ltr'>videlicet</span> <span class='ocrx_word' id='word_1_338' title='bbox 729 5119 1098 5202; x_wconf 81' lang='lat' dir='ltr'>Augustini,</span> <span class='ocrx_word' id='word_1_339' title='bbox 1145 5119 1236 5182; x_wconf 89' lang='lat' dir='ltr'>ibi</span> <span class='ocrx_word' id='word_1_340' title='bbox 1296 5142 1311 5184; x_wconf 92' lang='lat'><strong>:</strong></span> <span class='ocrx_word' id='word_1_341' title='bbox 1343 5120 1429 5186; x_wconf 80' lang='lat' dir='ltr'>De</span> <span class='ocrx_word' id='word_1_342' title='bbox 1453 5119 1565 5187; x_wconf 76' lang='lat' dir='ltr'>hoc</span> <span class='ocrx_word' id='word_1_343' title='bbox 1614 5123 1810 5189; x_wconf 78' lang='lat' dir='ltr'>etiam</span> 
     </span>
     <span class='ocr_line' id='line_1_41' title="bbox 257 5227 1501 5315; baseline -0.008 -14"><span class='ocrx_word' id='word_1_344' title='bbox 257 5234 667 5315; x_wconf 72' lang='lat' dir='ltr'>Auqmtinus</span> <span class='ocrx_word' id='word_1_345' title='bbox 685 5230 787 5296; x_wconf 82' lang='lat' dir='ltr'>ait</span> <span class='ocrx_word' id='word_1_346' title='bbox 805 5230 882 5294; x_wconf 77' lang='lat' dir='ltr'>in</span> <span class='ocrx_word' id='word_1_347' title='bbox 904 5243 1191 5294; x_wconf 79' lang='lat' dir='ltr'>sermone</span> <span class='ocrx_word' id='word_1_348' title='bbox 1216 5227 1501 5293; x_wconf 79' lang='lat' dir='ltr'>Domini.</span> 
     </span>
    </p>
   </div>
   <div class='ocr_carea' id='block_1_10' title="bbox 322 5377 1806 5529">
    <p class='ocr_par' dir='ltr' id='par_1_10' title="bbox 322 5377 1806 5529">
     <span class='ocr_line' id='line_1_42' title="bbox 327 5377 1648 5445; baseline -0.004 -12"><span class='ocrx_word' id='word_1_349' title='bbox 327 5386 344 5420; x_wconf 82' lang='lat'><strong>¹</strong></span> <span class='ocrx_word' id='word_1_350' title='bbox 366 5383 449 5433; x_wconf 78' lang='lat' dir='ltr'>Ps.</span> <span class='ocrx_word' id='word_1_351' title='bbox 480 5392 668 5445; x_wconf 69' lang='lat' dir='ltr'>xcviii,</span> <span class='ocrx_word' id='word_1_352' title='bbox 698 5383 747 5431; x_wconf 85' lang='lat'>5.</span> <span class='ocrx_word' id='word_1_353' title='bbox 770 5378 869 5416; x_wconf 69' lang='lat'>-2</span> <span class='ocrx_word' id='word_1_354' title='bbox 902 5379 1077 5427; x_wconf 78' lang='lat' dir='ltr'>Enarr.</span> <span class='ocrx_word' id='word_1_355' title='bbox 1110 5379 1163 5426; x_wconf 69' lang='lat' dir='ltr'>tn</span> <span class='ocrx_word' id='word_1_356' title='bbox 1193 5377 1274 5426; x_wconf 77' lang='lat' dir='ltr'>Ps.</span> <span class='ocrx_word' id='word_1_357' title='bbox 1305 5388 1491 5440; x_wconf 72' lang='lat' dir='ltr'>xcviii,</span> <span class='ocrx_word' id='word_1_358' title='bbox 1518 5390 1572 5427; x_wconf 87' lang='lat' dir='ltr'>n.</span> <span class='ocrx_word' id='word_1_359' title='bbox 1601 5377 1648 5428; x_wconf 85' lang='lat'>9.</span> 
     </span>
     <span class='ocr_line' id='line_1_43' title="bbox 322 5460 1806 5529; baseline -0.005 -9"><span class='ocrx_word' id='word_1_360' title='bbox 322 5466 390 5529; x_wconf 71' lang='lat' dir='ltr'>(a)</span> <span class='ocrx_word' id='word_1_361' title='bbox 419 5466 559 5520; x_wconf 65' lang='lat' dir='ltr'>Mt.</span> <span class='ocrx_word' id='word_1_362' title='bbox 585 5463 843 5518; x_wconf 63' lang='lat' dir='ltr'>Rev-edm.</span> <span class='ocrx_word' id='word_1_363' title='bbox 866 5467 1072 5514; x_wconf 66' lang='lat' dir='ltr'>eterne</span> <span class='ocrx_word' id='word_1_364' title='bbox 1100 5460 1281 5513; x_wconf 85' lang='lat' dir='ltr'>mortis</span> <span class='ocrx_word' id='word_1_365' title='bbox 1301 5474 1512 5528; x_wconf 80' lang='lat' dir='ltr'>poenam</span> <span class='ocrx_word' id='word_1_366' title='bbox 1532 5461 1806 5526; x_wconf 81' lang='lat' dir='ltr'>patientur.</span> 
     </span>
    </p>
   </div>
   <div class='ocr_carea' id='block_1_11' title="bbox 2580 2341 2803 2388">
    <p class='ocr_par' dir='ltr' id='par_1_11' title="bbox 2580 2341 2803 2388">
     <span class='ocr_line' id='line_1_44' title="bbox 2580 2341 2803 2388; baseline 0 -1"><span class='ocrx_word' id='word_1_367' title='bbox 2580 2341 2717 2388; x_wconf 80' lang='lat' dir='ltr'>DUB.</span> <span class='ocrx_word' id='word_1_368' title='bbox 2757 2341 2803 2388; x_wconf 78' lang='lat' dir='ltr'>t.</span> 
     </span>
    </p>
   </div>
   <div class='ocr_carea' id='block_1_12' title="bbox 2010 2502 3369 2640">
    <p class='ocr_par' dir='ltr' id='par_1_12' title="bbox 2010 2502 3369 2640">
     <span class='ocr_line' id='line_1_45' title="bbox 2010 2502 3369 2566; baseline 0.004 -12"><span class='ocrx_word' id='word_1_369' title='bbox 2010 2502 2212 2561; x_wconf 81' lang='lat' dir='ltr'>Cultus,</span> <span class='ocrx_word' id='word_1_370' title='bbox 2249 2505 2371 2566; x_wconf 67' lang='lat' dir='ltr'>etc„</span> <span class='ocrx_word' id='word_1_371' title='bbox 2398 2502 2631 2554; x_wconf 75' lang='lat' dir='ltr'>consistit</span> <span class='ocrx_word' id='word_1_372' title='bbox 2656 2503 2711 2553; x_wconf 93' lang='lat' dir='ltr'>in</span> <span class='ocrx_word' id='word_1_373' title='bbox 2737 2503 3009 2557; x_wconf 84' lang='lat' dir='ltr'>dilectione</span> <span class='ocrx_word' id='word_1_374' title='bbox 3036 2507 3089 2557; x_wconf 84' lang='lat' dir='ltr'>et</span> <span class='ocrx_word' id='word_1_375' title='bbox 3131 2507 3369 2559; x_wconf 78' lang='lat' dir='ltr'>sacrificii</span> 
     </span>
     <span class='ocr_line' id='line_1_46' title="bbox 2463 2575 2930 2640; baseline 0.002 -15"><span class='ocrx_word' id='word_1_376' title='bbox 2463 2575 2777 2626; x_wconf 82' lang='lat' dir='ltr'>exhibitione</span> <span class='ocrx_word' id='word_1_377' title='bbox 2791 2613 2809 2640; x_wconf 87' lang='lat'>,</span> <span class='ocrx_word' id='word_1_378' title='bbox 2831 2581 2930 2628; x_wconf 83' lang='lat' dir='ltr'>etc.</span> 
     </span>
    </p>
   </div>
   <div class='ocr_carea' id='block_1_13' title="bbox 1903 2753 3462 2837">
    <p class='ocr_par' dir='ltr' id='par_1_13' title="bbox 1903 2753 3462 2837">
     <span class='ocr_line' id='line_1_47' title="bbox 1903 2753 3462 2837; baseline 0.003 -20"><span class='ocrx_word' id='word_1_379' title='bbox 1903 2816 1918 2831; x_wconf 78' lang='grc'>,</span> <span class='ocrx_word' id='word_1_380' title='bbox 1998 2753 2115 2818; x_wconf 83' lang='lat' dir='ltr'>Hic</span> <span class='ocrx_word' id='word_1_381' title='bbox 2162 2753 2476 2836; x_wconf 77' lang='lat' dir='ltr'>quaeritur</span> <span class='ocrx_word' id='word_1_382' title='bbox 2513 2753 2784 2837; x_wconf 82' lang='lat' dir='ltr'>qualiter</span> <span class='ocrx_word' id='word_1_383' title='bbox 2828 2755 3319 2837; x_wconf 89' lang='lat' dir='ltr'>distinguuntur</span> <span class='ocrx_word' id='word_1_384' title='bbox 3351 2759 3462 2823; x_wconf 86' lang='lat' dir='ltr'>illa</span> 
     </span>
    </p>
   </div>
   <div class='ocr_carea' id='block_1_14' title="bbox 1913 2860 3465 5413">
    <p class='ocr_par' dir='ltr' id='par_1_14' title="bbox 1913 2860 3462 4125">
     <span class='ocr_line' id='line_1_48' title="bbox 1923 2860 3456 2947; baseline 0.001 -18"><span class='ocrx_word' id='word_1_385' title='bbox 1923 2865 2075 2942; x_wconf 83' lang='lat' dir='ltr'>tria3</span> <span class='ocrx_word' id='word_1_386' title='bbox 2132 2866 2198 2927; x_wconf 89' lang='lat' dir='ltr'>et</span> <span class='ocrx_word' id='word_1_387' title='bbox 2235 2861 2490 2927; x_wconf 84' lang='lat' dir='ltr'>videtur</span> <span class='ocrx_word' id='word_1_388' title='bbox 2539 2860 2709 2944; x_wconf 86' lang='lat' dir='ltr'>quod</span> <span class='ocrx_word' id='word_1_389' title='bbox 2765 2862 3220 2929; x_wconf 81' lang='lat' dir='ltr'>insufficienter</span> <span class='ocrx_word' id='word_1_390' title='bbox 3268 2865 3456 2947; x_wconf 87' lang='lat' dir='ltr'>dicat,</span> 
     </span>
     <span class='ocr_line' id='line_1_49' title="bbox 1918 2969 3454 3055; baseline 0.003 -22"><span class='ocrx_word' id='word_1_391' title='bbox 1918 2971 2071 3055; x_wconf 87' lang='lat' dir='ltr'>quia</span> <span class='ocrx_word' id='word_1_392' title='bbox 2101 2969 2309 3051; x_wconf 85' lang='lat' dir='ltr'>magis</span> <span class='ocrx_word' id='word_1_393' title='bbox 2331 2969 2587 3034; x_wconf 85' lang='lat' dir='ltr'>videtur</span> <span class='ocrx_word' id='word_1_394' title='bbox 2614 2970 2956 3034; x_wconf 90' lang='lat' dir='ltr'>consistere</span> <span class='ocrx_word' id='word_1_395' title='bbox 2983 2970 3050 3033; x_wconf 92' lang='lat' dir='ltr'>in</span> <span class='ocrx_word' id='word_1_396' title='bbox 3067 2970 3454 3038; x_wconf 87' lang='lat' dir='ltr'>adoratione.</span> 
     </span>
     <span class='ocr_line' id='line_1_50' title="bbox 1919 3073 3460 3146; baseline 0.002 -4"><span class='ocrx_word' id='word_1_397' title='bbox 1919 3078 2025 3143; x_wconf 82' lang='lat' dir='ltr'>Ait</span> <span class='ocrx_word' id='word_1_398' title='bbox 2054 3077 2228 3142; x_wconf 88' lang='lat' dir='ltr'>enim</span> <span class='ocrx_word' id='word_1_399' title='bbox 2258 3075 2601 3141; x_wconf 84' lang='lat' dir='ltr'>Rabanus:</span> <span class='ocrx_word' id='word_1_400' title='bbox 2641 3099 2673 3137; x_wconf 76' lang='grc' dir='ltr'>α</span> <span class='ocrx_word' id='word_1_401' title='bbox 2711 3073 2816 3140; x_wconf 91' lang='lat' dir='ltr'>Sic</span> <span class='ocrx_word' id='word_1_402' title='bbox 2852 3095 2998 3141; x_wconf 84' lang='lat' dir='ltr'>caro</span> <span class='ocrx_word' id='word_1_403' title='bbox 3036 3076 3264 3142; x_wconf 86' lang='lat' dir='ltr'>Christi</span> <span class='ocrx_word' id='word_1_404' title='bbox 3312 3079 3460 3146; x_wconf 86' lang='lat' dir='ltr'>ado-</span> 
     </span>
     <span class='ocr_line' id='line_1_51' title="bbox 1919 3184 3461 3262; baseline 0.001 -11"><span class='ocrx_word' id='word_1_405' title='bbox 1919 3186 2116 3251; x_wconf 86' lang='lat' dir='ltr'>randa</span> <span class='ocrx_word' id='word_1_406' title='bbox 2138 3190 2233 3249; x_wconf 84' lang='lat' dir='ltr'>est</span> <span class='ocrx_word' id='word_1_407' title='bbox 2256 3185 2466 3260; x_wconf 82' lang='lat' dir='ltr'>latria,</span> <span class='ocrx_word' id='word_1_408' title='bbox 2496 3184 2660 3249; x_wconf 90' lang='lat' dir='ltr'>sicut</span> <span class='ocrx_word' id='word_1_409' title='bbox 2690 3184 3003 3262; x_wconf 87' lang='lat' dir='ltr'>Verbum;</span> <span class='ocrx_word' id='word_1_410' title='bbox 3036 3185 3145 3249; x_wconf 90' lang='lat' dir='ltr'>sed</span> <span class='ocrx_word' id='word_1_411' title='bbox 3176 3204 3308 3251; x_wconf 93' lang='lat' dir='ltr'>non</span> <span class='ocrx_word' id='word_1_412' title='bbox 3328 3206 3461 3252; x_wconf 89' lang='lat' dir='ltr'>om·</span> 
     </span>
     <span class='ocr_line' id='line_1_52' title="bbox 1919 3292 3462 3376; baseline 0.002 -20"><span class='ocrx_word' id='word_1_413' title='bbox 1919 3294 1987 3356; x_wconf 91' lang='lat' dir='ltr'>ni</span> <span class='ocrx_word' id='word_1_414' title='bbox 2040 3293 2248 3376; x_wconf 89' lang='lat' dir='ltr'>specie</span> <span class='ocrx_word' id='word_1_415' title='bbox 2298 3292 2500 3357; x_wconf 83' lang='lat' dir='ltr'>latriae</span> <span class='ocrx_word' id='word_1_416' title='bbox 2524 3341 2540 3368; x_wconf 92' lang='lat'>,</span> <span class='ocrx_word' id='word_1_417' title='bbox 2574 3294 2880 3374; x_wconf 84' lang='lat' dir='ltr'>quoniam</span> <span class='ocrx_word' id='word_1_418' title='bbox 2935 3311 3068 3356; x_wconf 93' lang='lat' dir='ltr'>non</span> <span class='ocrx_word' id='word_1_419' title='bbox 3121 3293 3462 3359; x_wconf 89' lang='lat' dir='ltr'>adoramus</span> 
     </span>
     <span class='ocr_line' id='line_1_53' title="bbox 1918 3399 3459 3485; baseline 0.001 -21"><span class='ocrx_word' id='word_1_420' title='bbox 1918 3418 2069 3464; x_wconf 88' lang='lat' dir='ltr'>eum</span> <span class='ocrx_word' id='word_1_421' title='bbox 2091 3400 2390 3483; x_wconf 88' lang='lat' dir='ltr'>prostrati</span> <span class='ocrx_word' id='word_1_422' title='bbox 2419 3399 2487 3462; x_wconf 90' lang='lat' dir='ltr'>in</span> <span class='ocrx_word' id='word_1_423' title='bbox 2513 3404 2704 3477; x_wconf 90' lang='lat' dir='ltr'>terra,</span> <span class='ocrx_word' id='word_1_424' title='bbox 2733 3399 2824 3462; x_wconf 89' lang='lat' dir='ltr'>sic</span> <span class='ocrx_word' id='word_1_425' title='bbox 2849 3402 2924 3462; x_wconf 89' lang='lat' dir='ltr'>ut</span> <span class='ocrx_word' id='word_1_426' title='bbox 2944 3399 3276 3463; x_wconf 88' lang='lat' dir='ltr'>credamus</span> <span class='ocrx_word' id='word_1_427' title='bbox 3289 3402 3459 3485; x_wconf 90' lang='lat' dir='ltr'>quod</span> 
     </span>
     <span class='ocr_line' id='line_1_54' title="bbox 1919 3506 3459 3590; baseline 0.001 -20"><span class='ocrx_word' id='word_1_428' title='bbox 1919 3525 2036 3570; x_wconf 88' lang='lat' dir='ltr'>nos</span> <span class='ocrx_word' id='word_1_429' title='bbox 2062 3507 2301 3572; x_wconf 82' lang='lat' dir='ltr'>creavit</span> <span class='ocrx_word' id='word_1_430' title='bbox 2329 3526 2412 3572; x_wconf 86' lang='lat' dir='ltr'>ex</span> <span class='ocrx_word' id='word_1_431' title='bbox 2441 3506 2662 3570; x_wconf 89' lang='lat' dir='ltr'>nihilo.</span> <span class='ocrx_word' id='word_1_432' title='bbox 2694 3529 2724 3565; x_wconf 78' lang='lat' dir='ltr'>n</span> <span class='ocrx_word' id='word_1_433' title='bbox 2762 3506 2935 3589; x_wconf 89' lang='lat' dir='ltr'>Ergo</span> <span class='ocrx_word' id='word_1_434' title='bbox 2983 3506 3239 3571; x_wconf 87' lang='lat' dir='ltr'>videtur</span> <span class='ocrx_word' id='word_1_435' title='bbox 3285 3509 3459 3590; x_wconf 85' lang='lat' dir='ltr'>quod</span> 
     </span>
     <span class='ocr_line' id='line_1_55' title="bbox 1919 3613 3462 3697; baseline 0.001 -19"><span class='ocrx_word' id='word_1_436' title='bbox 1919 3615 2131 3697; x_wconf 88' lang='lat' dir='ltr'>potius</span> <span class='ocrx_word' id='word_1_437' title='bbox 2156 3616 2492 3693; x_wconf 84' lang='lat' dir='ltr'>prostratio</span> <span class='ocrx_word' id='word_1_438' title='bbox 2514 3614 2582 3677; x_wconf 92' lang='lat' dir='ltr'>in</span> <span class='ocrx_word' id='word_1_439' title='bbox 2609 3617 2846 3677; x_wconf 89' lang='lat' dir='ltr'>terram</span> <span class='ocrx_word' id='word_1_440' title='bbox 2876 3613 3188 3697; x_wconf 88' lang='lat' dir='ltr'>pertineat</span> <span class='ocrx_word' id='word_1_441' title='bbox 3212 3615 3291 3679; x_wconf 87' lang='lat' dir='ltr'>ad</span> <span class='ocrx_word' id='word_1_442' title='bbox 3320 3617 3462 3680; x_wconf 91' lang='lat' dir='ltr'>cul-</span> 
     </span>
     <span class='ocr_line' id='line_1_56' title="bbox 1917 3720 3461 3804; baseline 0.001 -19"><span class='ocrx_word' id='word_1_443' title='bbox 1917 3727 2057 3785; x_wconf 90' lang='lat' dir='ltr'>tum</span> <span class='ocrx_word' id='word_1_444' title='bbox 2091 3721 2220 3800; x_wconf 92' lang='lat' dir='ltr'>Dei,</span> <span class='ocrx_word' id='word_1_445' title='bbox 2274 3740 2469 3804; x_wconf 86' lang='lat' dir='ltr'>quam</span> <span class='ocrx_word' id='word_1_446' title='bbox 2516 3720 2837 3803; x_wconf 84' lang='lat' dir='ltr'>praedicta.</span> <span class='ocrx_word' id='word_1_447' title='bbox 2885 3720 3043 3783; x_wconf 92' lang='lat' dir='ltr'>ltem</span> <span class='ocrx_word' id='word_1_448' title='bbox 3081 3720 3334 3786; x_wconf 87' lang='lat' dir='ltr'>videtur</span> <span class='ocrx_word' id='word_1_449' title='bbox 3360 3723 3461 3786; x_wconf 90' lang='lat' dir='ltr'>di-</span> 
     </span>
     <span class='ocr_line' id='line_1_57' title="bbox 1918 3826 3456 3911; baseline -0.001 -18"><span class='ocrx_word' id='word_1_450' title='bbox 1918 3828 2213 3908; x_wconf 88' lang='lat' dir='ltr'>minutio,</span> <span class='ocrx_word' id='word_1_451' title='bbox 2245 3828 2399 3911; x_wconf 88' lang='lat' dir='ltr'>quia</span> <span class='ocrx_word' id='word_1_452' title='bbox 2423 3846 2552 3890; x_wconf 92' lang='lat' dir='ltr'>non</span> <span class='ocrx_word' id='word_1_453' title='bbox 2580 3830 2835 3890; x_wconf 88' lang='lat' dir='ltr'>tantum</span> <span class='ocrx_word' id='word_1_454' title='bbox 2878 3826 3109 3891; x_wconf 86' lang='lat' dir='ltr'>colitur</span> <span class='ocrx_word' id='word_1_455' title='bbox 3152 3827 3317 3892; x_wconf 91' lang='lat' dir='ltr'>Deus</span> <span class='ocrx_word' id='word_1_456' title='bbox 3361 3829 3456 3892; x_wconf 89' lang='lat' dir='ltr'>di-</span> 
     </span>
     <span class='ocr_line' id='line_1_58' title="bbox 1917 3933 3458 4017; baseline -0.001 -16"><span class='ocrx_word' id='word_1_457' title='bbox 1917 3937 2207 4014; x_wconf 89' lang='lat' dir='ltr'>lectione,</span> <span class='ocrx_word' id='word_1_458' title='bbox 2239 3937 2345 4000; x_wconf 90' lang='lat' dir='ltr'>sed</span> <span class='ocrx_word' id='word_1_459' title='bbox 2365 3936 2555 4000; x_wconf 88' lang='lat' dir='ltr'>etiam</span> <span class='ocrx_word' id='word_1_460' title='bbox 2585 3934 2732 3998; x_wconf 81' lang='lat' dir='ltr'>fide.</span> <span class='ocrx_word' id='word_1_461' title='bbox 2764 3933 3086 4011; x_wconf 72' lang='lat' dir='ltr'>Quaeritur</span> <span class='ocrx_word' id='word_1_462' title='bbox 3105 3953 3265 4017; x_wconf 86' lang='lat' dir='ltr'>ergo</span> <span class='ocrx_word' id='word_1_463' title='bbox 3292 3954 3458 4017; x_wconf 86' lang='lat' dir='ltr'>qua-</span> 
     </span>
     <span class='ocr_line' id='line_1_59' title="bbox 1913 4041 3183 4125; baseline -0.001 -18"><span class='ocrx_word' id='word_1_464' title='bbox 1913 4043 2059 4107; x_wconf 88' lang='lat' dir='ltr'>liter</span> <span class='ocrx_word' id='word_1_465' title='bbox 2076 4044 2564 4125; x_wconf 88' lang='lat' dir='ltr'>distinguuntur</span> <span class='ocrx_word' id='word_1_466' title='bbox 2585 4042 2694 4106; x_wconf 83' lang='lat' dir='ltr'>illa</span> <span class='ocrx_word' id='word_1_467' title='bbox 2721 4041 2842 4104; x_wconf 89' lang='lat' dir='ltr'>tria</span> <span class='ocrx_word' id='word_1_468' title='bbox 2862 4042 3183 4125; x_wconf 82' lang='lat' dir='ltr'>praedicta.</span> 
     </span>
    </p>

    <p class='ocr_par' dir='ltr' id='par_1_15' title="bbox 1913 4149 3465 5413">
     <span class='ocr_line' id='line_1_60' title="bbox 1998 4149 3464 4235; baseline -0.002 -18"><span class='ocrx_word' id='word_1_469' title='bbox 1998 4152 2181 4235; x_wconf 89' lang='lat' dir='ltr'>Resp.</span> <span class='ocrx_word' id='word_1_470' title='bbox 2206 4151 2574 4230; x_wconf 86' lang='lat' dir='ltr'>Dicendum,</span> <span class='ocrx_word' id='word_1_471' title='bbox 2604 4149 2798 4233; x_wconf 90' lang='lat' dir='ltr'>quod,</span> <span class='ocrx_word' id='word_1_472' title='bbox 2831 4149 2997 4213; x_wconf 89' lang='lat' dir='ltr'>sicut</span> <span class='ocrx_word' id='word_1_473' title='bbox 3028 4150 3321 4213; x_wconf 89' lang='lat' dir='ltr'>habitum</span> <span class='ocrx_word' id='word_1_474' title='bbox 3370 4154 3464 4214; x_wconf 89' lang='lat' dir='ltr'>est</span> 
     </span>
     <span class='ocr_line' id='line_1_61' title="bbox 1915 4256 3462 4342; baseline -0.003 -18"><span class='ocrx_word' id='word_1_475' title='bbox 1915 4278 2134 4342; x_wconf 88' lang='lat' dir='ltr'>supra,</span> <span class='ocrx_word' id='word_1_476' title='bbox 2184 4259 2350 4323; x_wconf 91' lang='lat' dir='ltr'>Deus</span> <span class='ocrx_word' id='word_1_477' title='bbox 2375 4259 2602 4323; x_wconf 88' lang='lat' dir='ltr'>colitur</span> <span class='ocrx_word' id='word_1_478' title='bbox 2645 4258 2823 4320; x_wconf 88' lang='lat' dir='ltr'>cultu</span> <span class='ocrx_word' id='word_1_479' title='bbox 2855 4256 3144 4320; x_wconf 90' lang='lat' dir='ltr'>interiori</span> <span class='ocrx_word' id='word_1_480' title='bbox 3169 4260 3232 4320; x_wconf 90' lang='lat' dir='ltr'>et</span> <span class='ocrx_word' id='word_1_481' title='bbox 3280 4260 3462 4320; x_wconf 85' lang='lat' dir='ltr'>exte-</span> 
     </span>
     <span class='ocr_line' id='line_1_62' title="bbox 1915 4363 3465 4446; baseline -0.003 -15"><span class='ocrx_word' id='word_1_482' title='bbox 1915 4367 2069 4431; x_wconf 90' lang='lat' dir='ltr'>riori</span> <span class='ocrx_word' id='word_1_483' title='bbox 2098 4389 2113 4431; x_wconf 86' lang='lat'>:</span> <span class='ocrx_word' id='word_1_484' title='bbox 2145 4371 2222 4431; x_wconf 91' lang='lat' dir='ltr'>ut</span> <span class='ocrx_word' id='word_1_485' title='bbox 2245 4371 2462 4431; x_wconf 89' lang='lat' dir='ltr'>autem</span> <span class='ocrx_word' id='word_1_486' title='bbox 2479 4363 2780 4446; x_wconf 80' lang='lat' dir='ltr'>Magister</span> <span class='ocrx_word' id='word_1_487' title='bbox 2803 4365 3188 4446; x_wconf 86' lang='lat' dir='ltr'>exprimeret</span> <span class='ocrx_word' id='word_1_488' title='bbox 3215 4368 3465 4428; x_wconf 89' lang='lat' dir='ltr'>utrum-</span> 
     </span>
     <span class='ocr_line' id='line_1_63' title="bbox 1916 4470 3457 4558; baseline -0.003 -18"><span class='ocrx_word' id='word_1_489' title='bbox 1916 4495 2042 4558; x_wconf 85' lang='lat' dir='ltr'>que</span> <span class='ocrx_word' id='word_1_490' title='bbox 2067 4475 2337 4554; x_wconf 90' lang='lat' dir='ltr'>cultum,</span> <span class='ocrx_word' id='word_1_491' title='bbox 2356 4473 2507 4538; x_wconf 83' lang='lat' dir='ltr'>dicit</span> <span class='ocrx_word' id='word_1_492' title='bbox 2521 4472 2692 4554; x_wconf 88' lang='lat' dir='ltr'>quod</span> <span class='ocrx_word' id='word_1_493' title='bbox 2715 4471 2998 4535; x_wconf 88' lang='lat' dir='ltr'>consistit</span> <span class='ocrx_word' id='word_1_494' title='bbox 3024 4470 3092 4533; x_wconf 91' lang='lat' dir='ltr'>in</span> <span class='ocrx_word' id='word_1_495' title='bbox 3104 4470 3457 4551; x_wconf 87' lang='lat' dir='ltr'>dilectione,</span> 
     </span>
     <span class='ocr_line' id='line_1_64' title="bbox 1915 4577 3464 4666; baseline -0.003 -19"><span class='ocrx_word' id='word_1_496' title='bbox 1915 4587 2232 4666; x_wconf 88' lang='lat' dir='ltr'>quantum</span> <span class='ocrx_word' id='word_1_497' title='bbox 2264 4581 2502 4646; x_wconf 88' lang='lat' dir='ltr'>scilicet</span> <span class='ocrx_word' id='word_1_498' title='bbox 2527 4580 2607 4644; x_wconf 89' lang='lat' dir='ltr'>ad</span> <span class='ocrx_word' id='word_1_499' title='bbox 2663 4578 2906 4643; x_wconf 88' lang='lat' dir='ltr'>cultum</span> <span class='ocrx_word' id='word_1_500' title='bbox 2935 4577 3300 4641; x_wconf 89' lang='lat' dir='ltr'>interiorem</span> <span class='ocrx_word' id='word_1_501' title='bbox 3327 4625 3343 4655; x_wconf 90' lang='lat'>‚</span> <span class='ocrx_word' id='word_1_502' title='bbox 3374 4579 3464 4643; x_wconf 89' lang='lat' dir='ltr'>ita</span> 
     </span>
     <span class='ocr_line' id='line_1_65' title="bbox 1915 4685 3463 4771; baseline -0.003 -18"><span class='ocrx_word' id='word_1_503' title='bbox 1915 4689 2087 4771; x_wconf 85' lang='lat' dir='ltr'>quod</span> <span class='ocrx_word' id='word_1_504' title='bbox 2112 4689 2180 4751; x_wconf 90' lang='lat' dir='ltr'>in</span> <span class='ocrx_word' id='word_1_505' title='bbox 2203 4687 2534 4752; x_wconf 86' lang='lat' dir='ltr'>dilectione</span> <span class='ocrx_word' id='word_1_506' title='bbox 2562 4686 2983 4767; x_wconf 86' lang='lat' dir='ltr'>intelligimus</span> <span class='ocrx_word' id='word_1_507' title='bbox 3011 4689 3138 4748; x_wconf 91' lang='lat' dir='ltr'>tres</span> <span class='ocrx_word' id='word_1_508' title='bbox 3153 4685 3463 4768; x_wconf 88' lang='lat' dir='ltr'>theologi-</span> 
     </span>
     <span class='ocr_line' id='line_1_66' title="bbox 1916 4794 3462 4876; baseline -0.003 -14"><span class='ocrx_word' id='word_1_509' title='bbox 1916 4817 2021 4862; x_wconf 83' lang='lat' dir='ltr'>cas</span> <span class='ocrx_word' id='word_1_510' title='bbox 2075 4798 2346 4862; x_wconf 80' lang='lat' dir='ltr'>virtutes</span> <span class='ocrx_word' id='word_1_511' title='bbox 2364 4846 2381 4876; x_wconf 96' lang='lat'>,</span> <span class='ocrx_word' id='word_1_512' title='bbox 2435 4796 2668 4860; x_wconf 90' lang='lat' dir='ltr'>scilicet</span> <span class='ocrx_word' id='word_1_513' title='bbox 2724 4794 3127 4871; x_wconf 85' lang='lat' dir='ltr'>charitatem,</span> <span class='ocrx_word' id='word_1_514' title='bbox 3185 4797 3250 4857; x_wconf 91' lang='lat' dir='ltr'>et</span> <span class='ocrx_word' id='word_1_515' title='bbox 3307 4794 3462 4858; x_wconf 89' lang='lat' dir='ltr'>alias</span> 
     </span>
     <span class='ocr_line' id='line_1_67' title="bbox 1914 4901 3460 4989; baseline -0.003 -18"><span class='ocrx_word' id='word_1_516' title='bbox 1914 4907 2073 4971; x_wconf 88' lang='lat' dir='ltr'>duas</span> <span class='ocrx_word' id='word_1_517' title='bbox 2101 4904 2526 4989; x_wconf 84' lang='lat' dir='ltr'>praeambulas</span> <span class='ocrx_word' id='word_1_518' title='bbox 2552 4925 2567 4967; x_wconf 88' lang='lat'>:</span> <span class='ocrx_word' id='word_1_519' title='bbox 2590 4921 2745 4984; x_wconf 91' lang='lat' dir='ltr'>ergo</span> <span class='ocrx_word' id='word_1_520' title='bbox 2760 4905 3076 4985; x_wconf 87' lang='lat' dir='ltr'>quantum</span> <span class='ocrx_word' id='word_1_521' title='bbox 3106 4901 3186 4965; x_wconf 90' lang='lat' dir='ltr'>ad</span> <span class='ocrx_word' id='word_1_522' title='bbox 3214 4901 3460 4966; x_wconf 90' lang='lat' dir='ltr'>cultum</span> 
     </span>
     <span class='ocr_line' id='line_1_68' title="bbox 1917 5007 3460 5092; baseline -0.003 -15"><span class='ocrx_word' id='word_1_523' title='bbox 1917 5012 2298 5077; x_wconf 88' lang='lat' dir='ltr'>exteriorem</span> <span class='ocrx_word' id='word_1_524' title='bbox 2325 5010 2496 5088; x_wconf 90' lang='lat' dir='ltr'>dicit,</span> <span class='ocrx_word' id='word_1_525' title='bbox 2544 5009 2713 5092; x_wconf 91' lang='lat' dir='ltr'>quod</span> <span class='ocrx_word' id='word_1_526' title='bbox 2741 5007 2971 5072; x_wconf 88' lang='lat' dir='ltr'>colitur</span> <span class='ocrx_word' id='word_1_527' title='bbox 2997 5007 3304 5071; x_wconf 84' lang='lat' dir='ltr'>sacrificio</span> <span class='ocrx_word' id='word_1_528' title='bbox 3322 5056 3340 5088; x_wconf 93' lang='lat'>,</span> <span class='ocrx_word' id='word_1_529' title='bbox 3370 5008 3460 5072; x_wconf 90' lang='lat' dir='ltr'>ita</span> 
     </span>
     <span class='ocr_line' id='line_1_69' title="bbox 1914 5115 3459 5204; baseline -0.004 -19"><span class='ocrx_word' id='word_1_530' title='bbox 1914 5121 2082 5204; x_wconf 84' lang='lat' dir='ltr'>quod</span> <span class='ocrx_word' id='word_1_531' title='bbox 2139 5120 2258 5183; x_wconf 90' lang='lat' dir='ltr'>sub</span> <span class='ocrx_word' id='word_1_532' title='bbox 2296 5116 2602 5182; x_wconf 86' lang='lat' dir='ltr'>sacrificio</span> <span class='ocrx_word' id='word_1_533' title='bbox 2654 5115 3147 5198; x_wconf 89' lang='lat' dir='ltr'>comprehendat</span> <span class='ocrx_word' id='word_1_534' title='bbox 3198 5132 3459 5179; x_wconf 90' lang='lat' dir='ltr'>omnem</span> 
     </span>
     <span class='ocr_line' id='line_1_70' title="bbox 1913 5221 3457 5307; baseline -0.005 -14"><span class='ocrx_word' id='word_1_535' title='bbox 1913 5227 2341 5293; x_wconf 87' lang='lat' dir='ltr'>reverentiam</span> <span class='ocrx_word' id='word_1_536' title='bbox 2386 5241 2533 5307; x_wconf 79' lang='lat' dir='ltr'>quae</span> <span class='ocrx_word' id='word_1_537' title='bbox 2587 5222 2870 5287; x_wconf 87' lang='lat' dir='ltr'>exterius</span> <span class='ocrx_word' id='word_1_538' title='bbox 2944 5221 3285 5286; x_wconf 86' lang='lat' dir='ltr'>exhibetur</span> <span class='ocrx_word' id='word_1_539' title='bbox 3337 5221 3457 5286; x_wconf 89' lang='lat' dir='ltr'>soli</span> 
     </span>
     <span class='ocr_line' id='line_1_71' title="bbox 1917 5329 3455 5413; baseline -0.006 -12"><span class='ocrx_word' id='word_1_540' title='bbox 1917 5337 2063 5402; x_wconf 90' lang='lat' dir='ltr'>Deo.</span> <span class='ocrx_word' id='word_1_541' title='bbox 2095 5334 2217 5400; x_wconf 90' lang='lat' dir='ltr'>Per</span> <span class='ocrx_word' id='word_1_542' title='bbox 2265 5334 2388 5397; x_wconf 91' lang='lat' dir='ltr'>hoc</span> <span class='ocrx_word' id='word_1_543' title='bbox 2434 5336 2652 5397; x_wconf 89' lang='lat' dir='ltr'>autem</span> <span class='ocrx_word' id='word_1_544' title='bbox 2693 5330 2864 5413; x_wconf 83' lang='lat' dir='ltr'>quod</span> <span class='ocrx_word' id='word_1_545' title='bbox 2894 5329 3107 5394; x_wconf 88' lang='lat' dir='ltr'>subdit</span> <span class='ocrx_word' id='word_1_546' title='bbox 3148 5347 3455 5394; x_wconf 82' lang='lat' dir='ltr'>reveren-</span> 
     </span>
    </p>
   </div>
   <div class='ocr_carea' id='block_1_15' title="bbox 1912 5439 3458 5527">
    <p class='ocr_par' dir='ltr' id='par_1_16' title="bbox 1912 5439 3458 5527">
     <span class='ocr_line' id='line_1_72' title="bbox 1912 5439 3458 5527; baseline -0.007 -16"><span class='ocrx_word' id='word_1_547' title='bbox 1912 5445 2095 5525; x_wconf 87' lang='lat' dir='ltr'>tiam,</span> <span class='ocrx_word' id='word_1_548' title='bbox 2123 5441 2599 5527; x_wconf 89' lang='lat' dir='ltr'>comprehendit</span> <span class='ocrx_word' id='word_1_549' title='bbox 2649 5445 3032 5524; x_wconf 83' lang='lat' dir='ltr'>utrumque,</span> <span class='ocrx_word' id='word_1_550' title='bbox 3062 5442 3125 5503; x_wconf 91' lang='lat' dir='ltr'>et</span> <span class='ocrx_word' id='word_1_551' title='bbox 3166 5439 3259 5502; x_wconf 90' lang='lat' dir='ltr'>sic</span> <span class='ocrx_word' id='word_1_552' title='bbox 3283 5441 3458 5520; x_wconf 89' lang='lat' dir='ltr'>patet</span> 
     </span>
    </p>
   </div>
  </div>
 </body>
</html>
