4185 6288
816 452 933 516 1⁶98

813 590 955 654 tum
1013 588 1206 653 totius
1258 585 1507 651 aedificii
1565 584 1914 669 spiritualis
1935 634 1955 664 ,
2002 586 2191 651 datur
2238 603 2352 668 per

812 714 1208 779 consequens
1253 693 1528 776 intelligi
1575 694 1861 775 ejusdem
1912 692 2189 758 aedisscii.
2218 695 2350 756 tota

811 802 1044 866 fabrica
1075 824 1089 867 ε
1121 807 1184 867 et
1210 820 1322 885 per
1365 802 1487 866 hoc
1529 805 1744 884 patent
1782 801 1890 865 illa
1923 800 2052 865 duo
2077 799 2344 881 objecta.

809 907 988 974 Patet
1012 909 1204 973 etiam
1241 926 1440 991 quare
1467 908 1677 989 magis
1707 888 1940 972 dicitur
1969 905 2351 969 fundamen-

809 1020 948 1080 tum
985 1035 1120 1081 esse
1172 1034 1391 1080 rerum
1440 1015 1902 1097 sperandarum
1925 1062 1943 1093 ‚
1975 1031 2173 1095 quam
2208 1031 2346 1076 ore·

807 1122 1182 1203 dendarum,
1234 1123 1337 1187 vel
1378 1122 1831 1187 timendarum.
1866 1121 1988 1188 Per
2022 1121 2145 1185 hoc
2172 1120 2349 1184 enim

807 1231 975 1314 quod
1003 1230 1233 1295 dicitur
1257 1231 1751 1313 sperandarum,
1783 1228 1992 1309 magis
2021 1227 2209 1292 datur
2246 1226 2347 1290 in-

806 1339 1008 1419 telligi
1052 1339 1197 1402 finis
1236 1339 1529 1417 virtutis,
1560 1339 1672 1420 qui
1711 1342 1807 1401 est
1852 1337 1988 1418 ipsa
2022 1332 2345 1398 beatitudo

805 1448 1155 1528 expectata,
1199 1465 1395 1530 quam
1442 1464 1556 1529 per
1589 1446 1710 1509 hoc
1749 1442 1924 1528 quod
1947 1441 2181 1507 dicitur
2207 1459 2344 1505 cre-

805 1551 1108 1632 dendum.
1136 1555 1238 1620 vel
1257 1554 1630 1634 amandum,
1651 1552 1752 1617 vel
1773 1551 2157 1615 timendum.
2183 1546 2345 1612 Nam

808 1660 910 1724 isti
938 1665 1118 1726 actus
1157 1681 1288 1728 non
1329 1661 1769 1728 tantummodo
1810 1664 1962 1725 sunt
2007 1658 2077 1722 in
2123 1658 2345 1733 finem,

810 1768 918 1832 md
946 1769 1136 1833 etiam
1165 1770 1233 1834 in
1262 1790 1339 1836 ea
1359 1789 1507 1854 quae
1535 1770 1792 1835 suntad
1817 1769 2038 1833 ssnem.

1269 2021 1753 2092 ARTICULUS
1797 2021 1882 2090 11.

891 2199 1360 2282 Consequenter
1401 2200 1718 2282 quaeritur
1757 2199 1837 2264 de
1881 2197 2005 2262 fide
2060 2193 2342 2271 informi,

805 2306 974 2369 circa
1025 2324 1222 2388 quam
1273 2311 1657 2389 quaeruntur
1724 2305 2010 2388 quinque
2065 2324 2080 2366 ι
2138 2300 2348 2384 primo

800 2412 1108 2496 quaeritur
1134 2414 1212 2479 de
1237 2417 1379 2496 eJus
1412 2432 1650 2495 genere
1673 2436 1691 2491 ;
1722 2412 1998 2477 secundo
2029 2409 2345 2492 quaeritur

801 2522 881 2587 de
921 2523 977 2604 ej
987 2541 1064 2586 us
1099 2523 1378 2604 origine;
1413 2523 1597 2588 tertio
1624 2521 1935 2605 quaeritur
1958 2518 2038 2583 de
2061 2519 2203 2600 ejus
2228 2517 2341 2580 ob-

792 2630 998 2710 ,iecto3
1042 2636 1270 2712 quarto
1307 2631 1622 2713 quaeritur
1665 2630 1743 2694 de
1788 2630 1930 2711 ejus
1966 2624 2338 2700 duratione;

805 2738 1032 2818 quinto
1073 2743 1139 2802 et
1171 2738 1399 2803 ultimo
1425 2737 1738 2822 quaeritur
1764 2737 1843 2801 de
1871 2736 2015 2817 ejus
2042 2732 2348 2797 informa·

802 2843 996 2909 tione.

1328 2968 1683 3047 QUAESTIO
1726 2969 1778 3033 1.

951 3115 1044 3174 An
1069 3114 1197 3186 fides
1232 3117 1484 3187 informis
1510 3117 1583 3174 sit
1614 3118 1677 3173 in
1704 3128 1890 3187 qenere
1921 3111 2143 3168 virtutis
2163 3105 2201 3164 ¹.

690 3328 713 3357 2
763 3339 773 3349 .
891 3277 1116 3343 Utrum
1160 3280 1318 3345 fides
1352 3280 1644 3345 informis
1669 3278 1844 3343 sitin
1867 3291 2105 3357 genere
2130 3271 2343 3337 virtu-

809 3386 912 3466 tis,
937 3405 1022 3451 an
1049 3406 1219 3467 non;
1255 3392 1319 3453 et
1336 3388 1504 3471 quod
1527 3388 1594 3450 in
1613 3402 1848 3468 genere
1875 3379 2151 3458 virtutis,
2178 3374 2349 3441 vide-

807 3500 913 3560 tur
930 3497 1139 3580 primo
1163 3515 1276 3587 per
1297 3496 1452 3561 illud
1473 3494 1642 3578 quod
1671 3494 1822 3558 dicit
1847 3490 2256 3573 Augustinus
2280 3487 2346 3551 in

800 3605 963 3669 libro
998 3605 1111 3687 qui
1155 3604 1515 3668 intitulatur
1552 3603 1632 3666 ah
1663 3602 1981 3683 aliquibus
2020 3621 2035 3664 :
2069 3603 2158 3665 De
2192 3614 2347 3665 vera

800 3715 1171 3779 innocentia
1198 3734 1220 3774 .-
1252 3735 1282 3773 α
1310 3711 1469 3775 Cum
1514 3713 1762 3775 caeterae
1791 3710 2061 3773 virtutes
2103 3707 2348 3791 possint

800 3820 981 3884 bonis
1009 3825 1073 3885 ct
1101 3821 1281 3884 malis
1307 3839 1443 3884 esse
1486 3836 1859 3884 communes
1883 3866 1900 3895 ‚
1929 3817 2064 3881 sola
2090 3816 2344 3880 dilectio

777 3933 893 4024 ‘est
939 3928 1194 4011 propria
1218 3932 1281 3991 et
1311 3925 1596 4008 specialis
1625 3925 1832 3990 virtus
1866 3925 2123 4006 piorum
2150 3926 2344 4005 atque

798 4040 1186 4099 sanctorum.
1204 4055 1235 4093 υ
1261 4032 1433 4114 Ergo
1451 4033 1610 4098 ssdes
1636 4033 1842 4096 virtus
1860 4033 1955 4096 est
1977 4048 2189 4094 comm
2199 4030 2343 4093 unis

802 4142 986 4215 honis
1023 4146 1087 4206 et
1129 4141 1314 4205 malis
1345 4162 1360 4205 z
1393 4140 1502 4204 sed
1545 4140 1615 4203 in
1650 4139 1836 4202 malis
1862 4156 1998 4203 non
2028 4137 2341 4220 reperitur

800 4249 923 4314 nisi
967 4249 1124 4313 fides
1165 4248 1502 4312 informis:
1531 4265 1689 4328 ergo
1728 4245 1887 4310 ssdes
1929 4244 2223 4309 informis
2247 4247 2344 4308 est

803 4358 1030 4423 virtus.

884 4465 1039 4529 Item
1070 4511 1088 4542 ‚
1114 4462 1469 4527 secundum
1492 4461 1665 4544 quod
1694 4459 1837 4526 vult
1860 4459 2283 4542 Philosophus
2298 4464 2343 4536 ¹,

800 4572 969 4638 circa
1012 4571 1292 4636 difficilia
1326 4575 1389 4634 et
1429 4569 1632 4635 ardua
1675 4568 2025 4634 necessaria
2085 4571 2181 4631 est
2200 4631 2204 4637 ,
2224 4567 2345 4651 ipsi

802 4679 1003 4745 menti
1026 4678 1318 4743 rationali
1349 4695 1455 4740 ars
1477 4680 1542 4741 et
1582 4676 1790 4741 virtus
1819 4699 1834 4740 ε
1868 4693 2026 4757 ergo
2052 4692 2203 4739 cum
2231 4693 2344 4739 ar-

800 4786 978 4851 ticuli
1011 4785 1158 4849 fldei
1200 4784 1485 4849 difficiles
1523 4783 1651 4847 sint
1692 4783 1772 4847 ad
1813 4781 2229 4862 credendum,
2265 4784 2348 4848 ad

800 4895 926 4959 hoc
950 4892 1120 4975 quod
1144 4891 1323 4955 facile
1353 4890 1716 4969 credantur,
1748 4890 2100 4955 necessaria
2116 4896 2210 4955 est
2237 4909 2343 4955 ars

801 4999 908 5064 vel
932 4999 1140 5064 virtus
1167 5019 1184 5063 ε
1212 4996 1320 5061 sed
1349 4995 1506 5060 fides
1531 4995 1822 5060 informis
1861 4997 2010 5060 facit
2043 4996 2343 5069 articulos

803 5106 983 5169 facile
1024 5105 1215 5180 credi,
1258 5105 1422 5168 sicut
1446 5106 1617 5186 patet
1643 5104 1711 5166 in
1743 5104 1964 5168 multis
1990 5106 2340 5185 peccatori·

869 5220 889 5254 ¹
914 5219 997 5281 Cf.
1024 5220 1163 5272 Alex.
1188 5219 1403 5283 Αὶεηείι,
1420 5234 1471 5283 p.
1495 5221 1580 5281 Ill,
1602 5233 1654 5283 q.
1675 5230 1817 5283 niv,
1839 5220 2032 5271 memb.
2055 5223 2082 5271 3
2101 5259 2117 5284 ,
2146 5225 2201 5272 et
2225 5221 2343 5273 coll.

805 5296 1139 5351 xxxv111‚art.
1157 5295 1185 5341 2
1201 5306 1216 5354 ;
1231 5293 1284 5343 S.
1306 5291 1505 5352 'rhem-7
1526 5291 1726 5354 II-II,q.
1744 5304 1818 5352 ιν,
1838 5295 1933 5341 art.
1955 5294 2011 5353 53
2031 5297 2085 5343 et
2103 5294 2166 5342 III
2182 5294 2347 5360 Seni„

805 5360 925 5409 dist.
948 5367 1100 5422 xxm,
1127 5375 1179 5424 q.
1201 5373 1264 5423 ιι,
1284 5366 1377 5411 art.
1401 5365 1458 5423 ⁴3
1483 5361 1740 5420 Richard.,
1771 5359 1834 5411 ΙΙΙ
1857 5361 2016 5426 Sem„
2042 5364 2158 5414 dist.
2188 5376 2343 5428 xxm,

874 5440 942 5500 (a)
969 5439 1092 5487 Coee.
1113 5441 1238 5489 edit.
1268 5441 1535 5490 contineri.
1556 5466 1616 5478 -—
1638 5439 1703 5502 (ὁ)
1736 5441 1859 5491 eae.
1881 5440 2001 5490 edit.
2026 5442 2165 5493 deut
2193 5459 2265 5494 se.

1929 449 2547 519 SENTENTIARUM
2588 450 2737 517 Lm.
2784 450 2890 517 111.

2457 587 2581 651 hus
2607 608 2622 649 ε
2652 604 2814 668 ergo
2840 585 3000 652 fides
3020 584 3311 650 informis
3334 585 3437 650 vel
3460 589 3558 649 est
3579 600 3709 663 ars,
3741 586 3848 651 vel
3870 587 3989 650 vir-

2458 697 2562 758 tus
2592 716 2608 758 :
2640 694 2751 759 sed
2782 713 2915 759 non
2940 698 3034 758 est
3067 712 3207 773 ιιι-ε,
3237 711 3357 759 nec
3382 693 3649 758 scientia
3682 696 3992 777 :ergovi-

2457 799 2646 865 detur
2670 801 2842 883 quod
2876 801 2960 864 sit
2985 800 3210 865 virtus.

2538 906 2697 972 Item
2737 909 3000 992 majoris
3033 907 3422 972 difficultatis
3447 910 3543 972 est
3569 907 3833 972 credere
3856 910 3995 973 arti-

2456 1015 2634 1095 culos
2660 1016 2830 1092 fidei,
2859 1033 3059 1099 quam
3087 1016 3410 1080 continere
3438 1032 3508 1079 se
3543 1014 3626 1099 (a)
3656 1015 3741 1080 ab
3771 1021 3914 1081 actu
3936 1017 3997 1079 li·

2457 1122 2708 1201 bidinis,
2750 1123 3058 1206 quoniam
3093 1121 3252 1188 illud
3278 1125 3485 1206 potest
3518 1123 3686 1188 ratio
3714 1143 3847 1190 non
3874 1126 3993 1190 ele-

2456 1232 2637 1308 vata,
2681 1230 2806 1293 hoc
2843 1233 3061 1293 autem
3082 1277 3100 1310 ,
3134 1229 3368 1294 scilicet
3397 1230 3655 1295 credere
3678 1277 3697 1309 ‚
3728 1249 3861 1296 non
3887 1251 3997 1316 po-
4090 1246 4102 1271 ⁸

2455 1340 2597 1415 test,
2621 1336 2742 1401 nisi
2769 1355 2964 1420 super
2989 1356 3057 1402 se
3082 1337 3366 1402 elevetur
3395 1358 3409 1401 ι
3439 1336 3549 1402 sed
3583 1338 3916 1403 continere
3936 1357 3996 1404 se

2460 1444 2563 1528 (b),
2593 1447 2900 1511 charitate
2924 1445 3401 1528 circumscripta
3420 1494 3438 1527 ,
3469 1449 3567 1510 est
3589 1449 3776 1510 actus
3802 1446 3995 1510 virtu-

2457 1554 2540 1617 tis
2571 1572 2588 1617 ι
2620 1572 2777 1635 ergo
2822 1557 2887 1618 et
2929 1553 3183 1618 credere
3229 1575 3243 1616 :
3287 1552 3397 1618 sed
3440 1553 3604 1618 illud
3632 1553 3894 1618 credere
3915 1557 3999 1617 est

2456 1658 2713 1724 virtutis
2732 1659 2880 1724 fidei
2900 1659 3198 1724 informis
3227 1682 3241 1725 :
3275 1677 3458 1741 ergo,
3480 1664 3602 1724 etc.

2537 1767 2694 1832 Item
2721 1767 2895 1851 quod
2930 1767 3161 1833 directe
3195 1768 3543 1851 opponitur
3571 1769 3735 1833 vitio
3766 1772 3832 1833 et
3855 1785 3998 1851 pec-

2456 1876 2595 1941 cato
2616 1924 2634 1956 ,
2662 1876 2871 1942 virtus
2914 1879 3009 1941 est
3052 1897 3067 1941 t
3107 1876 3217 1941 sed
3247 1875 3506 1940 habitus
3535 1875 3686 1940 fidei
3715 1876 4000 1939 informis

2455 1984 2691 2049 directe
2728 1985 3074 2067 opponitur
3117 1983 3237 2067 ip&
3276 1983 3510 2047 haeresi
3538 1987 3605 2047 et
3621 1983 3998 2057 infidelitati,

2456 2115 2604 2179 quae
2641 2101 2790 2162 sunt
2814 2096 2970 2162 vitia
3014 2100 3078 2161 et
3119 2100 3372 2181 peccata
3390 2145 3407 2175 ,
3453 2114 3576 2160 nec
3602 2099 3811 2178 potest
3856 2113 3998 2159 cum

2456 2205 2550 2269 eis
2590 2208 2756 2268 stare
2786 2225 2802 2268 t
2848 2222 3005 2286 ergo
3036 2221 3288 2270 necesse
3312 2205 3408 2267 est
3435 2202 3635 2268 fidem
3659 2202 3998 2266 informem

2456 2332 2592 2379 esse
2618 2312 2944 2378 virtutem.

2537 2419 2693 2485 Item
2719 2420 3046 2485 humilitas
3066 2468 3083 2499 ‚
3115 2439 3246 2502 qua
3271 2420 3417 2502 quis
3460 2417 3766 2484 humiliat
3795 2437 3863 2483 se
3900 2419 3997 2483 vel

2456 2528 2755 2592 affectum
2781 2545 2975 2592 suum
2998 2526 3120 2591 sub
3145 2527 3463 2591 mandatis
3500 2526 3741 2593 divinae
3771 2529 4001 2609 majes-

2455 2635 2623 2713 tatis,
2651 2634 2845 2699 habet
2870 2635 3181 2698 rationem
3208 2633 3468 2697 virtutis
3501 2654 3517 2696 ε
3552 2651 3709 2716 ergo
3740 2633 3880 2716 pari
3908 2652 4000 2697 ra·

2457 2741 2628 2806 tione
2652 2746 2715 2806 et
2746 2742 2853 2806 illa
2886 2741 3213 2806 humilitas
3230 2789 3248 2821 ,
3279 2759 3409 2824 qua
3437 2741 3583 2824 quis
3610 2759 3678 2805 se
3703 2741 3999 2805 humiliat

2456 2850 2576 2914 sub
2624 2850 2872 2932 regulis
2914 2849 3153 2915 divinae
3190 2848 3507 2926 veritatis,
3550 2848 3746 2911 etiam
3772 2851 4002 2930 praeter

2457 2956 2827 3021 charitatem
2850 2955 3046 3021 hahet
3063 2955 3375 3019 rationem
3404 2954 3694 3019 virtutis:
3713 2953 3823 3018 sed
3848 2954 4002 3017 fides

2456 3064 2751 3129 informis
2778 3068 2874 3128 est
2904 3063 3310 3149 hujusmodi,
3339 3080 3454 3146 per
3485 3080 3681 3144 quam
3720 3061 4003 3142 captiva-

2457 3179 2565 3239 tur
2605 3175 2961 3240 intellectus
2990 3176 3058 3239 in
3085 3174 3467 3257 obsequium
3507 3172 3740 3237 Christi
3776 3171 3857 3236 ad
3899 3190 4005 3234 as-

2457 3282 2860 3348 sentiendum
2890 3284 2951 3348 ei
2990 3284 3059 3347 in
3100 3282 3401 3347 omnibus
3441 3280 3731 3346 articulis
3774 3302 3790 3344 :
3846 3298 4001 3361 ergo

2456 3392 2615 3456 fides
2638 3391 2930 3455 informis
2956 3391 3147 3456 estin
3174 3407 3413 3471 genere
3441 3389 3719 3453 virtutis.

2538 3497 2661 3564 Sed
2692 3504 2954 3563 contra:
2989 3498 3058 3562 1⁸
3078 3519 3093 3562 τ
3113 3498 3306 3564 Fides
3341 3499 3481 3564 sine
3511 3495 3805 3580 operibus
3831 3512 3997 3563 mor-
4022 3521 4153 3572 aa*

2460 3611 2574 3673 tua
2599 3613 2692 3672 est
2709 3629 2734 3672 .·
2761 3607 2870 3671 sed
2913 3606 3074 3670 nihil
3101 3605 3273 3687 quod
3310 3611 3405 3669 est
3432 3609 3763 3669 mortuum
3808 3603 4001 3667 hahet

2458 3717 2525 3778 in
2567 3731 2634 3778 se
2678 3714 2990 3778 rationem
3036 3712 3293 3778 virtutis
3333 3732 3348 3776 t
3380 3712 3436 3775 si
3481 3729 3639 3792 ergo
3667 3711 3827 3775 fides
3868 3712 4003 3774 sine

2458 3822 2670 3903 gratia
2694 3825 2759 3885 et
2784 3821 3087 3885 charitate
3112 3823 3288 3884 caret
3311 3818 3613 3902 operibus
3635 3817 3999 3896 fructuosis,

2458 3928 2639 3993 etsie
2667 3932 2922 3992 mortua
2946 3931 3061 4008 est,
3086 3928 3224 4010 jam
3252 3943 3413 4007 ergo
3437 3942 3568 3990 non
3598 3924 3792 3990 habet
3822 3924 4009 3989 ratio-

2458 4053 2609 4100 nem
2638 4035 2913 4100 virtutis.
3753 4017 3757 4021 ’

2538 4147 2599 4207 2.
2642 4142 2799 4207 Item
2824 4189 2842 4220 ‚
2875 4143 3041 4207 sicut
3069 4141 3220 4207 dicit
3250 4138 3661 4222 Augustinus
3682 4186 3701 4218 ‚
3726 4142 3794 4202 et
3817 4138 4009 4202 hahi-

2459 4256 2598 4318 tum
2643 4254 2736 4315 est
2778 4266 2974 4334 supra
3016 4250 3085 4313 in
3123 4247 3403 4313 secundo
3430 4247 3594 4311 libro
3618 4246 3642 4281 ⁸
3674 4267 3690 4310 ε
3733 4268 3766 4307 α
3790 4245 4008 4311 Virtus

2458 4362 2552 4423 est
2576 4358 2744 4422 hona
2783 4356 3055 4439 qualitas
3093 4354 3349 4432 mentis,
3382 4371 3512 4436 qua
3537 4356 3710 4417 recte
3738 4352 4005 4427 vivitur,

2459 4484 2588 4549 qua
2638 4482 2829 4528 nemo
2874 4463 3039 4528 male
3085 4462 3286 4526 utitur
3316 4482 3333 4524 z
3363 4482 3396 4521 ιο
3431 4460 3543 4525 sed
3579 4459 3710 4524 fide
3748 4457 4009 4524 informi

2415 4560 2419 4565 ’
2458 4590 2590 4639 non
2632 4576 2800 4636 recte
2828 4571 3070 4637 vivitur
3089 4617 3107 4648 ,
3137 4572 3201 4634 et
3234 4568 3425 4634 multi
3467 4568 3638 4632 male
3684 4569 4004 4632 utuntur:

2459 4697 2616 4760 ergo
2646 4679 2805 4743 fides
2827 4677 3119 4743 informis
3151 4675 3272 4738 sub
3297 4691 3544 4757 genere
3580 4675 3837 4739 virtutis
3873 4689 4008 4737 nou

2458 4785 2839 4850 continetur.

2540 4899 2600 4960 3.
2653 4894 2810 4959 Item
2851 4891 3061 4957 omnis
3102 4889 3310 4955 virtus
3352 4894 3468 4954 aut
3506 4896 3607 4955 est
3643 4889 4000 4968 cardinali&

2459 5005 2571 5066 aut
2611 5000 2989 5082 theologica.
3040 4997 3107 5063 Si
3152 5015 3308 5079 ergo
3352 4996 3517 5062 fides
3567 4998 3865 5063 informis
3906 4999 4007 5061 est

2457 5108 2689 5187 virtus,
2740 5112 2854 5172 aut
2890 5110 2988 5171 est
3024 5103 3366 5170 cardinalis
3388 5151 3406 5184 ,
3434 5108 3554 5170 aut
3600 5105 3952 5187 theologica
3982 5124 4001 5164 z

2458 5239 2553 5284 art.
2577 5238 2623 5294 4,
2646 5250 2695 5298 q.
2718 5246 2812 5296 111;
2839 5233 3015 5297 steph.
3044 5230 3251 5292 Brulef„
3279 5229 3341 5279 ln
3368 5232 3536 5295 sent,
3556 5233 3674 5284 dist.
3694 5244 3844 5296 xxm,
3863 5245 3912 5296 q.
3932 5241 4005 5281 vr.

2458 5310 2557 5342 —2
2583 5306 2753 5370 Arist„
2778 5305 2969 5368 ahie„
2998 5303 3088 5353 lib.
3116 5305 3176 5365 Η,
3196 5315 3244 5352 o.
3262 5312 3350 5354 ιιι.
3370 5325 3436 5340 -
3459 5307 3485 5337 ⁸
3502 5306 3636 5369 λαμ,
3662 5317 3727 5370 ιι,
3754 5308 3830 5367 συ,
3862 5306 4011 5353 ¹5.-

2457 5375 2480 5411 ⁴
2505 5376 2744 5439 Magister
2778 5376 2918 5425 illam
2954 5373 3156 5437 collegit
3183 5385 3248 5422 ex
3281 5374 3419 5437 Aug.
3459 5374 3597 5426 Vide
3626 5376 3859 5438 litteram,
3883 5373 4007 5422 dist..

2459 5458 2625 5504 xxvn,
2655 5461 2701 5496 c.
2737 5444 3006 5496 Videndum
3030 5448 3119 5495 est.
