4185 6288
489 4493 509 4535 1
514 4491 682 4547 mprob-

718 454 838 517 062
1860 445 2488 518 SENTENTIARUM
2527 450 2677 520 LIB.
2719 452 2827 519 111.

716 605 832 653 nes
859 586 1179 665 effectum,
1210 602 1372 666 ergo
1397 589 1567 651 recte
1594 589 1657 650 et
1699 586 2052 652 secundum
2087 584 2264 650 ordi·

716 712 867 759 nem
895 694 1216 759 charitatis
1239 693 1399 775 agit,
1430 694 1541 777 qui
1583 693 1984 777 praebendale
2018 693 2260 757 benen-

717 801 889 866 cium
943 800 1154 884 potius
1195 800 1301 864 dat
1344 818 1462 864 suo
1496 801 2012 883 consanguinee,
2063 818 2262 883 quam

717 912 1026 972 extraneo
1054 929 1069 971 :
1106 906 1279 989 quod
1302 907 1710 989 reprehendit
1735 907 2043 991 propheta
2083 907 2262 971 Aba-

717 1015 870 1078 cuc¹
906 1035 920 1077 :
956 1013 1068 1078 Voe
1083 1014 1200 1095 qui
1215 1011 1502 1093 oedificat
1527 1012 1690 1079 Sion
1704 1015 1779 1079 in
1794 1014 2263 1096 sanquinibus;

715 1125 780 1185 et
816 1119 1102 1184 Ezechiel
1126 1123 1151 1156 ¹
1180 1138 1198 1183 t
1240 1121 1543 1202 Sufficiat
1574 1121 1753 1187 vobis
1781 1120 2007 1187 domus
2036 1120 2257 1198 Israel,

716 1230 834 1310 qui
859 1226 1272 1294 introducitis
1313 1228 1797 1295 incircumcisos
1841 1230 1916 1294 in
1953 1232 2257 1294 sanctua-

715 1337 888 1400 rium
933 1335 1051 1401 Dei
1082 1335 1161 1417 (a)
1192 1355 1217 1396 .·
1260 1334 1375 1398 ubi
1415 1333 1968 1417 reprehenduntur
2000 1332 2114 1412 illi,
2148 1332 2262 1415 qui

715 1440 1021 1504 beneficia
1048 1439 1462 1504 ecclesiastica
1503 1440 1711 1520 magis
1757 1439 2095 1504 conterunt
2140 1439 2261 1503 do-

713 1547 995 1611 mesticis
1020 1565 1216 1630 quam
1243 1546 1404 1611 aliis.

1256 1741 1708 1808 CONCLUSIO.

711 1892 1010 1951 charitatis
1045 1890 1174 1946 ordo
1218 1893 1458 1962 respectu
1498 1889 1857 1961 diliyibilium
1892 1890 2256 1957 diver-sorum,

782 1997 890 2053 non
916 1981 1088 2037 solum
1117 1982 1386 2051 quantum
1415 1978 1490 2035 ad
1514 1978 1758 2049 effectum
1783 1981 2134 2045 exteriorem,
2170 1977 2266 2035 scd

781 2073 1041 2144 quantum
1068 2069 1142 2125 ad
1167 2071 1480 2126 interiorem
1507 2083 1710 2140 quoque
1738 2068 1989 2139 affectum
2014 2068 2258 2125 attendi-

786 2166 895 2231 tur,
924 2162 1127 2216 caeteris
1152 2158 1379 2231 paribus
1412 2157 1778 2215 existentibus.

797 2298 978 2380 Resp.
1014 2298 1094 2362 ad
1113 2316 1254 2378 arg.
1280 2297 1377 2361 Ad
1404 2296 1860 2378 praedictorum
1896 2295 2261 2377 intelligen-

536 2411 615 2443 ΟΝ
669 2428 678 2437 ·
712 2407 868 2470 tiam
910 2408 1004 2468 est
1029 2404 1421 2482 notandum,
1462 2402 1659 2485 quod,
1695 2403 2050 2467 secundum
2085 2402 2258 2484 quod

711 2512 863 2577 dicit
889 2510 1190 2592 Magister
1216 2510 1285 2574 in
1311 2510 1541 2588 littera,
1569 2509 1765 2591 aliqui
1795 2509 2006 2574 dicere
2033 2510 2259 2575 volue-

708 2623 885 2697 runt,
916 2618 1088 2701 quod
1119 2616 1493 2700 hujusmodi
1522 2617 1677 2681 ordo
1706 2616 2027 2680 charitatis
2060 2619 2261 2680 atten-

709 2727 896 2791 datur
923 2724 1131 2790 solum
1158 2729 1476 2806 quantum
1518 2724 1600 2788 ad
1643 2723 1940 2788 effectum
1980 2721 2253 2787 exterio·

716 2860 874 2920 rem,
919 2858 1051 2906 non
1080 2843 1397 2924 quantum
1423 2837 1503 2903 ad
1534 2838 1836 2903 aflectum
1861 2837 2253 2915 interiorem,

712 2948 835 3012 nisi
884 2966 997 3031 per
1043 2946 1579 3029 comparationem
1633 2943 1835 3007 nostri
1881 2944 1960 3008 ad
1999 2944 2200 3007 Deum
2234 2965 2250 3006 ε

709 3076 823 3140 per
849 3054 1389 3137 comparationem
1424 3056 1642 3115 autem
1671 3051 1952 3134 proximi
1991 3051 2071 3115 ad
2103 3069 2258 3134 pro—

710 3164 963 3228 ximum
1009 3162 1219 3226 solum
1264 3160 1554 3224 consistit
1596 3160 1751 3224 ordo
1805 3164 2123 3241 quantum
2177 3160 2256 3223 ad

711 3271 1094 3337 exteriorem
1123 3270 1442 3334 effectum.
1473 3268 1551 3333 Et
1575 3268 1941 3331 innituntur
1972 3266 2075 3330 his
2102 3285 2253 3329 auc-

713 3378 1071 3444 toritatibus
1087 3376 1433 3458 Augustini
1449 3376 1494 3453 ²,
1524 3392 1671 3458 quae
1689 3374 1758 3437 in
1776 3374 1984 3438 littera
2010 3391 2259 3456 ponun-

710 3489 818 3551 tur
866 3509 882 3550 ε
936 3485 1005 3548 in
1052 3484 1290 3567 quibus
1346 3483 1608 3547 videtur
1663 3499 1958 3563 expresse
1997 3481 2255 3557 sentire,

710 3591 883 3676 quod
909 3592 1064 3656 ordo
1083 3591 1403 3656 charitatis
1431 3593 1724 3671 respectu
1749 3587 2023 3671 proximi
2052 3591 2259 3651 atten-

710 3701 896 3764 datur
953 3698 1166 3762 solum
1225 3699 1296 3761 in
1363 3698 1694 3762 exterioris
1738 3696 1947 3777 operis
2002 3694 2255 3759 exhibi-

709 3808 904 3873 tione.
945 3807 1021 3871 Et
1048 3807 1168 3870 hoc
1210 3806 1421 3888 ipsum
1450 3804 1708 3867 videtur
1743 3802 1948 3867 dicere
1981 3802 2050 3865 in
2095 3802 2258 3866 libro

709 3914 788 3980 de
824 3914 988 3980 Vera
1035 3913 1388 3997 Reliqione,
1437 3912 1550 3975 ubi
1593 3911 1742 3975 dicit
1783 3909 1951 3992 quod
1981 3910 2123 3973 haec
2166 3914 2258 3973 est

713 4023 986 4104 perfecta
1027 4022 1311 4103 Justitia,
1355 4024 1430 4083 ut
1466 4019 1609 4102 plus
1656 4018 1903 4100 potiora
1949 4017 2151 4095 bona,
2195 4020 2259 4081 et

711 4130 927 4194 minus
971 4130 1220 4192 minora
1265 4129 1638 4208 diligamus.
1685 4124 1783 4190 Ex
1828 4143 1958 4208 quo
2000 4125 2258 4190 videtur

711 4254 893 4319 posse
920 4236 1084 4316 elici,
1116 4235 1287 4318 quod
1313 4236 1450 4298 istae
1473 4233 1848 4298 differentiae
1878 4233 2251 4316 propinqui-

714 4344 857 4407 tatis
902 4341 1064 4405 nihil
1110 4343 1355 4406 faciunt
1401 4341 1480 4405 ad
1531 4340 1836 4404 affectum
1875 4340 2249 4404 dilectionis,

711 4449 1188 4528 Verumtamen,
1219 4449 1382 4511 sicut
1411 4447 1560 4511 dicit
1585 4446 1892 4529 Magister
1920 4447 1987 4510 in
2020 4448 2250 4527 littera,

710 4560 773 4620 et
799 4555 996 4620 verba
1022 4554 1338 4620 Ambrosii
1367 4558 1617 4632 sonant,
1647 4559 1710 4618 et
1744 4554 2020 4618 rationes
2046 4554 2255 4635 primo

710 4661 987 4727 inductae
1040 4661 1489 4743 comprobant,
1535 4661 1690 4725 ordo
1751 4660 2073 4724 charitatis
2141 4679 2257 4743 per

711 4768 1252 4851 comparationem
1319 4768 1518 4831 nostri
1590 4767 1672 4831 ad
1728 4767 2123 4849 proximum,
2192 4771 2258 4831 et

713 4876 906 4942 unius
934 4874 1212 4958 proximi
1240 4873 1320 4938 ad
1347 4874 1642 4950 alterum,
1664 4892 1794 4938 non
1819 4873 2027 4938 solum
2056 4879 2255 4939 atten-

711 4984 884 5047 ditur
904 4982 1255 5046 secundum
1283 4979 1602 5060 effectum,
1645 4998 1874 5046 verum
1916 4982 2107 5046 etiam
2148 5002 2253 5047 se-

598 5139 610 5154 .
712 5089 996 5153 cundum
1026 5088 1348 5154 affectum.
1395 5088 1472 5152 Et
1518 5088 1640 5152 hoc
1670 5088 1840 5153 idem
1883 5089 2249 5171 intelligen-

776 5290 841 5351 (ιι)
877 5288 1046 5351 vulg„
1074 5288 1343 5350 Sufficiant
1369 5287 1506 5337 vobis
1534 5290 1703 5338 omnia
1735 5289 1922 5339 scelera
1948 5293 2141 5354 vestr-a,
2170 5291 2252 5339 :lo-

713 5373 821 5407 mus
843 5357 1013 5415 lsrael,
1035 5373 1089 5406 eo
1110 5358 1242 5420 quod
1257 5359 1494 5410 inducitis
1509 5361 1646 5423 filios
1668 5359 1873 5425 alienos,
1885 5362 2251 5413 incircumcisos

708 5429 871 5488 corde,
891 5432 940 5479 et
959 5429 1324 5479 incircumcisos
1349 5443 1514 5494 carne,
1538 5434 1595 5482 ut
1615 5433 1717 5482 sint
1746 5435 1799 5482 in
1823 5435 2109 5484 sanctuario
2126 5450 2247 5485 meo.

2373 587 2532 653 dum
2567 592 2694 668 est,
2736 588 2980 654 caeteris
3023 588 3166 654 aliis
3206 589 3487 673 paribus.
3528 589 3597 658 Si
3637 593 3809 658 enim
3846 595 3908 660 in

2373 692 2626 760 duobus
2653 696 2891 761 dilectis
2919 701 3013 774 est
3042 716 3159 780 par
3180 697 3462 778 dignitas
3480 704 3545 765 et
3562 703 3905 782 necessitas,

2372 806 2689 884 quantum
2710 807 2806 869 est
2832 804 2909 869 de
2936 803 3073 868 istis
3098 806 3594 888 proprietatibus
3617 810 3682 872 et
3706 810 3909 874 condi-

2374 908 2677 988 tionibus,
2720 911 3051 994 aequaliter
3093 916 3247 977 sunt
3291 913 3553 978 amandi
3592 915 3820 982 effectu
3858 921 3915 980 et

2371 1014 2606 1079 affectu
2661 1037 2678 1080 ε
2728 1017 2837 1082 sed
2887 1018 2942 1082 si
2988 1018 3054 1082 in
3082 1019 3280 1084 altero
3311 1019 3572 1084 illorum
3619 1022 3914 1103 superad-

2371 1120 2545 1186 ditur
2591 1124 2932 1205 sanguinis
2986 1126 3459 1209 propinquitaS,
3510 1126 3663 1190 facit
3713 1127 3914 1209 ipsum

2373 1227 2582 1309 magis
2600 1228 2935 1292 amabilem
2956 1234 3227 1314 utroque
3246 1232 3458 1297 modo.
3487 1231 3566 1296 Et
3582 1233 3707 1297 isto
3733 1233 3910 1296 modo

2370 1331 2643 1399 intendit
2685 1335 3062 1402 Ambrosius
3105 1338 3429 1404 charitatis
3476 1338 3770 1405 ordinem
3821 1359 3910 1403 as-

2370 1440 2627 1521 signare
2652 1446 2939 1525 respectu
2977 1442 3443 1525 proximorum.
3494 1445 3679 1523 Quod
3724 1451 3909 1524 notat,

2370 1563 2519 1610 cum
2539 1546 2888 1630 dicitquod
2918 1548 3266 1628 domestici,
3295 1553 3350 1614 si
3369 1552 3525 1616 boni
3554 1553 3707 1631 sint,
3741 1553 3913 1617 malis

2373 1651 2521 1716 filiis
2544 1653 2668 1717 sint
2695 1655 3130 1737 praeponendi.

2452 1758 2529 1825 Et
2558 1760 2611 1824 si
2639 1763 2714 1825 tu
2745 1778 3018 1844 quaeras,
3062 1780 3213 1827 cum
3256 1763 3338 1828 ad
3375 1763 3672 1829 ordinem
3713 1765 3913 1829 chari·

2370 1867 2519 1932 tatis
2538 1873 2919 1933 concurrant
2942 1870 3153 1934 meriti
3182 1871 3468 1953 dignitas
3484 1922 3502 1950 ,
3533 1877 3597 1937 et
3623 1874 3912 1957 indigen-

2369 1973 2478 2038 tiae
2532 1976 2973 2058 opportunitas
3002 2026 3019 2056 ,
3078 1978 3245 2042 sicut
3301 1981 3365 2043 et
3426 1980 3867 2064 propinquitas
3892 2032 3909 2060 ,

2369 2099 2569 2163 quare
2610 2084 2821 2166 magis
2865 2083 3242 2149 Ambrosius
3293 2088 3585 2168 assignat
3632 2089 3911 2152 ordinem

2370 2188 2692 2253 charitatis
2706 2209 2902 2273 penes
2919 2193 3483 2276 propinquitatem,
3508 2213 3707 2276 quam
3729 2213 3915 2277 penes

2368 2293 2749 2376 bonitatem,
2779 2299 2882 2363 vel
2918 2298 3292 2380 indigentiae
3319 2301 3798 2381 necessitatem;
3826 2304 3914 2367 di-

2374 2402 2649 2466 cendum
2705 2403 2880 2487 quod
2952 2406 3227 2470 conditio
3281 2406 3581 2470 bonitatis
3650 2427 3771 2471 nec
3832 2414 3916 2472 est

2369 2511 2554 2574 nobis
2593 2512 2681 2575 ita
2718 2515 2890 2588 nota,
2936 2531 3053 2576 nec
3100 2516 3196 2577 est
3231 2514 3301 2576 in
3343 2532 3410 2576 se
3453 2514 3544 2577 ita
3581 2515 3828 2579 stabilis
3861 2520 3916 2579 et

2367 2619 2578 2697 firma,
2609 2620 2775 2684 sicut
2805 2620 3299 2703 propinquitatis
3336 2621 3639 2685 conditio.
3679 2622 3916 2706 Aliquis

2369 2726 2543 2790 enim
2572 2727 2684 2807 qui
2711 2726 2897 2792 hodie
2927 2731 3020 2790 est
3050 2729 3278 2807 maluS,
3330 2746 3470 2792 cras
3511 2730 3635 2792 erit
3674 2729 3909 2807 bonus;

2368 2836 2434 2897 et
2461 2833 2570 2916 qui
2599 2834 2787 2898 hodie
2812 2839 2905 2898 est
2941 2834 3163 2899 minus
3188 2835 3434 2914 bonuS,
3463 2853 3606 2899 cras
3640 2837 3914 2900 fortassis

2368 2940 2488 3006 erit
2506 2940 2752 3005 melior.
2785 2940 3093 3005 Similiter
3112 2945 3209 3005 est
3226 2941 3304 3005 de
3323 2943 3699 3006 necessitate
3727 2948 3791 3007 et
3816 2962 3915 3025 op-

2367 3048 2756 3131 portunitate
2792 3069 2809 3111 2
2840 3052 2906 3111 et
2946 3047 3088 3112 ideo
3124 3066 3318 3131 penes
3358 3049 3603 3129 gradus
3642 3051 3915 3114 necessi-

2367 3156 2533 3235 tatis,
2564 3156 2865 3220 bonitatis
2911 3160 2975 3220 et
3000 3156 3514 3239 opportunitatiS,
3546 3176 3680 3221 non
3718 3160 3915 3241 potuit

2368 3266 2456 3329 ita
2483 3264 3008 3330 certitudinaliter
3035 3266 3192 3330 ordo
3217 3265 3542 3330 charitatis
3565 3268 3905 3349 assignari,

2367 3375 2534 3439 sicut
2558 3392 2753 3457 penes
2779 3373 3175 3438 conditiones
3201 3374 3722 3457 propinquitatis,
3756 3376 3909 3441 Con-

2368 3481 2721 3546 cedendum
2748 3485 2840 3545 est
2871 3498 3030 3562 ergo
3059 3481 3229 3563 quod
3271 3481 3429 3545 ordo
3472 3481 3801 3547 charitatis
3822 3502 3916 3547 se-

2368 3587 2655 3652 cundum
2685 3587 3072 3652 differentias
3108 3589 3602 3671 praeassignatas
3637 3609 3770 3654 non
3810 3609 3915 3653 so-

2365 3695 2505 3759 lum
2532 3694 2893 3758 attendatur
2919 3697 3235 3776 quantum
3275 3694 3356 3758 ad
3399 3695 3700 3760 effectum
3746 3700 3919 3761 exte·

2366 3802 2625 3881 riorem,
2656 3802 2764 3866 sed
2792 3802 2985 3866 etiam
3015 3807 3330 3884 quantum
3357 3801 3439 3866 ad
3474 3803 3779 3867 aflectum
3815 3805 3915 3867 in-

2367 3910 2664 3973 teriorem
2699 3914 2794 3973 :et
2820 3908 2941 3972 hoc
2959 3909 3451 3991 intelligendum
3478 3915 3575 3975 est
3597 3911 3742 3975 aliis
3760 3913 3921 3994 pari-

2366 4019 2509 4082 bus,
2542 4017 2721 4081 Unde
2761 4020 2823 4080 et
2861 4016 3168 4093 rationes,
3209 4034 3357 4098 quae
3392 4017 3516 4082 hoc
3552 4018 3914 4095 ostendunt,

2367 4123 2789 4190 concedendae
2815 4128 2992 4188 sunt.

2447 4240 2476 4297 1
2492 4281 2506 4296 .
2561 4232 2655 4297 Ad
2700 4231 3082 4298 evidentiam
3128 4235 3345 4296 autem
3398 4232 3726 4296 rationum
3770 4252 3915 4316 quae

2364 4561 2538 4620 trum
2565 4553 2785 4635 accipi,
2830 4557 2893 4616 et
2942 4552 3242 4617 eflectum
3276 4553 3695 4636 multiplicem
3732 4573 3913 4639 repe-

2363 4661 2500 4738 riri,
2528 4662 2614 4725 ita
2642 4660 2812 4743 quod
2840 4659 2996 4724 ordo
3029 4660 3356 4725 charitatis
3380 4679 3500 4725 nec
3524 4679 3786 4726 omnem
3810 4664 3907 4726 af·

2363 4768 2597 4831 fectum
2625 4767 2882 4849 respicit
2908 4766 3333 4846 uniformiter,
3382 4785 3505 4833 nec
3530 4786 3791 4832 omnem
3817 4770 3907 4833 et'·

2363 4875 2616 4938 fectum.
2667 4874 2990 4956 Accipitur
3035 4875 3211 4937 enim
3251 4874 3595 4956 aliquando
3644 4876 3910 4941 affectus

2361 5000 2477 5066 pro
2502 4982 2813 5064 passione,
2839 4980 3179 5064 aliquando
3218 4998 3333 5063 pro
3362 4986 3543 5045 motu
3573 4999 3593 5045 ε
3619 4982 3712 5048 ita
3738 4985 3909 5067 quod

2360 5089 2625 5152 affectus
2664 5087 2872 5170 passio
2923 5087 3153 5151 dicitur
3209 5086 3508 5170 quaedam
3560 5090 3903 5155 mulcebris

2361 5190 2844 5280 complacentia;
2889 5194 3152 5260 affectus
3205 5212 3359 5260 vero
3417 5199 3629 5260 motus
3678 5196 3910 5261 dicitur

2427 5361 2441 5393 ¹
2464 5355 2670 5417 Habac„
2695 5367 2753 5419 11,
2788 5359 2861 5406 12.
2881 5381 2943 5392 -
2963 5357 2985 5389 ¹
3008 5354 3205 5416 Erech„
3227 5366 3369 5415 κων,
3409 5356 3517 5405 6ο7.
3537 5381 3600 5393 -
3618 5356 3637 5386 ⁸
3668 5359 3822 5420 Aug„
3849 5356 3911 5405 de

2364 5432 2500 5482 Doct.
2531 5427 2729 5490 christ„
2757 5426 2842 5477 lib.
2874 5427 2889 5476 l
2912 5462 2930 5489 ,
2956 5441 3000 5476 c.
3031 5437 3216 5488 xxvm,
3244 5440 3298 5476 n.
3328 5428 3407 5479 29.

3962 4287 4097 4332 Am

2364 4340 2770 4406 adducuntur
2814 4341 2882 4404 in
2929 4341 3320 4406 contrarium
3346 4387 3364 4417 ,
3413 4339 3772 4404 notandum
3822 4346 3917 4403 est
3954 4353 4082 4394 unm

2365 4448 2538 4532 quod
2585 4447 3015 4530 multipliciter
3062 4446 3378 4528 contingit
3419 4446 3722 4512 affectum
3766 4466 3913 4512 nos-
3938 4417 4091 4517 ΫΪΪ

3934 4545 4072 4579 tunm·
