4185 6288
737 390 856 451 6⁴0

735 521 1066 604 proprium
1088 519 1498 585 commodum
1519 539 1536 598 ;
1560 519 1832 583 charitas
1852 537 2025 596 vero,
2053 536 2276 582 secun·

734 629 892 692 dum
936 628 1103 711 quod
1134 628 1280 692 dicit
1318 626 1664 709 Gregorius
1691 628 1732 707 ¹,
1765 627 2163 710 protenditur
2207 626 2273 688 in

733 736 1004 800 alterum
1040 757 1054 798 ε
1085 739 1148 799 01
1173 734 1325 816 quia
1341 734 1753 798 commodum
1787 738 2077 797 nostrum
2107 737 2274 796 recte

733 844 797 903 et
840 839 1093 922 proprie
1141 836 1425 901 consistit
1475 838 1539 898 in
1583 836 2018 919 spiritualibus
2064 836 2270 910 donis»,

731 963 880 1030 quae
929 945 1226 1010 ordinant
1279 964 1396 1010 nos
1446 945 1526 1009 ad
1585 943 2076 1020 beatitudinem;
2134 943 2273 1005 ideo

732 1072 915 1118 amor
937 1053 1160 1118 talium
1190 1054 1505 1117 donorum
1534 1058 1627 1115 est
1654 1071 1693 1115 a
1721 1051 2053 1114 dilectione
2083 1055 2269 1113 natu·

732 1165 850 1232 rali
879 1165 1173 1240 elicitive‚
1201 1165 1308 1229 sed
1336 1183 1376 1228 a
1400 1163 1702 1227 charitate
1732 1162 2133 1244 imperative,
2166 1179 2273 1224 cu·

723 1273 837 1355 jus
862 1276 956 1336 est
993 1272 1305 1354 imperare
1341 1271 1670 1335 aflectibus
1711 1269 1963 1347 hostria,
1992 1275 2066 1332 ut
2106 1272 2274 1332 recte

497 1407 688 1463 improb,
734 1384 1115 1445 moveantur
1152 1380 1220 1443 in
1267 1399 1458 1444 suum
1507 1380 1727 1442 finem.
1773 1377 1896 1441 Sed
1943 1376 2101 1440 illud
2141 1393 2274 1439 non

734 1487 968 1551 sufficit
998 1487 1204 1551 dicere
1242 1505 1260 1550 ε
1302 1486 1588 1569 primum
1617 1485 1899 1568 quidem,
1928 1483 2079 1565 quia
2114 1483 2272 1546 cha-

736 1594 887 1658 ritas
908 1613 1040 1658 non
1067 1611 1318 1677 semper
1342 1594 1410 1656 in
1436 1594 1709 1657 alterum
1750 1591 1950 1657 tendit
1981 1612 1996 1653 ε
2032 1590 2275 1653 habens

734 1703 906 1767 enim
935 1702 1306 1767 charitatem
1343 1721 1456 1785 per
1485 1703 1684 1785 ipsam
1714 1700 1834 1764 frui
1884 1700 2006 1762 Deo
2029 1697 2271 1761 deside-

735 1813 833 1873 rat
858 1830 875 1887 3
902 1809 1179 1873 secundo
1208 1828 1383 1887 vero,
1411 1810 1566 1892 quia
1590 1807 1889 1890 quamvis
1917 1806 1998 1868 sit
2024 1809 2273 1869 naturai

734 1934 1022 1998 quaerere
1051 1920 1116 1981 et
1142 1935 1357 1979 amare
1397 1915 1730 1980 commoda
1767 1913 2104 1990 naturalia,
2140 1913 2272 1996 spi-

734 2023 987 2088 ritualia
1011 2029 1227 2088 tamen
1253 2024 1419 2088 dona
1437 2024 1705 2107 perfecte
1733 2039 1970 2101 amare,
1998 2023 2121 2086 hoc
2141 2041 2269 2086 non

566 2149 622 2193 an.
680 2182 689 2194 .
737 2135 1091 2215 potestesse
1119 2131 1242 2194 nisi
1265 2130 1615 2195 dilectionis
1642 2131 1967 2211 gratuitae.
1986 2129 2064 2193 Et
2088 2148 2274 2211 prop-

489 4700 681 4756 lupi-ob.

732 2245 904 2305 terea
929 2244 1022 2304 est
1047 2240 1213 2304 alius
1240 2239 1468 2303 modus
1484 2238 1757 2318 dicendi,
1792 2239 1958 2320 quod
1989 2256 2137 2300 cum
2164 2237 2274 2301 bo-

729 2365 888 2411 num
914 2347 995 2410 sit
1025 2348 1340 2428 objectum
1391 2346 1747 2423 charitatis,
1797 2349 1861 2409 et
1889 2348 2067 2408 actus
2111 2344 2269 2408 reci-

725 2455 859 2537 piat
885 2455 1159 2537 speciem
1188 2454 1265 2518 ad
1302 2454 1570 2535 objecto,
1602 2451 1863 2516 intentio
1908 2455 2085 2515 actus
2127 2450 2270 2514 dili-

723 2563 920 2643 300111
976 2561 1213 2626 variari
1288 2560 1480 2625 habet
1533 2560 1886 2624 secundum
1957 2559 2272 2622 rationem

723 2670 900 2734 boni.
932 2668 1184 2735 Bonum
1208 2676 1423 2735 autem
1463 2669 1692 2733 dicitur
1739 2668 1972 2749 aliquid
2003 2666 2273 2749 duplici-

729 2781 826 2841 ter
865 2797 1024 2842 :uno
1062 2778 1250 2842 modo
1289 2778 1681 2853 concretive,
1713 2777 1865 2859 quia
1891 2780 1986 2841 est
2012 2775 2271 2840 ordina-

723 2891 862 2949 tum
892 2886 972 2951 ad
1001 2886 1458 2950 beatitudinem
1484 2890 1547 2949 et
1570 2886 1639 2949 in
1661 2886 1860 2950 finem
1888 2884 2051 2964 ;alio
2081 2882 2271 2946 modo

723 2992 1122 3069 abstractive,
1155 2992 1306 3075 quia
1345 2997 1439 3056 est
1464 2992 1645 3070 illud,
1673 3010 1801 3075 quo
1832 2992 1975 3074 quis
2016 2990 2269 3054 ordina-

725 3104 834 3166 tur
860 3099 930 3165 in
959 3099 1176 3164 finem.
1219 3100 1393 3165 Dona
1431 3100 1634 3182 igitur
1676 3098 1958 3180 gratuita
2008 3115 2140 3161 non
2172 3095 2270 3161 di-

729 3211 966 3271 cuntur
992 3224 1127 3270 esse
1151 3206 1316 3270 bona
1341 3206 1547 3289 primo
1579 3205 1786 3283 modo,
1818 3206 1924 3268 sed
1967 3203 2268 3281 secundO,

730 3314 882 3397 quia
908 3311 1332 3376 mediantibus
1360 3311 1484 3375 illis
1522 3311 1892 3376 substantiae
1934 3310 2272 3374 rationales

730 3418 970 3483 habent
997 3417 1065 3481 in
1091 3419 1283 3482 finem
1326 3418 1607 3482 ordinari
1654 3439 1669 3482 ε
1712 3418 1854 3482 ideo
1882 3418 2135 3500 proprie
2174 3416 2267 3480 lo-

729 3524 986 3608 quendo
1027 3524 1232 3605 magis
1266 3529 1416 3588 sunt
1458 3524 1787 3601 bonitates,
1830 3542 2026 3606 quarn
2075 3524 2267 3604 hona,

728 3636 792 3696 et
835 3630 1044 3712 magis
1098 3630 1374 3694 rationes
1419 3630 1761 3711 diligendi,
1811 3649 2006 3713 quam
2049 3629 2269 3710 diligi—

729 3738 881 3803 bilia
911 3756 928 3801 z
959 3741 1023 3802 et
1050 3736 1191 3801 ideo
1217 3737 1435 3801 dicunt
1452 3737 1555 3800 isti
1584 3737 1754 3819 quod
1781 3736 2141 3820 susceptiva
2156 3738 2272 3801 ho·

729 3864 879 3910 rum
907 3846 1221 3910 donorum
1245 3843 1676 3927 spiritualium
1695 3848 1844 3907 sunt
1863 3862 1942 3907 ex
1965 3843 2270 3907 charitate

728 3952 1072 4034 diligenda,
1096 3953 1232 4035 ipsa
1260 3969 1414 4016 vero
1442 3951 1612 4015 dona
1644 3951 1928 4031 gratuita
1962 3968 2095 4013 000
2119 3954 2271 4045 sunt

726 4060 980 4142 proprie
1000 4077 1082 4123 ex
1109 4059 1412 4123 charitate
1437 4057 1778 4138 diligenda,
1802 4056 1911 4120 sed
1930 4055 2142 4136 magis
2172 4074 2271 4119 ra-

726 4166 931 4230 tiones
973 4144 1281 4248 diligendi
1322 4183 1404 4228 ex
1449 4163 1751 4227 charitate
1799 4182 1918 4227 sua
1961 4163 2265 4244 subjecta.

726 4270 805 4336 Et
838 4272 993 4354 quia
1026 4272 1314 4336 accidens
1358 4288 1507 4334 cum
1555 4268 1836 4351 subjecto
1881 4274 1979 4333 est
2031 4286 2266 4348 unum,

725 4379 868 4443 ideo
891 4378 1290 4444 dilectionem
1332 4378 1600 4442 istorum
1632 4376 1947 4440 donorum
1987 4394 2139 4439 cum
2165 4377 2269 4440 di-

725 4485 994 4553 lectione
1042 4489 1480 4550 creaturarum
1530 4482 1936 4547 rationalium
1985 4501 2118 4548 non
2174 4488 2271 4548 est

727 4609 964 4676 ponere
991 4592 1062 4656 in
1080 4609 1446 4656 numerum.
1470 4588 1591 4654 Sed
1618 4588 1775 4653 illud
1794 4589 2003 4654 adhuc
2029 4591 2271 4654 calum—

727 4700 964 4764 niabile
990 4704 1105 4779 est,
1136 4716 1252 4782 pro
1288 4716 1365 4763 eo
1402 4696 1574 4780 quod
1619 4696 1806 4773 Deus,
1852 4696 1965 4778 qui
2000 4702 2096 4760 est
2137 4699 2272 4780 ipsa

727 4826 983 4872 summa
1001 4806 1248 4871 bonitas
1265 4823 1376 4888 per
1394 4802 1752 4881 essentiam,
1770 4811 2272 4870 connumeratur

726 4912 894 4976 inter
920 4930 1017 4990 ea,
1061 4927 1209 4993 quae
1248 4913 1403 4973 sunt
1447 4926 1527 4972 ex
1578 4908 1880 4973 charitate
1923 4910 2265 4991 diligenda.

728 5017 809 5083 Et
849 5018 1082 5083 iterum
1104 5024 1129 5058 ²
1159 5039 1176 5081 2
1215 5040 1247 5077 α
1275 5015 1541 5098 Propter
1562 5016 1733 5097 quod
1757 5017 2269 5101 unumquodque

724 5125 871 5205 tale,
890 5130 954 5191 et
979 5126 1192 5209 ipsum
1217 5123 1432 5205 magis
1462 5144 1480 5186 :
1510 5143 1542 5181 t
1572 5121 1681 5187 sed
1705 5121 1857 5188 talia
1882 5123 2049 5189 dona
2073 5126 2271 5210 spiri-

788 5283 806 5317 ¹
843 5284 1015 5348 meg..
1051 5285 1101 5332 in
1130 5284 1339 5348 Emng..
1367 5282 1511 5334 hom.
1541 5294 1670 5333 xvu.
1701 5284 1803 5320 -ἱ
1838 5284 2012 5348 Arist„
2056 5286 2267 5347 Foster„

725 5351 814 5401 lib.
847 5355 885 5415 l,
908 5358 1050 5404 cont.
1069 5357 1114 5408 5.
1133 5379 1196 5392 -
1215 5355 1399 5418 ’Aug.,
1420 5352 1482 5403 de
1511 5354 1708 5416 rrim‘t„
1740 5353 1825 5405 1111.
1856 5356 1990 5419 vlu,
2016 5371 2062 5408 c.
2089 5369 2267 5409 vlu.-

1846 381 2470 451 SENTENTIARUM
2512 383 2661 450 LlB.
2707 386 2813 451 111.

2386 520 2581 583 tualia
2606 525 2756 584 sunt
2782 521 2970 601 bona,
3000 526 3257 605 propter
3279 542 3426 607 quae
3449 523 3751 590 homines
3774 528 3913 592 dili-

2382 638 2630 709 guntur
2665 648 2681 689 :
2709 649 2868 712 ergo
2894 632 3099 696 multo
3115 632 3340 697 fortius
3376 651 3459 697 ex
3487 634 3796 700 charitate
3823 637 3918 699 di-

2383 734 2640 816 ligenda
2669 738 2805 819 ipsa
2828 738 3148 802 videntur.
3181 737 3257 802 Et
3283 740 3425 804 ideo
3452 746 3547 803 est
3576 741 3790 806 adhuc
3813 748 3921 806 ter·
3940 759 4079 814 ομιτ»

2385 842 2512 905 tius
2541 844 2769 908 modus
2798 844 3047 910 dicendi
3098 868 3113 909 :
3146 846 3323 929 quia,
3370 846 3537 910 sicut
3580 848 3651 911 in
3692 867 3921 930 1110100-

2382 948 2679 1013 dentibus
2734 955 2972 1015 tactum
3017 956 3150 1026 est,
3201 951 3439 1035 duplex
3463 958 3559 1017 est
3604 954 3925 1018 charitatis

2382 1059 2616 1132 motus»,
2633 1061 2695 1120 et
2710 1056 2992 1121 affecturi.
3017 1058 3124 1122 Est
3142 1059 3316 1123 enim
3337 1059 3590 1125 dilectio
3609 1063 3922 1138 amicitiae,

2380 1167 2441 1226 et
2468 1163 2716 1228 dilectio
2738 1166 3263 1248 concupiscentiae
3298 1186 3315 1230 ε
3348 1168 3686 1231 dilectione
3715 1169 3927 1231 amici-

2380 1270 2487 1334 1110
2517 1271 2626 1335 illa
2665 1271 3044 1353 diliguntur,
3085 1274 3323 1356 quibus
3361 1279 3620 1358 optatur
3650 1275 3922 1352 bonum;

2379 1377 2711 1442 dilectione
2743 1396 2897 1443 vero
2935 1381 3462 1463 concupiscentiae
3495 1381 3808 1446 dicuntur
3837 1383 3926 1446 di-

2379 1485 2520 1567 ligi,
2550 1504 2699 1568 quae
2725 1486 3183 1552 desiderantur.
3218 1486 3536 1565 Quoniam
3568 1507 3736 1570 ergo
3765 1490 3931 1554 dasi-

2381 1591 2628 1655 derium
2657 1594 2973 1658 bonorum
2991 1594 3424 1677 spiritualium
3446 1600 3541 1658 est
3562 1595 3773 1678 ipsius
3794 1597 3930 1660 cha·

2382 1701 2604 1779 ritatis,
2651 1703 3004 1765 secundum
3032 1702 3203 1784 quod
3227 1700 3440 1767 Sancti
3480 1703 3732 1782 dicunt,
3763 1703 3927 1785 quod

2383 1807 2550 1871 bona
2583 1808 2936 1889 spiritualia
2980 1809 3250 1872 retinent
3299 1809 3616 1874 rationem
3660 1811 3925 1887 honesti,

2381 1915 2854 1979 concedendum
2874 1920 2969 1980 est
2993 1916 3163 1998 quod
3182 1916 3351 1980 bona
3366 1918 3666 1997 gratuita
3682 1937 3766 1981 ex
3791 1918 3930 1982 cha-

2380 2020 2564 2085 ritate
2606 2022 2928 2103 diligenda
2967 2027 3138 2087 sunt.
3184 2023 3416 2088 Et-hoc
3451 2043 3759 2107 exproese
3790 2026 3930 2090 dicit

2382 2128 2788 2208 Augustinus
2817 2129 2882 2192 in
2911 2129 3073 2193 libro
3088 2127 3253 2204 Vnt,
3281 2129 3360 2196 de
3400 2131 3757 2211 Trinitate,
3787 2151 3927 2196 cum

2381 2235 2527 2298 dicit
2546 2236 2589 2311 ⁸,
2621 2236 2792 2318 quod
2832 2234 2968 2317 ipsa
2994 2236 3268 2300 charitas
3314 2256 3396 2301 ex
3434 2238 3753 2302 charitate
3793 2239 3927 2302 dili·

2383 2342 2595 2421 genda
2623 2345 2741 2406 est.
2780 2342 3090 2426 Expresse
3116 2344 3309 2408 etiam
3352 2345 3535 2409 docet
3571 2346 3716 2428 ipsa
3742 2365 3930 2429 expe-

2380 2448 2607 2510 rientia
2634 2449 2808 2512 viros
2833 2450 3212 2531 spiritualeS,
3244 2454 3355 2534 qui
3402 2452 3564 2514 nihil
3609 2457 3747 2515 tam
3775 2454 3934 2517 desi-

2380 2555 2603 2619 derant
2626 2563 2767 2638 post
2804 2557 3025 2636 Deum,
3070 2577 3266 2641 quam
3303 2559 3544 2624 habere
3587 2562 3929 2643 perfectam

2381 2660 2487 2725 Dei
2516 2663 2938 2729 dilectionem.
2972 2664 3148 2729 Unde
3177 2667 3597 2731 concedendae
3642 2673 3801 2731 sunt
3835 2687 3931 2731 ra-

2379 2767 2603 2847 tiones,
2636 2788 2783 2852 quae
2810 2777 2961 2836 sunt
2989 2771 3068 2834 ad
3098 2776 3343 2854 partem
3373 2773 3585 2836 istam.

2461 2881 2518 2939 1.
2552 2875 2647 2940 Ad
2684 2876 2842 2942 illud
2878 2897 3033 2943 vero
3067 2878 3238 2961 quod
3281 2880 3489 2962 primo
3528 2881 3840 2962 objicitur
3871 2883 3930 2944 in

2380 2984 2794 3063 contrarium,
2831 2986 3002 3068 quod
3030 2985 3207 3050 nulla
3232 2989 3529 3051 creatura
3557 3006 3787 3052 carens
3831 3008 3931 3052 ra-

2377 3087 2593 3173 tione„
2619 3089 2941 3173 diligenda
2969 3097 3063 3157 est
3089 3111 3169 3157 ex
3215 3094 3546 3174 charitate,
3591 3094 3927 3161 dicendum

2378 3197 2550 3277 quod
2577 3197 2630 3260 si
2675 3198 3068 3280 intelllgatur
3110 3200 3189 3264 de
3227 3200 3559 3266 dilectione
3604 3204 3922 3278 amicitiae,

2378 3321 2608 3367 verum
2635 3310 2767 3384 est;
2813 3307 2865 3368 si
2907 3325 3060 3371 vero
3100 3307 3177 3370 de
3212 3306 3549 3372 dilectione
3589 3311 3922 3392 concupis-

2380 3412 2626 3491 centiae,
2648 3430 2777 3475 non
2796 3418 2892 3476 est
2910 3432 3160 3476 verum.
3188 3412 3268 3476 Et
3284 3412 3337 3476 si
3356 3416 3425 3476 tu
3443 3414 3733 3495 objicias,
3760 3415 3920 3499 quod

2377 3521 2534 3580 tunc
2583 3518 2753 3582 bona
2799 3520 3175 3602 temporalia
3234 3525 3423 3583 erunt
3475 3520 3810 3601 diligenda
3847 3541 3921 3585 ex

2379 3625 2706 3703 charitate,
2736 3646 2884 3690 cum
2914 3628 3191 3692 charitas
3220 3628 3403 3691 faciat
3428 3628 3542 3693 illa
3581 3630 3752 3694 bona
3778 3650 3920 3694 eon-

2379 3733 2616 3813 cupisci
2660 3737 2919 3816 propter
2967 3736 3346 3817 obsequium
3393 3735 3541 3814 Dei,
3587 3736 3919 3801 dicendum

2377 3841 2548 3921 quod
2573 3860 2705 3904 non
2732 3848 2826 3906 est
2864 3843 3093 3923 simile,
3124 3844 3278 3927 quia
3320 3844 3431 3908 illa
3471 3844 3644 3908 bona
3680 3849 3917 3928 tempo·

2378 3947 2534 4010 ralia
2556 3949 2793 4012 habent
2820 3955 3068 4013 tantum
3098 3951 3414 4014 rationem
3442 3952 3790 4031 commodi,
3819 3954 3925 4018 sed

2378 4053 2546 4118 bona
2568 4056 2921 4138 spiritualia
2937 4057 3175 4122 habent
3202 4059 3516 4122 rationem
3533 4059 3787 4124 honesti
3817 4083 3833 4123 :
3866 4067 3928 4125 et

2378 4161 2520 4225 ideo
2555 4163 3064 4245 concupiscentia
3096 4165 3427 4246 sapientiae
3454 4165 3523 4228 in
3559 4165 3923 4251 Scriptura·

2378 4268 2698 4347 laudatur,
2745 4271 3043 4352 quamvis
3082 4272 3594 4355 concupiscentia
3640 4275 3925 4355 pecuniae

2378 4374 2796 4456 vituperetur.
2884 4374 3197 4441 Praeterea
3224 4425 3242 4454 ,
3326 4378 3496 4442 bona
3555 4382 3929 4463 temporalia

2378 4486 2531 4545 sunt
2550 4481 2819 4546 minima
2845 4483 3033 4562 bona,
3065 4483 3229 4549 sicut
3245 4484 3395 4548 dicit
3421 4487 3876 4578 Augustinus⁵
3904 4512 3921 4554 :

2379 4590 2487 4653 sed
2516 4590 2683 4654 dona
2711 4591 3000 4673 gratuita
3044 4593 3207 4656 inter
3233 4593 3404 4658 bona
3444 4599 3737 4663 maxima
3774 4620 3926 4665 con-

2380 4702 2804 4762 numerantur
2839 4719 2856 4761 2
2886 4700 3027 4762 ilco
3058 4700 3136 4764 de
3160 4700 3265 4763 his
3294 4707 3359 4765 et
3384 4702 3522 4767 istis
3557 4724 3691 4770 non
3720 4713 3815 4773 est
3838 4710 3926 4773 si·

2381 4804 2553 4868 mile.

2460 4916 2522 4977 2.
2546 4910 2645 4976 Ad
2671 4911 2831 4976 illud
2872 4913 3045 4996 quod
3073 4914 3395 4997 obiicitur,
3441 4919 3616 5000 quod
3664 4921 3927 5004 diligere

2379 5023 2476 5081 est
2496 5018 2659 5083 velle
2685 5019 2875 5084 alicui
2903 5021 3169 5101 bonum,
3191 5023 3334 5104 jam
3358 5028 3536 5107 patet
3562 5031 3919 5112 responsio:

2379 5124 2536 5208 quia
2579 5124 2865 5208 loquitur
2906 5126 2986 5191 de
3027 5126 3325 5211 diligere,
3359 5134 3722 5200 secundum
3763 5134 3926 5220 quod

2381 5287 2404 5322 ι
2436 5285 2558 5349 Sap.
2586 5297 2661 5349 vr,
2700 5290 2777 5350 ¹⁴5
2800 5287 2982 5350 Exta,
3009 5299 3085 5351 vr,
3110 5291 3314 5341 36.—⁸
3340 5295 3493 5358 Aug„
3532 5296 3597 5345 de
3622 5298 3734 5350 Lib.
3770 5299 3924 5359 Ara,

2378 5357 2467 5409 lib.
2505 5358 2572 5419 11,
2592 5371 2639 5409 c.
2668 5370 2787 5410 nx.
