4185 6288
3383 484 3456 534 Π

281 612 503 697 Aliquis
556 613 789 680 scribit
844 614 1067 680 aliena
1120 610 1439 689 addendo,
1481 607 1591 673 sed
1646 623 1781 671 non
1833 604 1912 672 de
1964 625 2125 688 suo;
2182 612 2247 675 et
2299 611 2421 676 iste
2485 610 2858 696 compilator
2901 613 3156 682 dicitur.
3205 616 3455 702 Aliquis

277 738 476 805 scribit
497 743 564 804 et
579 738 823 818 aliena,
854 741 925 805 et
951 757 1107 817 sua;
1134 736 1245 803 sed
1269 735 1477 801 aliena
1505 736 1815 817 tanquam
1841 730 2239 817 principalia,
2268 738 2331 801 et
2351 751 2471 801 sua
2483 738 2792 821 tanquam
2809 756 3066 805 annexa
3080 740 3160 806 ad
3185 740 3453 810 eviden-

275 870 446 948 tiam;
470 871 538 935 et
561 868 688 933 iste
712 868 956 933 dicitur
979 868 1459 933 commentator.
1492 863 1741 947 Aliquis
1770 860 1991 926 scribit
2016 865 2081 926 et
2109 878 2251 940 sna,
2279 866 2344 927 et
2366 862 2611 944 aliena;
2641 864 2751 930 sed
2788 882 2905 930 sua
2929 868 3235 950 tanquam
3270 868 3452 953 prin-

277 993 509 1077 cipalia,
535 994 757 1059 aliena
793 998 1105 1076 tanquam
1141 1010 1394 1057 annexa
1436 990 1517 1054 ad
1564 986 2148 1065 confirmationem3
2196 989 2261 1053 et
2305 987 2451 1052 talis
2489 987 2675 1054 debet
2723 990 2845 1055 dici
2891 994 3133 1057 auctor.
3162 1014 3196 1054 s
3230 992 3448 1079 ltaque

277 1120 621 1185 secundum
639 1120 818 1185 hunc
834 1118 1312 1202 quadruplicem
1330 1117 1615 1196 modum,
1633 1115 1700 1179 in
1724 1112 2037 1198 praedictis
2060 1112 2548 1182 Commentariis
2567 1113 2791 1181 Doctor
2811 1120 3025 1181 noster
3042 1119 3254 1201 quoad
3281 1137 3446 1203 prae-

278 1245 537 1310 insertos
579 1246 778 1310 libros
815 1243 1295 1311 Sententiarum
1323 1241 1491 1307 Petri
1517 1238 1877 1318 Lombardi,
1904 1242 2000 1303 est
2022 1238 2466 1304 tantummodo
2494 1239 2784 1324 Scriptor
2797 1259 2825 1323 ;
2851 1241 3061 1325 quoad
3086 1244 3447 1325 praemissas

278 1371 690 1454 expositiones
713 1375 947 1451 textus,
974 1375 1072 1436 est
1094 1368 1384 1452 eiusdem
1414 1365 1698 1449 Magistri
1727 1364 2204 1431 Sententiarum
2235 1366 2694 1435 commentator
2708 1387 2738 1452 ;
2764 1372 3085 1452 quatenus
3120 1388 3276 1436 vero
3301 1370 3445 1438 lau-

284 1496 398 1561 dati
417 1496 705 1579 Magistri
724 1514 903 1562 more
924 1497 1013 1561 ita
1036 1514 1185 1561 suas
1207 1492 1387 1577 ponit
1400 1490 1765 1569 sententias,
1788 1493 1862 1555 ut
1877 1494 2135 1574 patrum
2158 1493 2606 1576 majorumque
2622 1493 2949 1559 sententiis
2965 1512 3073 1559 eas
3085 1495 3439 1574 confirmet,

286 1619 575 1685 dicendus
596 1622 697 1686 est
719 1627 965 1699 auctor,
991 1618 1367 1701 neutiquam
1397 1632 1551 1681 vero
1586 1614 1984 1697 compilator,
2028 1616 2196 1681 sicut
2231 1616 2300 1681 in
2328 1616 2653 1684 Phorctra.
2708 1616 3104 1704 Quapropter
3145 1637 3225 1686 ex
3253 1620 3442 1686 allato

289 1746 514 1827 syllabo
540 1746 707 1812 nihil
731 1747 803 1811 in
845 1746 1131 1814 auctoris
1169 1741 1615 1828 praejudicium
1660 1740 1878 1823 colligi
1919 1743 2155 1823 potest,
2199 1742 2309 1808 sed
2352 1742 2561 1826 potius
2590 1761 2788 1827 quam
2814 1743 2938 1810 late
2983 1748 3127 1828 ejus
3168 1745 3439 1813 eruditio

291 1874 533 1955 pateret.

360 2019 389 2058 ι
417 1994 633 2080 Neque
651 1994 867 2080 ampla
890 1997 1031 2081 ejus
1058 1993 1329 2061 eruditio
1368 1994 1610 2059 constat
1635 1991 1946 2058 duntaxat
1971 2009 2055 2058 ex
2081 1990 2378 2058 citatione
2420 1992 2781 2075 Doctorum,
2809 1994 2919 2060 sed
2968 1994 3166 2062 etiam
3194 2014 3276 2063 ex
3303 1998 3440 2083 ipsa

293 2124 656 2203 doctrina...;
687 2121 1209 2208 quandoquidem
1251 2122 1315 2186 et
1345 2137 1427 2185 ex
1466 2118 1634 2185 veris
1658 2117 1812 2183 locis
1837 2116 2211 2201 theologicis
2237 2117 2542 2199 derivata,
2569 2121 2632 2184 et
2660 2118 3062 2203 praedicando
3089 2120 3198 2187 Dei
3241 2123 3437 2191 verbo

293 2267 574 2334 perquam
594 2248 1089 2329 accommodata,
1114 2251 1181 2313 et
1209 2245 1583 2313 reducendis
1610 2243 1858 2309 artibus
1877 2242 1958 2309 ad
1987 2242 2380 2326 theologiam
2411 2261 2803 2329 magnopere
2830 2244 3079 2327 idonea,
3121 2249 3186 2311 et
3213 2248 3437 2332 explo-

296 2376 488 2442 dendis
507 2374 913 2454 novitalihus,
941 2372 1287 2450 erroribus,
1316 2390 1390 2436 ac
1415 2370 1767 2435 baeresibus
1791 2368 2029 2452 optime
2053 2367 2373 2448 instituta,
2398 2371 2462 2435 et
2496 2369 2577 2434 ab
2603 2368 2890 2436 evanidis
2915 2368 3161 2438 Scholae
3181 2372 3431 2439 subtili-

300 2499 507 2564 tatibus
542 2499 786 2578 aliena,
837 2503 903 2563 et
932 2495 1351 2562 illuminando
1390 2493 1756 2566 intellectui.
1809 2492 2397 2578 inflammandoque
2440 2493 2699 2561 affectui
2743 2495 3070 2581 seraphice
3114 2498 3429 2581 ordinata,

304 2625 491 2704 verbo,
517 2644 629 2709 pro
653 2624 900 2690 ratione
939 2622 1113 2688 illius
1137 2621 1464 2705 temporis,
1491 2620 1793 2686 omnibus
1818 2619 2107 2685 numeris
2148 2617 2437 2684 absoluta
2467 2619 2626 2702 (baec
2661 2622 3117 2689 commentaria
3137 2623 3427 2708 quisque)

302 2750 483 2815 statim
498 2748 804 2832 intelliget
832 2770 850 2814 ε
876 2757 953 2814 ιιι
974 2748 1218 2813 mirum
1261 2763 1668 2830 nequaquam
1690 2744 1792 2821 sit,
1832 2743 1886 2808 si
1910 2760 2136 2810 eorum
2160 2742 2485 2809 luculenta
2517 2744 2803 2810 doctriua
2834 2743 3121 2813 Clemens
3147 2747 3230 2815 lv
3269 2766 3431 2834 pon·

304 2873 434 2940 tifex
457 2876 770 2941 maximus
792 2874 986 2940 fuerit
1011 2872 1277 2937 mirifice
1317 2870 1677 2950 delectatus,
1706 2874 1773 2935 et
1800 2870 2137 2953 scriptores
2160 2869 2372 2935 omnis
2406 2870 2635 2949 aetatis,
2674 2875 3213 2957 contemporanei,
3242 2877 3428 2960 quasi

304 2999 795 3083 contemporanei,
826 2999 1264 3083 proximiores,
1292 2996 1813 3079 remotioresque,
1844 2995 2135 3061 certatim
2151 3014 2229 3060 ea
2251 2995 2520 3061 summis
2548 2995 2848 3063 laudibus
2876 2998 3182 3066 extulere.

366 3146 395 3185 ι
424 3124 716 3207 Ptorecto,
752 3124 927 3209 quod
964 3121 1336 3189 methodum
1378 3124 1647 3207 spectat,
1684 3121 1845 3187 nihil
1879 3121 2219 3187 desiderari
2264 3126 2466 3205 potest
2508 3122 2903 3204 ordinatius3
2950 3126 3126 3211 quod
3162 3127 3427 3213 stylum,

302 3248 438 3315 nihil
458 3250 713 3332 clarius3
741 3250 919 3334 quod
945 3249 1320 3329 doctrinam,
1348 3246 1508 3313 nihil
1554 3246 1852 3326 solidius;
1880 3247 2052 3330 quod
2089 3247 2420 3330 pietatem,
2450 3247 2612 3314 nihil
2647 3250 2960 3333 sanctius;
3000 3253 3176 3337 quod
3205 3255 3430 3323 conru-

302 3376 589 3457 tationem,
615 3377 778 3442 nihil
806 3375 1186 3454 modestius3
1215 3374 1388 3459 quod
1415 3373 1849 3450 assertionem,
1878 3372 2039 3437 nibil
2066 3373 2485 3455 moderatius;
2513 3375 2685 3458 quod
2714 3375 2975 3443 demum
3011 3377 3122 3445 Dei
3144 3398 3431 3449 amorem

302 3504 355 3564 et
372 3502 646 3585 proximi,
672 3501 1196 3568 nihilardentius.
1231 3498 1594 3566 Mirandum
1618 3498 1828 3582 potius
1853 3500 2038 3578 esset,
2063 3496 2391 3566 Oudinum
2409 3505 2428 3542 ¹
2457 3517 2535 3565 eo
2563 3501 2931 3584 processisse
2939 3548 2963 3582 ,
2991 3505 3067 3569 ut
3091 3504 3428 3575 utilitatem

304 3640 458 3710 aeque
477 3627 543 3693 in
564 3626 1030 3695 Bonaventurae
1047 3674 1069 3707 ,
1097 3645 1173 3693 ac
1209 3627 1281 3693 in
1311 3625 1650 3711 Aquinatis
1692 3623 1979 3691 doctrina
2020 3630 2374 3709 quaereret,
2406 3624 2912 3712 desideraretque
2933 3675 2954 3709 ,
2982 3645 3058 3695 ac
3085 3633 3429 3717 utrumque

306 3749 615 3821 thenonino
633 3754 825 3821 dente
843 3753 1221 3832 corroderet,
1249 3752 1375 3818 nisi
1396 3750 1653 3818 aliunde
1686 3752 2023 3830 constaret,
2055 3750 2461 3818 consuevisse
2490 3751 2679 3836 lupos
2701 3752 2997 3819 insectari
3025 3772 3233 3837 canes,
3266 3773 3427 3824 noc-

301 3876 620 3947 tuabnndos
641 3879 1036 3948 odiohabere
1056 3877 1292 3961 lucem,
1316 3877 1576 3962 suisque
1601 3876 1877 3944 dicteriis
1913 3879 2047 3941 tam
2070 3893 2207 3943 non
2239 3876 2519 3960 potuisse
2539 3876 3003 3944 heterodoxum
3014 3878 3201 3946 illum
3221 3878 3425 3967 Scrip-

298 4006 470 4072 torem
486 4005 756 4072 summis
778 4005 936 4072 viris
959 4021 1208 4087 nocere,
1235 4007 1313 4070 ut
1334 4002 1594 4088 lapides,
1624 4005 1689 4068 et
1708 4002 1971 4086 quidem
1994 4002 2375 4086 Sanctuarii,
2398 4003 2812 4071 momordisse
2839 4004 3151 4073 videatur.

359 4149 387 4190 ι
411 4129 713 4199 Caeterum
735 4131 817 4198 de
839 4129 1110 4198 utilitate
1124 4127 1429 4196 doctrinae
1450 4128 1522 4194 in
1545 4126 1862 4212 praedictis
1887 4127 2369 4195 Commentariis
2395 4128 2664 4211 traditae,
2688 4128 2836 4213 quis
2860 4147 3035 4197 sanae
3054 4131 3285 4200 mentis
3298 4132 3421 4201 dn-

295 4254 459 4344 bitet,
480 4276 625 4326 cum
657 4257 982 4343 praecipue
1023 4255 1313 4323 ordinata
1354 4255 1472 4336 sit,
1514 4260 1590 4322 ut
1638 4253 1787 4324 boni
1829 4255 2117 4337 fiamus?
2155 4255 2422 4340 Quippe,
2470 4259 2549 4322 ιιι
2589 4256 2854 4341 egregie
2899 4256 3147 4325 disserit
3193 4258 3423 4329 Doctor

290 4386 475 4451 noster
493 4387 540 4465 ¹,
574 4407 614 4450 ι
632 4383 920 4468 cognitio
943 4383 1290 4468 haecJuvat
1332 4381 1549 4460 fldem,
1577 4384 1643 4447 et
1674 4379 1832 4447 fides
1868 4381 1960 4448 sic
1993 4384 2088 4449 est
2126 4381 2198 4447 in
2220 4381 2542 4448 intellectu
2563 4428 2582 4461 ,
2612 4385 2709 4463 ut,
2735 4385 3051 4468 quantum
3082 4387 3178 4451 est
3211 4385 3293 4452 de
3317 4388 3422 4454 sui

288 4511 527 4593 ratione,
540 4516 693 4580 nata
716 4512 801 4578 sit
813 4527 1071 4579 movere
1086 4511 1408 4577 affectum.
1423 4528 1456 4570 s
1478 4509 1677 4593 quue
1697 4508 1974 4575 declarat
1985 4506 2281 4592 exemplo
2306 4527 2325 4574 z
2350 4529 2383 4571 c
2399 4505 2564 4573 Nam
2578 4507 2723 4574 haec
2735 4508 3017 4591 cognitio
3036 4528 3059 4575 t
3091 4531 3124 4573 c
3136 4507 3421 4578 Christus

287 4652 385 4719 pro
404 4638 579 4705 nobis
603 4642 901 4706 mortuus
922 4640 1041 4718 est,
1071 4658 1104 4700 s
1143 4639 1206 4704 et
1228 4633 1609 4713 consimiles,
1638 4634 1763 4700 nisi
1790 4633 1871 4699 sit
1897 4632 2091 4700 homo
2118 4634 2407 4717 peccator
2431 4636 2497 4699 et
2520 4634 2745 4716 durus,
2773 4636 2989 4701 movet
3020 4634 3102 4701 ad
3133 4652 3420 4703 amorem

286 4765 337 4828 et
372 4764 783 4832 devotionem.
829 4763 974 4831 Non
1005 4763 1097 4830 sie
1140 4764 1302 4830 ista:
1342 4784 1376 4824 ι
1408 4760 1693 4829 circulus
1728 4760 1931 4827 vincit
1956 4761 2363 4837 diametrum,
2407 4781 2441 4821 n
2481 4762 2601 4826 etc.
2648 4759 2946 4826 Sanctam
2983 4763 3262 4845 counitio
3288 4762 3418 4832 hoec

286 4886 444 4969 imai
464 4889 688 4973 fidens,
713 4907 934 4975 quam,
961 4887 1195 4955 relictis
1221 4888 1404 4957 vanis
1429 4886 1986 4973 speculationibus,
2014 4884 2418 4971 potissimum
2443 4885 2675 4950 insistit
2716 4864 3214 4954 exterminandis
3239 4907 3411 4957 erro-

285 5014 458 5099 ribus,
483 5016 837 5102 praesa-tim
873 5033 952 5081 ea
975 5018 1164 5081 aetate
1204 5015 1415 5082 adhuc
1453 5015 1855 5098 vigentibus;
1896 5017 2157 5098 tamque
2184 5017 2410 5081 movet.
2431 5012 2523 5081 ad
2545 5028 2846 5093 amorem,
2874 5032 3097 5097 quam,
3142 5015 3422 5101 depulsis

282 5137 529 5226 depulsis
559 5142 843 5211 tenebris
874 5140 959 5208 ab
987 5140 1312 5208 intellectu
1333 5159 1449 5226 per
1491 5144 1822 5227 peccatum
1849 5134 2118 5210 invectis
2132 5190 2152 5224 ,
2182 5143 2314 5207 tota
2339 5142 2435 5206 est
2476 5140 2548 5205 in
2572 5156 2673 5220 eo,
2704 5140 2778 5206 ut
2799 5140 3317 5225 ren-igescentem
3344 5143 3416 5210 in

332 5317 350 5353 ¹
371 5331 400 5364 ι
413 5317 633 5371 oudinus
655 5316 958 5381 casimirus,
986 5314 1066 5366 vir
1092 5313 1299 5380 quidem
1312 5315 1478 5367 multas
1500 5314 1733 5367 lectionis
1750 5316 1804 5367 et
1824 5315 2142 5376 eruditionis,
2164 5328 2226 5366 ac
2244 5313 2399 5366 etiam
2415 5314 2466 5366 S.
2492 5314 2863 5365 Beneventum
2884 5314 3144 5382 laudator-3
3161 5317 3252 5368 sed
3269 5316 3418 5369 avitae

282 5394 378 5451 fidei
404 5398 642 5466 desertor,
675 5404 728 5455 et
766 5395 1339 5454 nonaventnrianomm
1372 5398 1598 5461 Operum
1622 5409 1804 5462 parum
1837 5411 2015 5464 aquus
2046 5412 2249 5450 censor.
2284 5414 2313 5444 »
2349 5396 2423 5447 lta
2447 5394 2670 5447 editores
2698 5394 2750 5448 S.
2782 5395 3155 5449 Beneventum
3202 5409 3416 5462 operum

287 5478 483 5531 omnium
504 5480 864 5548 supplementi,
887 5481 1020 5531 tom.
1047 5477 1135 5540 ΙΙΙ,
1154 5489 1209 5542 p.
1230 5479 1368 5543 ¹2⁴⁴,
1384 5490 1429 5529 c.
1458 5482 1506 5529 1.
1524 5500 1586 5518 -
1603 5477 1872 5545 ¹Prooem„
1897 5478 1952 5530 in
1975 5478 2106 5534 libro
2126 5480 2144 5531 l
2163 5478 2415 5542 sentent„
2433 5490 2497 5541 ⁴q.
2521 5484 2784 5558 meopte,
2806 5477 2933 5527 tom.
2955 5478 2995 5538 l,
3022 5489 3076 5541 p.
3102 5478 3180 5541 ¹9,
3199 5476 3298 5530 col.
3322 5480 3369 5529 t.
