4185 6288
1317 451 1513 545 msr.
1562 452 1667 519 ιιι.
1711 452 1893 519 Aer.
1940 453 1990 518 1.
2035 453 2337 533 Quffisr.
2383 457 2432 522 1.

272 604 400 651 nus
426 588 478 663 ¹,
505 589 566 651 et
588 585 894 669 Magister
920 587 1139 652 recitat
1176 588 1247 652 in
1278 587 1532 654 littera:
1561 593 1626 655 et
1647 589 1811 671 ide0,

272 695 423 778 quia
447 700 543 759 cst
562 713 697 759 una
722 714 997 779 persona
1023 699 1090 760 in
1116 696 1381 774 Christo,
1407 699 1509 762 cui
1551 698 1815 763 debetur

268 802 630 868 reverentia
645 821 923 879 summa,
953 822 1085 867 una
1102 804 1469 869 adoratione
1496 804 1816 871 adoranda

268 916 381 988 est,
442 910 681 975 seilicet
728 910 936 988 latria,
996 915 1310 994 qnantum
1360 912 1439 976 ad
1476 916 1814 995 utramque

266 1020 592 1098 naturam,
620 1017 852 1082 scilicet
886 1017 1183 1082 deitatem
1208 1021 1273 1083 et
1321 1018 1809 1096 humanitatem,

264 1125 428 1190 sicut
457 1126 680 1191 eadem
705 1126 1070 1191 adoratione
1116 1127 1415 1190 adoratur
1442 1126 1511 1191 in
1528 1128 1675 1206 {uno
1702 1127 1815 1193 ho-

264 1234 441 1297 mine
476 1236 758 1317 caputet
789 1251 920 1317 pes.
961 1233 1444 1300 Concedendum
1493 1239 1586 1300 est
1612 1237 1808 1318 ζει-30,

264 1339 439 1422 qnod
486 1358 623 1405 non
646 1340 859 1405 solum
902 1340 1185 1407 Christus
1209 1342 1407 1406 homo
1451 1342 1814 1408 adorandus

264 1449 356 1511 est
380 1447 597 1524 latria,
628 1447 735 1510 sed
769 1448 962 1512 etiam
990 1448 1354 1513 humanitas
1379 1449 1601 1532 ejusin
1614 1468 1813 1533 quan·

263 1559 403 1618 tum
435 1560 529 1619 est
555 1554 763 1621 Verbo
787 1557 991 1634 unita,
1024 1559 1319 1640 quamvis
1344 1577 1459 1642 per
1492 1578 1561 1623 se
1610 1560 1813 1624 consi-

261 1662 498 1727 deratae
529 1668 619 1743 (a)
645 1682 978 1748 nunquam
1035 1665 1096 1729 ei
1125 1665 1432 1729 debeatur
1454 1665 1576 1729 nisi
1611 1665 1806 1731 dulia.

260 1769 338 1834 Et
355 1772 671 1853 quoniam
700 1790 848 1836 caro
871 1771 1099 1836 Christi
1130 1791 1490 1855 numquam
1516 1778 1609 1837 est
1636 1792 1813 1855 sepa·

260 1883 398 1942 rata
424 1899 465 1944 a
489 1877 735 1960 verbo:
771 1879 911 1945 ideo
948 1898 1199 1964 semper
1239 1881 1693 1946 consideranda
1720 1885 1814 1946 est

262 1991 336 2051 ut
363 1989 732 2070 conjuncta,
758 1992 820 2052 et
844 2007 1093 2072 semper
1120 1988 1439 2053 adoranda
1482 1995 1573 2053 est
1602 1989 1807 2070 latria,

260 2092 408 2158 licet
432 2095 850 2172 humanitati,
879 2100 955 2160 nt
975 2114 1090 2179 per
1121 2115 1188 2161 se
1211 2095 1620 2161 consideratae
1636 2145 1653 2174 ,
1680 2116 1812 2162 non

261 2198 568 2266 debeatur
610 2202 734 2265 nisi
777 2203 972 2268 dulia.
1003 2202 1081 2266 Et
1106 2203 1247 2267 ideo
1291 2203 1570 2267 secunda
1597 2203 1811 2285 opinio

262 2307 489 2373 melior
535 2313 633 2374 est
687 2328 883 2393 quam
936 2311 1166 2393 prima,
1222 2315 1285 2374 et
1335 2310 1812 2374 auctoritatibus

262 2411 645 2481 Sanctorum
674 2418 884 2499 magis
912 2422 1010 2482 est
1034 2435 1312 2482 consona
1344 2439 1358 2481 ε
1402 2421 1464 2482 et
1489 2418 1631 2482 ideo
1657 2436 1810 2482 con-

264 2522 557 2589 cedendae
582 2531 737 2590 sunt
759 2526 1058 2605 rationes,
1089 2544 1240 2608 quae
1283 2525 1538 2589 suntad
1566 2530 1809 2608 partem

263 2629 477 2695 istam.

339 2744 396 2803 1.
436 2740 532 2804 Ad
566 2739 728 2805 illud
772 2758 928 2823 ergo
968 2741 1141 2824 quod
1177 2741 1386 2825 primo
1417 2741 1715 2824 objicitur
1743 2741 1812 2805 in

268 2847 687 2926 contrarium,
720 2849 893 2929 quod
918 2848 1105 2912 latria
1146 2853 1240 2914 est
1281 2849 1491 2914 cultus
1520 2849 1637 2913 soli
1686 2849 1812 2914 Deo

266 2953 511 3020 debitus
528 3004 547 3035 ‚
596 2954 938 3021 dicendum
989 2956 1160 3039 quod
1208 2963 1466 3041 propter
1506 2958 1630 3023 hoc
1678 2975 1811 3021 non

267 3063 623 3128 excluditur
655 3064 1025 3128 humanitas
1074 3063 1325 3130 Christi.
1375 3064 1552 3129 Sicut
1599 3065 1772 3130 enim
1792 3113 1808 3143 ,

267 3189 414 3238 cum
442 3172 671 3236 dicitur
703 3194 718 3236 ε
760 3194 790 3233 α
817 3171 1004 3237 Solus
1031 3173 1256 3238 Petrus
1281 3178 1377 3238 est
1401 3173 1507 3237 hic
1530 3175 1705 3238 intus
1721 3222 1740 3252 ,
1770 3199 1801 3233 ι)

267 3297 388 3342 ιιοιι
422 3279 782 3344 excluditur
814 3299 1044 3344 manus
1068 3281 1170 3345 vel
1197 3299 1307 3364 pes
1333 3282 1507 3362 ejus3
1539 3281 1630 3344 sic
1661 3300 1811 3345 cum

268 3385 495 3451 dicitur
527 3409 543 3452 ι
579 3411 611 3449 α
641 3387 827 3452 Solus
854 3387 1021 3453 Deus
1047 3392 1140 3452 est
1163 3388 1526 3453 adorandus
1546 3388 1750 3470 latria,
1771 3413 1802 3449 ι)

267 3509 391 3557 non
444 3494 808 3560 excluditur
857 3495 1225 3560 humanitas
1250 3545 1267 3574 ,
1321 3497 1475 3579 quia
1525 3499 1814 3562 humana

268 3606 513 3681 natura,
545 3606 610 3666 et
636 3602 877 3682 divina,
907 3603 979 3667 in
1016 3622 1216 3668 unam
1243 3609 1636 3668 concurrunt
1663 3621 1807 3686 per-

270 3722 504 3772 sonam.
549 3709 728 3774 Unde
754 3713 820 3774 et
852 3710 995 3775 haec
1033 3711 1317 3776 adoratio
1351 3730 1482 3775 non
1524 3712 1705 3795 ponit
1742 3711 1810 3774 in

200 3899 207 3912 Ι
269 3831 613 3882 nnmerum
638 3837 788 3883 cum
816 3819 944 3884 illa.

338 3930 402 3989 Ξ.
450 3926 550 3992 Ad
599 3925 759 3992 illud
804 3927 977 4010 quod
1025 3927 1326 4010 objicitur
1345 3976 1363 4007 ‚
1409 3927 1582 4010 quod
1636 3926 1811 3990 carni

273 4030 489 4098 Christi
546 4053 683 4098 non
739 4039 834 4099 est
887 4036 1370 4100 sacrificandum
1390 4084 1407 4114 ,
1467 4035 1809 4100 dIcendum

272 4142 431 4222 qnod
459 4161 691 4207 verum
719 4149 813 4207 est
838 4162 953 4226 per
992 4163 1101 4225 se3
1131 4163 1267 4208 non
1305 4148 1521 4208 autem
1561 4147 1656 4209 est
1695 4162 1807 4209 ve-

271 4266 406 4314 rum
434 4255 634 4334 prout
661 4254 756 4315 ost
781 4251 1092 4316 divinitati
1121 4254 1482 4334 conjuncta,
1513 4251 1669 4334 quia
1694 4253 1809 4316 toti

273 4352 506 4422 Christo
532 4358 1018 4423 sacrificandum
1053 4363 1168 4424 est.
1199 4359 1279 4424 Et
1301 4360 1471 4442 quod
1500 4360 1655 4423 dicit
1683 4361 1812 4424 An-

271 4465 562 4541 gustinus
581 4472 635 4545 ⁸,
666 4466 822 4548 quia
847 4467 1073 4532 maluit
1100 4467 1383 4533 Christus
1424 4466 1808 4531 sacrificium

271 4586 415 4651 esse,
445 4590 646 4655 quam
672 4590 948 4654 sumere,
968 4574 1307 4639 dicendum
1331 4574 1501 4658 quod
1528 4573 1651 4637 hoc
1677 4591 1809 4637 non

264 4674 431 4759 Adicit,
461 4680 637 4762 quod
665 4698 799 4744 non
825 4680 1081 4746 deberet
1119 4682 1185 4745 in
1213 4700 1402 4746 carne
1427 4681 1714 4759 adorari,
1746 4685 1810 4745 et

270 4782 318 4846 ei
343 4786 724 4866 sacrificari3
756 4788 864 4852 sed
891 4788 1045 4870 quia
1073 4788 1277 4855 voluit
1312 4789 1510 4853 vitare
1539 4789 1808 4854 occasio-

269 4904 406 4954 nem
431 4893 702 4972 erroris‚
730 4912 815 4958 ne
842 4894 1032 4960 elicui
1059 4899 1367 4972 creaturae
1396 4895 1808 4961 exhiberetur

269 5013 370 5077 per
395 5020 463 5065 se
490 5002 702 5066 honor
726 5002 929 5068 divini
958 5004 1262 5068 numinis.

341 5111 396 5172 3.
426 5109 525 5175 Ad
550 5109 710 5175 illud
739 5110 911 5192 quod
940 5110 1237 5193 objicitur
1262 5111 1340 5176 de
1368 5109 1602 5192 Glossa,
1633 5115 1806 5197 quod

322 5285 339 5319 ¹
355 5288 504 5352 Aug„
526 5287 588 5337 de
614 5285 792 5338 Verbis
806 5287 974 5350 Dom.,
1002 5301 1155 5338 serm.
1177 5299 1331 5350 tvm,
1356 5288 1424 5338 al.
1452 5302 1656 5355 cchvx,
1680 5306 1734 5342 n.
1756 5296 1804 5357 5,

268 5351 315 5405 in
338 5359 589 5423 Append„
608 5363 648 5410 t.
665 5369 715 5410 v.
736 5385 802 5397 —
822 5359 846 5394 ²
862 5362 1013 5423 Aug„
1036 5360 1100 5411 de
1117 5361 1271 5411 Civit.
1298 5361 1410 5420 Dei,
1429 5361 1519 5412 lib.
1545 5364 1606 5422 X,
1636 5378 1681 5415 e.
1713 5374 1802 5416 xx.

319 5451 381 5519 (a)
410 5453 532 5507 Goet.
560 5453 686 5507 edit.
715 5453 1058 5510 considerata.

3354 465 3461 526 20¹

1929 608 2075 656 caro
2094 610 2226 657 non
2252 595 2350 658 oet
2373 593 2693 660 adoranda
2710 594 2915 674 latria,
2938 594 3282 661 dicendum
3299 596 3474 679 quod

1920 700 2197 764 verbum
2241 700 2399 765 illud
2444 701 2822 784 intelligitur
2866 704 2945 768 de
2997 721 3186 768 carne
3236 704 3468 786 Verbi,

1920 812 2112 889 prout
2154 808 2223 872 in
2258 826 2327 873 se
2356 809 2531 873 nuda
2568 810 3068 875 consideratione
3108 812 3473 878 considera-

1920 916 2047 978 tur.
2101 912 2180 978 Et
2225 914 2349 978 hoc
2392 919 2487 978 est
2537 914 2708 996 quod
2753 915 2905 979 dicit
2955 916 3401 997 Augustinus⁸
3449 944 3468 985 z

1928 1043 1960 1079 a
1986 1019 2054 1085 Si
2092 1021 2422 1086 hominem
2460 1024 2854 1105 separaveris
2892 1043 2931 1087 a
2970 1025 3126 1101 Dee,
3165 1025 3260 1089 illi
3307 1046 3470 1091 nun-

1919 1145 2118 1209 quam
2162 1129 2371 1209 credo,
2417 1148 2536 1193 nec
2574 1131 2804 1195 servio.
2838 1153 2868 1191 υ
2902 1131 3034 1196 Hoc
3079 1136 3468 1199 autem-non

1917 1234 2157 1313 obstat,
2183 1237 2344 1320 quin
2372 1237 2724 1302 secundum
2751 1240 2922 1320 quod
2952 1241 3129 1306 unita
3160 1245 3296 1321 est,
3324 1243 3469 1307 ado-

1917 1342 2120 1407 randa
2144 1343 2225 1406 sit
2260 1343 2467 1409 latria.
2509 1344 2686 1410 Unde
2717 1345 3144 1413 Damascenus
3163 1354 3185 1389 ⁸
3218 1371 3233 1413 ε
3271 1373 3302 1409 α
3326 1348 3466 1414 Νοιι

1917 1449 2161 1514 nudam
2211 1469 2466 1516 carnem
2523 1453 2865 1518 adoramus
2889 1502 2906 1532 ,
2951 1455 3059 1519 sed
3103 1461 3177 1519 ut
3221 1458 3466 1522 unitam

1917 1554 2136 1620 deitati
2163 1557 2232 1621 in
2259 1577 2459 1623 unam
2488 1560 2884 1643 hypostasim
2914 1561 3022 1625 Dei
3050 1561 3261 1627 Verbi.
3289 1588 3320 1623 n

1997 1666 2058 1725 4.
2101 1663 2195 1729 Ad
2232 1664 2391 1729 illud
2420 1667 2591 1747 quod
2619 1668 2949 1749 objicitur,
2977 1670 3150 1751 quod
3179 1675 3470 1736 creatura

1917 1788 2048 1833 non
2076 1770 2207 1833 exit
2236 1773 2542 1836 terminos
2564 1777 2897 1851 creaturae,
2928 1774 3269 1839 dicendum
3299 1777 3469 1859 quod

1917 1896 2148 1942 verum
2193 1883 2288 1944 est
2329 1880 2573 1946 ratione
2619 1882 2721 1946 sui
2763 1904 2778 1946 :
2811 1885 2875 1946 et
2915 1882 3056 1947 ideo
3099 1883 3329 1960 honor,
3372 1904 3472 1948 ra·

1915 1985 2089 2051 tione
2116 1987 2216 2051 sui
2239 2035 2257 2067 ,
2292 1988 2599 2053 terminos
2625 1993 2937 2054 creaturae
2974 2007 3106 2053 non
3150 1991 3282 2055 exit
3311 2011 3328 2054 ι
3361 1992 3471 2057 sed

1916 2095 2070 2175 quia
2097 2095 2323 2159 unitur
2347 2096 2414 2159 in
2439 2115 2572 2161 una
2597 2096 2927 2180 hypostasi
2956 2096 3066 2161 Dei
3094 2095 3332 2175 Verb0,
3363 2099 3471 2163 cui

1916 2200 2184 2265 debetur
2215 2202 2443 2267 unicus
2465 2204 2675 2268 honor
2707 2204 2777 2267 in
2804 2221 3210 2286 quacumque
3241 2203 3321 2267 sit
3347 2222 3465 2268 na-

1916 2309 2085 2387 tura,
2118 2307 2269 2372 hine
2294 2313 2390 2372 est
2413 2311 2585 2392 quod
2612 2311 2880 2375 debetur
2912 2311 2973 2374 ei
2997 2310 3202 2374 latria.

1999 2420 2057 2478 5.
2108 2415 2204 2481 Ad
2253 2417 2415 2482 illud
2453 2418 2624 2500 quod
2668 2418 2984 2501 obiicitur,
3031 2417 3202 2499 quod
3231 2417 3469 2483 minori

1918 2522 2130 2588 minor
2173 2523 2440 2591 debetur
2475 2526 2859 2605 reverentia,
2909 2524 3252 2590 dicendum
3296 2525 3468 2607 quod

1917 2648 2148 2694 verum
2170 2636 2285 2708 est,
2310 2633 2567 2714 quando
2595 2633 2807 2697 minor
2834 2638 2897 2698 et
2922 2635 3126 2715 major
3147 2633 3237 2696 sic
3262 2651 3330 2698 se
3358 2633 3466 2698 ha-

1917 2736 2088 2815 bent,
2102 2739 2271 2820 quod
2288 2743 2442 2804 sunt
2461 2741 2864 2806 diversorum
2881 2742 3203 2805 honorum
3217 2760 3467 2824 suseep-

1917 2844 2157 2908 tibiles:
2190 2846 2313 2910 hoc
2347 2852 2565 2912 autem
2591 2852 2706 2926 est,
2736 2848 2993 2930 quando
3019 2852 3169 2912 sunt
3194 2850 3463 2915 diversae

1916 2970 2205 3033 personae
2233 2955 2439 3036 gradu
2464 2955 2795 3037 dignitatis
2827 2956 3126 3020 distantes
3158 2979 3172 3021 ε
3204 2956 3326 3021 hoc
3351 2976 3465 3021 au-

1917 3062 2046 3122 tem
2073 3059 2142 3123 in
2170 3062 2491 3143 proposito
2517 3080 2648 3127 non
2674 3067 2769 3127 est
2796 3065 3099 3147 reperire,
3134 3064 3287 3147 quia
3314 3084 3465 3129 cum

1917 3187 2052 3232 una
2078 3170 2147 3232 in
2175 3169 2420 3236 Christo
2445 3171 2525 3234 sit
2554 3173 2996 3254 personalitas,
3027 3177 3090 3237 et
3117 3174 3225 3237 illa
3252 3178 3463 3239 atten-

1917 3276 2107 3340 datur
2133 3279 2486 3343 secundum
2514 3285 2812 3344 naturam
2841 3299 3241 3363 supremam,
3267 3282 3466 3346 unica

1916 3388 1981 3447 et
2006 3403 2264 3450 summa
2291 3385 2556 3451 debetur
2581 3387 2642 3450 ei
2679 3389 3058 3467 reverentia,
3095 3389 3466 3471 qualiscun-

1916 3510 2042 3573 que
2087 3492 2169 3554 sit
2212 3495 2480 3570 natura3
2523 3494 2688 3557 sicut
2726 3493 2934 3559 honor
2978 3512 3154 3559 unus
3199 3496 3466 3561 debetur

1919 3600 2097 3680 regi,
2144 3599 2211 3661 in
2253 3618 2659 3682 quocumque
2701 3600 2783 3663 sit
2817 3600 3214 3665 indumento.
3246 3602 3465 3668 Honor

1916 3707 2089 3770 enim
2139 3712 2439 3771 naturam
2485 3707 2737 3789 respicit
2794 3707 3190 3789 digniorem,
3242 3716 3306 3774 et
3350 3729 3465 3794 per

1915 3832 2309 3897 consequens
2329 3814 2487 3879 illud
2506 3863 2523 3892 ,
2555 3815 2727 3896 quod
2753 3819 2847 3878 est
2879 3833 3206 3880 annexum
3233 3817 3291 3880 ei
3325 3800 3463 3882 :sic

1915 3940 2061 3986 caro
2113 3921 2238 3987 viri
2281 3921 2481 3986 sancti
2537 3921 2839 3986 honorari
2884 3923 3068 3988 debet
3106 3925 3458 3990 secundum

1914 4029 2291 4110 dignitatem
2317 4030 2583 4109 animae,
2616 4049 2750 4095 non
2777 4032 3131 4097 secundum
3157 4033 3457 4115 ignobili-

1915 4140 2112 4202 tatem
2140 4138 2414 4219 propriae
2440 4142 2710 4204 naturae.

1994 4249 2055 4310 6.
2106 4246 2205 4311 Ad
2262 4248 2419 4311 illud
2477 4266 2631 4312 vero
2689 4249 2860 4330 quod
2907 4249 3202 4333 objicitur
3219 4298 3235 4329 ,
3285 4250 3460 4332 quod

1914 4351 2145 4417 Christi
2172 4358 2266 4418 est
2289 4354 2551 4419 adorare
2577 4359 2641 4419 et
2659 4372 2863 4436 orare,
2893 4356 3235 4421 dicendum
3261 4358 3456 4440 quod,

1912 4463 2269 4528 secundum
2308 4465 2479 4547 quod
2520 4466 2722 4530 oratio
2766 4470 2859 4530 est
2894 4485 3192 4531 ascensus
3228 4468 3461 4532 mentis

1913 4572 1985 4635 in
2011 4573 2215 4637 Deum
2233 4621 2251 4650 ,
2276 4575 2366 4638 sic
2394 4576 2650 4657 proprie
2675 4593 2807 4638 non
2835 4574 3106 4657 pertinet
3130 4574 3207 4638 ad
3238 4575 3459 4639 Chris-

1913 4683 2078 4757 tum,
2110 4698 2226 4761 pro
2253 4698 2328 4744 eo
2355 4680 2526 4762 quod
2550 4683 2572 4719 ⁸
2600 4682 2819 4747 omnia
2838 4728 2858 4758 ,
2901 4697 3304 4763 quoecumque
3343 4698 3462 4748 vo-

1913 4788 2058 4866 luit,
2088 4788 2243 4867 fecit
2253 4806 2280 4868 ;
2302 4793 2365 4851 et
2392 4788 2663 4852 verbum
2686 4806 2936 4869 semper
2962 4806 3242 4870 praesens
3266 4788 3463 4855 habet

1912 4912 2027 4976 per
2047 4895 2300 4973 omnia,
2330 4895 2563 4958 faciens
2591 4912 3017 4977 quaecumque
3056 4895 3197 4960 vult
3242 4897 3462 4961 anima

1911 5003 2053 5083 ejus
2085 5022 2100 5065 :
2132 5000 2501 5083 exemplum
2537 5003 2755 5065 tamen
2792 5000 3015 5065 orandi
3051 5006 3115 5065 et
3154 5001 3462 5068 adorandi

1911 5106 2083 5171 dedit
2119 5106 2471 5171 secundum
2510 5107 2873 5172 inferiorem
2913 5113 3210 5173 naturam
3244 5110 3313 5173 in
3340 5130 3460 5180 sua

1910 5216 2198 5281 oratione
2244 5231 2263 5278 ε
2303 5221 2367 5280 et
2409 5215 2550 5281 ideo
2591 5233 2723 5281 non
2769 5216 3079 5299 sequitur,
3109 5218 3283 5299 quod
3325 5235 3458 5283 non

1911 5411 1972 5422 --
2003 5382 2025 5418 ⁸
2048 5384 2143 5445 ld„
2173 5398 2328 5434 serm.
2357 5394 2562 5446 ccxnvx,
2584 5398 2640 5434 n.
2669 5385 2719 5444 5,
2745 5382 2798 5435 in
2817 5383 3055 5446 Append.
3073 5409 3135 5423 -
3152 5385 3174 5420 ⁸
3196 5386 3456 5445 Damaso..

1911 5458 1971 5507 de
1994 5457 2199 5510 Orthod.
2228 5456 2372 5522 Fide,
2393 5456 2480 5508 lib.
2507 5457 2594 5528 lv,
2629 5471 2674 5509 c.
2706 5469 2784 5510 ιιι.
2807 5483 2871 5495 -
2889 5458 2911 5494 ⁸
2940 5456 3080 5509 Psal.
3106 5468 3258 5525 cxm,
3284 5460 3332 5509 3.
