4185 6288
485 2652 694 2700 Fundani.

724 454 844 518 6¹8

720 588 1130 670 prototypum
1144 636 1163 665 ,
1194 588 1357 654 sicut
1401 588 1555 653 dicit
1595 589 2019 653 Damascenus
2045 587 2065 622 ¹
2105 609 2122 651 z
2158 585 2268 651 sed

720 693 968 758 dilectio
1015 694 1291 776 proximi
1337 696 1612 760 refertur
1655 696 1734 760 ad
1781 695 1980 760 Deum
2029 717 2047 760 ι
2106 712 2269 775 ergo

721 819 893 866 unus
944 804 1039 865 est
1093 805 1308 865 motus
1362 801 1714 866 dilectionis
1731 850 1750 880 ,
1813 820 1945 884 quo
2012 806 2271 867 amatur

722 907 912 989 Deus,
941 914 1003 972 et
1028 909 1388 991 proximus.

801 1021 863 1080 4.
898 1015 1056 1080 Item
1086 1016 1198 1079 ubi
1227 1034 1436 1081 unum
1466 1020 1724 1100 propter
1746 1017 2018 1081 alterum
2036 1066 2054 1097 ,
2085 1021 2265 1082 utro-

721 1124 916 1206 bique
959 1127 1212 1187 tantum
1250 1142 1491 1198 unum,
1540 1125 1702 1189 sicut
1745 1124 1896 1189 dicit
1926 1127 1944 1160 ¹
1973 1124 2257 1190 Philoso-

723 1231 922 1314 phus;
955 1231 1123 1295 unde
1150 1231 1263 1314 qui
1302 1235 1472 1295 tenet
1506 1250 1746 1314 equum
1792 1250 1907 1316 per
1947 1232 2254 1311 fraenum,

724 1357 857 1404 una
898 1339 1181 1403 tentione
1231 1343 1402 1403 tenet
1446 1344 1795 1421 utrumque
1842 1363 1859 1403 :
1922 1358 2079 1420 ergo
2128 1340 2265 1421 pari

722 1446 988 1523 ratione,
1025 1463 1176 1510 cum
1202 1446 1399 1511 homo
1426 1446 1649 1527 diligat
1674 1447 2044 1528 proximum
2072 1464 2265 1529 prop-

725 1560 822 1624 ter
871 1554 1077 1619 Deum
1096 1601 1117 1632 ,
1174 1573 1307 1619 una
1354 1554 1683 1618 dilectione
1745 1557 1947 1637 potest
1998 1555 2266 1637 diligere

723 1667 1091 1745 utrumque.

805 1776 863 1836 5.
891 1769 1073 1844 Item.
1103 1770 1403 1854 quamvis
1430 1770 1646 1852 plures
1689 1769 1815 1833 sint
1845 1770 2083 1835 divinae
2115 1788 2265 1853 per-

723 1896 921 1956 sonae,
978 1882 1195 1942 tamen
1246 1896 1385 1942 una
1433 1877 1765 1941 dilectione
1813 1855 2175 1958 diliguntur
2225 1895 2266 1940 a

724 1986 940 2063 nobis,
969 1985 1126 2067 quia
1167 1985 1236 2048 in
1276 1985 1369 2049 eis
1404 1987 1501 2048 est
1546 2003 1679 2047 una
1717 1986 1880 2047 ratio
1923 1983 2263 2064 diligendi„

723 2093 959 2158 scilicet
1001 2092 1249 2156 bonitas
1307 2110 1563 2156 summa
1596 2114 1612 2157 z
1662 2092 1948 2155 similiter
1988 2109 2121 2154 una
2172 2097 2267 2155 est

721 2202 883 2265 ratio
927 2199 1239 2282 diligendi
1282 2200 1515 2279 Deum,
1555 2204 1616 2264 et
1659 2200 2051 2283 proximum,
2083 2199 2261 2265 vide-

723 2308 867 2372 licet
891 2307 1002 2371 illa
1025 2325 1282 2371 summa
1300 2308 1552 2371 bonitas
1583 2330 1598 2372 ε
1629 2325 1786 2389 ergo
1812 2306 2064 2370 videtur
2092 2307 2263 2389 quod

722 2433 857 2480 uno
911 2414 1255 2479 dilectionis
1319 2418 1500 2479 motu
1554 2414 1746 2478 simul
1808 2414 2014 2478 amari
2069 2414 2266 2496 possit

724 2522 913 2602 Deus,
945 2527 1008 2587 et
1028 2523 1383 2606 proximus,

805 2629 924 2696 Sed
975 2634 1195 2696 contra
1245 2653 1261 2694 t
1317 2629 1497 2694 Sicut
1548 2631 1688 2694 vult
1746 2629 2167 2713 Philosophus
2203 2631 2261 2708 ⁸,

725 2743 940 2803 motus
989 2741 1368 2803 numeratur
1412 2737 1739 2820 tripliciter
1762 2786 1779 2814 ‚
1835 2738 2073 2801 scilicet
2118 2738 2266 2801 sub-

712 2847 918 2927 jecto,
969 2849 1276 2927 tempore,
1326 2848 1389 2909 et
1429 2845 1704 2908 termino
1756 2845 1891 2908 sive
1944 2845 2189 2926 objecto
2244 2867 2258 2908 ε

719 2953 830 3017 sed
854 2952 1017 3015 alius
1061 2956 1156 3015 est
1194 2952 1502 3015 terminus
1539 2952 1674 3015 sive
1721 2951 2040 3034 objectum
2068 2951 2265 3016 dilec-

718 3060 911 3124 tionis
950 3078 1102 3123 cum
1151 3063 1405 3123 amatur
1456 3058 1649 3137 DeuS‚
1701 3063 1766 3121 et
1810 3075 1960 3122 cum
2012 3062 2265 3123 amatur

718 3169 1097 3251 proximus:
1127 3185 1288 3247 ergo
1315 3170 1533 3230 motus
1558 3165 1907 3231 dilectionis
1942 3171 2038 3230 est
2075 3167 2260 3246 hinc,

722 3281 785 3341 et
816 3277 896 3358 (α)
929 3274 1075 3339 inde
1096 3274 1282 3351 alius,
1314 3279 1377 3337 et
1400 3271 1608 3337 alius.'

731 3428 738 3435 -
802 3382 960 3447 Item
1015 3380 1235 3446 nullus
1280 3380 1521 3462 aliquid
1581 3379 1791 3461 diligit
1857 3379 2267 3444 deliberative

720 3491 845 3554 nisi
868 3489 1295 3575 praeeogitans
1324 3507 1342 3552 ε
1374 3488 1484 3553 sed
1510 3486 1730 3552 nullus
1753 3488 1951 3554 simul
1979 3492 2043 3553 et
2067 3489 2263 3553 semel

721 3601 925 3681 potest
1008 3597 1212 3661 Deum
1297 3601 1359 3660 et
1436 3596 1808 3679 proximum
1883 3595 2261 3678 intelligere,

721 3706 895 3789 quia,
924 3704 1088 3769 sicut
1113 3704 1261 3768 dicit
1289 3702 1711 3786 Philosophus
1757 3709 1803 3782 ⁸,
1845 3703 2268 3786 intelligimus

722 3831 928 3878 unum
966 3812 1174 3877 solum
1223 3834 1238 3877 ε
1290 3830 1450 3894 ergo
1481 3812 1618 3894 pari
1664 3812 1910 3876 ratione
1957 3813 2150 3877 simul
2203 3817 2267 3879 et

720 3925 916 3988 semel
959 3941 1091 3987 non
1124 3926 1329 4005 potest
1363 3928 1712 4004 utrumque
1761 3922 2025 4004 diligere
2059 3942 2077 3987 :
2109 3942 2266 4005 ergo

720 4031 847 4096 alio
885 4035 1064 4096 motu
1104 4030 1454 4096 dilectionis
1498 4035 1751 4094 amatur
1785 4029 1973 4109 Deus,
2030 4035 2094 4095 et
2141 4032 2266 4097 alio

723 4139 1076 4223 proximus,

804 4245 961 4309 Item
999 4262 1170 4308 unus
1195 4248 1260 4307 et
1283 4243 1452 4308 idem
1494 4248 1706 4309 motus
1734 4264 1868 4310 non
1899 4252 2102 4330 potest
2130 4265 2266 4312 esse

724 4352 1049 4431 intensior,
1077 4355 1139 4415 et
1166 4350 1489 4414 remissior
1520 4373 1535 4412 ε
1577 4351 1687 4414 sed
1731 4356 1944 4417 motus
1985 4354 2266 4420 dilectio-

722 4461 822 4524 nis
862 4459 932 4522 in
971 4458 1175 4523 Deum
1216 4460 1310 4521 est
1347 4457 1652 4522 intensior
1695 4477 1891 4542 quam
1921 4467 2134 4528 motus
2163 4461 2267 4527 di-

722 4565 1006 4632 lectionis
1023 4565 1094 4628 in
1118 4564 1486 4648 proximum
1520 4583 1537 4629 ε
1569 4583 1726 4647 ergo
1761 4572 1977 4632 motus
2021 4570 2126 4635 ille
2146 4619 2162 4648 ,
2204 4576 2269 4636 et

722 4676 852 4751 ille,
883 4676 980 4738 est
1003 4673 1190 4753 alius,
1220 4675 1284 4736 et
1309 4671 1493 4735 alius.

806 4782 965 4848 Item
999 4780 1210 4862 magis
1255 4779 1689 4845 conformatur
1734 4782 1800 4846 in
1837 4784 2086 4851 ratione
2123 4786 2270 4851 dili-

726 4892 922 4976 gendi
983 4889 1207 4953 Petrus
1257 4891 1323 4953 et
1394 4887 1667 4969 Paulus,
1723 4909 1918 4974 quam
1985 4892 2154 4958 Deus
2207 4899 2272 4959 et

725 5001 1058 5085 proximus
1089 4995 1244 5060 :sed
1283 5013 1414 5061 non
1462 5000 1664 5078 potest
1698 5017 1872 5064 unus
1911 5005 2127 5091 motus
2169 5005 2272 5070 di-

725 5107 1011 5174 lectionis
1034 5123 1170 5171 esse
1209 5104 1279 5168 in
1319 5103 1604 5186 Petrum,
1653 5111 1716 5173 et
1759 5108 2033 5175 Paulum
2078 5135 2092 5175 :
2137 5112 2270 5178 imo

727 5216 1081 5283 secundum
1123 5213 1411 5297 proprias
1459 5214 1734 5280 rationes
1777 5216 2042 5283 diversis
2079 5220 2273 5285 moti-

796 5376 1080 5433 ¹Damasc,‚
1103 5369 1297 5419 deFide
1309 5369 1530 5432 orthod„
1553 5371 1639 5421 lib.
1666 5373 1752 5436 IV,
1775 5387 1821 5422 c.
1839 5385 2039 5424 xv11.-·
2057 5377 2079 5411 ²
2094 5377 2271 5439 Arist„

729 5445 863 5512 Tap„
888 5443 978 5494 lib.
1008 5442 1097 5503 ΙΙΙ,
1117 5454 1162 5490 c.
1192 5452 1260 5490 iv.
1280 5466 1333 5475 -
1364 5441 1384 5474 ⁸
1403 5440 1497 5505 Id.,
1522 5441 1697 5506 Phys„
1721 5442 1809 5495 lih.
1837 5444 1923 5509 ΙΙΙ,
1943 5450 2082 5500 cont.
2108 5447 2189 5501 38,
2207 5473 2272 5489 ..-

1854 445 2476 518 ΒΕΝΤΕΝΤῙΔΒΠΜ
2514 447 2663 515 LIB.
2714 449 2825 516 111.

2375 585 2502 649 hus
2529 585 2936 668 diliguntur:
2968 604 3129 669 ergo
3165 587 3357 665 alins,
3400 591 3468 651 et
3508 587 3678 651 alins
3708 593 3916 654 motus

2375 692 2726 757 dilectionis
2751 699 2847 758 est
2871 695 2943 758 in
2968 694 3194 771 Deum,
3224 697 3289 758 et
3312 695 3713 777 proximum.

2458 799 2616 865 Item
2645 806 3036 884 praeceptum
3054 801 3309 884 respicit
3335 802 3597 865 virtutis
3622 807 3840 868 actum
3856 809 3921 869 et

2373 925 2569 972 usum
2600 926 2618 972 t
2648 908 2755 973 sed
2785 909 2913 973 duo
2940 913 3089 973 sunt
3111 914 3425 992 praecepta
3452 909 3801 991 charitatis,
3829 931 3921 977 se-

2374 1017 2661 1081 cundum
2688 1017 2859 1098 quod
2873 1016 3104 1080 dicitur
3124 1017 3147 1052 ⁸
3170 1017 3238 1080 in
3257 1016 3555 1084 Matthoeo
3574 1019 3647 1099 (b)
3670 1038 3689 1082 t
3713 1039 3916 1084 unum

2374 1127 2663 1205 respectu
2678 1123 2808 1202 Dei,
2828 1128 2895 1187 et
2912 1124 3082 1187 aliud
3103 1128 3394 1207 respectu
3419 1126 3698 1207 proximi
3724 1146 3739 1190 ε
3765 1144 3918 1208 ergo

2373 1231 2627 1296 videtur
2653 1231 2826 1313 quod
2851 1236 3066 1296 motus
3089 1236 3153 1296 et
3175 1237 3354 1297 actus
3384 1233 3746 1297 dilectionis
3786 1252 3913 1298 res·

2372 1340 2560 1419 pectu
2596 1336 2853 1401 illorum
2888 1337 3164 1401 duorum
3210 1338 3490 1403 habeant
3512 1338 3827 1420 distingui
3854 1342 3916 1402 et

2372 1460 2724 1508 numerari.

2913 1637 3366 1706 CONCLUSIO.

2374 1803 2677 1860 charitatis
2709 1805 2884 1858 motus
2914 1816 3051 1858 unus
3096 1804 3258 1872 atque
3299 1801 3445 1857 idem
3480 1803 3664 1872 potest
3709 1817 3811 1858 esse
3853 1807 3911 1859 ia

2444 1894 2610 1947 Deum
2637 1893 2691 1946 et
2713 1893 2777 1946 in
2799 1893 3110 1963 proximum
3130 1933 3147 1955 ‚
3177 1907 3286 1946 non
3315 1895 3495 1946 tamen
3523 1893 3867 1961 uniformiter
3892 1914 3908 1949 .-

2441 1983 2673 2038 alterum
2698 1983 2840 2037 enim
2866 1983 3085 2052 respicit
3109 1985 3173 2036 ut
3199 1981 3492 2051 obJ‘edum,
3530 1983 3768 2038 alterum
3799 2000 3908 2040 σιω

2440 2076 2503 2128 ut
2527 2072 2726 2143 finem:
2753 2072 2840 2127 vel
2865 2072 3169 2127 alterumut
3188 2071 3453 2143 obiectum
3478 2072 3624 2143 quod
3641 2115 3660 2136 ,
3689 2073 3910 2130 numm

2439 2176 2561 2216 vero
2581 2166 2643 2216 ut
2670 2160 2929 2230 objectum
2959 2162 3047 2216 cui
3073 2176 3093 2216 :
3114 2163 3401 2231 utrumque
3425 2176 3551 2216 vcro
3574 2163 3910 2230 musomtita·

2441 2266 2548 2306 non
2568 2254 2767 2323 potest.

2451 2414 2635 2497 Resp.
2665 2414 2746 2478 ad
2774 2430 2913 2494 arg.
2943 2410 3293 2475 Dicendum
3337 2411 3514 2494 quod
3558 2415 3775 2475 motus
3822 2412 3909 2475 di—

2368 2520 2739 2586 lectionisin
2765 2521 2993 2596 Deum,
3042 2522 3126 2583 et.
3147 2519 3231 2582 in‘
3265 2518 3673 2601 proximum,
3721 2523 3910 2602 potest

2370 2647 2506 2694 esse
2533 2628 2868 2711 dupliciter
2917 2649 2932 2693 ε
2973 2631 3088 2692 aut
3133 2628 3224 2690 ita
3247 2627 3419 2709 quod
3472 2627 3544 2690 in
3570 2630 3909 2710 utrumque

2370 2738 2452 2802 sit
2476 2741 2783 2820 tanquam
2808 2736 2876 2799 in
2906 2735 3226 2818 objectum
3271 2739 3337 2798 et
3375 2735 3773 2812 terminum3
3812 2740 3911 2800 aut

2371 2847 2459 2910 ita
2490 2845 2661 2928 quod
2683 2845 2752 2906 in
2781 2861 2989 2907 unum
3012 2843 3095 2905 sit
3117 2846 3426 2924 tanquam
3462 2842 3532 2905 in
3568 2843 3909 2924 objectum,

2367 2953 2439 3017 in
2471 2953 2675 3016 alium
2700 2955 3007 3033 tanquam
3037 2951 3105 3013 in
3134 2951 3334 3013 finem
3363 2949 3697 3013 ultimum.
3730 2949 3799 3014 Si
3832 2953 3912 3013 est

2371 3061 2438 3124 in
2466 3077 2675 3124 unum
2704 3062 3010 3140 tanquam
3057 3057 3127 3120 in
3169 3057 3528 3138 objectum,
3560 3060 3626 3120 et
3670 3058 3739 3121 in
3766 3057 3913 3121 alte·

2370 3186 2520 3232 rum
2545 3171 2856 3250 tanquam
2883 3167 2953 3229 in
2983 3165 3183 3228 finem
3228 3165 3532 3229 ultimum
3555 3214 3572 3241 ,
3604 3165 3698 3229 sic
3725 3169 3915 3248 potest

2369 3293 2507 3340 esse
2530 3291 2704 3339 unus
2731 3278 2795 3337 et
2818 3273 2990 3337 idem
3015 3276 3232 3336 motus
3257 3272 3336 3334 inv
3354 3274 3735 3355 proximum
3768 3274 3914 3338 etin

2371 3384 2596 3461 Deum,
2625 3386 2698 3446 ut
2748 3382 2939 3464 patet,
2990 3380 3147 3463 quia
3188 3398 3320 3443 uno
3361 3384 3515 3444 actu
3567 3381 3912 3446 dilectionis

2369 3490 2659 3571 diligitur
2684 3488 3017 3571 proximus
3038 3491 3299 3571 propter
3323 3489 3555 3568 Deum,
3592 3494 3660 3554 et
3702 3488 3806 3553 ille
3830 3492 3918 3553 aet

2372 3602 2584 3663 motus
2635 3597 2822 3680 quasi
2879 3594 3236 3661 collativus.
3305 3594 3370 3660 Si
3438 3600 3661 3660 autem
3724 3597 3805 3659 sit
3856 3596 3917 3658 in

2370 3711 2723 3786 utrumque
2780 3704 2945 3767 sicut
3000 3703 3073 3765 in
3140 3703 3463 3784 objectum
3484 3751 3503 3781 ‚
3552 3702 3677 3767 hoc
3726 3706 3920 3786 potest

2371 3831 2507 3878 esse
2536 3811 2872 3894 dupliciter
2916 3831 2932 3874 t
2976 3810 3131 3894 quia
3176 3828 3327 3874 cum
3373 3815 3556 3874 actus
3599 3811 3921 3875 charitatis

2371 3923 2456 3984 sit
2501 3919 2810 4000 diligere,
2871 3923 2935 3982 et
2998 3916 3267 3999 diligere
3322 3918 3405 3982 sit
3457 3917 3624 3983 velle
3682 3919 3920 3983 bonum

2370 4027 2591 4103 alicui,
2616 4024 2953 4107 dupliciter
3001 4024 3360 4088 secundum
3404 4023 3527 4088 hoc
3571 4023 3767 4088 habet
3810 4024 3922 4087 ob·

2365 4138 2606 4218 jectum
2626 4131 2949 4196 charitatis
2968 4131 3312 4211 assignari,
3336 4130 3635 4194 videlicet
3663 4136 3741 4196 ut
3764 4130 3924 4196 illud

2371 4244 2613 4307 bonum
2642 4237 2948 4319 objectum
2991 4237 3263 4316 dicatur,
3306 4237 3478 4319 quod
3524 4242 3790 4321 optatur
3809 4286 3826 4317 ,
3864 4240 3927 4301 et

2370 4351 2477 4416 ille
2506 4349 2698 4415 etiam
2757 4347 2864 4413 cui
2912 4347 3192 4428 optatur.
3245 4344 3457 4409 Potest
3503 4363 3665 4427 ergo
3715 4349 3924 4411 morus

2373 4460 2696 4525 charitatis
2729 4458 2811 4523 ad
2839 4457 3041 4520 Deum
3066 4459 3129 4517 et
3160 4453 3531 4535 proximum
3565 4454 3925 4537 comparari

2374 4571 2443 4634 in
2466 4568 2711 4633 ratione
2737 4564 2969 4648 objecti
2997 4562 3331 4644 dupliciter
3360 4580 3376 4624 τ
3410 4562 3514 4626 vel
3537 4561 3660 4625 sub
3698 4562 3924 4626 eadem

2373 4677 2640 4752 ratione,
2666 4678 2729 4739 et
2763 4670 3187 4748 uniformiter,
3227 4669 3319 4732 ita
3357 4668 3530 4752 quod
3568 4674 3926 4752 utrumque

2374 4784 2597 4865 diligat
2620 4782 2784 4846 sicut
2804 4778 2960 4843 illud
2989 4776 3095 4841 cui
3117 4779 3295 4859 optat
3320 4776 3565 4840 honum
3590 4798 3607 4854 ;
3650 4776 3761 4842 vel
3804 4776 3926 4842 dif-

2374 4893 2684 4971 formiter,
2736 4892 2826 4955 ita
2877 4887 3052 4971 quod
3104 4904 3315 4951 unum
3390 4885 3692 4968 respiciat
3764 4885 3928 4950 sicut

2374 5000 2533 5065 illud
2559 5000 2802 5064 honum
2827 4994 2998 5079 quod
3021 4996 3219 5075 optat,
3251 4996 3317 5056 et
3340 4991 3516 5057 aliud
3557 4992 3728 5056 sicut
3770 4991 3927 5056 illud

2377 5108 2484 5174 cui
2509 5109 2704 5190 optat.
2738 5103 2804 5169 Si
2832 5101 3120 5185 respiciat
3144 5098 3551 5179 difformiter,
3583 5099 3677 5164 sic
3711 5096 3924 5164 adhuc

2383 5296 2662 5360 ι1(ι.,1“ιη>.,
2686 5294 2774 5343 lib.
2796 5293 2855 5354 11,
2877 5305 2922 5341 c.
2945 5300 3026 5350 ιν,
3049 5285 3356 5339 inde-clarat.
3375 5287 3475 5338 loci
3493 5290 3574 5340 33.
3591 5315 3654 5328 -
3676 5290 3699 5323 ⁸
3722 5288 3924 5348 Mami„

2379 5385 2509 5428 1¹11.
2534 5373 2612 5432 3¹1,
2641 5373 2786 5421 39.—
2809 5370 2877 5433 (a)
2908 5365 2990 5416 Al.
3014 5363 3146 5413 deest
3164 5367 3298 5413 et.--
3326 5363 3393 5427 (ὁ)
3417 5364 3503 5415 ΔΙ.
3532 5378 3642 5416 non
3664 5363 3850 5430 legitur
3876 5362 3924 5411 in

2375 5444 2562 5501 matth.
2589 5441 2689 5495 nisi
2716 5441 2772 5493 in
2804 5438 3054 5504 margine.
