4185 6288
689 581 1089 649 accidentalis
1124 580 1415 661 respectu
1456 590 1749 658 penonae
1765 618 1784 651 ,
1829 589 1976 654 quae
2021 588 2225 653 praee-

689 688 903 766 xistit3
951 690 1250 750 naturam
1300 680 1558 746 termini
1610 676 2038 742 substantialis
2087 694 2228 740 res-

687 799 877 875 pectu
922 790 1267 873 singularis
1304 787 1621 866 hominis,
1653 784 1822 867 quod
1853 783 2046 847 simul
2073 802 2226 848 cum

685 902 823 984 ipso
851 900 1131 983 incoepit,
1166 915 1281 981 per
1311 895 1483 979 quod
1517 895 1622 958 ille
1649 892 1985 970 terminus,
2015 891 2222 968 home,

684 1009 879 1074 habet
916 1023 1272 1091 supponere
1299 1022 1417 1088 pro
1443 1002 1758 1084 singulari
1793 999 2075 1065 hominis
2110 1016 2224 1081 per

685 1135 752 1181 se
779 1139 797 1195 3
829 1135 944 1200 pro
971 1132 1242 1199 persona
1265 1112 1481 1190 Verbi,
1507 1129 1642 1175 non
1659 1110 1781 1173 nisi
1807 1107 2019 1190 gratia
2037 1107 2223 1171 unio-

682 1224 805 1288 nis.
869 1223 946 1288 Et
982 1222 1293 1306 quoniam
1344 1237 1461 1302 pro
1506 1216 1831 1301 supposito
1872 1213 2222 1297 singularis

681 1329 959 1395 hominis
976 1380 997 1411 ‚
1044 1330 1217 1413 quod
1245 1327 1506 1412 quidem
1529 1331 1625 1391 est
1643 1325 1846 1402 Jesus,
1878 1324 2075 1389 habet
2100 1340 2215 1387 ve-

677 1436 933 1502 ritatem
985 1437 1221 1501 locutio
1237 1484 1255 1513 ,
1300 1433 1597 1517 quamvis
1650 1451 1784 1496 non
1825 1431 2057 1495 habeat
2099 1447 2217 1509 pro

677 1545 1004 1627 supposito
1043 1544 1217 1627 quod
1251 1547 1346 1606 est
1371 1558 1645 1624 persona
1669 1537 1918 1617 Christi,
1946 1537 2101 1601 hinc
2124 1539 2220 1601 est

678 1652 850 1735 quod
870 1651 1173 1735 praedicta
1189 1650 1426 1714 locutio
1459 1646 1654 1729 recipi
1680 1648 1882 1728 potest
1906 1648 2215 1725 tanquam

676 1757 1045 1841 simpliciter
1072 1775 1218 1822 vera
1233 1805 1251 1837 ,
1282 1761 1346 1820 et
1372 1751 1789 1819 concedendae
1826 1753 1979 1815 sunt
2014 1750 2215 1816 ratio-

676 1881 793 1928 nes
813 1865 894 1928 ad
925 1864 1068 1927 hoc.

757 1975 818 2034 1.
857 1971 957 2034 Ad
990 1970 1152 2034 illud
1196 1968 1368 2051 quod
1409 1966 1728 2049 objicitur,
1758 1966 1930 2049 quod
1953 1966 2095 2029 haec
2121 1969 2215 2028 est

675 2096 877 2142 vera:
918 2076 1099 2140 «Iste
1125 2076 1322 2140 homo
1365 2075 1445 2138 ab
1483 2077 1724 2138 aeterno
1771 2072 1893 2138 fuit
1933 2073 2099 2136 Deus
2124 2120 2142 2151 ,
2171 2094 2202 2132 ι

671 2183 1012 2248 dicendum
1033 2181 1205 2265 quod
1232 2182 1288 2245 si
1311 2183 1434 2249 isto
1446 2181 1835 2246 demonstret
1849 2196 2208 2262 personam,

603 2296 979 2367 ·veraest,
1026 2289 1347 2354 etinillo
1396 2286 2209 2354 sensusalsaestzelstae

669 2397 868 2464 homo
910 2397 1170 2480 incoepit
1192 2414 1329 2462 esse
1358 2395 1542 2461 Deus.
1575 2416 1606 2455 n
1636 2392 1702 2459 Si
1731 2413 1887 2459 vero
1913 2395 2213 2477 supposi-

668 2510 811 2570 tum
852 2505 1135 2570 hominis
1181 2502 1513 2586 respiciat,
1568 2502 1780 2568 adhuc
1826 2505 2028 2585 potest
2076 2519 2212 2566 esse

668 2631 823 2677 vera
848 2631 962 2696 per
989 2613 1318 2688 unionem,
1346 2609 1485 2675 sive
1514 2609 1891 2678 idiomatum
1916 2626 2212 2676 commu-

667 2719 1047 2784 nicationem
1074 2741 1090 2796 ;
1119 2718 1230 2783 sed
1256 2721 1472 2782 tamen
1497 2734 1580 2781 ex
1604 2716 1728 2781 hoc
1750 2734 1881 2780 non
1911 2715 2206 2798 sequitur

664 2826 839 2908 quod
865 2826 984 2890 ista
1010 2825 1092 2889 sit
1115 2825 1272 2888 salsa
1301 2846 1319 2887 ι
1359 2846 1390 2884 α
1419 2824 1540 2888 lste
1562 2822 1757 2887 homo
1785 2822 2043 2905 incoepit
2069 2839 2207 2886 esse

666 2930 855 3010 DeuS,
883 2955 915 2993 υ
951 2950 1067 3015 per
1094 2933 1540 3016 proprietatem
1566 2947 1704 2998 suae
1738 2935 2011 2995 naturae.
2042 2927 2210 2995 Con-

665 3039 843 3103 venit
875 3039 1051 3102 enim
1073 3086 1091 3118 ,
1140 3038 1304 3104 sicut
1343 3037 1521 3120 prius
1562 3036 1800 3101 dictum
1847 3037 1997 3113 fuit,
2027 3035 2206 3099 hunc

664 3144 994 3211 hominem
1044 3146 1250 3210 dicere
1296 3143 1632 3211 mortalem
1670 3149 1734 3207 et
1776 3142 2205 3208 immortalem

663 3252 801 3318 sine
828 3251 1343 3320 contradictione.

742 3366 807 3427 2.
864 3361 944 3428 Et
993 3378 1107 3443 per
1150 3359 1274 3425 hoc
1307 3361 1480 3443 patet
1516 3374 1793 3440 sequens
1831 3357 2203 3439 umectum-5

662 3470 816 3553 quia
854 3469 911 3534 si
951 3469 1148 3534 homo
1198 3466 1456 3548 incoepit
1492 3484 1628 3533 esse
1671 3464 1837 3530 Deus
1858 3511 1875 3541 ,
1920 3469 2033 3529 aut
2059 3463 2199 3543 iste,

661 3584 775 3643 aut
808 3578 936 3643 ille.
980 3576 1114 3642 Dici
1157 3580 1363 3660 potest
1402 3575 1574 3658 quod
1609 3575 1727 3639 iste
1760 3596 1774 3637 :
1807 3574 1917 3638 sed
1957 3574 2079 3639 iste
2111 3571 2201 3635 ibi

660 3704 793 3750 non
850 3685 1240 3750 demonstrat
1291 3700 1628 3766 personam
1649 3729 1669 3760 ,
1715 3681 1824 3746 sed
1871 3679 2203 3761 singulare

659 3792 941 3858 hominis
963 3839 983 3871 ,
1010 3791 1173 3856 sicut
1211 3791 1392 3875 prius
1415 3790 1655 3854 dictum
1686 3789 1827 3853 fuit.
1857 3786 2037 3857 Unde
2067 3803 2201 3851 non
2214 3860 2243 3889 ἢ

658 3904 754 3964 est
786 3898 998 3964 simile
1035 3898 1091 3961 si
1125 3898 1373 3965 dicatur
1411 3917 1427 3962 ε
1475 3920 1506 3958 α
1544 3897 1781 3961 Album
1817 3893 2040 3976 incipit
2063 3910 2200 3957 esse

657 4011 938 4085 scutum,
964 4027 996 4065 n
1023 4003 1176 4086 quia
1204 4003 1424 4071 album
1469 4002 1828 4086 nonhabet
1859 4000 1984 4063 nisi
2010 4001 2202 4065 natu-

656 4130 799 4178 ram
833 4110 1091 4178 termini
1133 4109 1560 4185 accidentalis,
1590 4126 1709 4175 nec
1732 4107 1926 4171 hahet
1955 4123 2199 4189 suppo-

656 4219 854 4286 situm
875 4266 894 4296 ,
931 4235 1050 4300 pro
1083 4234 1213 4299 quo
1260 4221 1469 4298 posset
1514 4214 1776 4279 reddere
1811 4212 2198 4283 locutionem

654 4343 878 4393 veram
896 4371 919 4403 ,
957 4323 1081 4388 nisi
1121 4322 1339 4405 ipsum
1366 4325 1660 4399 scutum3
1693 4338 1826 4389 non
1860 4320 1953 4385 sic
1977 4322 2196 4389 autem
2227 4342 2235 4348 ·

655 4436 752 4499 est
774 4433 844 4497 in
864 4430 1128 4499 homine
1150 4431 1437 4511 respectu
1462 4426 1714 4495 Christi.

737 4544 796 4605 3.
828 4538 930 4605 Ad
948 4536 1104 4609 illud
1126 4535 1296 4618 quod
1320 4534 1619 4616 objicitur
1643 4533 1722 4601 de
1749 4535 2193 4605 communica..

651 4645 825 4711 tione
852 4644 1253 4723 idiomatum,
1274 4641 1612 4709 dicendum
1637 4641 1807 4723 quod
1831 4642 1900 4707 in
1917 4641 2191 4708 idioma-

651 4758 795 4818 tum
835 4752 1411 4821 communicatione
1436 4749 1578 4814 haec
1603 4749 1832 4832 regula
1858 4754 1953 4819 est
1980 4753 2188 4816 atten-

650 4860 878 4941 denda,
894 4864 1051 4945 (mitt
1062 4858 1871 4939 maneommunicantur,
1889 4858 1994 4923 his
2005 4859 2191 4925 dum-

1796 431 2412 502 SENTRNTLARUM
2449 434 2599 502 Lm.
2644 434 2752 501 111.

2335 576 2509 635 taxat
2526 572 2823 655 exceptis»,
2858 589 3007 654 quae
3045 569 3417 654 exprimunt
3438 575 3643 658 ipsam
3682 580 3884 645 unio-

2336 701 2484 748 nem
2503 732 2520 761 ,
2549 682 2653 747 vel
2687 700 2832 765 quae
2873 681 3177 746 claudunt
3213 682 3650 752 intellectuum
3682 708 3883 774 repu.

2335 790 2669 870 guantiam
2685 839 2703 868 ‚
2757 789 3002 854 ratione
3046 791 3231 872 cujus
3281 795 3484 858 errori
3534 800 3888 883 appropin-

2333 904 2552 979 quant.
2571 898 2752 962 Ratio
2769 902 2986 962 autem
3005 897 3207 979 hujus
3222 903 3340 980 est,
3356 903 3509 983 quia
3523 910 3889 973 communi-

2332 1005 2494 1067 catio
2512 1005 2881 1070 idiomatum
2906 1003 3211 1069 fundatur
3233 1025 3427 1089 super
3454 1009 3658 1093 ipsam
3686 1015 3886 1082 unio-

2332 1129 2506 1189 nem,
2527 1118 2591 1176 et
2609 1112 2939 1178 ordinatur
2957 1112 3036 1176 ad
3049 1112 3197 1176 fidei
3217 1115 3586 1184 catholicam
3608 1140 3887 1206 expres-

2331 1218 2575 1283 sionem
2594 1267 2612 1298 ,
2649 1224 2713 1284 et
2759 1219 2902 1283 ideo
2949 1237 3080 1284 non
3125 1224 3686 1292 communicantur
3726 1229 3841 1295 illa
3856 1280 3877 1313 ,

2329 1344 2478 1409 quae
2492 1327 2838 1409 important
2855 1326 3186 1392 unionem.
3200 1327 3400 1410 Unde,
3416 1335 3719 1414 quamvis
3734 1336 3885 1403 haec

2328 1434 2412 1496 sit
2438 1452 2591 1497 vera
2621 1455 2638 1498 ε
2673 1456 2704 1493 e
2731 1431 2932 1497 Filius
2966 1433 3075 1499 Dei
3110 1439 3206 1499 est
3235 1437 3634 1521 incarnatus,
3666 1463 3698 1502 n
3733 1444 3883 1509 haec

2328 1545 2542 1604 tamen
2565 1545 2660 1604 est
2685 1539 2842 1604 falsa
2864 1561 2879 1604 ε
2910 1562 2941 1601 α
2961 1538 3166 1605 Homo
3189 1547 3285 1605 est
3306 1543 3699 1613 incarnatus.
3719 1570 3755 1609 a
3771 1548 3878 1614 Si-

2328 1648 2563 1712 militer
2605 1646 3093 1728 intelligendum
3121 1652 3215 1713 est
3240 1649 3319 1714 de
3340 1651 3465 1729 his,
3497 1672 3647 1736 quae
3673 1675 3881 1739 repu-

2326 1755 2661 1836 gnantiam
2687 1754 3122 1820 intellectuum
3145 1755 3513 1840 important,
3530 1762 3696 1828 sicut
3719 1770 3884 1829 sunt

2327 1880 2459 1931 esse
2502 1869 2890 1943 creaturam,
2911 1869 2974 1928 et
2987 1879 3119 1931 esse
3132 1865 3690 1949 proedestinatum,
3711 1878 3776 1937 et
3791 1873 3884 1936 si-

2325 1971 2523 2036 milia.
2552 1970 2630 2034 Et
2653 1971 2957 2053 quoniam
2976 1989 3126 2035 cum
3148 1972 3381 2038 dicitur
3414 1996 3429 2037 ι
3458 1999 3490 2038 ι
3523 1976 3731 2044 Homo
3771 1980 3883 2046 in-

2324 2079 2513 2162 coepit
2538 2097 2673 2143 esse
2692 2078 2878 2154 DeuS‚
2898 2100 2930 2139 n
2960 2078 3343 2162 importatur
3367 2083 3557 2163 unio;
3590 2085 3733 2152 ideo
3761 2091 3879 2153 ta-

2322 2187 2402 2250 lis
2417 2187 2734 2252 idiomatis
2759 2203 2893 2250 non
2917 2189 3014 2250 est
3038 2187 3555 2254 communicatio.

2402 2297 2464 2358 4.
2496 2294 2596 2358 Ad
2620 2293 2777 2360 illud
2817 2292 2992 2375 quod
3026 2293 3359 2374 quaeritur,
3397 2296 3452 2359 si
3486 2314 3601 2379 per
3631 2297 3881 2382 impos-

2322 2402 2503 2474 sihile
2523 2401 2945 2465 dimitteretur
2982 2398 3179 2464 homo
3220 2419 3261 2464 a
3286 2400 3438 2481 Deo,
3467 2407 3690 2469 utrum
3721 2405 3879 2471 haec

2320 2515 2483 2576 esset
2501 2529 2654 2578 vera
2676 2533 2736 2574 :a
2755 2507 2961 2573 Homo
2982 2507 3212 2573 desinit
3231 2528 3366 2574 esse
3382 2509 3571 2590 Deus,
3592 2535 3623 2572 n
3646 2514 3880 2579 dicen-

2318 2619 2475 2690 dum
2517 2619 2690 2701 quod
2716 2617 2853 2681 sic:
2886 2633 3006 2681 nec
3040 2614 3212 2682 valet
3252 2634 3269 2680 ς
3306 2638 3337 2675 α
3366 2615 3572 2684 Homo
3611 2639 3878 2704 semper

2318 2726 2439 2790 erit
2462 2725 2628 2789 Deus
2659 2746 2674 2787 ε
2701 2740 2858 2804 ergo
2889 2740 3021 2787 non
3049 2722 3278 2786 desinit
3303 2741 3438 2788 esse
3470 2724 3652 2792 Deua.
3680 2749 3710 2786 n
3756 2727 3872 2792 Si-

2317 2835 2428 2898 cut
2457 2833 2629 2896 enim
2656 2830 2834 2913 prius
2863 2832 3100 2893 tactum
3130 2829 3250 2894 tuit
3272 2876 3290 2907 ,
3319 2830 3459 2895 istae
3486 2831 3635 2895 duae
3661 2832 3868 2899 simul

2316 2943 2469 3003 sunt
2493 2954 2666 3002 verae
2697 2958 2712 3000 :
2752 2959 2784 2998 α
2811 2934 3015 2999 Homo
3042 2935 3273 2999 desinit
3298 2955 3433 3001 esse
3456 2935 3646 3016 Deus,
3674 2961 3707 2998 n
3741 2945 3811 3005 et
3843 2965 3863 3005 ε

2326 3070 2357 3106 α
2376 3044 2583 3109 Homo
2606 3060 2856 3126 semper
2869 3042 2989 3106 erit
3004 3042 3192 3123 Deus,
3223 3064 3253 3101 ι
3287 3045 3442 3126 quia
3460 3063 3573 3127 per
3592 3045 3871 3112 idioma-

2314 3158 2459 3219 tum
2483 3151 3127 3218 communicationem
3150 3151 3289 3217 haec
3318 3156 3410 3216 est
3444 3170 3596 3218 vera
3628 3172 3647 3217 ι
3684 3176 3715 3215 α
3733 3153 3870 3221 Ho—

2314 3280 2424 3325 mo
2440 3277 2700 3342 semper
2730 3258 2851 3322 erit
2875 3257 3040 3329 Deus
3065 3279 3082 3322 ε
3113 3279 3144 3317 n
3178 3261 3243 3322 et
3267 3258 3515 3323 tamdiu
3533 3259 3657 3323 erit
3676 3278 3861 3341 vera,

2313 3366 2626 3449 quamdiu
2659 3364 2913 3429 durabit
2948 3363 3130 3453 unio.
3173 3362 3244 3428 Si
3276 3383 3431 3429 vero
3471 3383 3611 3429 cras
3643 3366 3858 3433 solva-

2314 3480 2422 3541 tur
2461 3478 2617 3541 unio
2638 3524 2656 3556 ,
2710 3480 2867 3539 tunc
2918 3493 3036 3538 nec
3082 3492 3196 3557 per
3252 3474 3632 3540 idiomatum
3679 3494 3862 3541 com-

2311 3584 2815 3649 municationem
2835 3629 2855 3661 ,
2915 3599 3034 3646 nec
3074 3580 3198 3645 alio
3252 3582 3443 3647 modo
3483 3590 3580 3647 est
3625 3602 3862 3649 verum

2310 3691 2550 3770 dicere,
2579 3690 2751 3772 quod
2790 3689 2989 3752 homo
3024 3688 3106 3751 sit
3156 3686 3345 3752 Dem.
3390 3687 3470 3752 Et
3502 3689 3561 3753 si
3589 3691 3663 3754 tu
3692 3690 3862 3772 obji-

2311 3798 2440 3861 cias
2465 3846 2483 3878 ,
2531 3796 2705 3879 quod
2750 3795 3037 3861 desinere
3084 3793 3368 3877 implicat
3405 3812 3541 3859 non
3580 3813 3746 3874 esse;
3793 3800 3863 3862 et

2308 3905 2448 3970 istae
2478 3923 2610 3971 non
2638 3909 2903 3987 possunt
2927 3902 3183 3967 concedi
3219 3902 3412 3966 simul
3447 3902 3525 3966 de
3563 3901 3852 3969 Christo:

2311 4034 2343 4074 ι
2376 4011 2588 4089 Erit.,n
2622 4015 2686 4075 et
2724 4031 2740 4075 :
2780 4034 2812 4069 α
2840 4006 2981 4074 Νοιι
3015 4008 3137 4073 erit
3166 4029 3180 4070 :
3215 4029 3247 4068 n
3282 4009 3624 4075 dicendum
3647 4011 3856 4093 quod,

2306 4118 2472 4185 sicut
2515 4118 2756 4187 dictum
2782 4117 2928 4196 fuit,
2955 4116 3101 4199 plus
3124 4120 3322 4198 negat
3346 4117 3607 4198 negatio
3640 4116 3859 4199 expli-

2306 4227 2451 4304 cita,
2482 4243 2681 4308 quam
2719 4224 3046 4308 implicita.
3072 4221 3336 4307 Propter
3371 4224 3495 4290 hoc
3526 4224 3646 4289 ista
3684 4242 3855 4290 con-

2305 4337 2549 4403 ceditur
2604 4340 2914 4419 tanquam
2975 4353 3130 4399 vera
3168 4355 3187 4397 ε
3245 4357 3277 4394 α
3319 4333 3442 4399 Iste
3486 4334 3683 4407 homo
3748 4338 3855 4401 est

2301 4434 2704 4516 immortaliS,
2746 4456 2777 4494 n
2810 4434 3238 4499 demonstrato
3277 4431 3522 4497 Christo
3564 4432 3633 4496 in
3676 4435 3857 4498 statu

2303 4546 2728 4628 passibilitatis
2744 4566 2761 4625 3
2784 4543 3080 4627 quamvis
3097 4561 3231 4615 non
3253 4543 3667 4613 concedatur:
3681 4565 3713 4605 α
3726 4542 3855 4610 Iste

2298 4653 2495 4719 homo
2539 4672 2672 4723 non
2716 4657 2812 4719 est
2854 4650 3163 4719 mortalis.
3203 4672 3234 4711 n
3279 4649 3357 4715 Et
3379 4651 3469 4716 sic
3498 4653 3718 4734 patent
3744 4669 3853 4733 ea,

2298 4775 2448 4838 quae
2489 4757 2560 4823 in
2600 4756 2722 4827 hac
2766 4758 2946 4840 parte
2988 4758 3375 4837 quaeruntur
3397 4801 3417 4832 ,
3463 4759 3528 4820 et
3572 4754 3854 4839 qualiter

2297 4862 2601 4935 idiomata
2625 4862 3207 4937 communicantur.
