4185 6288
1163 450 1549 522 DISTINCT.
1588 453 1717 522 XX.
1764 453 1948 522 ΛΒΤ.
2001 454 2054 521 1.
2098 452 2398 534 QUAEST.
2442 456 2544 524 Vl.

251 584 443 669 -quod
464 602 697 652 verum
720 587 838 665 est,
868 586 1041 669 quod
1081 586 1250 654 Deus
1284 606 1416 655 non
1459 589 1804 654 delectatur

260 693 333 757 in
367 710 578 776 poena,
633 695 987 765 secundum
1033 697 1203 779 quod
1257 701 1351 761 est
1386 697 1713 775 afflictiva,
1743 700 1808 761 et

263 804 515 866 naturae
567 801 974 884 corruptiva;
1023 802 1372 869 delectatur
1427 805 1644 868 tamen
1661 852 1682 883 ,
1742 807 1807 868 et

259 908 464 991 placet
490 907 608 971 sibi
631 909 873 992 optima
896 910 1211 992 voluntas,
1239 931 1354 995 per
1391 931 1588 996 quam
1615 931 1806 995 prena

260 1016 637 1095 sustinetur,
674 1017 844 1082 etad
883 1016 1198 1082 honorem
1227 1019 1339 1084 Dei
1368 1020 1721 1101 ordinatur,
1742 1024 1807 1086 et

260 1123 341 1188 ad
368 1122 831 1189 absolutionem
856 1123 1138 1189 hominis
1158 1127 1278 1191 rei.

340 1236 404 1296 4.
424 1232 520 1297 Ad
541 1231 699 1296 illud
715 1233 887 1315 quod
904 1233 1006 1315 obj
1018 1233 1228 1313 icitur,
1249 1234 1422 1317 quod
1445 1235 1669 1299 melior
1684 1235 1806 1299 suit

259 1338 392 1405 vita
443 1337 695 1419 Christi,
741 1358 938 1422 quam
989 1359 1188 1418 morS,
1242 1343 1582 1406 dicendum
1631 1342 1804 1425 quod

258 1445 501 1528 absque
530 1444 726 1511 dubio
753 1465 983 1513 verum
1009 1451 1140 1527 est;
1188 1454 1402 1513 tamen
1430 1467 1561 1513 non
1586 1450 1800 1533 sequi-

262 1554 392 1629 tur,
421 1552 594 1634 quod
616 1571 748 1618 non
781 1554 993 1635 magis
1018 1556 1238 1620 debuit
1286 1555 1645 1620 satisfacere
1690 1574 1805 1638 per

257 1663 556 1737 mortem,
575 1677 775 1741 quam
802 1678 915 1743 per
935 1661 1160 1736 vitam,
1192 1661 1428 1744 duplici
1454 1680 1535 1727 ex
1563 1680 1795 1727 causa:

259 1767 546 1849 primum
572 1766 856 1848 quidem,
896 1768 1050 1850 quia
1095 1769 1434 1834 satisfactio
1455 1769 1639 1834 debet
1668 1787 1805 1835 esse

258 1874 550 1958 poenaliS,
579 1877 644 1938 et
670 1874 956 1939 maxima
980 1875 1316 1940 satisfactio
1345 1877 1626 1942 maxime
1658 1896 1800 1962 poe-

259 1981 464 2062 nalis;
495 1982 773 2047 secundo
799 2000 977 2064 vero,
1015 1984 1169 2067 quia
1196 1983 1456 2067 majoris
1483 1984 1807 2067 perfectio-

260 2089 362 2154 nis
414 2092 510 2155 est
560 2089 725 2155 velle
754 2091 920 2155 mori
970 2092 1052 2157 ad
1080 2093 1394 2157 honorem
1426 2092 1559 2172 Dei,
1604 2110 1804 2177 quam

260 2195 428 2262 velle
451 2196 709 2277 vivere;
731 2201 795 2263 et
815 2217 897 2263 ex
910 2200 1140 2282 majori
1168 2200 1475 2265 charitate
1500 2200 1800 2284 procedit,

262 2305 327 2370 et
351 2304 659 2369 terminos
686 2308 935 2371 naturae
988 2306 1198 2388 magis
1245 2307 1490 2373 excedit
1520 2329 1535 2371 ε
1568 2313 1632 2373 et
1662 2308 1804 2374 ideo

261 2411 427 2476 ratio
454 2411 562 2476 illa
592 2429 721 2476 non
748 2412 947 2494 cogit.

343 2520 404 2585 ὅ.
437 2518 533 2582 Ad
559 2518 719 2584 illud
744 2520 917 2602 quod
946 2520 1284 2603 objicitur,
1351 2522 1523 2604 quod
1549 2538 1682 2586 non
1711 2528 1807 2587 est

260 2625 591 2691 ordinatus
623 2626 853 2691 modus
879 2627 1322 2709 satisfaciendi,
1338 2629 1450 2693 ubi
1476 2634 1803 2712 peccatum

259 2731 515 2797 additur
540 2751 735 2816 super
760 2737 1110 2816 peccatum,
1137 2734 1474 2800 dicendum
1501 2735 1674 2819 quod
1698 2755 1803 2802 ve-

261 2858 412 2904 rum
462 2843 579 2919 est,
625 2840 881 2924 quando
931 2844 1263 2923 peccatum
1318 2842 1573 2908 additur
1610 2863 1805 2928 super

260 2951 590 3030 peccatum
623 2966 705 3012 ex
732 2952 910 3031 parte
937 2950 1080 3030 ejus
1106 2949 1223 3031 qui
1269 2949 1455 3014 debet
1481 2951 1804 3016 satisface-

260 3071 374 3133 re;
433 3054 523 3118 sic
564 3058 785 3120 autem
837 3072 971 3119 non
1010 3057 1106 3120 est
1144 3055 1214 3119 in
1249 3056 1571 3140 proposito
1602 3080 1617 3122 :
1649 3076 1803 3123 nam

263 3161 548 3229 Christus
573 3161 901 3228 moriendo
928 3180 1060 3227 non
1085 3165 1392 3246 peccavit,
1440 3166 1571 3242 sed,
1597 3185 1801 3249 quan-

261 3273 404 3334 tum
431 3270 501 3333 in
527 3269 764 3349 seruit,
791 3269 1008 3335 omnia
1057 3273 1313 3353 peccata
1364 3271 1616 3337 delevit.
1650 3273 1726 3338 Et
1751 3276 1804 3339 si

260 3385 338 3445 tu
362 3380 554 3461 dicas,
584 3382 756 3464 quod
780 3381 972 3445 talem
1003 3382 1271 3447 modum
1296 3381 1533 3464 eligere
1560 3382 1800 3464 debuit,

261 3488 331 3552 in
362 3506 492 3571 quo
517 3506 638 3553 nec
665 3489 823 3572 ipse,
875 3507 993 3553 nec
1035 3489 1200 3554 alius
1245 3495 1552 3572 peccaret,
1589 3490 1806 3560 dieen-

263 3593 423 3659 dum
449 3594 621 3677 quod
670 3595 829 3659 illud
869 3613 1005 3661 non
1045 3601 1333 3679 oportet:
1363 3598 1433 3662 in
1462 3598 1596 3679 {hoc
1628 3600 1805 3664 enim

263 3701 704 3767 manifestatur
719 3720 977 3767 summa
998 3703 1109 3769 Dei
1134 3705 1465 3787 sapientia,
1497 3708 1670 3790 quod
1688 3709 1806 3772 scit

260 3809 341 3875 de
367 3809 554 3874 malis
584 3827 717 3875 non
766 3814 1019 3875 tantum
1065 3810 1303 3893 eligere
1344 3812 1535 3891 bona,
1572 3832 1803 3880 verum

258 3916 453 3982 etiam
479 3917 718 4000 optima
751 3939 767 3981 ε
798 3917 972 4000 quod
995 3919 1282 3984 maxime
1305 3920 1456 3985 fecit
1478 3920 1547 3984 in
1593 3925 1799 3987 morte

263 4021 488 4088 Christi
508 4023 987 4106 pretiosissima.

340 4131 402 4195 6.
443 4130 542 4195 Ad
579 4131 738 4195 illud
779 4131 951 4215 quod
992 4128 1225 4197 ultimo
1268 4119 1585 4215 objicitur,
1631 4134 1803 4217 quod

258 4237 528 4320 gravius
544 4237 660 4302 suit
678 4239 1008 4321 peecatum
1018 4238 1440 4304 occidentium
1454 4238 1799 4321 Christum,

260 4349 409 4424 etc„
451 4345 791 4412 dicendum
834 4346 1005 4429 quod
1026 4393 1047 4424 ,
1073 4345 1386 4429 quidquid
1412 4346 1495 4411 sit
1538 4346 1616 4411 de
1647 4365 1802 4429 gra-

259 4451 477 4529 vitate,
506 4452 662 4536 quia
687 4452 766 4518 de
792 4453 918 4520 hoc
941 4453 1022 4518 ad
1049 4471 1329 4536 praesens
1351 4471 1481 4519 non
1512 4458 1608 4519 est
1630 4474 1806 4538 quae-

259 4558 404 4641 stio,
446 4565 661 4628 tamen
705 4565 839 4627 esto
878 4563 1051 4645 quod
1090 4561 1360 4644 gravius
1400 4562 1641 4638 ruisset,
1672 4581 1804 4628 non

259 4669 591 4753 oportebat
636 4673 896 4753 propter
962 4669 1088 4735 hoc
1149 4670 1430 4735 secundo
1483 4669 1806 4735 Christum

257 4775 418 4860 pati.
458 4772 623 4839 Nam
660 4777 855 4841 unica
905 4775 1133 4841 Christi
1177 4776 1384 4860 passio
1424 4794 1555 4841 non
1596 4776 1806 4842 solum

258 4884 617 4951 sufficiebat
674 4885 755 4950 ad
810 4886 1322 4951 satisfaciendum
1383 4904 1501 4969 pro
1554 4890 1807 4971 peccato

260 4992 445 5071 Adae,
475 4993 583 5058 sed
610 4994 801 5060 etiam
826 5013 945 5078 pro
967 4994 1143 5059 omni
1166 4998 1571 5077 peccatorum
1589 4994 1810 5059 multi-

260 5099 508 5174 tudine.
566 5100 745 5166 Unde
795 5119 971 5166 mors
1023 5102 1256 5166 Christi
1314 5103 1466 5185 ipsis
1516 5102 1805 5167 occiden-

335 5213 355 5249 ¹
383 5212 630 5277 Anselm„
661 5213 765 5264 Gur
782 5212 915 5263 Deus
932 5213 1102 5275 homo,
1130 5213 1223 5265 lib.
1254 5214 1317 5279 11,
1340 5228 1388 5265 c.
1418 5225 1507 5264 xv·
1526 5213 1809 5279 -2Hebr.,

266 5297 303 5338 x
328 5318 347 5348 ,
377 5286 452 5335 u.
474 5311 529 5323 -
550 5284 573 5319 ⁸
600 5285 681 5349 Cf.
710 5287 763 5337 S.
793 5286 1046 5350 Thomas,
1071 5299 1124 5350 p.
1152 5287 1254 5350 111,
1282 5300 1334 5351 q.
1360 5297 1509 5349 x10v15
1539 5290 1636 5337 art.
1671 5290 1731 5350 35
1761 5292 1814 5338 et

273 5357 341 5409 nl
368 5356 531 5418 sent„
559 5356 679 5408 dist.
706 5367 808 5421 xx,
840 5370 893 5423 q.
938 5368 1005 5422 n,
1033 5361 1130 5409 art.
1168 5359 1224 5423 63
1253 5357 1512 5424 Richard„
1551 5359 1614 5409 ul
1652 5359 1813 5424 sent„

337 5434 406 5504 (a)
430 5435 552 5489 coet.
575 5435 696 5488 edit.
726 5439 796 5492 et.

3346 463 3466 525 437

1911 590 2090 654 tibus
2134 591 2407 668 valebat,
2447 591 2500 655 si
2540 591 2779 657 vellent
2819 591 2898 657 ad
2937 592 3260 657 Christum
3306 611 3464 658 con-

1916 696 2080 761 verti
2113 719 2128 761 :
2163 697 2233 761 in
2278 697 2607 762 infinitum
2650 698 2825 763 enim
2864 698 2987 763 {uit
3029 702 3242 782 majus
3276 700 3467 765 meri·

1914 807 2058 866 tum
2106 803 2334 869 Christi
2374 806 2702 888 patientis,
2731 824 2931 889 quam
2969 811 3132 872 esset
3163 807 3464 873 delictum

1913 910 2099 975 Judae
2143 911 2478 989 tradentiS,
2510 912 2719 978 Judaei
2753 914 3146 996 instigantis,
3185 919 3249 980 et
3293 914 3464 981 Gen·

1915 1016 2042 1080 tilis
2080 1018 2517 1095 crucifigentis
2538 1068 2555 1099 ,
2585 1019 2937 1085 secundum
2975 1020 3149 1103 quod
3179 1020 3463 1088 Christus

1915 1121 2059 1205 plus
2083 1122 2360 1188 habebat
2383 1124 2461 1189 de
2489 1125 2792 1205 bonitate,
2824 1145 3022 1209 quam
3039 1126 3133 1191 illi
3151 1127 3463 1193 haberent

1915 1228 1994 1293 de
2018 1228 2284 1294 malitia.
2318 1229 2654 1311 Praeterea,
2687 1233 2852 1296 sicut
2881 1232 3031 1297 dicit
3058 1233 3457 1313 Anselmus¹,

1915 1337 2261 1402 excusabat
2292 1356 2400 1403 eos
2425 1340 2790 1421 ignorantia
2815 1340 3031 1423 aliquo
3058 1342 3272 1418 modo,
3297 1341 3462 1408 sicut

1915 1442 2157 1507 dictum
2183 1449 2277 1509 est
2301 1464 2497 1527 supra
2528 1464 2545 1508 ε
2577 1452 2641 1511 et
2660 1447 2802 1513 ideo
2822 1465 2954 1512 non
2982 1449 3311 1531 oportebat
3342 1467 3460 1532 pro

1914 1553 2183 1632 peccatis
2225 1571 2451 1618 eorum
2502 1553 2822 1619 Christum
2858 1553 3092 1619 iterum
3120 1555 3279 1637 pati,
3306 1555 3415 1620 sed
3436 1603 3456 1636 ‚

1913 1654 2079 1719 sicut
2118 1655 2271 1720 dicit
2304 1657 2646 1747 Apostolus
2663 1663 2729 1720 ’τ
2768 1657 2907 1723 Una
2943 1658 3259 1725 oblatione
3303 1674 3461 1725 con-

1914 1764 2262 1829 summovit
2288 1764 2364 1829 in
2390 1766 2847 1847 sempitemum
2879 1766 3335 1845 sanctificatos.

2436 1984 2793 2064 QUAESTIO
2834 1983 2943 2056 VI.

1987 2159 2081 2216 An
2118 2161 2231 2217 alio
2266 2159 2418 2217 modo
2446 2162 2690 2234 potum-it
2725 2162 2862 2285 Deam
2905 2176 3069 2233 aevitas
3093 2161 3388 2220 humanum

2548 2252 2770 2309 salvare
2820 2293 2836 2309 .

1995 2408 2224 2474 Utrum
2279 2409 2405 2477 alio
2462 2409 2653 2476 modo
2702 2412 2981 2495 potuerit
3032 2412 3200 2477 Deus
3248 2429 3457 2495 genus
3484 2441 3694 2488 rma...

1909 2517 2275 2582 humanum
2337 2518 2583 2583 salvare
2610 2540 2627 2596 ;
2681 2524 2743 2584 et
2793 2520 2965 2602 quod
3018 2519 3108 2584 sie
3130 2566 3149 2597 ,
3201 2520 3458 2586 videtur

1911 2624 2127 2706 primo
2150 2641 2265 2706 per
2290 2623 2471 2701 illud,
2502 2625 2675 2707 quod
2698 2626 2850 2690 dicit
2875 2626 2999 2690 Leo
3026 2626 3199 2709 Papa
3214 2627 3284 2691 in
3302 2645 3458 2710 quo-

1913 2729 2061 2794 dam
2088 2749 2383 2795 sermone
2406 2734 2482 2798 in
2509 2735 2739 2800 Remis
2762 2735 3129 2816 palmarum
3152 2752 3175 2799 .-
3201 2734 3459 2801 «Omni-

1912 2838 2198 2920 potentia
2250 2838 2393 2904 Filii
2449 2838 2595 2920 Dei,
2655 2859 2803 2924 qnae
2854 2845 3113 2925 propter
3164 2841 3457 2907 eamdem

1912 2946 2250 3010 essentiam
2289 2949 2385 3010 est
2427 2947 2690 3029 aequalis
2731 2946 2902 3012 Patri
2919 2996 2938 3027 ,
2968 2947 3268 3030 potuisset
3290 2948 3457 3014 libe-

1912 3069 2056 3116 rare
2082 3070 2294 3134 genus
2321 3053 2683 3118 humanum
2710 3054 2842 3119 solo
2869 3054 3138 3138 imperio
3159 3057 3459 3121 volunta-

1912 3162 1994 3225 tis
2035 3180 2173 3226 suae
2194 3211 2213 3242 ,
2243 3163 2367 3226 nisi
2402 3163 2637 3228 divinis
2664 3165 2963 3247 operibus
2988 3164 3271 3249 maxime
3299 3183 3455 3230 con-

1913 3271 2214 3352 gruisset,
2257 3276 2332 3335 ut
2374 3271 2454 3355 (α)
2486 3272 2787 3355 nequitiae
2827 3272 3072 3337 hostilis
3104 3273 3454 3338 adversitas

1911 3395 2010 3455 00,
2035 3394 2231 3458 quem
2252 3377 2513 3454 vicerat,
2544 3378 2925 3443 vinceretur.
2955 3399 2987 3437 n

1994 3481 2151 3546 Item
2205 3484 2328 3548 hoc
2379 3485 2596 3568 ipsum
2649 3486 2801 3550 dicit
2853 3485 3257 3567 Augustinus
3286 3486 3331 3567 ⁸,
3374 3485 3454 3555 de

1919 3589 2261 3669 Trinitate,
2309 3593 2376 3655 et
2416 3591 2690 3656 habetur
2715 3592 2786 3655 in
2810 3591 3020 3656 littera
3050 3613 3067 3656 ε
3101 3614 3135 3653 α
3173 3591 3459 3659 Dicimus

1911 3699 2116 3764 alium
2164 3699 2429 3763 modum
2474 3698 2836 3781 possibilem
2863 3698 2990 3764 Deo
3013 3699 3239 3774 fuisse,
3270 3704 3458 3784 cujus

1910 3806 2205 3889 potestati
2255 3810 2485 3871 cuncta
2525 3806 2888 3889 subjacent3
2919 3807 3026 3871 sed
3056 3811 3293 3872 nostrae
3329 3809 3457 3873 mi-

1913 3914 2096 3979 seriae
2134 3913 2434 3978 sanandae
2472 3913 3056 3979 convenientiorem
3082 3913 3282 3979 alium
3318 3933 3454 3980 non

1909 4022 2125 4086 fuisse.
2156 4043 2188 4081 n
3354 4021 3359 4028 ’

2020 4129 2179 4193 ltem
2237 4128 2362 4193 hoe
2410 4128 2628 4212 ipsum
2687 4128 3044 4194 ostenditur
3093 4129 3456 4212 expressius
3534 4214 3541 4221 ³

1909 4238 2282 4303 auctoritate
2323 4236 2612 4319 Gregorii
2660 4237 2732 4301 in
2771 4235 3122 4305 Moralibus
3163 4256 3194 4300 .-
3242 4258 3275 4300 α
3332 4236 3457 4316 Qui

1910 4362 2030 4410 nos
2058 4344 2207 4409 tecit
2231 4344 2499 4409 existere
2542 4361 2627 4409 ex
2667 4343 2871 4410 nihilo
2884 4393 2903 4424 ,
2935 4361 3234 4410 revocare
3260 4344 3454 4411 etiam

1910 4451 2048 4516 sine
2076 4454 2283 4516 morte
2317 4456 2380 4516 et
2412 4452 2706 4534 passione
2741 4469 2857 4516 sua
2881 4452 3110 4534 potuit.
3129 4473 3161 4512 n

1994 4557 2150 4622 Item
2192 4558 2316 4623 hoc
2355 4559 2569 4641 ipsum
2600 4558 2955 4623 ostenditur
2982 4576 3098 4640 per
3122 4556 3448 4625 deductio·

1910 4685 2062 4732 nem
2089 4666 2169 4731 ad
2194 4666 2652 4731 inconveniens
2679 4684 2697 4730 t
2724 4667 2878 4750 qula
2902 4666 2958 4730 si
2984 4684 3117 4731 non
3143 4668 3452 4750 potuisset

1911 4792 2029 4838 nos
2056 4773 2184 4838 alio
2207 4774 2399 4839 modo
2422 4774 2715 4853 liberare,
2744 4791 2903 4855 ergo
2930 4777 3085 4838 tunc
3111 4774 3328 4839 fuisset
3353 4774 3449 4840 di-

1913 4881 2065 4947 vina
2105 4881 2387 4964 potentia
2441 4881 2740 4960 limitata,
2790 4885 2857 4945 et
2898 4898 3169 4964 persona
3218 4881 3453 4948 Christi

1913 4988 2193 5073 passioni
2233 4989 2518 5070 subjecta
2550 5011 2565 5052 ε
2598 4988 2771 5071 quod
2807 4989 3075 5053 omnino
3102 4992 3197 5055 est
3221 4991 3453 5057 absur-

1914 5097 2072 5162 dum
2100 5116 2116 5161 z
2144 5112 2301 5177 ergo
2327 5094 2485 5159 illud
2514 5114 2596 5160 ex
2621 5112 2751 5177 quo
2782 5096 3095 5179 sequitur.

1917 5222 2031 5272 dist.
2064 5231 2155 5280 xx,
2174 5234 2224 5284 q.
2253 5232 2331 5285 1v;
2355 5220 2535 5271 Thom.
2557 5221 2787 5286 Argent„
2818 5220 2883 5270 ΙΙΙ
2903 5219 3062 5283 Seni„
3082 5220 3203 5273 dist.
3223 5232 3314 5288 xx,
3342 5237 3393 5289 q.
3414 5234 3456 5291 ι,

1918 5297 2017 5345 art.
2045 5295 2103 5356 ις
2123 5291 2302 5356 steph.
2322 5292 2536 5358 Brulet'.,
2562 5294 2628 5345 111
2644 5292 2807 5355 Sena,
2823 5291 2941 5343 dist.
2970 5304 3062 5358 xx,
3089 5308 3143 5360 q.
3170 5306 3226 5347 τι
3242 5310 3262 5358 3
3301 5296 3454 5349 Gabr.

1920 5363 2067 5426 Biel„
2088 5364 2153 5413 ΙΙΙ
2173 5364 2335 5429 Sena,
2361 5362 2483 5416 dist.
2503 5377 2593 5430 xx,
2610 5374 2719 5432 q.1,
2740 5367 2835 5418 art.
2857 5365 2980 5420 2.—
3000 5364 3022 5402 ⁸
3039 5366 3191 5440 Aug„
3213 5365 3276 5419 de
3299 5367 3456 5437 Tria„

1920 5433 2010 5492 lib.
2045 5435 2184 5504 xm,
2213 5447 2262 5488 c.
2294 5447 2427 5501 x,n.
2458 5435 2535 5492 1³.
