4185 6288
702 499 821 559 420
1861 483 2482 557 SENTENTIARUM
2522 485 2671 554 LIB.
2717 485 2825 553 ΙΙΙ.

699 629 946 700 diaboli
972 634 1377 721 potestatem,
1407 625 1662 695 nonita
1686 626 1877 695 debet
1904 625 2212 715 intelligi,
2243 632 2560 716 tanquam
2586 623 2763 692 Deus
2787 623 2911 693 hoc
2952 625 3202 713 fecerit,
3249 637 3366 698 aut
3400 629 3551 700 fieri
3581 633 3887 725 iusserit3

701 747 814 814 sed
841 744 1020 837 quod
1050 752 1308 811 tantum
1336 743 1729 836 permiserit,
1753 743 1929 835 juste
1958 750 2203 811 tamen.
2234 740 2359 809 Illo
2386 740 2564 809 enim
2594 739 2928 810 deserente
2955 753 3326 833 peccantem
3346 800 3364 833 ,
3397 749 3641 840 peccati
3669 760 3897 820 auctor

702 863 879 931 illico
908 861 1169 930 invasit.
1201 860 1335 928 Nec
1367 868 1590 929 tamen
1629 859 1806 928 Deus
1834 859 2166 928 continuit
2200 858 2275 925 in
2309 858 2417 925 ira
2455 880 2576 925 sua
2616 857 3072 928 miserationes
3111 884 3266 930 suas
3311 865 3356 948 ¹,
3400 886 3522 933 nec
3561 864 3898 935 hominem

702 1003 742 1048 a
771 980 916 1068 lege
949 1001 1086 1047 suae
1113 977 1444 1068 potestatis
1470 977 1690 1044 amisit
1722 976 1837 1065 (a),
1870 998 2022 1043 cum
2049 974 2122 1042 in
2149 973 2395 1042 diaboli
2422 981 2733 1065 potestate
2760 997 2896 1042 esse
2920 978 3241 1067 permisit,
3272 980 3433 1071 quia
3456 1004 3576 1050 nec
3595 981 3899 1053 diabolus

705 1120 745 1163 a
771 1103 1086 1188 potestate
1117 1095 1234 1162 Dei
1270 1103 1366 1162 est
1404 1093 1697 1179 alienus,
1749 1093 1917 1160 sicut
1955 1114 2074 1159 nec
2119 1114 2159 1158 a
2200 1090 2511 1159 bonitate.
2559 1089 2726 1159 Nam
2763 1092 3236 1186 qualicumque
3265 1097 3404 1165 vita
3448 1097 3751 1168 diabolus
3790 1099 3899 1168 vel

703 1213 900 1283 homo
952 1236 1088 1280 non
1133 1211 1541 1295 subsisteret,
1601 1209 1730 1277 nisi
1776 1230 1893 1299 per
1937 1230 2094 1276 eum
2135 1206 2253 1298 qui
2291 1206 2582 1276 vivificat
2627 1208 2870 1275 omnia.
2921 1208 3070 1278 Non
3115 1234 3272 1301 ergo
3329 1210 3506 1283 Deus
3559 1214 3895 1285 hominem

703 1328 1014 1414 deseruit,
1057 1334 1134 1396 ut
1170 1350 1306 1396 non
1342 1351 1409 1396 se
1448 1327 1553 1394 illi
1596 1325 1932 1394 exhiberet
1977 1324 2232 1408 Deum;
2276 1322 2387 1392 sed
2429 1324 2604 1393 inter
2646 1324 2823 1394 mala
2867 1327 3155 1417 poenalia
3201 1329 3399 1399 etiam
3447 1331 3639 1400 malis
3687 1332 3901 1402 multa

704 1446 1006 1538 praestitit
1038 1446 1213 1514 bona
1263 1470 1279 1511 ε
1325 1451 1390 1512 et
1425 1443 1687 1512 tandem
1727 1442 2062 1511 hominem
2087 1494 2106 1526 ,
2145 1462 2344 1533 quem
2382 1440 2751 1509 commissio
2803 1451 3218 1533 peccatorum
3267 1446 3532 1517 diabolo
3573 1448 3893 1535 subdidit,

709 1562 1004 1631 remissio
1030 1569 1440 1654 peccatorum
1468 1583 1585 1653 per
1612 1560 2002 1649 sanguinem
2030 1558 2276 1628 Christi
2299 1557 2452 1627 data
2473 1582 2514 1627 a
2541 1558 2805 1629 diabolo
2831 1561 3043 1649 eruit,
3087 1571 3163 1631 ut
3194 1563 3286 1631 sic
3319 1573 3342 1606 ¹
3369 1564 3630 1657 justitia
3666 1566 3898 1635 vince-

713 1688 896 1748 retur
923 1678 1257 1764 diabolus,
1289 1702 1424 1748 non
1450 1677 1758 1770 potentia.
1793 1675 1922 1744 Sed
1949 1675 1970 1710 ⁸
1996 1698 2132 1767 qua
2165 1674 2464 1767 justitia?
2513 1673 2669 1743 Jesu
2715 1675 2980 1746 Christi.
3025 1678 3110 1747 Et
3162 1681 3493 1772 quomodo
3547 1682 3760 1751 victus
3797 1691 3894 1751 est

713 1801 828 1866 ea?
856 1795 1029 1879 Quia
1049 1796 1119 1863 in
1142 1818 1218 1863 eo
1246 1794 1413 1863 nihil
1439 1795 1718 1884 dignum
1747 1800 1956 1861 morte
1982 1791 2352 1876 invenienS,
2383 1789 2616 1859 occidit
2643 1816 2798 1861 eum
2827 1802 3063 1864 tamen.
3097 1795 3181 1863 Et
3207 1797 3438 1888 utique
3460 1798 3719 1889 justum
3760 1807 3880 1882 est,

710 1922 786 1982 ut
810 1912 1134 1982 debitores
1162 1935 1327 2004 quos
1356 1911 1636 1996 tenebat,
1669 1909 1860 1977 liberi
1885 1908 2329 1994 dimittantur,
2361 1908 2432 1975 in
2459 1932 2615 1977 eum
2657 1909 3022 1999 credentes,
3070 1934 3270 2004 quem
3306 1914 3448 1982 sine
3484 1914 3625 1983 ullo
3667 1915 3886 1984 debito

704 2030 958 2100 occidit.
1004 2029 1158 2097 Ideo
1203 2037 1421 2097 autem
1460 2035 1482 2069 ⁴
1527 2026 1819 2118 potentia
1861 2025 2124 2094 vincere
2169 2023 2419 2110 noluit,
2476 2025 2637 2117 quia
2677 2025 2979 2095 diabolus
3027 2027 3190 2096 vitio
3260 2031 3706 2120 perversitatis
3758 2053 3890 2100 suae

709 2156 962 2217 amator
996 2154 1092 2215 est
1128 2147 1469 2238 potentiae,
1519 2153 1584 2213 et
1617 2144 1908 2214 desertor
1949 2150 2496 2235 oppugnatorque
2526 2142 2829 2234 justitiae;
2880 2143 2953 2211 iu
2988 2167 3122 2236 quo
3160 2144 3461 2214 homines
3489 2146 3700 2235 magis
3738 2170 3892 2216 eum

708 2265 1079 2349 imitantur,
1112 2265 1230 2355 qui
1257 2263 1551 2352 neglecta
1576 2261 1683 2331 vel
1707 2260 1904 2329 etiam
1933 2282 2162 2352 perosa
2181 2259 2440 2351 justitia
2461 2311 2480 2343 ,
2529 2260 2836 2351 potentiae
2876 2261 3087 2350 magis
3130 2262 3395 2331 student
3424 2315 3441 2349 ,
3486 2263 3762 2356 ejusque
3788 2264 3893 2335 vel

702 2382 1045 2474 adeptione
1074 2382 1403 2463 laetantur,
1440 2379 1548 2446 vel
1588 2377 1940 2469 cupiditate
1977 2376 2507 2445 inflammantur.
2538 2376 2824 2469 Ideoque
2853 2377 3100 2469 placuit
3127 2378 3291 2467 Det),
3315 2387 3549 2449 utnon
3575 2382 3887 2473 potentia,

699 2500 810 2568 sed
832 2499 1090 2591 justitia
1118 2498 1408 2581 vincenS,
1440 2495 1777 2564 hominem
1809 2501 2095 2577 erueret,
2126 2493 2200 2561 in
2226 2516 2361 2586 quo
2390 2492 2590 2562 homo
2618 2516 2769 2561 eum
2812 2493 3060 2562 imitari
3099 2494 3396 2564 disceret.
3434 2497 3593 2566 Post
3629 2520 3786 2567 vero
3821 2498 3891 2566 in

701 2615 1172 2685 resurrectione
1198 2620 1418 2681 secuta
1443 2619 1538 2680 est
1562 2615 1584 2650 ⁸
1608 2610 1896 2703 potentia
1918 2662 1936 2695 ,
1982 2609 2143 2700 quia
2180 2609 2422 2677 revixit
2464 2607 2798 2698 mortu'us,
2847 2633 3193 2703 nunquam
3241 2621 3464 2705 postea
3501 2614 3888 2684 moriturus.

707 2732 837 2801 Sed
865 2756 1084 2801 nonne
1102 2732 1258 2822 jure
1302 2729 1676 2821 aequissimo
1702 2727 2076 2796 vinceretur
2124 2725 2461 2812 diabolus,
2510 2726 2566 2793 si
2612 2726 2903 2818 potentia
2938 2735 3195 2797 tantum
3238 2728 3537 2798 Christus
3579 2753 3730 2800 cum
3775 2732 3895 2800 illo

704 2873 895 2940 agere
948 2848 1300 2917 voluisset?
1352 2845 1627 2938 Utique,
1670 2843 1783 2913 sed
1832 2842 2197 2935 postposuit
2239 2842 2541 2912 Christus
2584 2843 2762 2935 quod
2811 2843 3060 2935 potuit,
3113 2853 3190 2912 ut
3238 2845 3424 2937 prius
3458 2855 3683 2935 ageret
3716 2848 3896 2939 quod

702 2965 1013 3058 oportuit.
1047 2990 1081 3030 n
1116 2963 1382 3032 Justitia
1407 2985 1563 3052 ergo
1590 2960 1986 3030 humilitatis
2014 2959 2349 3028 hominem
2380 2958 2722 3041 liberavit,
2767 2981 2969 3052 quem
3014 2961 3155 3030 sola
3194 2963 3486 3052 potentia
3523 2963 3899 3056 aequissime

701 3083 981 3152 liberare
1011 3080 1251 3174 potuit.

462 3229 522 3273 ne
547 3242 674 3273 aa„
795 3199 870 3270 Si
897 3200 1076 3268 enim
1105 3208 1235 3267 tres
1261 3198 1362 3266 illi
1389 3198 1459 3266 in
1486 3219 1748 3265 causam
1777 3195 2106 3280 venirent,
2136 3194 2379 3263 scilicet
2403 3194 2604 3281 Deus,
2627 3195 2931 3267 diabolus
2957 3208 3021 3266 et
3043 3197 3266 3287 homo,
3289 3198 3594 3267 diabolus
3612 3206 3677 3267 et
3698 3199 3903 3269 homo

483 3293 645 3408 ⁰¹23,
704 3318 864 3410 quid
892 3318 1206 3386 adversus
1230 3315 1443 3384 Deum
1473 3313 1795 3396 dicerent,
1826 3335 1962 3381 non
1999 3311 2346 3379 haberent.
2393 3308 2712 3380 Diabolus
2754 3313 2933 3382 enim
2969 3314 3050 3382 de
3095 3313 3343 3406 injuria
3390 3314 3512 3384 Dei
3550 3316 3903 3384 convince-

455 3417 673 3531 ζζζῗωζζ
703 3444 910 3520 retur,
942 3434 1100 3527 quia
1124 3455 1388 3501 servum
1417 3429 1582 3521 ejus,
1614 3430 1857 3497 scilicet
1888 3428 2255 3515 hominem,
2288 3436 2353 3495 et
2377 3427 2837 3498 fraudulenter
2874 3429 3177 3518 abduxit,
3210 3439 3275 3499 et
3300 3431 3625 3500 violenter
3650 3434 3896 3502 tenuit.

453 3539 671 3582 ‘¹³⁸¹'⁰¹¹¹'¹¹
702 3553 917 3621 Homo
946 3553 1143 3621 etiam
1180 3550 1471 3640 injurius
1507 3547 1644 3616 Deo
1679 3546 2217 3632 convinceretur,
2260 3545 2419 3637 quia
2454 3555 2776 3638 praecepta
2820 3546 2963 3637 ejus
3006 3549 3429 3640 contempsit,
3471 3556 3535 3617 et
3570 3572 3638 3618 se
3680 3549 3903 3620 alieno

703 3668 996 3739 dominio
1026 3666 1445 3758 mancipavit.
1493 3665 1588 3733 De
1632 3664 1919 3733 hominis
1952 3664 2155 3732 etiam
2201 3663 2448 3754 injuria
2491 3663 2991 3732 convinceretur
3025 3664 3351 3752 diabolus,
3398 3666 3559 3758 quia
3595 3674 3660 3736 et
3700 3666 3900 3736 illum

704 3787 888 3877 prius
913 3784 1132 3854 fallaci
1159 3782 1588 3876 promissione
1625 3781 1914 3873 decepit,
1954 3789 2019 3848 et
2060 3788 2206 3872 post
2242 3780 2419 3848 mala
2454 3780 2798 3850 inferendo
2840 3782 3032 3852 laesit.
3081 3782 3181 3875 Inj
3193 3792 3333 3851 uste
3370 3806 3528 3873 ergo
3566 3783 3898 3871 diaboluS,

698 3911 1022 3995 quantum
1050 3901 1134 3969 ad
1161 3924 1253 3985 se,
1285 3901 1546 3969 tenebat
1572 3898 1944 3985 hominem3
1977 3898 2087 3965 sed
2129 3897 2330 3965 homo
2362 3896 2538 3988 juste
2576 3897 2948 3985 tenebatur,
2997 3899 3158 3992 quia
3194 3899 3499 3970 diabolus
3547 3924 3901 3993 nunquam

696 4020 939 4089 meruit
965 4027 1345 4111 potestatem
1392 4017 1632 4086 habere
1667 4038 1867 4107 super
1900 4014 2282 4100 hominem,
2329 4013 2442 4081 sed
2478 4013 2677 4083 homo
2726 4015 2967 4084 meruit
3002 4039 3119 4109 per
3156 4017 3419 4109 culpam
3462 4018 3602 4111 pati
3646 4018 3902 4088 diaboli

694 4135 1139 4229 tyrannidem.
1174 4134 1247 4203 Si
1273 4156 1430 4224 ergo
1455 4133 1657 4220 Deus,
1689 4133 1808 4224 qui
1837 4132 2113 4223 utrique
2140 4138 2440 4222 praeerat,
2472 4132 2762 4222 potentia
2789 4132 3131 4202 hominem
3162 4134 3442 4204 liberare
3483 4135 3715 4222 vellet,
3757 4136 3904 4206 sola

686 4253 1001 4345 jussionis
1028 4253 1271 4321 virtute
1300 4251 1634 4320 hominem
1663 4248 1880 4341 potuit
1910 4247 2264 4317 rectissime
2289 4247 2602 4336 liberare;
2633 4249 2746 4316 sed
2782 4248 2868 4317 ob
2894 4271 3158 4319 causam
3195 4251 3596 4342 praemissam
3637 4252 3901 4345 justitia

694 4371 1088 4441 humilitatis
1115 4369 1214 4438 uti
1242 4368 1476 4438 voluit.
1509 4366 1641 4448 Qui
1666 4364 1828 4434 dum
1859 4364 1931 4433 in
1968 4387 2162 4433 carne
2194 4364 2456 4433 mortali
2486 4363 2844 4434 crucifixus
2868 4374 2988 4453 est,
3013 4367 3358 4459 justificati
3385 4392 3643 4457 sumna,
3675 4368 3747 4437 id
3773 4378 3898 4457 est,

694 4512 812 4583 per
839 4488 1284 4558 remissionem
1312 4493 1721 4578 peccatorum
1748 4483 1915 4552 eruti
1942 4483 2024 4551 de
2051 4488 2377 4573 potestate
2405 4479 2676 4569 diaboli,
2709 4494 2772 4552 et
2810 4483 2902 4551 ita
2937 4507 2978 4552 a
3019 4482 3277 4554 Christo
3306 4485 3565 4577 justitia
3594 4485 3902 4555 diabolus

697 4607 910 4676 victus
942 4614 1072 4694 est,
1104 4628 1239 4675 non
1266 4602 1578 4696 potentia.
1608 4600 1952 4682 Quomodo
1981 4606 2205 4666 autem
2239 4596 2309 4664 in
2347 4597 2490 4687 ejus
2529 4600 2851 4688 sanguine
2887 4598 3079 4668 nobis
3118 4608 3378 4693 peccata
3419 4602 3553 4671 sint
3602 4601 3897 4689 dimissa,

696 4748 898 4816 supra
924 4733 946 4768 ⁸
976 4723 1344 4813 expositum
1373 4729 1490 4788 est.

482 4854 673 4963 ἀξξοζῗ·
789 4841 1087 4910 Christus
1113 4862 1269 4929 ergo
1291 4845 1388 4905 est
1413 4833 1709 4904 sacerdos
1736 4836 1780 4918 ⁷,
1802 4832 2112 4923 idemque
2139 4831 2355 4900 hostia
2378 4836 2424 4918 ⁸,
2449 4839 2513 4900 et
2540 4833 2827 4923 pretium
2856 4843 3098 4904 nostrae
3126 4836 3672 4905 reconciliationis
3697 4845 3744 4920 ⁸,
3779 4837 3901 4927 qui

476 4984 649 5037 chrisa,
701 4981 770 5027 se
797 4959 867 5027 in
894 4981 1010 5026 ara
1033 4956 1243 5025 crucis
1268 4976 1401 5021 non
1428 4950 1714 5035 diabolo,
1745 4949 1856 5018 sed
1884 4949 2019 5018 Deo
2048 4949 2363 5018 Trinitati
2396 4949 2639 5018 obtulit
2678 4973 2798 5042 pro
2827 4952 3168 5039 omnibus,
3210 4962 3536 5045 quantum
3571 4953 3655 5021 ad
3703 4954 3900 5045 pretii

456 5045 675 5149 ἶῗοῗιῖιῖοῗ
701 5073 1195 5157 sufficientiam3
1246 5069 1358 5137 sed
1415 5089 1533 5159 pro
1587 5067 1805 5135 electis
1863 5074 2124 5135 tantum
2143 5120 2162 5156 ,
2225 5073 2553 5158 quantum
2612 5066 2694 5134 ad
2748 5067 3104 5137 efficaciam
3124 5120 3143 5156 ,
3209 5070 3369 5162 quia
3422 5069 3900 5163 praedestinatis

458 5166 582 5209 Patre
631 5173 675 5209 et

458 5240 484 5269 .
505 5198 671 5283 1:153„
701 5200 961 5261 tantum
986 5191 1265 5259 salutem
1294 5184 1528 5254 effecit.
1559 5182 1654 5251 De
1683 5206 1816 5275 quo
1849 5191 1912 5252 et
1937 5183 2206 5272 legitur,
2259 5181 2438 5276 quod
2466 5182 2551 5250 sit
2584 5183 2865 5253 traditus
2898 5208 2938 5254 a
2969 5185 3164 5255 Patre
3192 5185 3265 5273 ¹⁰,
3296 5194 3362 5255 et
3390 5186 3569 5279 quod
3604 5186 3896 5279 seipsum

765 5353 783 5389 ι
803 5352 887 5402 Pe.
915 5358 1094 5410 ami,
1128 5350 1203 5397 ιο.
1231 5370 1285 5381 -
1309 5344 1503 5407 ¹Aug.,
1529 5341 1591 5391 de
1621 5341 1824 5403 Triuia,
1852 5341 1943 5391 lib.
1973 5342 2111 5401 ΧΙΙΙ,
2129 5356 2177 5391 c.
2199 5352 2317 5402 1111,
2345 5355 2398 5391 n.
2434 5343 2578 5391 ¹7.—
2598 5341 2621 5376 ⁸
2644 5341 2794 5405 mid„
2828 5357 2875 5392 c.
2897 5354 3018 5403 xiv,
3044 5356 3101 5392 n.
3123 5345 3266 5393 ¹8.—
3286 5344 3309 5380 ὁ
3337 5343 3486 5408 thid„
3517 5359 3565 5395 c.
3593 5356 3713 5405 1111,
3735 5357 3790 5395 n.
3817 5346 3895 5395 ¹7.

697 5445 760 5463 -
781 5423 804 5459 ι
827 5420 978 5483 mid„
1004 5434 1054 5469 c.
1081 5428 1191 5478 nv,
1217 5429 1271 5464 n.
1305 5417 1456 5464 ¹8.-
1481 5414 1503 5449 ⁸
1532 5413 1659 5463 Dist.
1687 5411 1911 5475 praeced.
1936 5439 1989 5448 -
2022 5412 2106 5462 Ps.
2131 5425 2252 5475 cix,
2286 5416 2397 5462 4.—
2414 5410 2439 5445 ⁸
2461 5410 2633 5471 Helm,
2662 5425 2737 5477 11,
2757 5416 2837 5463 28.
2854 5439 2917 5450 —
2934 5414 2957 5448 ⁰
2977 5412 3132 5476 Rom„
3162 5425 3215 5478 v,
3246 5419 3323 5467 1¹.
3342 5441 3407 5454 —
3434 5415 3479 5452 ¹⁰
3502 5414 3653 5480 loia„
3679 5426 3793 5477 vm,
3815 5417 3895 5466 3¹.

763 5515 827 5577 (a)
856 5512 941 5562 ΔΙ.
973 5508 1164 5559 emisit.
