4185 6288
760 463 884 530 ⁶3⁴

767 599 1063 682 teipsum.
1087 621 1117 659 ι)
1150 597 1278 663 Nos
1298 604 1515 665 autem
1538 600 1709 683 ipsos
1721 598 2029 663 debemus
2043 597 2309 678 diligere

766 706 844 769 ad
873 706 1113 771 summi
1130 706 1278 771 boni
1305 707 1848 789 participationem
1875 728 1890 768 ε
1913 705 1967 768 si
1991 722 2156 785 ergo
2173 703 2308 768 dae-

769 833 993 879 mones
1047 814 1124 878 ad
1185 814 1350 878 hanc
1406 833 1537 879 non
1604 817 1868 898 possunt
1933 812 2266 896 pervenire
2286 861 2306 892 ,

766 926 1025 991 videtur
1045 926 1216 1009 quod
1240 945 1370 990 non
1399 927 1527 990 sint
1550 925 1857 1008 diligendi
1885 945 1964 989 ex
1982 925 2305 988 charitate.

851 1030 1007 1095 Item
1039 1050 1229 1115 super
1257 1033 1413 1097 illud
1440 1034 1459 1069 ¹
1497 1055 1513 1098 ε
1549 1034 1703 1107 Quis
1741 1034 1860 1100 tibi
1881 1032 2143 1100 videtur
2164 1047 2309 1113 pro-

772 1140 997 1205 ximus
1044 1156 1207 1220 6393,-
1233 1139 1446 1204 Glossa
1477 1161 1493 1205 ε
1538 1165 1568 1202 α
1595 1141 1935 1206 Proximus
1964 1145 2055 1203 est
2092 1139 2168 1218 ia,
2200 1138 2309 1202 cui

771 1246 1198 1329 impenditur,
1261 1247 1364 1311 vel
1421 1248 1532 1329 qui
1587 1243 1893 1334 impendit
1943 1246 2308 1310 misericor-

774 1352 969 1416 diam.
1000 1376 1030 1412 ι
1065 1351 1184 1417 Sed
1228 1353 1550 1419 daemones
1580 1372 1710 1418 non
1746 1359 1894 1419 sunt
1920 1353 2074 1418 tales
2107 1374 2121 1414 ε
2152 1370 2312 1433 ergo

776 1476 909 1524 non
938 1464 1090 1524 sunt
1115 1460 1418 1542 diligendi
1446 1481 1527 1525 ex
1558 1462 1881 1525 charitate.

858 1568 1015 1633 Item
1041 1569 1467 1649 Augustinus,
1506 1570 1574 1633 in
1608 1571 1772 1634 libro
1804 1568 1942 1634 VIII
1975 1568 2051 1634 de
2087 1569 2313 1634 stisti-

777 1682 905 1743 tate
935 1677 996 1740 ¹:
1031 1700 1061 1737 α
1087 1677 1208 1756 Qui
1243 1677 1451 1759 diligit
1494 1678 1787 1742 homines
1815 1726 1832 1755 ,
1859 1676 1964 1740 vel
1989 1676 2141 1758 quia
2157 1674 2314 1757 justi

778 1789 950 1862 sunt,
979 1784 1076 1848 vel
1109 1786 1261 1866 quia
1297 1790 1370 1848 ut
1392 1785 1554 1866 justi
1590 1785 1745 1859 sint,
1783 1801 2003 1848 amare
2037 1782 2242 1846 debet.
2275 1803 2328 1849 n.

779 1890 904 1955 Sed
949 1892 1270 1956 daemones
1313 1910 1442 1955 non
1485 1897 1637 1955 sunt
1667 1891 1827 1972 justi
1852 1938 1870 1966 ,
1909 1908 2026 1954 nec
2053 1893 2320 1971 possunt

782 2017 917 2063 esse
984 1999 1143 2081 justi
1174 2017 1190 2062 ε
1227 2016 1384 2081 ergo
1449 2017 1582 2063 non
1647 2003 1799 2062 sunt
1868 2017 1950 2062 ex
2015 1997 2318 2060 charitate

777 2106 1057 2171 amandi.

860 2212 1016 2277 Item
1061 2213 1237 2277 curia
1264 2214 1531 2278 coelaetis
1563 2214 1888 2277 daemones
1925 2229 2053 2274 non
2079 2209 2314 2291 diligit,

779 2323 938 2404 quin
983 2323 1193 2404 potius
1235 2323 1371 2386 odit
1420 2326 1482 2386 et
1532 2321 1877 2385 detestatur
1910 2341 1925 2384 ι
1955 2336 2114 2399 ergo
2161 2318 2216 2381 si
2250 2317 2319 2381 in

780 2430 871 2492 eis
916 2435 1012 2493 est
1049 2429 1321 2492 charitas
1362 2427 1644 2492 maxime
1691 2427 1999 2510 perfecta,
2045 2430 2109 2489 et
2145 2428 2320 2489 tanto

781 2538 1114 2619 perfectior
1150 2542 1244 2601 est
1280 2538 1346 2600 in
1387 2536 1514 2613 via,
1547 2540 1785 2619 quanto
1813 2533 2198 2598 conformior
2224 2537 2322 2597 est

780 2644 903 2707 illis
941 2645 1053 2726 qni
1095 2649 1246 2708 sunt
1285 2645 1349 2707 in
1383 2643 1623 2726 patria,
1672 2641 1922 2705 videtur
1947 2641 2117 2722 qnod
2146 2639 2323 2704 nulla

783 2749 1054 2814 charitas
1081 2769 1149 2814 se
1174 2751 1253 2815 ad
1273 2750 1641 2814 daemonum
1667 2748 2066 2813 dilectionem
2094 2753 2319 2811 exten·

784 2857 934 2920 dere
961 2857 1203 2921 debeat.
1643 2855 1650 2865 '

865 2963 1021 3027 Item
1072 2963 1232 3027 nihil
1263 2968 1359 3027 est
1396 2963 1722 3027 charitatis
1754 2963 2015 3030 vinculo
2039 2961 2319 3043 amplec-

785 3070 1049 3134 tendum
1073 3118 1090 3148 ,
1120 3069 1290 3153 quod
1340 3074 1434 3133 est
1473 3071 1919 3153 perpetualiter
1956 3074 2322 3153 separatum

784 3178 867 3241 ab
903 3178 1006 3241 his
1028 3181 1141 3261 qui
1166 3178 1470 3243 charitate
1498 3179 1781 3260 ligantur
1812 3202 1827 3242 ε
1861 3179 1968 3242 sed
1992 3179 2319 3243 daemones

784 3304 824 3350 a
857 3285 1159 3349 membris
1196 3285 1424 3350 Christi
1468 3289 1619 3349 sunt
1660 3286 2190 3369 sempiternaliter
2231 3304 2327 3350 se-

787 3394 986 3476 parati
1019 3417 1034 3455 :
1065 3411 1222 3476 ergo
1265 3394 1445 3458 nullo
1487 3396 1682 3459 modo
1708 3400 1858 3458 sunt
1892 3412 1975 3458 ex
2018 3393 2324 3458 charitate

785 3500 1113 3582 diligendi.

1327 3653 1778 3722 CONCLUSIO.

789 3804 1134 3860 Βωιηοπωεω
1149 3803 1536 3861 manitatem
1551 3809 1677 3861 sunt
1690 3804 1955 3875 diliqendi
1973 3845 1992 3875 ,
2015 3804 2329 3876 cumeorum

1035 3894 1197 3966 culpa
1223 3893 1665 3966 inseparabiliter
1689 3894 1767 3950 eis
1795 3893 2088 3950 adhoereat.

872 4036 1054 4121 Resp.
1104 4038 1185 4103 ad
1228 4057 1370 4122 arg.
1403 4039 1747 4104 Dicendum
1771 4040 1944 4123 quod
1978 4041 2139 4105 sicut
2164 4040 2330 4105 irra-

793 4146 1052 4211 tionalia
1084 4166 1167 4210 ex
1211 4147 1510 4211 charitate
1537 4165 1666 4211 non
1689 4151 1842 4211 sunt
1864 4147 2190 4231 diligenda
2213 4149 2328 4212 eli·

792 4254 1001 4333 citive,
1031 4254 1186 4337 quia
1211 4272 1342 4318 non
1373 4257 1524 4318 sunt
1549 4254 1836 4319 ordinata
1861 4256 1940 4319 ad
1972 4256 2141 4320 illius
2160 4275 2331 4321 sum·

789 4361 880 4424 mi
922 4362 1074 4425 honi
1125 4362 1583 4426 assecutionem
1604 4409 1623 4440 ,
1682 4362 1852 4444 quod
1910 4364 2043 4427 suis
2090 4364 2336 4428 dilectis

787 4468 1060 4532 charitas
1088 4473 1291 4551 optat;
1314 4467 1403 4531 sic
1424 4468 1767 4547 daemoneS,
1788 4469 1939 4551 quia
1967 4474 2122 4533 sunt
2145 4470 2334 4533 obsti·

788 4579 920 4641 nati
948 4578 1017 4642 in
1048 4578 1319 4657 malitia,
1364 4581 1428 4641 et
1476 4577 1669 4641 etiam
1719 4582 1874 4642 sunt
1916 4578 2333 4661 impossibiles

791 4684 996 4748 eflecti
1042 4685 1121 4748 ad
1173 4684 1683 4768 perveniendum
1737 4684 1814 4747 ad
1871 4683 2332 4749 beatitudinem

791 4798 1122 4867 aeternam,
1164 4791 1472 4873 diligendi
1526 4808 1658 4854 non
1699 4793 1851 4854 sunt
1902 4808 1985 4854 ex
2033 4791 2337 4856 charitate

790 4900 1083 4965 elicifive.
1118 4898 1401 4965 Charitas
1418 4902 1631 4962 autem
1660 4896 1870 4961 nullos
1897 4897 2043 4962 facit
2067 4897 2336 4981 diligere

793 5008 1105 5088 elicitive,
1152 5008 1275 5073 nisi
1321 5026 1428 5072 eos
1462 5023 1621 5087 quos
1674 5009 1849 5086 optat
1897 5006 1977 5069 ad
2013 5024 2337 5070 summam

793 5114 1250 5179 beatitudinem
1275 5112 1607 5197 pervenire
1640 5128 1657 5173 τ
1685 5112 1894 5177 nullos
1920 5117 2139 5177 autem
2165 5118 2339 5196 optat

794 5223 1132 5304 pervenire
1171 5221 1250 5285 ad
1293 5222 1469 5285 illam
1506 5222 1958 5303 sempiternam
1994 5222 2338 5285 beatitudi-

861 5387 1028 5445 mue..
1051 5396 1106 5446 x,
1124 5385 1200 5433 36.
1223 5384 1325 5421 -2
1351 5385 1580 5451 August,
1607 5384 1670 5434 de
1692 5386 1891 5451 I'n'nit„
1919 5386 2005 5436 tib.
2031 5386 2167 5449 vm,
2191 5400 2237 5435 e.
2264 5397 2337 5449 vt,

795 5470 846 5508 n.
876 5463 921 5511 9.

1869 460 2488 529 SENTENTIARUM
2531 460 2681 526 mn.
2728 461 2832 526 lII.

2418 614 2594 672 nem,
2626 613 2775 661 cum
2818 601 3155 662 moveatur
3172 597 3439 663 discrete
3465 603 3534 663 et
3568 599 3953 664 rationabili-

2418 708 2537 782 ter,
2568 703 2693 767 nisi
2732 721 2843 767 eos
2879 705 2994 785 qui
3021 707 3172 768 sunt
3204 705 3448 770 habiles
3472 706 3555 770 ad
3583 709 3953 789 pervenien-

2419 810 2576 875 dum
2598 859 2617 890 ,
2652 815 2715 875 et
2755 811 3111 876 secundum
3135 813 3426 878 ordinem
3454 819 3712 878 naturae
3738 863 3754 894 ,
3781 820 3844 878 et
3867 834 3954 879 se-

2420 917 2706 982 cundum
2752 919 3038 983 ordinem
3064 919 3306 984 divinae
3332 922 3621 1002 justitiae.
3652 920 3954 999 Quoniam

2420 1044 2578 1107 ergo
2610 1026 2936 1090 daemones
2954 1074 2973 1105 ,
3007 1027 3121 1091 etsi
3161 1028 3291 1092 sint
3316 1029 3450 1111 apti
3476 1031 3611 1093 nati
3638 1049 3758 1114 per
3784 1037 3960 1096 natu·

2421 1151 2559 1196 ram
2587 1133 2894 1210 felicitari,
2924 1137 2988 1198 et
3017 1134 3087 1196 in
3118 1133 3241 1198 Deo
3267 1135 3649 1215 beatificari3
3680 1139 3840 1220 quia
3874 1144 3959 1203 ta-

2422 1258 2571 1304 men
2615 1240 2836 1303 divina
2892 1241 3141 1322 justitia
3199 1248 3557 1324 repugnat,
3614 1263 3734 1327 per
3779 1265 3958 1330 quam

2418 1350 2572 1411 sunt
2597 1347 2880 1411 damnati
2905 1347 2985 1411 ad
3012 1354 3385 1430 perpetuam
3415 1351 3769 1432 miseriam,
3824 1354 3960 1417 hinc

2420 1460 2518 1520 est
2548 1458 2719 1539 quod
2749 1458 3022 1522 charitas
3060 1477 3394 1524 summum
3437 1463 3690 1527 bonum
3732 1465 3955 1529 eisdem

2421 1581 2553 1626 non
2579 1568 2774 1644 optat.
2816 1563 2962 1628 Ideo
2988 1566 3461 1632 concedendum
3491 1574 3611 1648 est,
3645 1573 3820 1653 qnod
3842 1573 3959 1635 dae-

2426 1692 2643 1738 mones
2670 1694 2800 1739 non
2829 1679 2981 1739 sunt
3005 1695 3088 1740 ex
3124 1676 3431 1744 charitate
3473 1680 3810 1762 diligendi.
3856 1683 3955 1747 Fa>-

2423 1780 2568 1845 dem
2596 1782 2787 1845 etiam
2816 1783 3006 1846 modo
3041 1783 3381 1849 dicendum
3414 1791 3511 1850 est
3530 1787 3611 1852 de
3632 1789 3955 1869 damnatis,

2423 1889 2777 1953 secundum
2824 1890 2997 1971 quod
3038 1909 3123 1954 ex
3171 1892 3475 1958 charitate
3501 1896 3780 1979 diligere
3817 1900 3961 1962 acci-

2425 1995 2596 2078 pitur
2632 1997 2905 2077 proprie.
2952 1996 3023 2061 Si
3068 2015 3220 2062 vero
3255 2017 3337 2063 ex
3373 2002 3683 2068 charitate
3712 2004 3961 2087 diligere

2424 2102 2767 2184 accipiatur
2812 2104 2993 2185 large
3014 2151 3033 2182 ,
3076 2109 3265 2185 prout
3313 2111 3491 2172 actus
3531 2109 3848 2192 diligendi
3878 2116 3960 2175 est

2427 2232 2511 2278 ex
2539 2212 2845 2278 charitate
2873 2215 3225 2297 imperante
3241 2265 3262 2295 ,
3293 2218 3387 2281 sic
3429 2218 3765 2286 daemonae
3816 2241 3957 2306 qno-

2428 2320 2578 2383 dam
2610 2321 2797 2383 modo
2838 2327 2992 2387 sunt
3024 2323 3359 2406 diligendi,
3385 2332 3451 2390 et
3476 2329 3767 2411 quodam
3799 2331 3961 2394 modo

2431 2428 2705 2493 odiendi.
2737 2427 2998 2495 Ratione
3026 2432 3233 2515 culpae
3274 2439 3426 2499 sunt
3448 2436 3735 2518 odiendi,
3771 2441 3964 2522 inqua

2428 2540 2581 2600 sunt
2625 2536 2752 2601 Deo
2777 2536 3154 2618 dissimiles;
3184 2541 3491 2622 diligendi
3522 2546 3773 2610 ratione
3800 2551 3964 2610 natu-

2433 2661 2547 2708 rae.
2579 2642 2802 2726 Imago
2827 2645 2999 2708 enim
3026 2646 3264 2710 summi
3292 2648 3466 2729 regis
3489 2654 3849 2716 secundum
3874 2671 3966 2715 na·

2431 2754 2646 2814 turam
2685 2749 3108 2830 considerata,
3138 2758 3457 2835 qnantum
3485 2756 3565 2819 de
3592 2776 3685 2833 se,
3721 2758 3966 2840 pulchra

2430 2862 2525 2921 est
2550 2861 2612 2920 et
2636 2857 2940 2935 formosa,
2972 2862 3036 2921 et
3063 2859 3339 2923 naturali
3351 2859 3589 2925 affectu
3616 2866 3903 2928 amabilis
3933 2885 3967 2928 a

2431 2963 2745 3028 consimili
2790 2968 3042 3027 natura.
3074 2962 3527 3031 Verumtamen
3559 2970 3723 3050 quia
3747 2971 3967 3034 hahens

2432 3070 2803 3134 charitatem
2850 3070 3130 3134 multum
3179 3071 3526 3137 deteantur
3572 3093 3805 3140 eorum
3849 3077 3969 3140 cul·

2433 3196 2620 3260 pam,
2670 3182 2734 3242 et
2770 3177 2958 3258 culpa
3001 3196 3228 3242 eorum
3265 3181 3541 3245 totaliter
3566 3187 3633 3246 et
3659 3184 3971 3267 insepara-

2435 3288 2641 3351 biliter
2691 3286 2970 3369 possidet
3027 3306 3253 3352 eorum
3305 3294 3642 3370 naturam,
3698 3293 3851 3357 hinc
3890 3301 3973 3358 δὲ

2434 3396 2605 3477 quod
2633 3394 2908 3458 charitas
2938 3395 3248 3459 naturalis
3285 3397 3496 3478 magis
3536 3407 3761 3464 movet
3793 3402 3975 3466 affec-

2436 3507 2575 3565 tum
2612 3501 2974 3566 naturalem
3004 3501 3082 3564 ad
3108 3502 3506 3585 diligendum
3546 3512 3874 3572 creaturas
3896 3510 3975 3573 ir·

2437 3610 2776 3674 rationales
2792 3657 2809 3688 ,
2838 3627 3035 3690 quam
3081 3610 3162 3674 ad
3207 3611 3610 3693 diligendum
3641 3616 3974 3680 daemonae.

2439 3715 2865 3781 Concedendae
2899 3720 3053 3780 sunt
3078 3734 3234 3798 ergo
3256 3718 3535 3783 rationes
3563 3722 3978 3800 ostendentes,

2436 3825 2608 3908 quod
2637 3825 2963 3889 daemones
3001 3843 3133 3889 non
3175 3829 3326 3890 sunt
3359 3845 3442 3891 ex
3482 3827 3793 3896 charitate
3846 3830 3983 3895 dili·

2444 3933 2663 4015 gendi.

2525 4047 2584 4104 1.
2617 4041 2711 4104 Ad
2756 4039 2914 4104 illud
2948 4040 3120 4122 quod
3150 4039 3449 4122 objicitur
3476 4041 3546 4104 in
3572 4046 3984 4117 eontrarium,

2445 4148 2612 4232 quod
2658 4148 2996 4231 proximus
3032 4151 3126 4211 est
3166 4149 3280 4231 qui
3322 4152 3759 4214 communicat
3784 4153 3856 4216 in
3885 4170 3986 4216 ra-

2445 4257 2651 4334 tione;
2687 4254 3028 4319 dicendum
3068 4254 3241 4336 quod
3283 4258 3764 4324 communicare
3788 4260 3865 4324 in
3893 4279 3986 4324 ra-

2443 4364 2613 4426 tione
2665 4367 2761 4425 est
2800 4361 3135 4444 dupliciter
3180 4384 3197 4425 ε
3248 4361 3354 4425 vel
3388 4365 3749 4429 secundum
3794 4368 3989 4451 ipsius

2445 4475 2740 4534 naturam
2784 4488 3015 4551 puram
3060 4468 3339 4547 rationiS,
3373 4469 3479 4534 vel
3507 4473 3871 4537 secundum
3892 4491 3991 4537 or·

2444 4578 2682 4655 dinem,
2732 4577 2834 4642 vel
2891 4577 3283 4641 habilitatem
3326 4576 3533 4658 ipsius
3576 4580 3656 4643 ad
3687 4582 3981 4660 gratiam.

2448 4685 2595 4749 Dico
2640 4702 2833 4766 ergo,
2865 4685 3038 4767 quod
3082 4684 3460 4767 proximitas
3501 4686 3865 4751 secundum
3891 4706 3989 4751 ra·-

2445 4793 2638 4857 tionis
2683 4798 2979 4856 naturam
3027 4810 3160 4855 non
3199 4796 3296 4856 est
3338 4810 3414 4855 su
3422 4792 3665 4856 {ficiens
3715 4794 3798 4859 ad
3852 4795 3985 4867 hoc,

2448 4900 2625 4983 quod
2647 4899 2877 4981 aliquis
2901 4899 3150 4962 dicatur
3175 4916 3311 4963 esse
3337 4899 3680 4981 proximus
3702 4906 3988 4983 respectu

2448 5015 2627 5073 aetus
2643 5007 2950 5089 diligendi
2974 5030 2990 5069 ε
3019 5007 3265 5071 dilectio
3285 5008 3460 5071 enim
3478 5009 3776 5089 gratuita
3801 5010 3991 5092 respi-

2447 5118 2532 5181 cit
2559 5115 3017 5180 ordinationem
3034 5114 3114 5178 ad
3133 5115 3432 5194 gratiam.
3453 5114 3532 5178 Et
3544 5118 3865 5197 quoniam
3880 5117 3991 5181 ἀε-

2451 5241 2669 5287 mones
2695 5222 2814 5285 hac
2840 5221 3243 5303 proximitate
3295 5226 3552 5299 carent,
3589 5221 3750 5303 quia
3778 5222 3989 5287 redditi

2447 5329 2705 5394 suntad
2735 5327 3010 5409 gratiam
3049 5327 3475 5408 impossibiles
3495 5375 3516 5402 ,
3543 5326 3691 5392 ideo
3729 5330 3857 5393 snb
3896 5346 3987 5393 ra·

2447 5441 2620 5503 tione
2644 5438 3088 5521 proximorum
3114 5452 3245 5497 non
3278 5435 3717 5500 continentur.
3751 5436 3832 5501 Et
3858 5437 3986 5500 ideo
