4185 6288
777 802 914 848 esse
940 782 1280 859 obnoxius,
1309 784 1617 864 tanquam
1645 800 1759 866 per
1798 782 1957 848 illud
1983 786 2313 864 surgeret:

774 891 885 955 sed
938 889 1222 956 surrexit
1262 906 1378 972 per
1421 887 1742 954 Christum
1774 911 1791 953 ε
1847 907 2006 971 ergo
2060 889 2317 954 videtur

772 998 946 1082 quod
974 996 1260 1065 Christus
1282 997 1636 1061 secundum
1658 1015 1915 1062 carnem
1942 998 2163 1063 debuit
2179 1016 2316 1063 esse

771 1104 849 1169 de
871 1122 1107 1187 genere
1129 1103 1339 1168 carnis
1367 1103 1625 1169 vitiatae.

852 1211 1010 1277 Item
1075 1214 1252 1276 tanto
1304 1211 1763 1293 congruentior
1816 1216 1912 1278 est
1973 1212 2311 1290 mediator,

769 1325 1011 1404 quanto
1033 1319 1385 1406 proximior
1406 1319 1740 1403 utriusque
1767 1321 1993 1404 generi
2025 1345 2039 1386 ε
2076 1322 2130 1385 si
2156 1340 2315 1404 ergo

769 1426 1386 1512 congruentissimus
1412 1428 1720 1494 mediator
1745 1428 1865 1493 ruit
1888 1428 2176 1494 Christus
2203 1429 2312 1493 in-

769 1536 866 1598 ter
903 1532 1197 1600 homines
1248 1539 1606 1619 peccatores
1661 1539 1727 1601 et
1752 1536 1984 1617 Deum,
2014 1554 2174 1619 ergo
2200 1537 2313 1601 de-

766 1639 910 1704 buit
974 1659 1110 1707 esse
1176 1643 1255 1708 de
1317 1661 1556 1726 genere
1632 1645 1975 1711 hominum
2022 1651 2310 1729 peccato-

765 1766 939 1815 rum.

1307 1974 1759 2043 CONCLUSIO.

768 2136 1072 2209 Cononem
1087 2138 1421 2208 nimium
1438 2139 1814 2196 naam-unere
1830 2140 2311 2198 mundanum

830 2227 1189 2298 perditionis,
1220 2231 1275 2286 et
1297 2228 1427 2284 adeo
1450 2243 1739 2298 cananeum
1754 2269 1770 2297 ‚
1788 2229 1931 2300 quod
1955 2231 2140 2287 nullus
2163 2232 2309 2287 alius

835 2316 1485 2387 moduswitadnostram
1496 2320 2303 2391 reparationemoonorumtior.

844 2501 1028 2586 Resp.
1063 2503 1145 2568 ad
1168 2522 1309 2587 arg.
1342 2503 1690 2570 Dicendum
1718 2505 1888 2589 quod
1918 2507 2159 2591 absque
2185 2509 2305 2574 du-

762 2609 870 2675 bio
919 2610 1031 2675 Dei
1074 2610 1275 2675 Filius
1326 2611 1635 2694 potuisset
1676 2630 1934 2676 carnem
1981 2633 2309 2682 assumere

762 2718 1053 2799 aliunde,
1110 2737 1308 2803 quam
1359 2720 1437 2785 de
1498 2739 1708 2785 massa
1774 2726 2073 2805 corrupta
2099 2772 2118 2803 ,
2169 2725 2307 2790 sive

761 2821 1018 2886 aliunde
1044 2840 1242 2905 quam
1291 2841 1374 2888 ex
1422 2823 1544 2903 hie,
1586 2824 1699 2907 qui
1751 2832 2197 2907 processerunt
2229 2828 2307 2892 de

762 2945 1000 3010 genere
1075 2928 1302 2993 Adam.
1373 2928 1577 3011 Magis
1630 2933 1846 2996 tamen
1911 2933 2310 3014 congruebat

762 3033 934 3116 quod
960 3033 1037 3098 de
1063 3053 1300 3116 genere
1343 3036 1502 3100 Adae
1531 3054 1788 3102 carnem
1825 3044 2199 3105 assumeret.
2234 3040 2309 3105 Et

761 3139 908 3206 licet
936 3140 1155 3208 multae
1200 3142 1328 3207 sint
1358 3146 1820 3226 congruentiae,
1863 3165 2009 3229 quae
2060 3167 2177 3214 nos
2214 3150 2308 3214 la·

762 3251 898 3312 tent
916 3250 1107 3331 juxta
1133 3250 1704 3318 multiformitatem
1723 3255 2048 3338 sapientiae
2066 3256 2198 3338 Dei,
2219 3263 2310 3324 ta-

762 3373 937 3435 men,
966 3357 1318 3422 secundum
1371 3360 1569 3424 verba
1610 3364 1674 3424 et
1717 3361 1881 3426 dicta
1916 3367 2305 3448 sanctorum,

762 3467 1039 3546 quatuor
1063 3470 1331 3548 possunt
1371 3466 1648 3532 rationes
1679 3472 2117 3552 congruentiae
2146 3475 2308 3537 assi-

543 3602 608 3669 ·1.
632 3596 738 3667 ‹3032-
766 3571 978 3653 gnari.
1013 3569 1229 3636 Prima
1254 3576 1350 3638 est
1374 3578 1631 3657 propter
1656 3579 2155 3643 conservandam
2172 3599 2308 3645 rec-

522 3663 727 3716 ²¹¹¹⁸‘¹²¹'⁰
765 3678 1102 3748 titudinem
1124 3679 1413 3760 justitiae,
1455 3684 1528 3744 ut
1558 3681 1850 3747 videlicet
1874 3686 2164 3765 ejusdem
2188 3705 2311 3770 ge-

765 3785 937 3850 neris
961 3788 1124 3850 esset
1150 3786 1520 3868 satisfactor,
1556 3793 1620 3853 et
1645 3791 2098 3873 praevaricator
2124 3813 2312 3861 :nam

763 3892 816 3955 si
847 3890 1106 3956 alterius
1157 3894 1414 3974 generis
1456 3898 1640 3974 esset,
1680 3915 1810 3962 non
1854 3900 2314 3968 attribueretur

763 3998 973 4063 eidem
1022 3999 1244 4081 generi
1270 4000 1629 4080 satisfactio,
1661 4004 1766 4068 cui
1811 4008 1875 4069 et
1903 4006 2168 4073 offensio
2181 4031 2198 4087 ;
2239 4029 2315 4074 ac

765 4124 879 4189 per
923 4107 1044 4172 hoc
1071 4125 1204 4173 non
1250 4113 1418 4174 recte
1450 4116 1811 4179 servaretur
1829 4115 2097 4197 justitiae
2126 4112 2316 4181 recti-

766 4213 945 4291 tudo,
989 4232 1138 4297 quae
1186 4215 1267 4280 ab
1309 4215 1420 4281 illo
1481 4236 1718 4301 genere
1771 4222 2038 4304 requirit
2089 4241 2311 4289 emen-

768 4324 940 4402 dam,
970 4323 1039 4387 in
1065 4343 1196 4408 quo
1221 4325 1457 4409 reperit
1494 4327 1955 4410 praecedentem
1978 4318 2309 4400 offensam,

572 4458 615 4500 ι.
638 4458 742 4502 cm..
771 4429 1062 4496 Secunda
1087 4435 1182 4496 est
1222 4438 1481 4515 propter
1519 4433 2047 4502 manifestandam
2098 4439 2316 4505 dulce-

530 4522 743 4577 “⁰⁶”‘⁵⁸·
770 4538 986 4603 dinem
1020 4538 1491 4621 misericordiae,
1523 4546 1596 4606 ut
1615 4542 1907 4609 videlicet
1931 4546 2066 4631 ipse
2103 4546 2315 4612 Domi-

770 4664 916 4727 nus,
947 4646 1060 4729 qui
1087 4646 1168 4711 ab
1193 4646 1456 4713 homine
1493 4653 1895 4733 contemptus
1936 4654 2145 4719 fuerat
2174 4658 2317 4720 tan-

771 4771 969 4837 quam
1009 4753 1090 4818 ab
1129 4754 1492 4820 adversario
1532 4759 1597 4820 et
1634 4756 1893 4823 inimico
1907 4808 1924 4836 ,
1957 4760 2092 4843 ipse
2142 4761 2317 4827 idem

773 4862 1001 4945 generi
1024 4862 1315 4927 humano
1343 4863 1637 4927 uniretur
1657 4863 1726 4927 in
1752 4865 1996 4931 Christo
2022 4868 2094 4931 in
2110 4867 2318 4933 unita·

773 4974 904 5037 tem
940 4986 1267 5054 personae:
1303 4967 1371 5031 in
1398 4986 1528 5052 quo
1555 4970 1991 5037 manifestatur
2016 4973 2182 5038 mira
2207 4975 2318 5041 Dei

774 5074 1239 5156 condescensio,
1270 5074 1338 5138 in
1360 5074 1486 5139 hoc
1501 5076 1674 5159 quod
1696 5076 1829 5161 ipse
1842 5097 2051 5160 genus
2075 5081 2316 5146 huma-

773 5200 933 5247 num
961 5181 1087 5247 sibi
1114 5181 1451 5246 inimicum
1478 5185 1619 5266 conj
1627 5202 1871 5268 ungere
1896 5186 2105 5252 voluit
2127 5189 2197 5254 in
2223 5204 2320 5255 m-

772 5288 1136 5355 dissolubile
1162 5288 1519 5369 vinculum,
1555 5291 1746 5372 juxta
1770 5292 1928 5359 illud
1957 5296 2133 5378 quod
2154 5297 2319 5363 dici-

770 5399 880 5460 tur
905 5397 924 5433 ¹
966 5412 983 5459 ε
1020 5394 1423 5462 commendat
1448 5400 1657 5462 autem
1707 5398 2080 5469 onomatem
2104 5420 2317 5487 suam,

836 5521 854 5556 ¹
886 5521 1044 5582 Rom„
1073 5530 1120 5583 v,
1143 5521 1256 5570 8.—
1274 5521 1325 5570 Ἰ
1345 5519 1482 5577 Cor„
1507 5530 1596 5585 xv,
1618 5522 1700 5576 47.

1898 536 2526 606 SENTENTIARUM
2567 537 2715 605 Lm.
2762 540 2866 606 111.

777 676 966 743 detur
990 675 1162 759 quod
1182 674 1346 739 nulli
1372 674 1479 737 alii
1523 674 1746 757 generi
1763 678 2073 741 creaturae
2100 674 2322 740 debuit
2429 678 2547 740 ete.
2578 673 2791 741 Tertia
2832 681 3049 743 autem
3081 677 3245 743 ratio
3283 681 3376 743 est
3420 678 3503 743 ad
3527 679 3966 744 declarandam
4033 715 4067 755 ‚-
4087 687 4174 756 cai-

2427 782 2892 849 ordinationem
2942 785 3181 850 divinae
3234 786 3585 869 sapientiae,
3633 803 3779 869 quae
3823 776 4172 869 qui-,zr=enti⁸-

2426 889 2570 953 dem
2604 891 2918 958 ordinatio
2967 892 3145 956 nullo
3191 896 3394 977 potest
3441 892 3708 975 infringi
3760 893 3918 958 vitio
3948 911 3965 955 ε

2426 996 2795 1064 decreverat
2814 1001 2987 1064 enim
3015 1000 3180 1066 Deus
3216 1004 3280 1064 et
3302 1000 3729 1080 ordinaverat,
3752 1003 3829 1064 ut
3856 1017 3969 1081 ge-

2425 1122 2550 1168 nus
2575 1103 2936 1172 humanum
2961 1111 3171 1172 totum
3190 1107 3723 1191 multiplicaretur
3747 1112 3812 1171 et
3844 1107 3969 1170 dis-

2424 1209 2850 1275 seminaretur
2873 1230 2957 1276 ex
2977 1230 3135 1289 une,
3163 1216 3420 1296 propter
3460 1211 3968 1294 repraeenmtio-

2424 1334 2575 1382 nem
2616 1317 2792 1382 illius
2845 1318 3225 1384 universalis
3256 1318 3573 1402 principii,
3602 1318 3779 1401 quod
3808 1319 3970 1383 Deus

2422 1428 2552 1505 est3
2599 1443 2717 1490 nec
2743 1425 2865 1490 hoc
2890 1444 3005 1509 per
3040 1429 3369 1509 peccatum
3395 1425 3663 1508 infringi
3692 1426 3910 1491 debuit
3948 1448 3964 1489 ε

2422 1536 2483 1597 et
2513 1533 2655 1598 ideo
2683 1532 2989 1610 Christus,
3019 1532 3329 1597 mediator
3374 1532 3485 1597 Dei
3511 1536 3574 1596 et
3597 1532 3962 1612 hominum,

2420 1640 2617 1704 homo
2643 1658 2860 1720 verus,
2890 1657 3024 1704 non
3077 1638 3358 1719 aliunde,
3388 1633 3602 1704 sed'de
3632 1658 3845 1705 massa
3869 1644 3964 1705 to-

2420 1746 2548 1811 tius
2572 1744 2828 1829 generis
2865 1746 3137 1810 humani
3163 1746 3381 1811 debuit
3405 1746 3695 1812 formari.
3730 1747 3961 1825 Quarta
3990 1761 4161 1879 ᾦξε

2420 1871 2576 1918 vero
2606 1853 2770 1918 ratio
2795 1856 2891 1918 est
2939 1853 3018 1917 ad
3053 1853 3554 1919 conservandam
3584 1853 3960 1936 dignitatem

2419 1965 2483 2024 et
2502 1960 2901 2025 altitudinem
2926 1959 3232 2025 humanae
3272 1962 3547 2041 naturae,
3574 1980 3776 2044 quam
3802 1960 3961 2027 Deus

2420 2071 2488 2135 in
2510 2074 2685 2134 tanta
2710 2070 3021 2152 dignitate
3066 2070 3512 2150 constituerat,
3544 2075 3619 2135 ut
3646 2072 3813 2136 nulli
3857 2072 3960 2137 alii

2420 2178 2643 2260 generi
2671 2180 3002 2254 creaturae,
3035 2176 3143 2240 sed
3171 2176 3287 2241 soli
3324 2176 3446 2241 Deo
3471 2182 3631 2241 esset
3658 2178 3956 2243 obnoxia.

2419 2285 2498 2350 Si·
2516 2303 2674 2368 ergo
2717 2304 2846 2349 non
2883 2284 3205 2349 modicum
3227 2288 3320 2348 est
3342 2275 3622 2349 obnoxia
3649 2285 3957 2369 Redemp-

2417 2393 2562 2472 tori,
2590 2394 2815 2457 decens
2841 2395 2934 2457 est
2961 2395 3036 2456 ut
3080 2391 3463 2474 Redemptor
3488 2396 3602 2457 aut
3627 2393 3840 2458 solum
3867 2412 3964 2458 es-

2418 2505 2512 2564 set
2545 2500 2729 2581 Deus,
2766 2504 2881 2565 aut
2915 2501 2966 2564 si
2990 2500 3336 2565 haberetin
3365 2518 3431 2564 se
3459 2519 3671 2582 genus
3691 2507 3958 2580 naturae,

2417 2607 2541 2672 hoc
2557 2612 2719 2672 esset
2744 2607 2822 2672 de
2850 2626 3087 2690 genere
3103 2607 3275 2671 illius
3301 2626 3550 2689 massae,
3568 2626 3721 2692 quae
3754 2615 3962 2674 ortum

2414 2715 2667 2780 habeta
2690 2716 2927 2779 lumbis
2962 2716 3141 2780 Adae.
3174 2712 3437 2799 Propter
3452 2716 3570 2780 has
3588 2735 3751 2798 ergo
3779 2718 3967 2782 ratio-

2416 2843 2530 2889 nes
2557 2822 3021 2904 congruentiae,
3054 2840 3202 2906 quae
3258 2827 3570 2905 apparent
3612 2825 3960 2902 manifeste,

2417 2935 2480 2996 et
2520 2950 2560 2995 a
2604 2930 2817 2994 verbis
2869 2933 3237 2994 sanctorum
3283 2930 3524 2995 habent
3571 2931 3960 3010 firmitatem,

2418 3037 2896 3102 concedendum
2921 3041 3016 3101 est
3044 3037 3216 3119 quod
3272 3055 3405 3101 non
3431 3038 3644 3102 solum
3673 3038 3799 3103 fuit
3824 3057 3965 3104 con-

2419 3165 2686 3230 gruum,
2706 3146 2878 3229 quod
2912 3144 3200 3210 Christus
3225 3149 3580 3211 assumeret
3604 3165 3864 3213 carnem
3891 3148 3964 3212 de

2419 3257 2637 3318 nostro
2665 3271 2903 3336 genere
2932 3252 3012 3317 ad
3040 3252 3508 3337 reparationem
3525 3253 3831 3319 humanae
3848 3273 3967 3319 na-

2418 3366 2618 3441 turae3
2681 3379 2913 3425 verum
2955 3362 3148 3426 etiam
3204 3360 3328 3425 hoc
3380 3363 3592 3444 magis
3639 3363 3767 3427 fuit
3819 3381 3965 3427 con-

2419 3483 2687 3548 gruum,
2719 3482 2916 3547 quam
2942 3464 3114 3547 quod
3155 3463 3278 3528 alio
3307 3464 3497 3529 modo
3541 3465 3799 3545 faceret,
3827 3464 3969 3529 licet

2419 3573 2546 3638 alio
2591 3572 2781 3637 modo
2834 3573 3038 3636 facere
3085 3571 3412 3654 potuisset.
3470 3571 3649 3638 Unde
3695 3573 3966 3638 rationes

2420 3680 2543 3745 hoc
2558 3680 2896 3765 probantes
2922 3683 3071 3743 sunt
3095 3678 3541 3744 concedendae.

2502 3792 2561 3852 1.
2597 3787 2692 3851 Ad
2741 3786 2898 3851 illud
2948 3803 3107 3868 ergo
3154 3785 3326 3869 quod
3377 3787 3586 3869 primo
3618 3786 3916 3870 objicitur
3937 3833 3956 3865 ,

2420 3895 2592 3979 quod
2649 3894 2910 3959 alterius
2961 3897 3208 3958 naturae
3262 3893 3448 3958 debet
3496 3912 3632 3958 esse
3678 3894 3957 3970 morbus,

2421 4021 2617 4086 quam
2649 4001 3000 4081 medicina·,
3028 4001 3369 4066 dicendum
3423 4002 3597 4084 quod
3621 4005 3964 4085 verumvest

2423 4126 2540 4191 pro
2576 4128 2653 4173 eo
2678 4114 2986 4192 tempore,
3015 4108 3088 4171 in
3111 4126 3241 4192 quo
3266 4125 3370 4172 res
3402 4111 3606 4190 potest
3631 4108 3755 4172 dici
3773 4106 3965 4172 medi·
4006 4156 4026 4195 Δ.

2422 4216 2565 4279 cina
2611 4215 2871 4280 alterius
2896 4214 3175 4299 generiS,
3214 4232 3349 4278 non
3385 4218 3706 4298 quantum
3745 4215 3825 4278 ad
3849 4230 3964 4277 na·
4008 4202 4011 4205 ’

2422 4329 2660 4402 turam,
2690 4323 2799 4389 sed
2839 4328 3155 4406 quantum
3183 4323 3264 4387 ad
3293 4322 3432 4388 vim
3473 4324 3828 4388 curativam
3861 4322 3965 4386 :et

2423 4435 2515 4499 sic
2540 4434 2664 4499 fuit
2717 4433 2785 4496 in
2811 4431 3080 4512 Christo,
3109 4433 3261 4515 quia
3291 4432 3427 4515 ipse
3448 4449 3582 4496 non
3612 4434 3748 4496 erat
3771 4431 3964 4496 infec-

2424 4547 2528 4606 tus
2551 4540 2956 4623 corruptione
2985 4540 3536 4623 concupiscentias,
3561 4540 3670 4605 sed
3696 4540 3963 4605 habebat

2424 4650 2494 4713 in
2520 4668 2588 4714 se
2612 4647 3069 4734 plenitudinem
3089 4648 3336 4729 gratiae.
3358 4645 3536 4713 Unde
3550 4653 3612 4714 et
3627 4648 3963 4731 Apostolus

2423 4757 2595 4837 dicit,
2628 4755 2837 4840 quod’
2861 4757 3114 4838 primus
3148 4754 3330 4822 homo
3369 4758 3502 4835 ruit
3529 4757 3609 4823 de
3639 4764 3813 4824 terra
3836 4763 3962 4824 cer·-

2424 4880 2641 4941 renus,
2668 4862 2985 4930 secundus
3014 4861 3093 4928 de
3127 4855 3276 4930 coelo
3303 4860 3589 4944 coelestiS,
3623 4883 3758 4929 non
3784 4881 3961 4949 prop-

2427 4975 2523 5038 ter
2559 4972 2987 5037 diversitatem
3018 4973 3270 5036 naturai
3286 5020 3304 5051 ,
3335 4970 3439 5035 vel
3494 4972 3802 5053 materiae,
3857 4970 3959 5035 sed

2426 5084 2683 5164 propter
2705 5076 3129 5143 differentiam
3152 5080 3467 5160 quantum
3495 5077 3578 5143 ad
3596 5078 3957 5161 qualitatem

2424 5187 2678 5255 virtutis
2701 5190 2765 5252 et
2780 5184 2944 5264 vitii,
2968 5185 3198 5269 gratiae
3224 5191 3288 5253 et
3306 5187 3533 5271 culpae.
3560 5187 3742 5266 Quod
3767 5188 3822 5253 si
3844 5204 3960 5254 ve-

2424 5294 2505 5360 lis
2531 5295 2768 5360 instare
2784 5293 2959 5377 quod
2989 5293 3252 5359 morbus
3280 5297 3344 5360 et
3361 5294 3675 5360 medicina
3698 5297 3849 5359 sunt
3860 5291 3957 5358 di·-

2424 5420 2760 5471 versarum
2783 5407 3166 5467 naturarum
3189 5400 3577 5486 simpliciter,
3621 5399 3953 5468 dicendum

2427 5510 2598 5596 quod
2621 5510 2746 5576 hoc
2786 5508 2981 5575 habet
3008 5508 3221 5575 locum
3269 5509 3343 5575 in
3392 5508 3729 5587 medicina,
3772 5508 3951 5590 cujus
