4185 6288
752 503 836 566 'u
1861 500 2494 569 SENTENTIARUM
2534 499 2686 567 LlB.
2731 501 2840 567 111.

754 636 1012 702 concedi
1040 636 1110 701 in
1133 638 1265 718 via,
1294 638 1468 722 quod
1494 637 1636 704 aliis
1665 638 2098 706 communiter
2115 637 2308 704 datur
2413 639 2478 702 et
2497 635 2744 702 ratione
2757 635 3205 720 passibilitatis,
3226 654 3376 722 quae
3391 640 3487 702 est
3505 637 3707 721 culpae
3724 655 3956 722 poena:

751 743 823 808 in
841 742 1072 827 patria,
1099 746 1164 810 et
1196 745 1290 809 illi
1324 763 1615 829 personae
1653 747 2002 830 praecipue,
2037 763 2190 830 quae
2235 745 2308 811 in
2413 747 2477 809 et
2502 747 2780 828 utroque
2802 745 2994 811 modo
3018 746 3141 811 fuit
3165 749 3423 829 peccato
3450 746 3726 812 obnoxia
3759 745 3962 813 Maria

751 858 939 922 terris
974 856 1216 939 degens
1250 858 1479 941 regina
1506 862 1645 924 erat
1673 876 1905 926 eorum
1922 908 1940 940 ,
1969 859 2085 945 qui
2111 858 2305 927 exul-

750 967 889 1030 tant
911 964 984 1030 in
1003 963 1198 1031 coelis.

1345 1210 1561 1296 PARS
1632 1216 1701 1292 II

838 1399 1046 1447 unm!
1083 1398 1243 1448 mo
1281 1400 1516 1448 CHRISTI
1557 1402 1624 1449 IN
1663 1402 1954 1452 numm
1992 1403 2211 1451 FUERIT

1357 1504 1685 1553 naemu.

1130 1732 1545 1803 EXPOSITIO
1587 1736 1917 1804 TEXTUS.

900 1885 1030 1937 Cum
1056 1888 1227 1937 autem
1254 1886 1341 1938 iua
1368 1901 1517 1953 caro,
1539 1889 1682 1955 cujus
1708 1890 2034 1956 excellentia,
2054 1892 2154 1943 etc.

821 2033 1035 2119 Supra
1091 2036 1365 2103 ostendit
1418 2037 1720 2122 Magister
1780 2042 2054 2125 qualiter
2104 2043 2296 2109 beata

743 2140 944 2226 Virgo
966 2143 1161 2209 fuerit
1181 2146 1598 2225 sanctificata,
1624 2165 1710 2213 ex
1736 2166 1869 2232 qua
1892 2167 2039 2213 caro
2067 2149 2300 2214 Christi

743 2254 841 2315 est
875 2254 1237 2334 assumpta3
1286 2252 1357 2316 in
1397 2254 1521 2319 hac
1547 2271 1704 2320 vero
1731 2259 1935 2338 parte,
1977 2256 2058 2320 ad
2088 2258 2295 2339 majo-

743 2373 881 2422 rem
919 2355 1309 2424 intellectum
1330 2408 1348 2439 ,
1378 2360 1653 2444 inquirit
1678 2365 1904 2426 utrum
1941 2380 2090 2428 οπο
2117 2364 2294 2428 Chri-

743 2464 828 2529 sti
866 2464 939 2530 in
978 2465 1308 2532 Abraham
1356 2468 1551 2534 fuerit
1593 2468 1923 2535 decimata.
1978 2470 2295 2536 Dividitur

743 2576 960 2638 autem
999 2572 1121 2638 ista
1161 2591 1311 2656 pars
1352 2574 1422 2639 in
1460 2577 1591 2640 tres
1638 2577 1882 2659 partes,
1910 2575 1980 2641 in
2011 2595 2292 2660 quarum

744 2677 952 2761 prima
989 2679 1261 2762 inquirit
1294 2680 1599 2765 Magister
1625 2688 1849 2747 utrum
1886 2700 2034 2750 οπο
2062 2683 2291 2750 Christi

745 2786 1025 2869 potuerit
1045 2788 1372 2868 decimari,
1392 2790 1496 2855 vel
1517 2790 1807 2856 debuerit
1824 2791 1895 2854 in
1921 2791 2286 2872 Abraham3

741 2891 812 2956 in
865 2894 1176 2975 secunda,
1229 2899 1370 2978 post
1426 2895 1627 2978 hujus
1670 2896 2285 2980 determinationem,

742 2998 912 3063 elicit
959 3001 1308 3082 quamdam
1353 3001 1820 3066 conclusionem
1846 3051 1864 3081 ,
1916 3005 2089 3087 quod
2142 3025 2291 3072 caro

744 3103 970 3171 Christi
1005 3124 1138 3172 non
1176 3106 1301 3172 suit
1344 3127 1492 3173 οπο
1529 3110 1794 3192 peccati,
1823 3110 1949 3176 ibi:
1986 3113 2292 3187 Quocirca

737 3218 1151 3298 primitivam
1177 3224 1412 3285 noslroe
1439 3236 1692 3299 massce,
1710 3227 1829 3286 etc.
1851 3223 1921 3287 in
1934 3227 2119 3289 tertia
2133 3245 2289 3292 vero

741 3326 807 3387 et
839 3323 1068 3389 ultima
1106 3324 1392 3392 dissolvit
1434 3329 1785 3410 quamdam
1824 3331 2287 3398 dubitationem

741 3429 820 3495 de
865 3431 1243 3497 formatione
1285 3435 1567 3518 corporis
1601 3437 1940 3518 dominici,
1983 3440 2074 3503 ibi
2125 3463 2140 3505 τ
2180 3442 2291 3509 Illi

742 3543 955 3606 autem
980 3541 1339 3621 sementim,
1377 3546 1496 3606 etc.
1547 3542 2027 3611 subdivisiones
2069 3554 2288 3614 autem

740 3648 1026 3729 partium
1054 3648 1411 3714 manifestae
1439 3652 1678 3716 suntin
1707 3653 1937 3719 littera.

1388 3899 1527 3947 DUB.
1571 3899 1616 3946 1.

1323 4029 1413 4080 llla
1439 4044 1559 4083 caro
1581 4069 1596 4096 ,
1627 4034 1723 4083 etc.

773 4219 778 4226 ·
815 4185 1080 4252 Contra:
1109 4184 1376 4252 Videtur
1400 4186 1524 4251 hoc
1549 4188 1805 4268 falsum,
1840 4191 1995 4274 quia
2029 4209 2159 4258 non
2192 4198 2289 4258 est

733 4295 1066 4374 peecatum
1093 4291 1214 4355 nisi
1243 4291 1312 4356 in
1340 4293 1587 4372 anima,
1612 4297 1714 4360 vel
1741 4297 1984 4362 ratione
2010 4300 2283 4366 animae:

732 4397 843 4463 sed
867 4417 1014 4463 οπο
1041 4398 1151 4463 illa
1176 4417 1310 4463 non
1337 4400 1457 4464 fuit
1485 4406 1632 4466 ante
1649 4407 1820 4482 nata,
1848 4423 2047 4486 quam
2078 4406 2286 4473 Verbo

733 4506 954 4570 unita:
986 4523 1141 4586 ergo
1168 4523 1299 4570 non
1327 4505 1449 4571 fuit
1487 4514 1741 4590 peccato
1781 4509 2078 4576 obnoxia.
2125 4513 2283 4579 Item

740 4613 926 4678 beata
950 4611 1151 4695 Virgo
1176 4617 1323 4678 ante
1347 4616 1826 4697 conceptionem
1850 4618 1989 4682 Filii
2018 4621 2128 4685 Dei
2164 4622 2288 4688 fuit

742 4719 1163 4785 sanctificata:
1197 4740 1357 4804 ergo
1384 4735 1531 4787 caro
1558 4724 1613 4806 ej
1625 4742 1700 4788 us
1728 4744 1857 4789 non
1884 4727 2006 4791 ruit
2028 4734 2286 4811 peccato

740 4825 1040 4892 obnoxia.

819 4934 1005 5018 Resp.
1037 4935 1386 5002 Dicendum
1403 4939 1603 5020 quod,·
1625 4941 1789 5004 sicut
1806 4944 2044 5007 tectum
2069 4944 2191 5009 fuit
2216 4945 2284 5010 in

735 5043 1296 5126 praecedentibus¹,
1326 5045 1671 5128 aliquando
1693 5053 2024 5131 peccatum
2048 5051 2285 5117 dicitur

730 5149 870 5231 ipsa
890 5166 1100 5231 poena,
1124 5150 1228 5215 vel
1258 5153 1514 5235 sequela
1542 5176 1558 5220 ε
1585 5154 1729 5221 dico
1754 5174 1913 5239 ergo
1937 5159 2112 5241 quod
2135 5177 2285 5225 caro

731 5274 863 5322 non
887 5254 1119 5321 dicitur
1163 5258 1446 5325 obnoxia
1471 5266 1727 5344 peccato
1759 5265 2004 5331 ratione
2045 5266 2282 5350 culpae‚

731 5362 1097 5429 sedratione
1113 5364 1411 5431 foeditatis
1423 5386 1572 5450 quae
1582 5373 1678 5435 est
1690 5371 1896 5454 culpae
1906 5371 2252 5455 sequelam)
2264 5421 2280 5450 ‚

798 5490 816 5526 ¹
841 5489 951 5540 Art.
985 5492 1031 5553 1,
1061 5502 1111 5553 q.
1146 5493 1194 5553 1,
1217 5489 1271 5541 in
1296 5491 1609 5546 resolutione
1635 5495 1944 5558 argumenti.

2412 856 2561 918 ante
2596 853 3187 934 sanctificationem
3226 853 3505 920 secundo
3543 854 3737 920 modo
3754 902 3776 936 ,
3805 872 3959 938 pos-

2410 962 2532 1024 tea.
2558 958 2635 1024 Et
2656 960 2745 1025 sic
2768 964 2987 1044 patent
3010 960 3119 1026 illa
3139 961 3293 1025 duc.

3045 1208 3185 1256 mm.
3233 1209 3302 1256 11.

2721 1344 3040 1395 primitivam
3080 1346 3274 1396 nostrie
3299 1356 3514 1409 massae,
3556 1348 3654 1396 etc.

2486 1499 2719 1565 Contra
2751 1520 2766 1563 :
2813 1496 3080 1564 Videtur
3117 1497 3241 1562 hoc
3289 1514 3425 1561 esse
3476 1496 3715 1562 falsum
3731 1546 3754 1579 ,
3806 1500 3961 1583 quia

2407 1629 2556 1676 cum
2582 1611 2953 1676 incarnatus
2988 1609 3069 1673 sit
3107 1609 3178 1673 in
3222 1609 3351 1674 fine
3391 1609 3802 1691 saeculorum,
3844 1629 3960 1695 po-

2406 1719 2538 1784 tius
2590 1719 2846 1784 videtur
2898 1716 3314 1799 assumpsisse
3362 1715 3666 1798 reliquias
3723 1721 3956 1785 nostrae

2406 1842 2668 1903 massae,
2698 1843 2897 1907 quam
2925 1823 3279 1908 primitiva.

2485 1931 2670 2013 Roep.
2720 1930 3092 2006 Dicendum,
3132 1929 3304 2012 quod
3350 1927 3682 2013 primitiva
3723 1935 3951 1997 nostrae

2407 2056 2631 2103 messae
2671 2038 2900 2103 dicitur
2942 2037 3227 2101 Christus
3268 2037 3688 2120 assumpsisse
3722 2038 3950 2120 triplici

2403 2145 2670 2208 ratione.
2703 2143 2866 2208 Nam
2889 2145 3271 2226 primitivus
3290 2144 3525 2209 dicitur
3546 2145 3629 2207 ab
3658 2163 3759 2222 eo,
3781 2145 3947 2228 quod

2403 2254 2500 2315 est
2527 2250 2811 2334 primum
2838 2268 2855 2313 ε
2882 2253 3170 2333 primum
3197 2253 3416 2315 autem
3447 2250 3682 2316 dicitur
3713 2251 3947 2335 aliquid

2402 2358 2755 2423 secundum
2782 2359 3073 2424 ordinem
3097 2358 3463 2440 dignitatis:
3494 2362 3561 2423 et
3585 2358 3679 2422 sic
3704 2378 3835 2423 non
3858 2362 3950 2424 est

2401 2464 2672 2529 dubium
2689 2466 2850 2547 quin
2874 2464 3158 2531 Christus
3175 2466 3592 2548 assumpserit
3611 2466 3695 2548 (b)
3716 2472 3944 2531 nostrae

2401 2572 2612 2637 carnis
2635 2572 2982 2655 primitiva,
3004 2589 3120 2655 pro
3139 2590 3215 2638 eo
3238 2572 3407 2657 quod
3427 2574 3569 2656 ejus
3594 2592 3747 2639 οπο
3770 2593 3945 2640 exce·
4070 2604 4075 2609 ·

2399 2681 2488 2747 dit
2515 2697 2777 2745 omnem
2805 2679 3184 2761 dignitatem
3221 2681 3430 2745 carnis
3457 2681 3789 2748 humanae.
3829 2683 3941 2749 Se-

2400 2789 2687 2854 cundum
2731 2792 2947 2852 autem
2994 2788 3166 2870 quod
3203 2789 3583 2870 primitivus
3634 2788 3865 2854 dicitur
3903 2807 3942 2854 a

2400 2898 2725 2980 prioritate
2743 2896 3097 2962 secundum
3116 2901 3390 2978 tempuS,
3407 2896 3643 2961 dicitur
3666 2896 3941 2962 Christus

2399 3005 2813 3088 assumpsisse
2852 3002 3259 3086 primitivum
3285 3007 3521 3067 nostrae
3548 3020 3777 3067 massae
3813 3021 3940 3068 non

2398 3130 2514 3196 per
2560 3111 2981 3195 prioritatem,
3023 3109 3134 3175 sed
3181 3128 3295 3194 per
3334 3108 3840 3176 conformitatem
3878 3113 3939 3175 et

2399 3220 2905 3286 similitudinem.
2937 3220 3183 3304 Duplex
3221 3223 3318 3284 est
3347 3221 3564 3284 autem
3592 3221 3758 3285 ratio
3790 3239 3935 3286 con-

2398 3330 2737 3395 formitatis
2763 3330 2853 3394 ibi
2884 3348 2900 3393 ε
2929 3348 3065 3395 una
3090 3333 3412 3412 quantum
3438 3328 3517 3393 ad
3547 3330 3932 3411 qualitatem,

2397 3439 2523 3502 alia
2576 3441 2892 3520 quantum
2944 3437 3024 3502 ad
3073 3436 3381 3503 virtutem
3421 3458 3438 3500 ε
3493 3441 3809 3520 quantum
3861 3436 3937 3502 ad

2397 3546 2796 3629 qualitatem,
2829 3545 2983 3629 quia
3006 3544 3170 3609 sicut
3197 3562 3345 3608 οπο
3364 3561 3515 3627 quae
3542 3545 3612 3608 in
3636 3545 3935 3629 principio

2395 3654 2519 3719 fuit
2547 3657 2784 3736 creata,
2828 3652 3277 3719 caruitomnis
3319 3652 3461 3718 vitii
3502 3653 3931 3737 corruptione;

2396 3762 2492 3826 sic
2517 3761 2713 3826 etiam
2747 3766 2810 3826 et
2844 3779 2990 3825 caro
3024 3779 3065 3824 a
3097 3757 3305 3825 Verbo
3341 3763 3694 3842 assumpta.
3729 3758 3938 3837 Quan-

2396 3874 2537 3934 tum
2569 3886 2726 3933 vero
2762 3868 2842 3933 ad
2879 3867 3187 3931 virtutem
3227 3869 3322 3931 est
3361 3865 3716 3932 similitudo
3730 3915 3750 3947 ,
3793 3866 3935 3949 quia

2398 3976 2469 4039 in
2492 3975 2592 4039 his
2618 3992 2767 4057 quae
2795 3993 2834 4038 a
2863 3973 3177 4057 principio
3213 3975 3566 4038 nascuntur
3584 4024 3602 4053 ,
3638 3973 3934 4039 intensior

2396 4091 2493 4151 est
2535 4090 2786 4150 naturae
2837 4084 3058 4166 vigor,
3106 4088 3181 4148 ut
3217 4084 3298 4149 ad
3333 4086 3768 4151 maturitatem
3800 4101 3933 4167 per·

2397 4195 2643 4275 tingat:
2674 4198 2740 4257 et
2764 4192 2916 4257 talia
2958 4191 3262 4257 dicuntur
3284 4193 3672 4274 primitiva,
3700 4193 3763 4256 id
3805 4195 3925 4269 eut,

2399 4303 2594 4386 primi
2620 4304 2887 4379 fructus»,
2914 4300 3029 4383 qui
3054 4300 3368 4364 debebant
3392 4301 3611 4365 offerri
3633 4302 3925 4367 Domino:

2397 4411 2538 4474 talis
2563 4413 2780 4474 autem
2810 4408 2929 4472 suit
2956 4426 3103 4472 caro
3130 4407 3382 4472 Christi.
3412 4407 3493 4472 Et
3520 4408 3612 4471 sic
3627 4412 3798 4491 patet
3820 4421 3929 4488 pro

2396 4520 2637 4600 quanto
2652 4515 2898 4580 dicatur
2916 4514 3276 4598 primitiva:
3296 4518 3437 4578 tum
3455 4517 3715 4597 propter
3732 4512 3930 4594 digni-

2396 4627 2591 4688 tatem
2610 4670 2629 4702 ,
2672 4627 2814 4687 tum
2854 4625 3113 4704 propter
3151 4621 3487 4685 munditiae
3532 4621 3925 4704 qualitatem,

2397 4735 2539 4795 tum
2560 4733 2818 4813 propter
2840 4728 3099 4794 virtutis
3122 4728 3443 4811 vigorem,
3464 4733 3725 4812 propter
3741 4741 3928 4810 quam

2397 4842 2655 4903 caeteras
2681 4836 3002 4920 praecellit,
3027 4836 3209 4919 prius
3234 4836 3606 4918 pertingens
3631 4836 3712 4900 ad
3738 4837 3927 4898 matu-

2395 4943 2649 5008 ritatem
2693 4943 3093 5025 persectionis
3131 4945 3195 5006 et
3228 4941 3581 5006 dulcedinis
3619 4940 3920 5023 gloriam3

2396 5054 2461 5116 et
2496 5068 2615 5134 pro
2656 5053 2835 5115 tanto
2874 5049 3107 5115 dicitur
3159 5050 3578 5132 assumpsisse
3614 5033 3926 5132 primitiva

2394 5162 2631 5223 nostrae
2673 5173 2944 5222 massae:
2988 5161 3053 5220 et
3094 5173 3210 5240 per
3251 5156 3378 5221 hoc
3421 5161 3597 5238 patet
3640 5149 3925 5223 determi-

2400 5265 2575 5329 natio
2597 5263 2885 5345 rationis,
2908 5263 3190 5347 procedit
3207 5264 3379 5329 enim
3399 5264 3753 5331 secundum
3767 5258 3922 5347 quod

2401 5371 2636 5437 dicitur
2663 5390 2704 5436 a
2733 5371 3059 5455 prioritate
3083 5371 3378 5453 originis.

2469 5496 2537 5560 (a)
2572 5495 2719 5547 Edit.
2761 5496 2876 5546 Ven.
2895 5508 3064 5547 causa.
3090 5522 3152 5535 —
3171 5494 3240 5560 (ὁ)
3259 5496 3385 5548 Cot.
3413 5495 3539 5549 odit.
3558 5492 3841 5559 asumpsit·
