4185 6288
1192 509 1389 576 ms‘r.
1440 510 1598 576 XIV.
1647 510 1826 577 ΛΒΤ.
1862 513 1941 578 11.
1985 513 2288 592 QUAEST.
2333 514 2441 581 111.

289 637 408 712 rum
443 649 502 711 in
526 645 760 723 Verbo,
792 664 942 728 quae
984 650 1135 711 sunt
1179 648 1440 730 cognita
1471 648 1656 732 quasi
1696 667 1780 713 ex

289 755 671 839 consequenti,
700 758 764 819 et
790 755 1186 820 secundario.

730 979 1091 1059 QUAESTIO
1133 980 1239 1044 111.

335 1127 412 1183 An
440 1130 611 1184 anima
639 1126 842 1183 Clu-isti
870 1131 1146 1198 coquoscat
1178 1129 1359 1184 omnia
1388 1129 1449 1182 in
1483 1127 1655 1184 Verbo
1674 1127 1715 1182 ¹.

121 1287 261 1332 rm
349 1287 549 1351 Utrum
574 1289 790 1352 anime
817 1287 1044 1352 Christi
1087 1291 1429 1368 cognoscet
1462 1287 1679 1352 omnia
1715 1287 1783 1350 in

282 1398 479 1478 Verbo,
496 1419 633 1483 quae
659 1400 984 1481 cognoscit
1002 1397 1308 1463 Verbum.
1335 1399 1514 1475 Quod
1538 1400 1650 1476 sic,
1674 1399 1775 1464 vi·

283 1507 442 1571 detur
461 1532 474 1571 :
492 1510 719 1572 Anima
733 1508 1152 1573 Christibeate
1174 1507 1400 1570 habuit
1417 1511 1439 1545 ²
1457 1507 1785 1590 Spiritum

285 1629 392 1679 non
428 1615 507 1679 ad
538 1632 919 1694 mensuram,
949 1614 1303 1679 secundum
1331 1615 1504 1697 quod
1547 1615 1783 1678 dicitur

285 1720 341 1782 in
381 1722 600 1787 Joanne
623 1744 648 1787 .·
671 1722 782 1786 sed
820 1721 1084 1803 spiritus
1120 1730 1215 1784 est
1256 1720 1336 1784 ad
1388 1739 1785 1802 cognoscen-

285 1826 416 1891 dum
442 1835 494 1892 et
519 1830 914 1911 diligendum
958 1852 972 1892 ε
1023 1847 1181 1910 ergo
1224 1829 1451 1893 habuit
1488 1829 1787 1913 spiritum

286 1935 350 1998 ad
375 1936 867 2018 cognoscendum
894 1937 1030 2001 sine
1068 1954 1370 2001 mensure
1401 1960 1416 2000 ε
1453 1942 1517 2002 et
1544 1938 1595 1999 si
1638 1938 1782 2017 hoc,

286 2060 417 2123 ergo
455 2043 610 2108 Deus
649 2045 888 2108 animae
935 2044 1028 2107 illi
1069 2044 1230 2107 nihil
1272 2044 1428 2108 celat
1480 2068 1495 2108 :
1538 2063 1787 2126 cogno-

285 2149 384 2212 scit
420 2168 563 2232 ergo
602 2152 823 2217 omnia
867 2150 976 2214 illa
1020 2152 1236 2215 anima
1278 2152 1347 2215 in
1375 2151 1604 2232 Verbo,
1640 2172 1786 2236 quae

287 2259 569 2336 cognoscit
593 2260 730 2342 ipse
756 2258 943 2322 Deus.

351 2362 509 2442 Item,
537 2365 628 2429 illi
656 2366 894 2429 animae
909 2366 1314 2446 cognoscenti
1337 2366 1532 2430 resin
1556 2365 1786 2446 Verbo,

285 2470 465 2552 ipsum
501 2457 788 2536 Verbum
826 2475 922 2536 est
969 2474 1132 2537 ratio
1172 2474 1599 2554 cognoscendi
1633 2498 1647 2539 :
1681 2475 1790 2539 sed

285 2576 529 2645 Verbum
601 2586 698 2646 est
761 2582 925 2644 ratio
1000 2582 1423 2662 cognoscendi
1486 2581 1789 2647 volunta-

284 2686 360 2749 rie
381 2706 439 2752 se
463 2689 735 2754 offerens
772 2706 889 2770 pro
925 2688 1046 2752 hec
1091 2707 1160 2753 re
1179 2737 1196 2765 ‚
1240 2689 1343 2753 vel
1379 2708 1495 2772 pro
1523 2690 1652 2766 illa,
1685 2693 1786 2756 vel

281 2810 377 2874 pro
402 2815 803 2880 quacumque
826 2796 950 2860 alia
975 2818 991 2859 ι
1030 2798 1083 2859 si
1109 2815 1266 2878 ergo
1290 2796 1573 2862 Verbum
1600 2804 1784 2863 aeter-

282 2918 413 2965 num
474 2905 717 2969 animae
773 2903 976 2967 unitae
1042 2905 1160 2967 sibi
1228 2904 1412 2969 offert
1467 2924 1533 2970 se
1605 2908 1794 2990 plena

281 3007 567 3076 oblatione
584 3061 604 3091 ,
636 3029 788 3075 cum
831 3011 1046 3093 ipsum
1071 3011 1151 3074 sit
1176 3013 1339 3077 ratio
1367 3016 1790 3096 cognoscendi

280 3119 469 3185 omnia
490 3169 511 3198 ,
539 3119 799 3185 videtur
840 3119 1012 3201 quod
1053 3120 1268 3185 anima
1313 3120 1542 3186 Christi
1577 3125 1795 3190 omnia

278 3233 591 3308 cognoseat
614 3230 687 3292 in
716 3227 923 3292 Verbo
949 3229 1065 3292 sibi
1089 3231 1297 3294 unito.

342 3336 512 3417 Item,
536 3336 826 3401 Verbum
844 3340 1160 3401 aeternum
1179 3339 1627 3419 perfectissime
1649 3342 1798 3405 uni-

278 3443 392 3504 tum
423 3447 563 3509 erat
586 3442 711 3524 ipsi
734 3441 968 3505 animae
997 3441 1227 3506 Christi
1245 3444 1599 3508 secundum
1623 3446 1793 3527 quod

279 3546 534 3617 Verbum
564 3572 582 3615 ε
616 3568 776 3632 ergo
801 3550 941 3633 peri
981 3551 1227 3614 ratione
1267 3552 1795 3633 perfectissimum

205 3737 211 3743 ῃ
281 3664 392 3722 erat
426 3663 484 3725 ei
525 3659 793 3724 unitum
841 3658 1196 3722 secundum
1226 3659 1395 3741 quod
1424 3661 1791 3743 exemplar:

283 3765 370 3828 sed
396 3766 751 3834 secundum
779 3766 952 3848 quod
978 3766 1306 3847 exemplar
1340 3766 1605 3831 faciebat
1649 3771 1797 3832 eni-

284 3888 431 3939 mam
472 3874 704 3939 Christi
750 3891 1132 3955 cognoscere
1175 3873 1298 3937 alia
1326 3892 1364 3937 a
1392 3893 1460 3938 se
1493 3898 1507 3939 :
1539 3894 1698 3957 ergo
1745 3877 1797 3941 si

286 3983 714 4058 perfectissima
776 3983 1018 4045 unione
1071 3980 1414 4045 uniebatur
1450 3982 1570 4044 sibi
1594 4031 1612 4062 ,
1670 4003 1801 4066 qua

289 4087 437 4153 nulla
462 4094 671 4173 potest
705 4106 839 4152 esse
867 4088 1219 4170 perfectior,
1249 4088 1503 4152 videtur
1538 4092 1708 4170 quod
1740 4092 1798 4155 ei

290 4198 776 4263 communicabat
800 4196 1235 4277 cognitionem
1263 4195 1578 4275 omnium,
1603 4194 1810 4279 quem'

289 4299 552 4371 habebat.

355 4412 497 4480 Item
520 4465 538 4495 ,
575 4414 792 4480 anima
842 4413 1069 4478 Christi
1118 4414 1538 4496 cognoscebat
1586 4416 1801 4500 aliqua

289 4517 342 4583 in
365 4522 558 4590 Verbo
581 4573 599 4603 ,
632 4527 695 4588 et
722 4522 1048 4603 cognoscit
1078 4544 1092 4585 :
1132 4526 1244 4586 aut
1269 4540 1427 4603 ergo
1465 4527 1667 4605 potest
1695 4543 1801 4588 co-

289 4642 569 4704 gnoscere
608 4630 798 4713 plura
817 4679 834 4708 ,
870 4633 983 4693 aut
1023 4647 1178 4692 non.
1212 4628 1278 4693 Si
1316 4633 1519 4711 potest
1554 4648 1801 4712 cogno-

289 4753 435 4803 scere
470 4740 687 4823 plura,
718 4756 877 4819 ergo
924 4738 1306 4820 possibilitas
1350 4741 1493 4820 ejus
1536 4758 1666 4803 non
1708 4744 1803 4806 est

288 4848 523 4911 omnino
570 4846 884 4930 complete
906 4894 923 4922 ,
952 4847 1105 4928 quia
1141 4850 1348 4928 potest
1377 4845 1696 4911 addiscere
1721 4849 1800 4912 de

287 4948 372 5016 die
401 4955 684 5020 indiem.
715 4951 784 5017 Si
811 4956 1171 5035 non-potest
1209 4972 1586 5036 cognoscere
1611 4955 1800 5038 plura

288 5074 459 5139 quam
485 5062 832 5145 cognoscit,
854 5061 961 5125 sed
990 5061 1197 5125 omnis
1222 5062 1424 5125 sciens
1439 5081 1547 5145 ‚res
1575 5063 1644 5126 in
1668 5081 1800 5127 nu-

343 5222 459 5287 ¹Cf.
481 5227 532 5276 S.
564 5226 814 5286 Thomas,
856 5237 909 5286 p.
953 5223 1046 5283 Ill,
1075 5238 1126 5287 q.
1162 5235 1228 5287 x,
1256 5227 1351 5273 art.
1377 5226 1436 5286 Ως
1463 5227 1515 5274 et
1545 5225 1609 5274 lll
1638 5225 1798 5286 Sem„

287 5289 385 5341 dist.
410 5307 511 5359 κη’,
531 5312 581 5362 q.
611 5308 651 5346 11
669 5333 684 5356 ,
707 5299 806 5344 ert.
829 5297 888 5356 23
919 5297 973 5344 et
1002 5294 1063 5342 de
1102 5295 1317 5343 Veritate
1336 5331 1354 5353 ,
1375 5309 1426 5359 q.
1458 5307 1569 5355 v111,
1599 5300 1694 5345 art.
1734 5300 1791 5360 ὃς

287 5366 328 5411 et
350 5367 489 5424 Quol.
521 5372 579 5419 ΙΙΙ
608 5406 621 5428 ,
645 5383 698 5432 q.
747 5379 804 5425 11,
830 5371 926 5415 art.
945 5370 1006 5428 23
1033 5368 1233 5425 scotus,
1268 5366 1329 5414 ΙΙΙ
1359 5367 1516 5426 sent„
1541 5368 1658 5418 dist.
1690 5380 1795 5432 xlv,

207 5492 213 5497 ⁴
287 5446 328 5496 q.
359 5450 394 5498 2;
415 5439 667 5501 Richard„
695 5440 756 5489 111
778 5440 935 5497 Seni„
955 5439 1071 5487 dist.
1092 5450 1202 5496 xlv,
1226 5440 1319 5485 art.
1343 5439 1389 5500 2,
1410 5452 1458 5501 q.
1487 5450 1579 5502 111;
1601 5441 1795 5489 Duran-

287 5505 397 5571 dus,
427 5510 487 5559 m
519 5513 676 5571 Seni„
715 5510 836 5560 dist.
870 5520 978 5572 xlv,
1003 5523 1055 5574 q.
1083 5521 1158 5571 115
1185 5509 1494 5569 ‚Franciscus
1522 5511 1584 5560 de
1610 5512 1795 5575 Mayr„

3318 521 3436 581 3¹3

1890 667 2070 715 mero
2116 650 2539 715 determinato
2572 654 2779 734 potest
2820 651 2980 716 scire
3014 654 3201 736 plura
3217 703 3236 735 ,
3282 657 3438 739 quia

1891 757 2139 823 scibilia
2167 778 2233 823 se
2260 777 2391 824 non
2419 762 2848 841 coangustant
2866 759 2933 824 in
2956 761 3173 827 anima
3203 783 3437 846 cogno-

1892 871 2137 945 scente3
2187 867 2359 931 unde
2396 867 2451 930 si
2497 866 2610 930 scit
2660 866 2878 949 aliqua
2907 914 2924 944 ‚
2970 872 3173 950 potest
3227 872 3439 935 adhuc

1892 974 2052 1037 scire
2097 975 2331 1057 alique.
2367 974 2433 1037 Si
2461 992 2622 1054 ergo
2648 973 2865 1037 anima
2893 974 3122 1038 Christi
3157 994 3288 1040 non
3315 996 3437 1060 po-

1894 1082 2014 1143 test
2038 1082 2200 1146 scire
2225 1082 2434 1164 plura,
2465 1081 2722 1145 videtur
2758 1081 2928 1162 quod
2970 1088 3310 1163 cognoscat
3334 1086 3435 1147 in-

1891 1188 2072 1252 finita
2091 1238 2110 1267 ,
2143 1193 2205 1253 et
2231 1191 2451 1254 omnia
2476 1208 2624 1272 quae
2651 1190 2977 1271 cognoscit
3005 1190 3145 1273 ipsa
3178 1210 3436 1258 summa

1895 1295 2000 1358 Dei
2033 1296 2362 1378 sapientia.

1973 1397 2158 1478 Item,
2189 1399 2406 1464 anima
2437 1400 2665 1465 Christi
2697 1400 2902 1474 multo
2937 1402 3312 1467 familiarior
3341 1410 3436 1469 est

1893 1505 2010 1588 ipsi
2040 1504 2248 1569 Verbo
2278 1512 2539 1587 aeterno‚
2570 1512 2633 1571 et
2648 1508 2874 1589 majori
2900 1508 3176 1572 amicitia
3182 1511 3209 1591 j
3220 1514 3433 1589 uncta,

1892 1631 2090 1695 quam
2118 1619 2326 1678 essent
2355 1617 2621 1699 apostoli
2657 1616 2778 1698 ipsi
2808 1616 3052 1681 Christo
3076 1637 3093 1696 ;
3121 1618 3253 1681 imo
3281 1619 3439 1681 adeo

1890 1721 2223 1785 familiaris
2267 1726 2391 1802 est,
2440 1724 2609 1806 quod
2659 1742 2791 1787 non
2835 1728 3040 1806 potest
3081 1743 3217 1789 esse
3248 1726 3434 1789 fami-

1892 1823 2110 1889 liarior
2144 1849 2158 1888 :
2193 1845 2353 1908 ergo
2406 1828 2703 1891 omnium
2744 1845 2960 1891 rerum
3007 1828 3113 1891 dat
3160 1829 3219 1893 ei
3270 1832 3442 1893 noti-

1894 1937 2085 2017 tiam,
2117 1956 2315 2020 quam
2366 1938 2502 2020 ipse
2545 1944 2748 2022 potest
2794 1939 3076 2022 accipere
3112 1962 3126 2003 :
3162 1940 3272 2003 sed
3300 1940 3438 2003 ani-

1895 2063 2005 2108 ma
2045 2064 2385 2128 nunquam
2432 2046 2548 2109 scit
2591 2050 2723 2126 tot,
2777 2046 2935 2128 quin
2983 2047 3192 2110 adhuc
3246 2048 3443 2129 possit

1896 2153 2055 2216 scire
2083 2151 2270 2235 plura
2300 2172 2318 2215 ε
2348 2171 2508 2233 ergo
2535 2154 2789 2217 videtur
2816 2154 2985 2237 quod
3024 2152 3308 2217 Verbum
3338 2155 3444 2216 in-

1898 2264 2182 2324 creatum
2224 2261 2511 2324 animem
2555 2261 2675 2323 sibi
2720 2262 2970 2325 unitam
2999 2261 3231 2324 feceret
3258 2277 3442 2324 nosse

1897 2367 2174 2431 infinita.

1982 2477 2165 2558 Item,
2215 2483 2326 2544 aut
2363 2479 2579 2543 anima
2619 2479 2847 2543 Christi
2878 2478 3060 2544 novit
3093 2478 3202 2542 illa
3234 2480 3445 2544 solum

1899 2604 2049 2669 quae
2078 2591 2252 2667 sunt,
2283 2588 2564 2665 fuerunt,
2601 2590 2663 2649 et
2690 2590 2913 2662 erunt,
2946 2588 3057 2649 eut
3088 2585 3273 2669 plura
3300 2588 3437 2650 his:
3490 2651 3493 2654 ,

1901 2695 1954 2758 si
2000 2695 2210 2759 solum
2253 2694 2359 2758 illa
2395 2695 2598 2773 novit,
2630 2711 2787 2774 ergo
2812 2693 2864 2755 si
2893 2691 3060 2755 Deus
3081 2693 3319 2774 aliquid
3345 2694 3445 2757 fa-

1901 2805 2071 2866 ceret
2116 2805 2349 2884 praeter
2390 2820 2466 2866 ea
2511 2819 2656 2883 quae
2702 2801 2906 2864 facere
2933 2800 3265 2881 disposuit,
3298 2802 3445 2864 ani-

1900 2927 2010 2972 ma
2053 2908 2279 2972 Christi
2325 2908 2482 2972 illud
2527 2909 2893 2989 ignoraret3
2939 2907 2993 2970 si
3021 2907 3202 2971 novit
3263 2907 3449 2990 plura

1902 3016 2025 3095 his,
2057 3017 2166 3080 sed
2197 3035 2326 3098 qua
2351 3016 2598 3080 ratione
2623 3015 2802 3079 novit
2830 3013 3041 3098 aliqua
3062 3032 3144 3078 ex
3169 3014 3274 3078 his
3297 3035 3447 3098 quae

1905 3124 2069 3188 Deus
2094 3124 2377 3188 facturus
2404 3141 2534 3187 non
2561 3126 2689 3202 est,
2716 3121 2937 3187 eadem
2983 3122 3231 3187 rati0ne
3269 3123 3450 3188 novit

1904 3232 2121 3297 omnia
2150 3253 2167 3296 ε
2195 3250 2351 3314 ergo
2381 3232 2635 3296 videtur
2658 3232 2830 3315 quod
2853 3232 3068 3295 anima
3082 3235 3444 3314 cognoscat,
3466 3287 3473 3295 .
3496 3262 3501 3269 ‹

1904 3358 2053 3423 quae
2080 3340 2405 3421 cognoscit
2431 3344 2669 3403 aeterna
2708 3337 3037 3422 sapientia.

1987 3447 2145 3511 Item
2169 3496 2186 3524 ,
2218 3447 2420 3510 multo
2459 3446 2776 3528 potentior
2823 3449 2919 3508 est
2963 3446 3181 3509 anima
3222 3445 3451 3511 Christi

1906 3555 1986 3619 ad
2036 3553 2549 3636 cognoscendum
2594 3571 2695 3615 res
2743 3570 2857 3635 per
2906 3551 3116 3635 ipsum
3167 3552 3451 3618 Verbum

1906 3664 2026 3727 sibi
2067 3663 2365 3741 unitum,
2397 3679 2593 3743 quem
2629 3661 2709 3723 sit
2736 3660 2950 3742 aliqua
2989 3660 3207 3724 anima
3235 3661 3312 3724 ad
3338 3679 3450 3726 co-

1908 3770 2347 3853 gnoscendum
2375 3788 2485 3832 res
2506 3787 2622 3852 per
2658 3768 2953 3831 habitum
2980 3772 3263 3832 creatum
3298 3792 3313 3832 :
3341 3770 3451 3835 sed

1908 3882 2124 3945 enimn
2175 3881 2415 3944 habens
2452 3878 2743 3943 habitum
2786 3880 3073 3941 creatum
3129 3878 3452 3958 cognoscit

1909 3990 2129 4054 omnia
2155 3989 2232 4053 ed
2261 4006 2405 4070 quae
2431 4005 2497 4050 se
2523 3985 2809 4050 extendit
2834 3984 2937 4047 ille
2964 3983 3226 4047 habitus
3252 4006 3266 4047 ι
3294 4002 3452 4067 ergo

1910 4098 2131 4160 anima
2193 4094 2421 4159 Christi
2473 4093 2717 4156 habens
2765 4089 3047 4154 Verbum
3097 4091 3453 4155 increatum

1911 4205 2030 4267 sibi
2078 4203 2339 4267 unitum
2381 4200 2706 4282 cognoscit
2745 4197 2963 4264 omnia
3005 4215 3153 4281 quae
3207 4216 3447 4278 cogno-

1913 4311 2029 4376 scit
2051 4311 2069 4372 i
2077 4328 2267 4393 psum
2291 4307 2598 4373 Verbum.

1993 4417 2115 4481 Sed
2130 4400 2389 4481 contrat
2405 4464 2419 4478 .
2444 4413 2899 4497 :AugustinuS,
2920 4413 3103 4476 inlib.
3124 4412 3458 4477 LXXXIII
3478 4442 3546 4488 Aa
3568 4452 3669 4496 opp.

1917 4527 2350 4600 Quaestionum
2374 4525 2397 4559 ⁸
2427 4543 2444 4587 z
2495 4547 2524 4583 α
2573 4520 2894 4604 Quidquid
2929 4522 3127 4584 scitur
3149 4569 3166 4597 ‚
3199 4519 3453 4583 scientis

1913 4631 2474 4714 comprehensione
2488 4629 2733 4693 finitur.
2757 4650 2787 4685 ι)
2810 4626 2931 4691 Sed
2959 4626 3171 4690 anime
3195 4625 3448 4703 Christi,

1912 4742 2062 4804 cum
2109 4739 2191 4801 sit
2230 4739 2409 4801 finite
2435 4784 2452 4814 ,
2499 4755 2630 4801 non
2670 4739 2875 4818 potest
2920 4733 3451 4815 comprehendere

1914 4847 2183 4924 infinita,
2209 4846 2298 4908 ita
2324 4845 2498 4927 quod
2526 4844 2635 4906 illa
2660 4843 2913 4906 infinite
2939 4842 3070 4904 sint
3098 4840 3219 4903 sibi
3240 4841 3445 4920 finita,

1914 4954 2068 5037 quia
2107 4950 2494 5033 impossibile
2539 4954 2635 5014 est
2672 4950 2994 5013 infinitum
3030 4966 3165 5012 esse
3192 4938 3447 5013 finitum

1912 5063 2091 5126 finito
2125 5085 2139 5126 :
2168 5060 2277 5124 sed
2300 5058 2583 5123 Verbum
2610 5060 2926 5122 aeternum
2954 5056 3276 5138 cognoscit
3299 5057 3449 5121 infi-

1911 5172 2045 5235 nita
2068 5192 2084 5233 ε
2112 5187 2269 5250 ergo
2294 5169 2379 5231 im
2387 5167 2681 5250 possibile
2695 5171 2788 5231 est
2804 5166 2975 5249 quod
2988 5165 3204 5229 anima
3222 5164 3451 5230 Christi

1914 5298 1979 5347 111
2003 5298 2161 5354 Sent„
2191 5294 2308 5345 dist.
2331 5305 2427 5355 ¹11,
2452 5305 2575 5356 q.1;
2599 5292 2750 5343 Jonn.
2776 5292 2839 5341 de
2867 5295 3036 5351 Buce,
3059 5292 3125 5341 111
3146 5290 3303 5354 Seni„
3332 5292 3449 5342 dist.

1913 5381 2034 5430 xm,
2061 5382 2115 5432 q.
2147 5380 2198 5430 ¹3
2224 5365 2400 5429 Steph.
2432 5363 2640 5426 Brulet„
2673 5365 2738 5414 111
2765 5366 2923 5424 Sem„
2951 5363 3068 5414 dist.
3094 5375 3205 5426 x1v,
3227 5377 3281 5426 q.
3313 5374 3448 5410 vt.-

1911 5441 1933 5475 ²
1953 5442 2124 5490 loun..
2167 5449 2250 5496 111,
2280 5440 2357 5487 34.
2378 5463 2432 5472 -
2450 5436 2473 5471 ⁸
2498 5440 2708 5500 August.
2714 5472 2732 5499 ‚
2758 5434 2819 5484 de
2838 5435 2938 5486 div,
2972 5436 3150 5497 Quoest.
3174 5434 3447 5493 LXXXIII,

1913 5527 1964 5580 q.
1995 5525 2084 5576 xv,
2115 5509 2285 5574 quoad
2308 5521 2536 5560 sensum.
