4185 6288
792 449 916 513 294
1894 435 2523 506 SENTENTIARUM
2560 435 2712 502 ΜΒ.
2756 434 2865 500 111.

794 582 951 651 serit
976 579 1265 653 animam
1290 575 1478 647 illam
1506 599 1730 646 rerum
1754 575 2055 646 omnium
2073 575 2409 644 scientiam
2431 574 2696 660 habere,
2715 580 2908 642 utens
2925 571 3310 642 auctoritate
3328 568 3628 664 Apostoli
3652 568 3979 639 dicentis²:

794 701 878 767 In
917 720 1043 789 quo
1093 705 1247 767 sunt
1295 717 1520 763 omnes
1577 694 1867 763 thesauri
1917 692 2266 786 sapientiae
2325 703 2388 759 et
2442 691 2735 759 scientiae
2789 687 3183 759 absconditi.
3246 688 3437 770 Quod
3490 686 3686 755 etiam
3739 687 3987 755 ratione

795 822 1005 906 potest
1029 812 1289 905 probari
1328 812 1421 880 sie
1456 838 1471 880 ε
1501 810 1684 879 Nihil
1710 811 1831 878 scit
1858 809 2124 900 aliquis,
2159 808 2339 899 quod
2368 807 2511 898 ejus
2552 807 2776 875 anima
2813 807 3074 895 ignorat
3106 830 3123 873 ε
3170 805 3281 874 sed
3310 805 3610 874 Christus
3635 804 3987 873 secundum

795 929 1094 998 omnium
1121 928 1597 996 concessionem
1625 926 1847 995 omnia
1872 925 1989 992 scit
2023 949 2038 990 ε
2071 946 2228 1012 ergo
2253 924 2477 992 anima
2503 924 2646 1015 ejus
2673 925 2897 992 omnia
2925 923 3064 993 scit.
3097 925 3198 992 Ad
3232 923 3301 991 id
3328 945 3484 991 vero
3511 921 3691 1014 quod
3717 921 3981 989 dicunt:

804 1075 839 1112 «
869 1045 943 1114 Si
971 1045 1194 1113 omnia
1220 1045 1361 1130 scit,
1393 1066 1551 1132 ergo
1583 1043 1704 1110 scit
1729 1062 1947 1109 creare
1977 1039 2304 1108 mundum
2341 1040 2445 1107 vel
2491 1040 2795 1132 seipsam,
2827 1066 2863 1106 n
2901 1040 3394 1133 respondemuS,
3446 1037 3625 1131 quod
3653 1037 3985 1106 scientiam

797 1163 993 1232 habet
1043 1161 1367 1230 mundum
1411 1159 1698 1244 creandi,
1751 1157 1863 1225 sed
1910 1175 2046 1225 non
2094 1157 2459 1248 potentiam
2508 1182 2526 1243 3
2582 1163 2647 1226 et
2699 1157 2963 1226 creandi
3008 1157 3326 1244 animam,
3378 1163 3443 1223 et
3492 1155 3613 1222 scit
3660 1152 3985 1246 quomodo

798 1278 974 1346 Deus
999 1278 1274 1368 seipsam
1303 1275 1618 1344 creaverit
1652 1300 1666 1341 :
1699 1274 1896 1341 habet
1945 1294 2103 1361 ergo
2144 1273 2482 1340 scientiam
2535 1274 2640 1341 sui
2682 1282 2947 1360 creatae„
2984 1274 3095 1342 sed
3137 1296 3275 1342 non
3316 1273 3419 1341 sui
3448 1270 3741 1340 creandae
3775 1298 3792 1356 ;
3824 1271 3979 1363 quia

802 1417 936 1463 non
964 1402 1059 1462 est
1083 1392 1388 1478 creanda,
1420 1392 1529 1460 sed
1560 1399 1799 1459 creata.

601 1540 743 1591 oum
895 1511 967 1578 Si
995 1533 1152 1578 vero
1180 1509 1499 1601 quaeritur
1525 1530 1730 1599 quare
1759 1507 1932 1575 Deus
1958 1517 2094 1574 non
2135 1505 2387 1574 dederit
2419 1506 2480 1574 ei
2521 1507 2876 1599 potentiam
2914 1507 3194 1578 faciendi
3224 1507 3472 1593 omnia,
3504 1515 3581 1576 ut
3608 1507 3982 1587 scientiam;

562 1601 677 1646 Deus
694 1614 779 1644 non
1164 1627 1176 1639 .
1650 1625 1664 1637 .
2021 1623 2033 1636 .
2636 1623 2649 1636 .
2774 1623 2786 1636 .
3054 1625 3067 1638 .
3246 1625 3259 1638 .
3712 1623 3725 1636 .

583 1669 763 1713 dedite,
809 1628 1185 1720 responderi
1225 1633 1432 1718 potest
1477 1649 1492 1692 ε
1540 1625 1711 1706 Qu1a
1753 1624 2143 1692 naturaliter
2180 1645 2384 1713 capax
2423 1631 2519 1690 est
2566 1631 2895 1692 scientlae:
2945 1633 3009 1693 et
3053 1625 3198 1694 ideo
3244 1624 3311 1693 1d
3356 1647 3644 1712 congrue
3673 1647 3732 1692 e1
3760 1622 3985 1690 datum

599 1740 748 1790 ΝΜ·
807 1745 1068 1813 estsine
1117 1765 1447 1828 mensura,
1495 1743 1684 1833 cujus
1737 1741 1878 1833 ipsa
1922 1740 2311 1809 naturaliter
2363 1762 2567 1832 capax
2620 1749 2737 1808 est.
2793 1741 2942 1809 Non
2997 1749 3093 1810 est
3149 1749 3370 1809 autem
3424 1740 3484 1807 ei
3538 1739 3768 1807 datum
3811 1759 3989 1831 posse

568 1797 668 1838 tiam
688 1810 779 1838 om·

560 1859 778 1964 ”affl-‘¹‘
808 1861 1030 1930 omnia
1054 1860 1263 1928 facere
1290 1881 1441 1950 quae
1468 1859 1643 1926 Deus
1668 1858 1844 1942 facit,
1878 1881 1960 1925 ne
2006 1858 2446 1949 omnipotenS,
2494 1868 2557 1926 et
2591 1880 2707 1950 per
2744 1859 2867 1926 hoc
2908 1860 3083 1928 Deus
3110 1867 3473 1950 putaretur.
3511 1857 3985 1926 Verumtamen

616 1986 734 2026 “⁸¹¹¹-
806 1978 972 2046 forte
1012 1999 1131 2044 nec
1171 1976 1528 2068 potentiam
1573 1974 1852 2042 faciendi
1899 1974 2122 2041 omnia
2169 1973 2230 2042 ei
2276 1973 2454 2041 Deus
2500 1982 2805 2066 praestare
2847 1975 3084 2067 potuit,
3139 1975 3258 2043 etsi
3303 1973 3659 2065 potentiam
3707 1971 3987 2040 faciendi

805 2095 1028 2186 aliqua
1053 2115 1201 2185 quae
1230 2091 1600 2161 nonfacere
1642 2097 1872 2183 potest.
1924 2089 2060 2158 Scit
2105 2113 2260 2180 ergo
2301 2091 2522 2159 anima
2560 2090 2802 2159 Christi
2849 2092 3071 2160 omnia
3116 2115 3265 2184 quae
3310 2091 3484 2159 Deus
3524 2089 3643 2158 scit
3670 2090 3741 2156 in
3767 2089 3986 2158 Verbo

811 2210 948 2297 Dei,
981 2209 1154 2303 quod
1187 2209 1504 2300 liquidius
1529 2216 1592 2275 et
1622 2207 2007 2299 praeseutius
2032 2208 2214 2275 omni
2241 2216 2541 2275 creatura
2575 2208 3057 2300 contemplatur
3092 2217 3167 2276 ut
3194 2208 3255 2275 ei
3281 2207 3492 2293 unita,
3525 2207 3599 2274 in
3625 2227 3758 2297 quo
3785 2206 3983 2284 etiam

745 2333 750 2338 ’
810 2327 1053 2418 angeli,
1084 2335 1148 2394 et
1175 2347 1326 2417 quae
1356 2325 1473 2392 Dei
1501 2333 1681 2410 sunt,
1713 2333 1777 2391 et
1802 2345 1950 2415 quae
1977 2323 2207 2392 futura
2232 2331 2411 2410 sunt,
2457 2333 2880 2412 cognoscunt.

574 2473 754 2523 ouo-no-
895 2442 1019 2512 Sed
1070 2442 1126 2510 si
1179 2440 1296 2509 illa
1348 2441 1570 2508 anima
1615 2463 1750 2508 non
1801 2439 1997 2508 habet
2048 2447 2298 2508 tantam
2372 2440 2768 2531 potentiam,
2840 2449 3155 2533 quantam
3224 2451 3289 2510 et
3337 2442 3561 2529 Deus;
3620 2463 3741 2509 nec
3796 2443 3988 2509 homo

583 2533 780 2654 {2222}ss
805 2566 1180 2650 assumptus
1232 2564 1481 2625 tantam
1537 2555 1931 2647 potentiam,
1985 2563 2303 2646 quantam
2354 2564 2420 2622 et
2472 2556 2649 2624 Deus
2700 2582 2714 2622 ε
2774 2557 3105 2648 quomodo
3158 2580 3315 2647 ergo
3370 2558 3767 2646 intelligitur
3806 2556 3986 2625 'illud

563 2662 779 2766 '‘ffiqffgss]
806 2676 1135 2745 Ambrosii
1161 2696 1352 2765 super
1378 2677 1659 2757 Lucam,
1691 2671 1810 2739 ubi
1839 2672 2137 2761 Angelus
2159 2671 2240 2739 de
2271 2672 2603 2739 nascituro
2630 2672 2799 2741 Filio
2830 2674 3122 2763 Virginis
3150 2675 3241 2741 ait
3267 2687 3328 2741 ¹:
3365 2675 3493 2741 Hic
3524 2674 3648 2741 erit
3676 2695 3981 2765 maqmae,

575 2791 631 2832 ¹³⁸
662 2794 761 2832 ⁸¹¹¹·
805 2802 870 2858 et
910 2791 1121 2858 Filius
1177 2789 1506 2857 Altissimi
1559 2787 1943 2856 vocabitur?
1978 2812 2013 2851 ι(
2041 2786 2190 2854 Non
2236 2786 2407 2873 ideo,
2438 2787 2659 2879 inquit
2700 2794 2746 2875 ⁸,
2778 2790 2902 2856 erit
2957 2812 3259 2879 magnuS,
3290 2790 3468 2881 quod
3524 2798 3675 2857 ante
3727 2798 3985 2881 partum

559 2854 776 3023 διξὲἒῑζῗ.
802 2907 1101 2995 Virginis
1131 2927 1410 2995 magnus
1436 2927 1572 2973 non
1615 2904 1866 2990 fuerit3
1912 2903 2024 2971 sed
2069 2903 2228 2995 quia
2264 2904 2623 2995 potentiam
2666 2927 2867 2995 quam
2916 2905 3035 2973 Dei
3078 2906 3291 2974 Filius
3338 2906 3729 2974 naturaliter
3767 2906 3983 2991 habet,

693 3011 722 3022 ⁰
801 3022 999 3090 homo
1028 3031 1166 3089 erat
1211 3045 1291 3090 ex
1340 3029 1629 3113 tempore
1672 3027 2077 3111 accepturuS,
2127 3026 2205 3086 ut
2256 3043 2393 3088 una
2437 3019 2521 3088 sit
2564 3043 2841 3112 persona
2886 3021 3082 3090 homo
3122 3034 3184 3090 et
3236 3022 3431 3090 DeuS.
3467 3047 3501 3086 >2
3555 3023 3715 3090 Ecce
3771 3029 3985 3112 aperte

801 3137 982 3225 dicit,
1039 3137 1218 3232 quod
1268 3135 1467 3206 homo
1520 3143 1658 3207 erat
1709 3143 2094 3228 accepturus
2147 3159 2228 3204 ex
2282 3144 2572 3229 tempore
2625 3140 3006 3232 potentiam,
3068 3164 3271 3233 quam
3324 3140 3442 3209 Dei
3498 3140 3707 3210 Filius
3756 3139 3987 3209 habuit

798 3254 1210 3323 naturaliter.
1270 3252 1398 3325 Sed
1448 3254 1503 3322 si
1556 3254 1752 3323 homo
1822 3261 2208 3344 accepturus
2255 3261 2393 3322 erat
2451 3255 2633 3323 illam
2688 3258 3085 3349 potentiam,
3143 3281 3299 3348 ergo
3351 3259 3457 3328 vel
3512 3280 3814 3349 persona,
3882 3255 3986 3324 vel

801 3379 1041 3441 natura
1091 3371 1401 3439 hominis.
1461 3370 1588 3439 Sed
1643 3392 1917 3462 persona
1970 3393 2131 3454 non,
2187 3370 2346 3462 quia
2397 3393 2651 3463 semper
2701 3372 2932 3441 habuit
2985 3383 3050 3442 et
3100 3374 3345 3443 habet:
3409 3397 3565 3464 ergo
3606 3381 3895 3441 natura:
3932 3373 3983 3439 si

804 3497 1047 3558 natura
1070 3540 1087 3573 ,
1122 3509 1279 3575 ergo
1304 3487 1522 3554 anima
1555 3514 1570 3554 ε
1602 3510 1756 3554 nam
1784 3486 1864 3554 de
1891 3508 2084 3554 carne
2113 3494 2362 3554 constat
2389 3487 2567 3579 quod
2592 3489 2877 3581 accipere
2906 3513 3040 3559 non
3074 3501 3306 3582 posset.
3336 3491 3441 3559 Ad
3470 3490 3648 3582 quod
3677 3490 3981 3574 dicimus,

801 3605 970 3673 illud
1003 3626 1138 3671 esse
1182 3602 1631 3692 accipiendum
1676 3603 1756 3669 de
1811 3624 2111 3694 persona,
2160 3602 2272 3670 sed
2317 3625 2449 3671 non
2499 3604 2569 3671 in
2623 3612 2950 3697 quantum
3002 3615 3099 3675 est
3137 3607 3256 3675 Dei
3293 3633 3308 3675 ε
3363 3608 3497 3701 imo
3541 3607 3612 3674 in
3657 3615 3984 3698 quantum

799 3729 896 3787 est
923 3741 1198 3810 persona
1223 3718 1531 3787 hominiS.
1571 3717 1711 3787 Una
1736 3727 1832 3785 est
1877 3718 2055 3786 enim
2092 3740 2370 3809 persona
2414 3719 2533 3787 Dei
2575 3728 2640 3788 et
2681 3720 2990 3808 hominis,
3035 3721 3191 3790 Filii
3219 3723 3362 3809 Dei,
3395 3732 3460 3791 et
3482 3723 3638 3791 Filii
3668 3722 3981 3804 hominis,

798 3859 946 3929 quae
975 3838 1046 3904 in
1077 3845 1402 3928 quantum
1458 3836 1577 3903 Dei
1622 3857 1898 3927 persona
1945 3842 2061 3913 est,
2108 3857 2363 3926 semper
2412 3844 2477 3902 et
2520 3838 2908 3906 naturaliter
2952 3831 3495 3930 omnipotentiam
3549 3840 3807 3926 habuit,
3839 3839 3981 3925 sed,

798 3954 867 4021 in
897 3960 1219 4044 quantum
1249 3960 1344 4020 est
1373 3952 1683 4038 hominis,
1730 3974 1865 4020 non
1911 3973 2167 4044 semper
2203 3951 2353 4019 fuit.
2399 3952 2521 4020 Illa
2557 3975 2713 4043 ergo
2750 3976 3048 4044 persona,
3094 3978 3243 4047 quae
3288 3978 3543 4047 semper
3591 3956 3809 4024 fuerat
3837 3956 3978 4043 Dei,

796 4068 1025 4156 futura²
1052 4077 1190 4136 erat
1241 4067 1525 4135 hominis
1567 4090 1844 4160 persona
1879 4092 1893 4134 :
1931 4076 1995 4136 et
2045 4069 2406 4137 secundum
2452 4069 2572 4139 hoc
2619 4071 2797 4163 quod
2850 4072 3080 4141 futura
3116 4081 3253 4141 erat
3298 4073 3607 4159 hominiS,
3639 4084 3983 4165 acceptura

796 4194 934 4253 erat
977 4208 1058 4253 ex
1106 4192 1397 4277 tempore
1441 4184 1823 4276 potentiam,
1878 4208 2080 4276 quam
2128 4187 2516 4255 naturaliter
2572 4196 2637 4254 et
2681 4210 2936 4279 semper
2992 4188 3312 4257 habuerat
3367 4190 3437 4256 in
3489 4198 3819 4281 quantum
3863 4189 3981 4257 Dei

795 4324 1092 4393 persona.
1159 4301 1539 4370 Secundum
1594 4299 1762 4370 hanc
1818 4301 2304 4371 distinctionem
2360 4303 2531 4371 illud
2585 4310 2650 4371 et
2703 4304 2943 4372 similia
2990 4328 3143 4373 sane
3200 4314 3470 4397 possunt
3536 4307 3763 4397 accipi.
3823 4306 3983 4388 Quae

796 4417 1124 4486 distinctio
1184 4417 1255 4485 in
1326 4416 1629 4510 pluribus
1699 4420 2138 4511 quaestionum
2208 4419 2501 4488 articulis
2571 4428 2667 4487 est
2733 4421 3090 4489 necessaria
3163 4423 3475 4491 adversus
3541 4424 3983 4514 quorumdam

727 4617 731 4622 .
794 4536 1168 4627 perplexam
1224 4535 1706 4604 verbositatem.
1768 4535 1898 4604 Sed
1950 4557 2102 4604 cum
2181 4536 2261 4604 de
2344 4537 2539 4605 rebus
2612 4545 2884 4622 constat,
2975 4536 3046 4603 in
3125 4538 3341 4606 verbis
3406 4539 3652 4607 frustra
3704 4538 3985 4608 habetur

794 4649 1256 4719 controversia.

860 4821 879 4857 ¹
910 4820 1118 4880 Coloss„
1141 4832 1202 4883 11,
1232 4821 1278 4870 3.
1307 4846 1355 4858 -
1383 4821 1405 4856 ¹
1432 4821 1564 4875 Luc..
1598 4832 1635 4884 ι,
1665 4823 1745 4871 32.
1768 4848 1831 4858 -
1851 4821 1874 4855 ⁸
1902 4821 2036 4871 Alias
2063 4820 2202 4872 Beda
2228 4821 2366 4873 circa
2391 4820 2513 4873 illud
2535 4823 2672 4885 Luc„
2701 4834 2754 4872 1:
2789 4823 2878 4873 Hic
2903 4825 3005 4874 erit
3029 4837 3238 4888 muyans
3254 4860 3272 4887 ,
3303 4826 3354 4875 et
3381 4827 3471 4881 est,
3489 4826 3639 4876 Hom.
3668 4834 3803 4876 xxm
3834 4839 3986 4890 super

798 4892 902 4941 Luc
924 4906 940 4954 3
969 4891 1022 4940 in
1051 4892 1230 4941 Glossa
1250 4895 1420 4943 tamen
1448 4892 1632 4942 citatur
1658 4892 1753 4942 sub
1780 4892 1991 4943 nomine
2021 4892 2296 4944 Ambrosii.
