4185 6288
627 462 746 526 {98

623 593 981 661 differentia
1001 592 1240 658 horum
1255 591 1480 671 trium,
1513 591 1668 675 quia
1690 590 1942 658 dilectio
1968 591 2169 656 rerer-

623 706 733 767 tur
756 701 836 767 ad
862 699 1110 766 cultum
1131 698 1523 777 interiorem,
1541 698 1926 764 sacrificium
1953 698 2036 763 ad
2050 716 2168 764 ex-

623 810 945 888 teriorem,
975 805 1336 873 reverentia
1361 805 1442 871 ad
1495 810 1867 892 utrumque.
1902 805 2018 871 Vel
2042 805 2166 870 ali-

621 920 741 995 ter,
762 915 1009 980 dilectio
1023 913 1295 979 refertur
1312 912 1393 978 ad
1410 913 1798 997 principium
1821 913 2163 992 motivum,

621 1020 1004 1087 sacrificium
1056 1019 1328 1085 refertur
1364 1018 1445 1084 ad
1472 1022 1727 1097 actum;
1781 1017 2164 1095 reverentia,

620 1128 701 1193 ad
726 1128 1000 1193 formam
1023 1131 1089 1191 et
1130 1127 1420 1192 modum.
1461 1124 1561 1191 Ad
1586 1124 1770 1207 'illud
1797 1125 1966 1208 quod
1994 1124 2168 1206 obji-

621 1235 792 1300 citur
818 1235 896 1300 de
949 1234 1319 1300 adoratione
1365 1237 1431 1300 et
1478 1231 1921 1315 prostratione,
1951 1230 2169 1295 dicen-

620 1344 780 1408 dum
802 1341 976 1427 qnod
1010 1342 1121 1406 illa
1159 1344 1364 1425 potest
1405 1339 1858 1422 comprehendi
1905 1337 2168 1402 nomine

619 1446 961 1512 sacrificii:
989 1447 1185 1512 etiam
1210 1449 1416 1529 potest
1439 1444 1563 1510 dici
1606 1442 1780 1525 quod
1806 1442 1983 1506 illam
2032 1458 2167 1506 non

619 1554 935 1635 nominat,
960 1553 1115 1638 quia
1159 1570 1294 1618 non
1320 1555 1415 1618 est
1453 1550 1663 1617 cultus
1687 1548 1808 1615 soli
1833 1548 1961 1614 Deo
1985 1548 2166 1613 debi-

619 1664 766 1728 tus:
795 1679 930 1727 non
972 1664 1229 1726 tantum
1255 1659 1429 1725 enim
1456 1657 1923 1742 prosternimur
1949 1674 2167 1722 coram

621 1768 773 1851 Deo,
807 1767 918 1834 md
935 1767 1128 1835 etiam
1157 1784 1375 1832 coram
1397 1765 1685 1831 homine.
1720 1763 1900 1831 Unde
1923 1782 2056 1829 non
2072 1767 2169 1830 est

620 1875 1109 1959 intelligendum
1161 1874 1334 1957 quod
1392 1873 1689 1939 Rabanus
1734 1873 1891 1939 velit
1928 1872 2165 1951 dicere,

622 1984 795 2068 qnod
819 2001 949 2048 non
971 1981 1350 2047 deberemus
1385 2000 1505 2047 nos
1522 1974 1738 2046 coram
1764 1979 2169 2045 humanitate

623 2095 1056 2174 prosternere;
1090 2090 1201 2156 sed
1223 2091 1397 2175 quod
1422 2088 1877 2174 prosternendo
1902 2105 2023 2152 nos
2051 2105 2167 2152 co-

621 2216 762 2264 ram
786 2198 1207 2279 humanitate,
1235 2216 1370 2263 non
1393 2198 1700 2264 debemus
1738 2194 2023 2279 profiteri
2049 2212 2168 2259 nos

621 2324 758 2372 esse
775 2309 1019 2371 creatos
1040 2307 1288 2371 ratione
1310 2303 1749 2382 humanitatis,
1770 2302 1879 2369 sed
1893 2302 2166 2368 deitatis.

623 2413 755 2478 Dici
780 2413 972 2479 etiam
999 2416 1229 2496 posset,
1260 2412 1434 2495 quod
1459 2410 1742 2477 adoratio
1755 2410 2170 2493 comprehen-

622 2519 797 2585 ditur
818 2521 943 2585 sub
964 2521 1087 2585 hoc
1112 2519 1285 2601 quod
1312 2518 1545 2583 dicitur
1596 2516 1975 2595 reverentia,
2005 2517 2171 2581 sicut

622 2630 688 2690 et
717 2626 873 2691 fides
914 2625 1294 2707 intelligitur
1336 2642 1452 2707 per
1477 2624 1877 2689 dilectionem
1920 2645 1937 2690 :
1974 2628 2037 2689 et
2077 2624 2171 2703 sic

622 2736 795 2814 patet
820 2732 1148 2817 responsio
1172 2731 1255 2796 ad
1274 2747 1569 2815 sequens.

1268 2933 1409 2981 DUB.
1447 2934 1515 2979 11.

687 3063 852 3123 Quem
878 3059 1157 3114 adoramus
1177 3073 1308 3185 (3υὲ
1324 3062 1470 3185 Ρταειὲε
1494 3065 1547 3111 et
1580 3061 1770 3126 Spiritu
1797 3063 1977 3113 sancto
2004 3074 2109 3114 una

1310 3148 1343 3185 o
1443 3147 1563 3185 one.

707 3278 938 3345 Contra
959 3278 1082 3345 hoc
1125 3278 1397 3344 verbum
1426 3277 1792 3342 Damasceni
1815 3277 2117 3360 objicitur
2149 3294 2166 3341 ε

628 3386 814 3452 Pater
840 3391 903 3452 et
929 3385 1203 3469 Spiritus
1235 3389 1494 3450 sanctus
1526 3388 1676 3449 sunt
1724 3402 2012 3467 personae
2041 3385 2170 3450 dis-

624 3492 862 3571 tinctae‚
892 3498 956 3559 et
981 3493 1238 3558 cuilibet
1264 3511 1488 3557 earum
1536 3492 1804 3557 debetur
1841 3510 1975 3556 una
2016 3491 2171 3557 ado-

624 3600 787 3665 ratio
837 3620 952 3684 per
1000 3619 1068 3665 se
1098 3623 1115 3666 ε
1163 3617 1322 3682 crgo
1360 3599 1416 3663 si
1458 3598 1537 3663 ad
1576 3598 2169 3681 multiplicationem

623 3707 854 3789 objecti
882 3707 1172 3790 sequitur
1194 3704 1637 3790 multiplicatio
1664 3709 1845 3770 actus
1863 3753 1882 3785 ,
1915 3706 2172 3771 videtur

621 3813 794 3895 quod
819 3813 945 3878 illae
970 3832 1259 3897 personae
1281 3817 1436 3878 sunt
1448 3812 1801 3895 multiplici,
1823 3831 1954 3877 non
1978 3814 2172 3878 unica

621 3920 987 3985 adoratione
1030 3920 1391 3987 adorandae.
1448 3918 1605 3984 Item
1634 3919 1915 3984 adoratio
1942 3921 2168 3984 subse-

621 4027 847 4111 quitur
869 4026 1281 4092 directionem
1308 4025 1458 4091 fidei
1479 4048 1493 4091 :
1515 4025 1625 4090 sed
1651 4026 1807 4091 fides
1833 4026 2172 4109 distinguit

621 4135 788 4200 inter
814 4152 1115 4218 personas
1144 4155 1160 4199 ι
1195 4150 1352 4216 ergo
1387 4136 1453 4197 et
1474 4132 1747 4196 adorans
1762 4182 1781 4212 ,
1813 4134 2168 4198 secundum

622 4242 794 4325 quod
817 4241 1211 4325 hujusmodi,
1241 4239 1577 4321 distinguit
1601 4240 1767 4303 inter
1811 4257 2117 4323 personas
2145 4262 2161 4307 ε

620 4354 684 4415 et
713 4349 767 4413 si
791 4349 939 4430 hoc,
966 4348 1132 4413 redit
1158 4347 1327 4412 idem
1361 4347 1534 4431 quod
1561 4347 1763 4431 prius.
1994 4407 1999 4412 .

697 4455 886 4540 Resp.
968 4454 1318 4521 Dicendum
1409 4455 1581 4537 quod
1669 4460 1798 4520 tres
1872 4473 2164 4539 personae

613 4563 808 4629 unica
832 4567 897 4629 et
922 4561 1192 4645 simplici
1219 4561 1581 4627 adoratione
1621 4566 1771 4627 sunt
1796 4559 2158 4628 adorandae.

614 4669 694 4735 Et
711 4669 870 4734 ratio
896 4668 1100 4752 hujus
1126 4671 1243 4750 est,
1259 4668 1414 4751 quia
1435 4668 1595 4733 illud
1621 4668 1975 4734 secundum
1988 4671 2162 4753 quod

611 4776 914 4859 competit
964 4775 1215 4840 adorari
1254 4791 1512 4839 summa
1540 4777 1857 4859 majestas,
1887 4782 1981 4840 est
2010 4779 2159 4841 uni-

612 4900 761 4947 cum
789 4882 972 4948 nullo
993 4882 1183 4947 modo
1205 4880 1699 4965 multiplicatum
1727 4905 1740 4947 :
1774 4888 1839 4948 et
1866 4884 1975 4964 ita,
1993 4884 2160 4948 sicut

611 4988 804 5054 unica
831 4988 1164 5054 dilectione
1211 4988 1602 5071 diliguntur,
1633 4989 1786 5071 quia
1826 4990 1897 5054 in
1937 4990 2029 5054 eis
2062 4995 2159 5054 est

610 5113 743 5159 una
785 5113 1041 5160 summa
1081 5095 1363 5173 bonitas,
1413 5094 1503 5159 sic
1545 5096 1736 5161 unica
1789 5085 2155 5163 adoratione

609 5205 978 5270 adorantur.
1016 5205 1114 5270 Ad
1139 5205 1296 5271 illud
1327 5205 1500 5287 quod
1524 5207 1846 5289 objicitur,
1876 5208 2048 5291 quod
2074 5209 2154 5273 il-

606 5310 688 5378 1ae
717 5329 1006 5395 personae
1047 5310 1534 5394 distinguuntur
1556 5359 1575 5393 ,
1616 5314 1955 5378 dicendum
1979 5316 2152 5398 quod

606 5418 727 5485 etsi
781 5417 1269 5503 distinguuntur
1321 5418 1566 5484 ratione
1619 5421 2040 5487 emanationis
2084 5427 2151 5489 et

1739 454 2369 524 SENTENTIARUM
2408 454 2558 523 Lm.
2601 455 2712 522 111.

2278 591 2574 674 originis,
2629 609 2766 658 non
2817 593 3038 655 tamen
3092 589 3340 656 ratione
3364 589 3753 656 adorationis
3805 610 3828 656 ι

2279 697 2420 762 ideo
2444 715 2575 761 non
2614 698 2907 781 aequitur
2934 697 3105 782 quod
3131 700 3423 782 respectu
3447 698 3683 763 harum
3707 698 3832 762 ba·-

2279 803 2470 869 beant
2521 805 2805 871 diversas
2861 805 3285 884 adorationes,
3314 804 3425 869 sed
3484 805 3655 888 quod
3700 805 3830 871 ha-

2278 910 2470 976 beant
2514 911 2800 978 diversas
2846 913 3176 979 relationes
3211 935 3227 974 :
3274 918 3340 978 et
3363 913 3514 992 ⁸hoc
3565 912 3831 997 quidem

2278 1016 2470 1084 dictat
2497 1020 2656 1084 fides
2681 1039 2859 1102 sana,
2907 1038 3105 1103 quam
3132 1019 3557 1103 :consequitur
3609 1019 3830 1085 adora-

2278 1124 2392 1190 tio.
2427 1126 2507 1191 Et
2532 1146 2646 1210 per
2671 1127 2795 1192 hoc
2821 1130 2993 1211 patet
3016 1146 3290 1210 sequens
3315 1127 3628 1210 {objectim
3655 1128 3827 1211 quod

2277 1231 2515 1297 scilicet
2569 1233 2856 1299 adoratio
2923 1233 3212 1318 sequitur
3269 1233 3461 1298 fidem
3488 1283 3506 1313 ,
3561 1251 3695 1298 non
3755 1233 3829 1298 in

2279 1343 2596 1421 quantum
2620 1340 2960 1422 distinguit
3002 1344 3130 1407 tres
3190 1359 3492 1425 personas
3518 1359 3634 1425 per
3661 1340 3831 1405 rela-

2279 1446 2532 1512 tionum
2576 1447 3024 1531 pluralitatem,
3070 1448 3181 1514 sed
3223 1448 3293 1513 in
3337 1453 3658 1532 quantum
3681 1449 3830 1514 unit

2279 1571 2395 1637 per
2422 1554 2773 1637 majestatis
2798 1554 3139 1621 unitatem.

2916 1790 3057 1837 bun.
3088 1789 3182 1836 111.

2633 1942 2742 2008 Ego
2764 1939 3078 1993 dominicam
3104 1954 3313 1993 carnem
3327 1980 3343 2006 ,
3376 1945 3477 1994 etc.

2359 2096 2589 2162 Contra
2619 2117 2635 2158 ε
2664 2094 2734 2160 Si
2759 2094 2828 2157 in
2855 2094 3101 2160 Christo
3126 2095 3429 2160 adoratur
3453 2096 3754 2162 divinitas
3766 2104 3830 2164 et

2277 2203 2666 2282 humanitas,
2697 2206 2760 2268 et
2782 2203 2853 2266 in
2878 2201 3019 2266 aliis
3038 2202 3324 2286 personis
3369 2203 3689 2284 divinitas,
3718 2206 3831 2271 vi-

2279 2310 2465 2376 detur
2489 2309 2672 2393 {quod
2723 2309 2936 2391 magis
2984 2308 3065 2373 sit
3106 2309 3468 2375 adorandus
3518 2309 3826 2393 Christus,

2278 2434 2473 2499 quam
2536 2415 2679 2480 aliae
2735 2433 3046 2498 personae.
3119 2415 3277 2480 Item
3344 2416 3490 2499 plus
3532 2421 3830 2483 tenemur

2278 2523 2518 2605 gratias
2568 2521 2813 2587 Christo
2851 2541 3046 2605 agere
3101 2528 3244 2606 post
3290 2523 3821 2605 incarnationem,

2278 2647 2475 2714 quam
2497 2634 2644 2695 ante
2667 2651 2683 2695 ε
2706 2648 2864 2711 ergo
2889 2630 3102 2713 magis
3126 2630 3433 2696 debemus
3461 2631 3674 2713 ipsum
3700 2632 3825 2697 ho-

2278 2755 2529 2814 norare,
2579 2737 2843 2803 adorare
2888 2740 2953 2802 et
2995 2738 3293 2803 venerari
3338 2760 3354 2802 ε
3401 2756 3559 2820 ergo
3594 2740 3649 2803 si
3680 2739 3824 2820 hoc,

2277 2844 2489 2926 magis
2516 2846 2812 2909 tenemur
2838 2843 3102 2909 adorare
3120 2841 3361 2909 Filium
3379 2843 3824 2923 incarnatum,

2253 2968 2474 3033 -quam
2510 2969 2643 3015 non
2666 2951 3069 3015 incarnatum
3095 2967 3115 3013 ε
3144 2951 3287 3015 etsi
3316 2951 3462 3030 hoc,
3493 2953 3701 3035 magis
3722 2954 3828 3019 Fi-

2277 3058 2463 3138 lium,
2510 3076 2708 3142 quam
2765 3057 3052 3137 Patrem,
3106 3059 3207 3124 vel
3275 3058 3586 3141 Spiritum
3649 3079 3830 3128 sanc-

2277 3171 2444 3231 tum.

2359 3273 2427 3338 Si
2454 3278 2526 3338 tu
2553 3274 2746 3356 dicas,
2775 3274 2947 3357 quod
2991 3274 3203 3357 magis
3228 3273 3536 3341 debemus
3560 3275 3830 3342 adorare

2277 3381 2563 3447 Verbum
2591 3399 2723 3446 non
2749 3381 3086 3461 intensive,
3131 3381 3239 3445 sed
3266 3383 3630 3463 extensive3
3678 3401 3829 3449 con-

2278 3496 2376 3555 tra
2419 3511 2435 3556 2
2490 3488 2682 3556 Plura
2728 3492 2899 3556 bona
2938 3490 3345 3574 paucioribus
3390 3490 3577 3556 bonis
3615 3494 3829 3575 magis

2276 3600 2427 3662 sunt
2451 3598 2805 3682 appetenda
2832 3619 2848 3663 ι
2880 3615 3039 3680 ergo
3052 3598 3239 3681 plura
3263 3598 3661 3663 honorabilia
3677 3618 3826 3665 ma·-

2277 3705 2381 3787 gis
2408 3707 2562 3770 sunt
2581 3705 2945 3770 veneranda
2961 3709 3025 3769 et
3048 3704 3444 3769 honoranda.

2355 3811 2540 3897 Resp.
2600 3812 2946 3877 Dicendum
2999 3812 3173 3895 quod
3210 3830 3343 3876 non
3393 3812 3606 3895 magis
3666 3814 3828 3879 ado-

2275 3921 2516 3985 randus
2541 3925 2636 3985 est
2662 3920 2969 4000 Christus,
3004 3939 3201 4003 quam
3236 3918 3441 3998 Pater,
3489 3921 3596 3986 vel
3620 3920 3828 4004 Spiri-

2277 4032 2380 4093 tus
2420 4031 2706 4109 sanctus;
2763 4045 2882 4091 nec
2911 4027 3197 4093 Verbum
3239 4026 3644 4091 incarnatum
3679 4029 3825 4111 plus

2274 4135 2460 4200 dehet
2509 4135 2761 4200 adorari
2816 4139 2958 4218 post
3008 4134 3511 4199 incarnationem
3536 4182 3555 4216 ,
3623 4154 3823 4217 quam

2273 4247 2440 4307 ante.
2471 4241 2550 4307 Et
2571 4242 2771 4324 huius
2798 4242 2962 4306 ratio
2987 4245 3105 4320 est,
3136 4241 3291 4325 quia
3316 4241 3601 4307 adoratio
3625 4245 3825 4327 respi-

2272 4353 2358 4416 cit
2402 4352 2796 4434 majestatem
2835 4353 2900 4413 et
2942 4350 3322 4432 dignitatem
3354 4371 3370 4415 :
3402 4355 3466 4415 et
3509 4351 3821 4434 quoniam

2271 4459 2478 4525 Verbo
2517 4458 2699 4523 nulla
2736 4459 3010 4523 accrevit
3050 4458 3330 4542 dignitas
3378 4476 3460 4522 ex
3507 4459 3819 4525 humanae

2269 4569 2521 4630 naturae
2546 4562 2986 4646 assumptione
3008 4585 3025 4641 ;
3047 4564 3192 4628 ideo
3213 4582 3345 4629 non
3359 4563 3543 4629 debet
3564 4564 3818 4629 adorari

2269 4672 2500 4755 majori
2552 4669 2938 4736 adoratione.
2977 4667 3033 4734 N
3035 4687 3108 4735 ec
3146 4670 3316 4735 valet
3356 4670 3530 4754 quod
3571 4670 3812 4753 oincit‚

2268 4780 2440 4864 quod
2499 4779 2687 4862 plura
2721 4777 2891 4842 bona
2940 4777 3349 4860 paucioribus
3398 4782 3550 4841 sunt
3605 4777 3815 4859 praeli·

2267 4887 2516 4970 genda;
2545 4886 2670 4951 hoc
2686 4885 2859 4949 enim
2890 4884 3083 4947 habet
3108 4883 3524 4966 multiplicem
3557 4884 3813 4949 instan-

2265 4996 2421 5059 tiam
2445 5016 2460 5059 ε
2497 5012 2630 5058 una
2654 4996 2749 5057 est
2777 5014 2792 5056 :
2825 4991 3083 5075 quando
3101 5008 3309 5055 unum
3333 4997 3427 5055 est
3444 4996 3702 5076 propter
3714 4992 3812 5058 al-

2263 5106 2497 5182 terum,
2529 5102 2619 5165 ibi
2635 5100 2809 5165 enim
2837 5102 2931 5162 est
2948 5115 3157 5161 unum
3182 5101 3467 5176 tantum;
3517 5098 3685 5163 unde
3711 5099 3808 5162 si-

2260 5214 2370 5275 cut
2411 5215 2626 5274 tenere
2661 5226 2904 5293 equum
2939 5212 3003 5271 et
3038 5205 3294 5270 frenum
3310 5255 3328 5287 ,
3371 5225 3505 5272 non
3540 5213 3635 5271 est
3660 5206 3807 5291 plus

2258 5322 2474 5383 tenere
2510 5334 2708 5402 quam
2746 5332 2988 5397 equum
3008 5361 3027 5392 ‚
3080 5312 3171 5375 sic
3200 5312 3465 5378 adorare
3496 5313 3699 5377 Deum
3737 5320 3804 5379 et

2258 5442 2541 5505 carnem,
2564 5440 2700 5487 non
2733 5427 2829 5485 est
2865 5421 3009 5506 plus
3030 5436 3229 5504 quam
3277 5419 3542 5486 adorare
3569 5419 3793 5486 Deum.
