<?xml version="1.0" encoding="UTF-8"?>
<!DOCTYPE html PUBLIC "-//W3C//DTD XHTML 1.0 Transitional//EN"
    "http://www.w3.org/TR/xhtml1/DTD/xhtml1-transitional.dtd">
<html xmlns="http://www.w3.org/1999/xhtml" xml:lang="en" lang="en">
 <head>
  <title>
</title>
<meta http-equiv="Content-Type" content="text/html;charset=utf-8" />
  <meta name='ocr-system' content='tesseract 3.04.00' />
  <meta name='ocr-capabilities' content='ocr_page ocr_carea ocr_par ocr_line ocrx_word'/>
</head>
<body>
  <div class='ocr_page' id='page_1' title='image "./srecardinalissb01cargoog_0097.png"; bbox 0 0 4185 6288; ppageno 0'>
   <div class='ocr_carea' id='block_1_1' title="bbox 1083 511 3449 607">
    <p class='ocr_par' dir='ltr' id='par_1_1' title="bbox 1083 511 3449 607">
     <span class='ocr_line' id='line_1_1' title="bbox 1083 511 3449 607; baseline 0.013 -30"><span class='ocrx_word' id='word_1_1' title='bbox 1083 511 1276 579; x_wconf 85' lang='lat' dir='ltr'>ms&#39;r.</span> <span class='ocrx_word' id='word_1_2' title='bbox 1320 514 1425 581; x_wconf 90' lang='lat'>111.</span> <span class='ocrx_word' id='word_1_3' title='bbox 1472 514 1711 587; x_wconf 75' lang='lat' dir='ltr'>PART.</span> <span class='ocrx_word' id='word_1_4' title='bbox 1750 517 1836 588; x_wconf 86' lang='lat'>11.</span> <span class='ocrx_word' id='word_1_5' title='bbox 1876 519 2060 589; x_wconf 72' lang='grc' dir='ltr'><strong>ΛΒΤ.</strong></span> <span class='ocrx_word' id='word_1_6' title='bbox 2107 524 2156 590; x_wconf 87' lang='lat'>1.</span> <span class='ocrx_word' id='word_1_7' title='bbox 2200 525 2500 605; x_wconf 75' lang='lat' dir='ltr'>QUAEST.</span> <span class='ocrx_word' id='word_1_8' title='bbox 2546 530 2594 595; x_wconf 86' lang='lat'>1.</span> <span class='ocrx_word' id='word_1_9' title='bbox 3368 540 3449 607; x_wconf 73' lang='lat'>75</span> 
     </span>
    </p>
   </div>
   <div class='ocr_carea' id='block_1_2' title="bbox 883 782 1155 831">
    <p class='ocr_par' dir='ltr' id='par_1_2' title="bbox 883 782 1155 831">
     <span class='ocr_line' id='line_1_2' title="bbox 883 782 1155 831; baseline 0.004 -2"><span class='ocrx_word' id='word_1_10' title='bbox 883 782 1022 831; x_wconf 78' lang='lat' dir='ltr'><strong>DUB.</strong></span> <span class='ocrx_word' id='word_1_11' title='bbox 1061 784 1155 830; x_wconf 88' lang='lat'>111.</span> 
     </span>
    </p>
   </div>
   <div class='ocr_carea' id='block_1_3' title="bbox 614 897 1451 964">
    <p class='ocr_par' dir='ltr' id='par_1_3' title="bbox 614 897 1451 964">
     <span class='ocr_line' id='line_1_3' title="bbox 614 897 1451 964; baseline 0.008 -16"><span class='ocrx_word' id='word_1_12' title='bbox 614 897 743 949; x_wconf 76' lang='lat' dir='ltr'>sola</span> <span class='ocrx_word' id='word_1_13' title='bbox 765 897 899 950; x_wconf 82' lang='lat' dir='ltr'>illius</span> <span class='ocrx_word' id='word_1_14' title='bbox 926 913 1032 951; x_wconf 93' lang='lat' dir='ltr'>non</span> <span class='ocrx_word' id='word_1_15' title='bbox 1061 904 1138 952; x_wconf 85' lang='lat' dir='ltr'>cst</span> <span class='ocrx_word' id='word_1_16' title='bbox 1167 915 1286 954; x_wconf 87' lang='lat' dir='ltr'>caro</span> <span class='ocrx_word' id='word_1_17' title='bbox 1307 941 1319 964; x_wconf 88' lang='lat'>,</span> <span class='ocrx_word' id='word_1_18' title='bbox 1353 908 1451 956; x_wconf 87' lang='lat' dir='ltr'>etc.</span> 
     </span>
    </p>
   </div>
   <div class='ocr_carea' id='block_1_4' title="bbox 255 1047 1793 4039">
    <p class='ocr_par' dir='ltr' id='par_1_4' title="bbox 265 1047 1793 1456">
     <span class='ocr_line' id='line_1_4' title="bbox 333 1047 1793 1139; baseline 0.008 -25"><span class='ocrx_word' id='word_1_19' title='bbox 333 1047 589 1115; x_wconf 80' lang='lat' dir='ltr'>Contra:</span> <span class='ocrx_word' id='word_1_20' title='bbox 641 1052 713 1118; x_wconf 89' lang='lat' dir='ltr'>Si</span> <span class='ocrx_word' id='word_1_21' title='bbox 755 1056 1268 1139; x_wconf 87' lang='lat' dir='ltr'>concupiscentia</span> <span class='ocrx_word' id='word_1_22' title='bbox 1309 1063 1408 1126; x_wconf 87' lang='lat' dir='ltr'>est</span> <span class='ocrx_word' id='word_1_23' title='bbox 1456 1059 1690 1125; x_wconf 81' lang='lat' dir='ltr'>vitium</span> <span class='ocrx_word' id='word_1_24' title='bbox 1729 1065 1793 1126; x_wconf 88' lang='lat' dir='ltr'>et</span> 
     </span>
     <span class='ocr_line' id='line_1_5' title="bbox 270 1153 1786 1253; baseline 0.011 -35"><span class='ocrx_word' id='word_1_25' title='bbox 270 1153 513 1221; x_wconf 63' lang='lat' dir='ltr'>adactus</span> <span class='ocrx_word' id='word_1_26' title='bbox 526 1207 546 1237; x_wconf 90' lang='lat'>‚</span> <span class='ocrx_word' id='word_1_27' title='bbox 590 1178 732 1225; x_wconf 90' lang='lat' dir='ltr'>non</span> <span class='ocrx_word' id='word_1_28' title='bbox 769 1180 926 1245; x_wconf 88' lang='lat' dir='ltr'>ergo</span> <span class='ocrx_word' id='word_1_29' title='bbox 953 1168 1048 1229; x_wconf 71' lang='lat' dir='ltr'>oet</span> <span class='ocrx_word' id='word_1_30' title='bbox 1082 1166 1516 1253; x_wconf 75' lang='lat' dir='ltr'><strong>generationis</strong></span> <span class='ocrx_word' id='word_1_31' title='bbox 1542 1167 1786 1251; x_wconf 86' lang='lat' dir='ltr'>princi-</span> 
     </span>
     <span class='ocr_line' id='line_1_6' title="bbox 265 1257 1790 1347; baseline 0.013 -26"><span class='ocrx_word' id='word_1_32' title='bbox 265 1257 442 1340; x_wconf 89' lang='lat' dir='ltr'>pium.</span> <span class='ocrx_word' id='word_1_33' title='bbox 477 1259 656 1326; x_wconf 83' lang='lat' dir='ltr'>Nihil</span> <span class='ocrx_word' id='word_1_34' title='bbox 691 1283 852 1347; x_wconf 90' lang='lat' dir='ltr'>ergo</span> <span class='ocrx_word' id='word_1_35' title='bbox 876 1269 970 1330; x_wconf 71' lang='lat' dir='ltr'>aet</span> <span class='ocrx_word' id='word_1_36' title='bbox 995 1266 1167 1333; x_wconf 89' lang='lat' dir='ltr'>dictu</span> <span class='ocrx_word' id='word_1_37' title='bbox 1199 1290 1214 1333; x_wconf 74' lang='grc' dir='ltr'>ε</span> <span class='ocrx_word' id='word_1_38' title='bbox 1246 1269 1390 1337; x_wconf 78' lang='lat' dir='ltr'>Non</span> <span class='ocrx_word' id='word_1_39' title='bbox 1416 1287 1557 1338; x_wconf 78' lang='lat' dir='ltr'>eum</span> <span class='ocrx_word' id='word_1_40' title='bbox 1582 1276 1790 1340; x_wconf 80' lang='lat' dir='ltr'>mater</span> 
     </span>
     <span class='ocr_line' id='line_1_7' title="bbox 266 1371 1105 1456; baseline 0.008 -24"><span class='ocrx_word' id='word_1_41' title='bbox 266 1371 770 1450; x_wconf 47' lang='lat' dir='ltr'>eoncupiscentia</span> <span class='ocrx_word' id='word_1_42' title='bbox 792 1376 1105 1456; x_wconf 74' lang='lat' dir='ltr'>concepit.</span> 
     </span>
    </p>

    <p class='ocr_par' dir='ltr' id='par_1_5' title="bbox 255 1472 1790 4039">
     <span class='ocr_line' id='line_1_8' title="bbox 325 1472 1783 1569; baseline 0.009 -29"><span class='ocrx_word' id='word_1_43' title='bbox 325 1472 496 1558; x_wconf 82' lang='lat' dir='ltr'>Resp.</span> <span class='ocrx_word' id='word_1_44' title='bbox 525 1476 920 1559; x_wconf 73' lang='lat' dir='ltr'>Dicendum,</span> <span class='ocrx_word' id='word_1_45' title='bbox 961 1482 1130 1564; x_wconf 85' lang='lat' dir='ltr'>quod</span> <span class='ocrx_word' id='word_1_46' title='bbox 1173 1482 1382 1548; x_wconf 89' lang='lat' dir='ltr'>littera</span> <span class='ocrx_word' id='word_1_47' title='bbox 1425 1483 1536 1550; x_wconf 88' lang='lat' dir='ltr'>illa</span> <span class='ocrx_word' id='word_1_48' title='bbox 1579 1488 1783 1569; x_wconf 83' lang='lat' dir='ltr'>potest</span> 
     </span>
     <span class='ocr_line' id='line_1_9' title="bbox 260 1579 1790 1674; baseline 0.009 -30"><span class='ocrx_word' id='word_1_49' title='bbox 260 1579 502 1663; x_wconf 78' lang='lat' dir='ltr'>intelligi</span> <span class='ocrx_word' id='word_1_50' title='bbox 535 1602 674 1651; x_wconf 89' lang='lat' dir='ltr'>uno</span> <span class='ocrx_word' id='word_1_51' title='bbox 703 1586 919 1663; x_wconf 87' lang='lat' dir='ltr'>modo,</span> <span class='ocrx_word' id='word_1_52' title='bbox 947 1587 1121 1670; x_wconf 85' lang='lat' dir='ltr'>quod</span> <span class='ocrx_word' id='word_1_53' title='bbox 1160 1590 1678 1674; x_wconf 86' lang='lat' dir='ltr'>concupiscentia</span> <span class='ocrx_word' id='word_1_54' title='bbox 1706 1592 1790 1658; x_wconf 85' lang='lat' dir='ltr'>sit</span> 
     </span>
     <span class='ocr_line' id='line_1_10' title="bbox 257 1686 1784 1783; baseline 0.009 -33"><span class='ocrx_word' id='word_1_55' title='bbox 257 1686 614 1754; x_wconf 84' lang='lat' dir='ltr'>nominativi</span> <span class='ocrx_word' id='word_1_56' title='bbox 656 1710 882 1774; x_wconf 86' lang='lat' dir='ltr'>casus,</span> <span class='ocrx_word' id='word_1_57' title='bbox 922 1697 986 1758; x_wconf 91' lang='lat' dir='ltr'>et</span> <span class='ocrx_word' id='word_1_58' title='bbox 1027 1693 1110 1758; x_wconf 87' lang='lat' dir='ltr'>sit</span> <span class='ocrx_word' id='word_1_59' title='bbox 1157 1696 1542 1762; x_wconf 76' lang='lat' dir='ltr'>constructio</span> <span class='ocrx_word' id='word_1_60' title='bbox 1585 1718 1784 1783; x_wconf 89' lang='lat' dir='ltr'>appo-</span> 
     </span>
     <span class='ocr_line' id='line_1_11' title="bbox 256 1791 1788 1888; baseline 0.011 -31"><span class='ocrx_word' id='word_1_61' title='bbox 256 1791 459 1860; x_wconf 80' lang='lat' dir='ltr'>sitiva:</span> <span class='ocrx_word' id='word_1_62' title='bbox 503 1801 568 1861; x_wconf 87' lang='lat' dir='ltr'>et</span> <span class='ocrx_word' id='word_1_63' title='bbox 597 1802 762 1864; x_wconf 89' lang='lat' dir='ltr'>tunc</span> <span class='ocrx_word' id='word_1_64' title='bbox 792 1805 991 1883; x_wconf 87' lang='lat' dir='ltr'>negat</span> <span class='ocrx_word' id='word_1_65' title='bbox 1029 1800 1364 1884; x_wconf 75' lang='lat' dir='ltr'>Magister,</span> <span class='ocrx_word' id='word_1_66' title='bbox 1391 1805 1568 1888; x_wconf 85' lang='lat' dir='ltr'>quod</span> <span class='ocrx_word' id='word_1_67' title='bbox 1612 1806 1788 1874; x_wconf 89' lang='lat' dir='ltr'>Chri-</span> 
     </span>
     <span class='ocr_line' id='line_1_12' title="bbox 255 1904 1789 1997; baseline 0.011 -32"><span class='ocrx_word' id='word_1_68' title='bbox 255 1904 406 1966; x_wconf 82' lang='lat' dir='ltr'>stum</span> <span class='ocrx_word' id='word_1_69' title='bbox 419 1920 553 1968; x_wconf 91' lang='lat' dir='ltr'>non</span> <span class='ocrx_word' id='word_1_70' title='bbox 581 1907 879 1990; x_wconf 78' lang='lat' dir='ltr'><strong>concepit</strong></span> <span class='ocrx_word' id='word_1_71' title='bbox 900 1909 1426 1992; x_wconf 85' lang='lat' dir='ltr'>concupiscentia,</span> <span class='ocrx_word' id='word_1_72' title='bbox 1447 1913 1556 1979; x_wconf 86' lang='lat' dir='ltr'>sed</span> <span class='ocrx_word' id='word_1_73' title='bbox 1578 1915 1789 1997; x_wconf 83' lang='lat' dir='ltr'>gratia</span> 
     </span>
     <span class='ocr_line' id='line_1_13' title="bbox 255 2010 1788 2104; baseline 0.011 -32"><span class='ocrx_word' id='word_1_74' title='bbox 255 2010 563 2092; x_wconf 76' lang='lat' dir='ltr'>tamquam</span> <span class='ocrx_word' id='word_1_75' title='bbox 579 2017 814 2095; x_wconf 87' lang='lat' dir='ltr'>mater,</span> <span class='ocrx_word' id='word_1_76' title='bbox 836 2033 954 2098; x_wconf 89' lang='lat' dir='ltr'>pro</span> <span class='ocrx_word' id='word_1_77' title='bbox 977 2034 1054 2081; x_wconf 91' lang='lat' dir='ltr'>eo</span> <span class='ocrx_word' id='word_1_78' title='bbox 1080 2016 1253 2099; x_wconf 83' lang='lat' dir='ltr'>quod</span> <span class='ocrx_word' id='word_1_79' title='bbox 1275 2020 1788 2104; x_wconf 87' lang='lat' dir='ltr'>concupiscentia</span> 
     </span>
     <span class='ocr_line' id='line_1_14' title="bbox 255 2110 1786 2205; baseline 0.01 -26"><span class='ocrx_word' id='word_1_80' title='bbox 255 2110 446 2180; x_wconf 86' lang='lat' dir='ltr'>locum</span> <span class='ocrx_word' id='word_1_81' title='bbox 480 2122 658 2185; x_wconf 86' lang='lat' dir='ltr'>tenet</span> <span class='ocrx_word' id='word_1_82' title='bbox 685 2121 912 2186; x_wconf 88' lang='lat' dir='ltr'>matris</span> <span class='ocrx_word' id='word_1_83' title='bbox 952 2121 1022 2186; x_wconf 91' lang='lat' dir='ltr'>in</span> <span class='ocrx_word' id='word_1_84' title='bbox 1061 2125 1474 2205; x_wconf 77' lang='lat' dir='ltr'>generatione</span> <span class='ocrx_word' id='word_1_85' title='bbox 1500 2128 1786 2196; x_wconf 85' lang='lat' dir='ltr'>filiorum</span> 
     </span>
     <span class='ocr_line' id='line_1_15' title="bbox 255 2223 1788 2305; baseline 0.012 -18"><span class='ocrx_word' id='word_1_86' title='bbox 255 2223 490 2305; x_wconf 73' lang='lat' dir='ltr'>pccoeti,</span> <span class='ocrx_word' id='word_1_87' title='bbox 531 2227 898 2294; x_wconf 89' lang='lat' dir='ltr'>secundum</span> <span class='ocrx_word' id='word_1_88' title='bbox 926 2230 1085 2296; x_wconf 90' lang='lat' dir='ltr'>illud</span> <span class='ocrx_word' id='word_1_89' title='bbox 1120 2231 1477 2300; x_wconf 74' lang='lat' dir='ltr'>Ezechielis</span> <span class='ocrx_word' id='word_1_90' title='bbox 1501 2242 1520 2277; x_wconf 85' lang='lat'><strong>¹</strong></span> <span class='ocrx_word' id='word_1_91' title='bbox 1542 2257 1569 2302; x_wconf 90' lang='grc'>.·</span> <span class='ocrx_word' id='word_1_92' title='bbox 1598 2236 1788 2305; x_wconf 79' lang='lat' dir='ltr'>Pater</span> 
     </span>
     <span class='ocr_line' id='line_1_16' title="bbox 260 2332 1789 2420; baseline 0.011 -27"><span class='ocrx_word' id='word_1_93' title='bbox 260 2332 390 2394; x_wconf 77' lang='lat' dir='ltr'>tuus</span> <span class='ocrx_word' id='word_1_94' title='bbox 419 2332 867 2416; x_wconf 61' lang='lat' dir='ltr'>amorrheus,</span> <span class='ocrx_word' id='word_1_95' title='bbox 902 2343 975 2405; x_wconf 76' lang='lat' dir='ltr'>et·</span> <span class='ocrx_word' id='word_1_96' title='bbox 1005 2344 1210 2407; x_wconf 79' lang='lat' dir='ltr'>mater</span> <span class='ocrx_word' id='word_1_97' title='bbox 1237 2344 1350 2407; x_wconf 81' lang='lat' dir='ltr'>tua</span> <span class='ocrx_word' id='word_1_98' title='bbox 1384 2339 1679 2420; x_wconf 75' lang='lat' dir='ltr'>Cethoea,</span> <span class='ocrx_word' id='word_1_99' title='bbox 1713 2347 1789 2410; x_wconf 89' lang='lat' dir='ltr'>ut</span> 
     </span>
     <span class='ocr_line' id='line_1_17' title="bbox 257 2435 1789 2532; baseline 0.01 -31"><span class='ocrx_word' id='word_1_100' title='bbox 257 2450 358 2516; x_wconf 78' lang='lat' dir='ltr'>per</span> <span class='ocrx_word' id='word_1_101' title='bbox 377 2435 832 2507; x_wconf 76' lang='lat' dir='ltr'>Amorrhaeum</span> <span class='ocrx_word' id='word_1_102' title='bbox 857 2443 1294 2527; x_wconf 79' lang='lat' dir='ltr'>intelligamus</span> <span class='ocrx_word' id='word_1_103' title='bbox 1330 2448 1657 2515; x_wconf 84' lang='lat' dir='ltr'>diabolum</span> <span class='ocrx_word' id='word_1_104' title='bbox 1674 2499 1694 2532; x_wconf 93' lang='lat'>,</span> <span class='ocrx_word' id='word_1_105' title='bbox 1723 2457 1789 2518; x_wconf 89' lang='lat' dir='ltr'>et</span> 
     </span>
     <span class='ocr_line' id='line_1_18' title="bbox 260 2544 1785 2641; baseline 0.014 -36"><span class='ocrx_word' id='word_1_106' title='bbox 260 2557 357 2622; x_wconf 80' lang='lat' dir='ltr'>per</span> <span class='ocrx_word' id='word_1_107' title='bbox 388 2544 704 2613; x_wconf 81' lang='lat' dir='ltr'>Cethaeam</span> <span class='ocrx_word' id='word_1_108' title='bbox 748 2552 1351 2635; x_wconf 78' lang='lat' dir='ltr'>concupiscentiam.</span> <span class='ocrx_word' id='word_1_109' title='bbox 1399 2558 1502 2623; x_wconf 84' lang='lat' dir='ltr'>Sic</span> <span class='ocrx_word' id='word_1_110' title='bbox 1552 2575 1711 2641; x_wconf 87' lang='lat' dir='ltr'>ergo</span> <span class='ocrx_word' id='word_1_111' title='bbox 1747 2578 1785 2625; x_wconf 88' lang='lat' dir='ltr'>e</span> 
     </span>
     <span class='ocr_line' id='line_1_19' title="bbox 265 2656 1786 2750; baseline 0.013 -37"><span class='ocrx_word' id='word_1_112' title='bbox 265 2656 454 2718; x_wconf 78' lang='lat' dir='ltr'>conti-a</span> <span class='ocrx_word' id='word_1_113' title='bbox 476 2658 690 2741; x_wconf 87' lang='lat' dir='ltr'>gratia</span> <span class='ocrx_word' id='word_1_114' title='bbox 716 2662 816 2723; x_wconf 63' lang='lat' dir='ltr'>cst</span> <span class='ocrx_word' id='word_1_115' title='bbox 841 2664 1046 2724; x_wconf 83' lang='lat' dir='ltr'>mater</span> <span class='ocrx_word' id='word_1_116' title='bbox 1073 2661 1142 2724; x_wconf 92' lang='lat' dir='ltr'>in</span> <span class='ocrx_word' id='word_1_117' title='bbox 1168 2665 1582 2744; x_wconf 79' lang='lat' dir='ltr'>generatione</span> <span class='ocrx_word' id='word_1_118' title='bbox 1608 2665 1786 2750; x_wconf 87' lang='lat' dir='ltr'>spiri·</span> 
     </span>
     <span class='ocr_line' id='line_1_20' title="bbox 268 2758 1783 2855; baseline 0.011 -34"><span class='ocrx_word' id='word_1_119' title='bbox 268 2758 399 2822; x_wconf 80' lang='lat' dir='ltr'>tuali</span> <span class='ocrx_word' id='word_1_120' title='bbox 418 2779 436 2826; x_wconf 77' lang='lat' dir='ltr'>t</span> <span class='ocrx_word' id='word_1_121' title='bbox 455 2767 517 2828; x_wconf 89' lang='lat' dir='ltr'>et</span> <span class='ocrx_word' id='word_1_122' title='bbox 542 2765 700 2848; x_wconf 77' lang='lat' dir='ltr'>quia</span> <span class='ocrx_word' id='word_1_123' title='bbox 718 2765 1006 2830; x_wconf 87' lang='lat' dir='ltr'>Christus</span> <span class='ocrx_word' id='word_1_124' title='bbox 1037 2785 1167 2833; x_wconf 90' lang='lat' dir='ltr'>non</span> <span class='ocrx_word' id='word_1_125' title='bbox 1195 2769 1426 2835; x_wconf 90' lang='lat' dir='ltr'>hahuit</span> <span class='ocrx_word' id='word_1_126' title='bbox 1452 2777 1783 2855; x_wconf 88' lang='lat' dir='ltr'>peccatum</span> 
     </span>
     <span class='ocr_line' id='line_1_21' title="bbox 269 2861 1786 2961; baseline 0.009 -29"><span class='ocrx_word' id='word_1_127' title='bbox 269 2861 326 2925; x_wconf 81' lang='lat' dir='ltr'>in</span> <span class='ocrx_word' id='word_1_128' title='bbox 341 2872 765 2953; x_wconf 80' lang='lat' dir='ltr'>generatione,</span> <span class='ocrx_word' id='word_1_129' title='bbox 786 2872 896 2937; x_wconf 91' lang='lat' dir='ltr'>sed</span> <span class='ocrx_word' id='word_1_130' title='bbox 916 2874 1217 2955; x_wconf 81' lang='lat' dir='ltr'>gratiam,</span> <span class='ocrx_word' id='word_1_131' title='bbox 1239 2876 1382 2943; x_wconf 90' lang='lat' dir='ltr'>ideo</span> <span class='ocrx_word' id='word_1_132' title='bbox 1400 2879 1614 2961; x_wconf 83' lang='lat' dir='ltr'>potius</span> <span class='ocrx_word' id='word_1_133' title='bbox 1635 2880 1786 2946; x_wconf 89' lang='lat' dir='ltr'>dici-</span> 
     </span>
     <span class='ocr_line' id='line_1_22' title="bbox 271 2969 1783 3067; baseline 0.013 -34"><span class='ocrx_word' id='word_1_134' title='bbox 271 2969 360 3033; x_wconf 83' lang='lat' dir='ltr'>tur</span> <span class='ocrx_word' id='word_1_135' title='bbox 383 2982 580 3043; x_wconf 87' lang='lat' dir='ltr'>mater</span> <span class='ocrx_word' id='word_1_136' title='bbox 601 2979 838 3061; x_wconf 85' lang='lat' dir='ltr'>gratia,</span> <span class='ocrx_word' id='word_1_137' title='bbox 873 2998 1072 3063; x_wconf 86' lang='lat' dir='ltr'>quam</span> <span class='ocrx_word' id='word_1_138' title='bbox 1098 2985 1627 3067; x_wconf 87' lang='lat' dir='ltr'>concupiscentia.</span> <span class='ocrx_word' id='word_1_139' title='bbox 1660 2986 1783 3053; x_wconf 86' lang='lat' dir='ltr'>Sed</span> 
     </span>
     <span class='ocr_line' id='line_1_23' title="bbox 273 3073 1786 3177; baseline 0.013 -35"><span class='ocrx_word' id='word_1_140' title='bbox 273 3073 394 3144; x_wconf 83' lang='lat' dir='ltr'>licet</span> <span class='ocrx_word' id='word_1_141' title='bbox 424 3083 541 3152; x_wconf 88' lang='lat' dir='ltr'>isto</span> <span class='ocrx_word' id='word_1_142' title='bbox 589 3088 786 3154; x_wconf 90' lang='lat' dir='ltr'>modo</span> <span class='ocrx_word' id='word_1_143' title='bbox 836 3093 1043 3171; x_wconf 85' lang='lat' dir='ltr'>posset</span> <span class='ocrx_word' id='word_1_144' title='bbox 1084 3089 1389 3177; x_wconf 88' lang='lat' dir='ltr'>intelligi,</span> <span class='ocrx_word' id='word_1_145' title='bbox 1431 3098 1650 3161; x_wconf 88' lang='lat' dir='ltr'>tamen</span> <span class='ocrx_word' id='word_1_146' title='bbox 1690 3101 1786 3162; x_wconf 90' lang='lat' dir='ltr'>est</span> 
     </span>
     <span class='ocr_line' id='line_1_24' title="bbox 273 3184 1784 3284; baseline 0.012 -32"><span class='ocrx_word' id='word_1_147' title='bbox 273 3184 407 3252; x_wconf 85' lang='lat' dir='ltr'>alius</span> <span class='ocrx_word' id='word_1_148' title='bbox 432 3194 658 3259; x_wconf 87' lang='lat' dir='ltr'>modus</span> <span class='ocrx_word' id='word_1_149' title='bbox 685 3197 902 3278; x_wconf 89' lang='lat' dir='ltr'>magis</span> <span class='ocrx_word' id='word_1_150' title='bbox 927 3216 1245 3263; x_wconf 87' lang='lat' dir='ltr'>consonus</span> <span class='ocrx_word' id='word_1_151' title='bbox 1264 3202 1539 3284; x_wconf 85' lang='lat' dir='ltr'>veritati,</span> <span class='ocrx_word' id='word_1_152' title='bbox 1561 3208 1634 3268; x_wconf 92' lang='lat' dir='ltr'>ut</span> <span class='ocrx_word' id='word_1_153' title='bbox 1661 3204 1784 3271; x_wconf 89' lang='lat' dir='ltr'>hoc</span> 
     </span>
     <span class='ocr_line' id='line_1_25' title="bbox 275 3298 1784 3391; baseline 0.005 -20"><span class='ocrx_word' id='word_1_154' title='bbox 275 3298 417 3372; x_wconf 82' lang='lat' dir='ltr'>quod</span> <span class='ocrx_word' id='word_1_155' title='bbox 451 3306 545 3366; x_wconf 64' lang='lat' dir='ltr'>est</span> <span class='ocrx_word' id='word_1_156' title='bbox 584 3305 1106 3387; x_wconf 75' lang='lat' dir='ltr'>concupiscentia</span> <span class='ocrx_word' id='word_1_157' title='bbox 1142 3311 1204 3371; x_wconf 90' lang='lat' dir='ltr'>et</span> <span class='ocrx_word' id='word_1_158' title='bbox 1245 3311 1464 3391; x_wconf 74' lang='lat' dir='ltr'>qratia</span> <span class='ocrx_word' id='word_1_159' title='bbox 1492 3311 1573 3375; x_wconf 89' lang='lat' dir='ltr'>sit</span> <span class='ocrx_word' id='word_1_160' title='bbox 1601 3313 1784 3378; x_wconf 87' lang='lat' dir='ltr'>abla-</span> 
     </span>
     <span class='ocr_line' id='line_1_26' title="bbox 273 3401 1782 3490; baseline 0.014 -24"><span class='ocrx_word' id='word_1_161' title='bbox 273 3401 369 3467; x_wconf 80' lang='lat' dir='ltr'>tivi</span> <span class='ocrx_word' id='word_1_162' title='bbox 414 3427 611 3490; x_wconf 81' lang='lat' dir='ltr'>casus,</span> <span class='ocrx_word' id='word_1_163' title='bbox 661 3417 727 3476; x_wconf 87' lang='lat' dir='ltr'>et</span> <span class='ocrx_word' id='word_1_164' title='bbox 776 3417 1185 3479; x_wconf 84' lang='lat' dir='ltr'>construatur</span> <span class='ocrx_word' id='word_1_165' title='bbox 1231 3434 1383 3481; x_wconf 90' lang='lat' dir='ltr'>cum</span> <span class='ocrx_word' id='word_1_166' title='bbox 1420 3418 1543 3483; x_wconf 89' lang='lat' dir='ltr'>hoc</span> <span class='ocrx_word' id='word_1_167' title='bbox 1584 3422 1782 3487; x_wconf 87' lang='lat' dir='ltr'>verbo</span> 
     </span>
     <span class='ocr_line' id='line_1_27' title="bbox 275 3521 1777 3611; baseline 0.012 -33"><span class='ocrx_word' id='word_1_168' title='bbox 275 3521 544 3600; x_wconf 74' lang='lat' dir='ltr'>concepit,</span> <span class='ocrx_word' id='word_1_169' title='bbox 563 3537 696 3585; x_wconf 90' lang='lat' dir='ltr'>non</span> <span class='ocrx_word' id='word_1_170' title='bbox 716 3521 1070 3586; x_wconf 88' lang='lat' dir='ltr'>secundum</span> <span class='ocrx_word' id='word_1_171' title='bbox 1084 3523 1526 3592; x_wconf 85' lang='lat' dir='ltr'>habitudinem</span> <span class='ocrx_word' id='word_1_172' title='bbox 1543 3547 1777 3611; x_wconf 82' lang='lat' dir='ltr'>causae,</span> 
     </span>
     <span class='ocr_line' id='line_1_28' title="bbox 277 3618 1777 3703; baseline 0.014 -21"><span class='ocrx_word' id='word_1_173' title='bbox 277 3618 364 3682; x_wconf 82' lang='lat' dir='ltr'>sed</span> <span class='ocrx_word' id='word_1_174' title='bbox 387 3628 728 3693; x_wconf 85' lang='lat' dir='ltr'>secundum</span> <span class='ocrx_word' id='word_1_175' title='bbox 755 3628 1198 3696; x_wconf 85' lang='lat' dir='ltr'>habitudinem</span> <span class='ocrx_word' id='word_1_176' title='bbox 1233 3638 1777 3703; x_wconf 80' lang='lat' dir='ltr'>concomitantiae·</span> 
     </span>
     <span class='ocr_line' id='line_1_29' title="bbox 277 3725 1783 3827; baseline 0.017 -41"><span class='ocrx_word' id='word_1_177' title='bbox 277 3725 328 3786; x_wconf 86' lang='lat' dir='ltr'>et</span> <span class='ocrx_word' id='word_1_178' title='bbox 345 3725 461 3794; x_wconf 84' lang='lat' dir='ltr'>hoc</span> <span class='ocrx_word' id='word_1_179' title='bbox 484 3733 644 3815; x_wconf 79' lang='lat' dir='ltr'>quod</span> <span class='ocrx_word' id='word_1_180' title='bbox 668 3735 903 3802; x_wconf 89' lang='lat' dir='ltr'>dicitur</span> <span class='ocrx_word' id='word_1_181' title='bbox 925 3738 1132 3805; x_wconf 81' lang='lat' dir='ltr'>Mater</span> <span class='ocrx_word' id='word_1_182' title='bbox 1147 3747 1469 3824; x_wconf 86' lang='lat' dir='ltr'>supponat</span> <span class='ocrx_word' id='word_1_183' title='bbox 1493 3762 1611 3827; x_wconf 89' lang='lat' dir='ltr'>pro</span> <span class='ocrx_word' id='word_1_184' title='bbox 1636 3744 1783 3810; x_wconf 87' lang='lat' dir='ltr'>Vir-</span> 
     </span>
     <span class='ocr_line' id='line_1_30' title="bbox 277 3830 1779 3935; baseline 0.012 -35"><span class='ocrx_word' id='word_1_185' title='bbox 277 3830 404 3911; x_wconf 78' lang='lat' dir='ltr'>gine</span> <span class='ocrx_word' id='word_1_186' title='bbox 421 3836 625 3923; x_wconf 77' lang='lat' dir='ltr'>Maria,</span> <span class='ocrx_word' id='word_1_187' title='bbox 651 3847 716 3907; x_wconf 90' lang='lat' dir='ltr'>et</span> <span class='ocrx_word' id='word_1_188' title='bbox 738 3847 835 3907; x_wconf 88' lang='lat' dir='ltr'>est</span> <span class='ocrx_word' id='word_1_189' title='bbox 853 3861 1114 3909; x_wconf 88' lang='lat' dir='ltr'>sensus:</span> <span class='ocrx_word' id='word_1_190' title='bbox 1139 3845 1363 3927; x_wconf 82' lang='lat' dir='ltr'>Mater,</span> <span class='ocrx_word' id='word_1_191' title='bbox 1392 3849 1454 3913; x_wconf 91' lang='lat' dir='ltr'>id</span> <span class='ocrx_word' id='word_1_192' title='bbox 1477 3856 1572 3914; x_wconf 71' lang='lat' dir='ltr'>oet</span> <span class='ocrx_word' id='word_1_193' title='bbox 1587 3852 1779 3935; x_wconf 84' lang='lat' dir='ltr'>virgo</span> 
     </span>
     <span class='ocr_line' id='line_1_31' title="bbox 279 3934 1783 4039; baseline 0.013 -33"><span class='ocrx_word' id='word_1_194' title='bbox 279 3934 453 4008; x_wconf 75' lang='lat' dir='ltr'>Maria</span> <span class='ocrx_word' id='word_1_195' title='bbox 473 3963 594 4011; x_wconf 91' lang='lat' dir='ltr'>non</span> <span class='ocrx_word' id='word_1_196' title='bbox 622 3953 912 4035; x_wconf 88' lang='lat' dir='ltr'>concepit</span> <span class='ocrx_word' id='word_1_197' title='bbox 938 3955 1445 4039; x_wconf 86' lang='lat' dir='ltr'>concupiscentia</span> <span class='ocrx_word' id='word_1_198' title='bbox 1468 3961 1783 4025; x_wconf 89' lang='lat' dir='ltr'>concomi-</span> 
     </span>
    </p>
   </div>
   <div class='ocr_carea' id='block_1_5' title="bbox 276 4047 1781 4253">
    <p class='ocr_par' dir='ltr' id='par_1_6' title="bbox 276 4047 1781 4253">
     <span class='ocr_line' id='line_1_32' title="bbox 279 4047 1778 4145; baseline 0.015 -33"><span class='ocrx_word' id='word_1_199' title='bbox 279 4047 449 4130; x_wconf 80' lang='lat' dir='ltr'>tante,</span> <span class='ocrx_word' id='word_1_200' title='bbox 475 4055 575 4118; x_wconf 84' lang='lat' dir='ltr'>sed</span> <span class='ocrx_word' id='word_1_201' title='bbox 612 4061 1071 4127; x_wconf 81' lang='lat' dir='ltr'>concomitante</span> <span class='ocrx_word' id='word_1_202' title='bbox 1098 4064 1351 4145; x_wconf 90' lang='lat' dir='ltr'>gratia·</span> <span class='ocrx_word' id='word_1_203' title='bbox 1380 4070 1444 4130; x_wconf 90' lang='lat' dir='ltr'>et</span> <span class='ocrx_word' id='word_1_204' title='bbox 1468 4072 1623 4131; x_wconf 90' lang='lat' dir='ltr'>tunc</span> <span class='ocrx_word' id='word_1_205' title='bbox 1647 4087 1778 4134; x_wconf 91' lang='lat' dir='ltr'>non</span> 
     </span>
     <span class='ocr_line' id='line_1_33' title="bbox 276 4156 1781 4253; baseline 0.016 -40"><span class='ocrx_word' id='word_1_206' title='bbox 276 4156 505 4218; x_wconf 88' lang='lat' dir='ltr'>notatur</span> <span class='ocrx_word' id='word_1_207' title='bbox 515 4161 679 4241; x_wconf 88' lang='lat' dir='ltr'>quod</span> <span class='ocrx_word' id='word_1_208' title='bbox 703 4164 1218 4246; x_wconf 88' lang='lat' dir='ltr'>concupiscentia</span> <span class='ocrx_word' id='word_1_209' title='bbox 1234 4168 1315 4231; x_wconf 90' lang='lat' dir='ltr'>sit</span> <span class='ocrx_word' id='word_1_210' title='bbox 1335 4169 1611 4253; x_wconf 88' lang='lat' dir='ltr'>alicujus</span> <span class='ocrx_word' id='word_1_211' title='bbox 1635 4191 1781 4237; x_wconf 91' lang='lat' dir='ltr'>con-</span> 
     </span>
    </p>
   </div>
   <div class='ocr_carea' id='block_1_6' title="bbox 277 4260 1779 4467">
    <p class='ocr_par' dir='ltr' id='par_1_7' title="bbox 277 4260 1779 4467">
     <span class='ocr_line' id='line_1_34' title="bbox 279 4260 1779 4352; baseline 0.016 -32"><span class='ocrx_word' id='word_1_212' title='bbox 279 4260 544 4341; x_wconf 79' lang='lat' dir='ltr'>ceptionis</span> <span class='ocrx_word' id='word_1_213' title='bbox 574 4267 995 4352; x_wconf 88' lang='lat' dir='ltr'>principium,</span> <span class='ocrx_word' id='word_1_214' title='bbox 1041 4272 1151 4336; x_wconf 89' lang='lat' dir='ltr'>sed</span> <span class='ocrx_word' id='word_1_215' title='bbox 1185 4273 1420 4339; x_wconf 80' lang='lat' dir='ltr'>vitium</span> <span class='ocrx_word' id='word_1_216' title='bbox 1467 4279 1779 4344; x_wconf 88' lang='lat' dir='ltr'>concomi-</span> 
     </span>
     <span class='ocr_line' id='line_1_35' title="bbox 277 4365 1576 4467; baseline 0.015 -38"><span class='ocrx_word' id='word_1_217' title='bbox 277 4365 419 4431; x_wconf 75' lang='lat' dir='ltr'>tans.</span> <span class='ocrx_word' id='word_1_218' title='bbox 447 4368 516 4435; x_wconf 87' lang='lat' dir='ltr'>Et</span> <span class='ocrx_word' id='word_1_219' title='bbox 538 4375 623 4439; x_wconf 87' lang='lat' dir='ltr'>sic</span> <span class='ocrx_word' id='word_1_220' title='bbox 644 4380 818 4460; x_wconf 88' lang='lat' dir='ltr'>patet</span> <span class='ocrx_word' id='word_1_221' title='bbox 846 4379 1174 4462; x_wconf 80' lang='lat' dir='ltr'>responsio</span> <span class='ocrx_word' id='word_1_222' title='bbox 1203 4382 1283 4446; x_wconf 89' lang='lat' dir='ltr'>ad</span> <span class='ocrx_word' id='word_1_223' title='bbox 1309 4384 1576 4467; x_wconf 86' lang='lat' dir='ltr'>objecta.</span> 
     </span>
    </p>
   </div>
   <div class='ocr_carea' id='block_1_7' title="bbox 862 4622 1143 4671">
    <p class='ocr_par' dir='ltr' id='par_1_8' title="bbox 862 4622 1143 4671">
     <span class='ocr_line' id='line_1_36' title="bbox 862 4622 1143 4671; baseline 0.007 -2"><span class='ocrx_word' id='word_1_224' title='bbox 862 4622 1004 4670; x_wconf 79' lang='lat' dir='ltr'>DUB.</span> <span class='ocrx_word' id='word_1_225' title='bbox 1050 4623 1143 4671; x_wconf 74' lang='lat' dir='ltr'>lv.</span> 
     </span>
    </p>
   </div>
   <div class='ocr_carea' id='block_1_8' title="bbox 658 4780 1348 4850">
    <p class='ocr_par' dir='ltr' id='par_1_9' title="bbox 658 4780 1348 4850">
     <span class='ocr_line' id='line_1_37' title="bbox 658 4780 1348 4850; baseline 0.007 -16"><span class='ocrx_word' id='word_1_226' title='bbox 658 4782 845 4834; x_wconf 82' lang='lat' dir='ltr'>Totum</span> <span class='ocrx_word' id='word_1_227' title='bbox 867 4780 1186 4835; x_wconf 84' lang='lat' dir='ltr'>incarnatum</span> <span class='ocrx_word' id='word_1_228' title='bbox 1203 4821 1221 4850; x_wconf 91' lang='lat'>‚</span> <span class='ocrx_word' id='word_1_229' title='bbox 1250 4790 1348 4839; x_wconf 86' lang='lat' dir='ltr'>etc.</span> 
     </span>
    </p>
   </div>
   <div class='ocr_carea' id='block_1_9' title="bbox 271 4926 1776 5135">
    <p class='ocr_par' dir='ltr' id='par_1_10' title="bbox 271 4926 1776 5135">
     <span class='ocr_line' id='line_1_38' title="bbox 339 4926 1776 5027; baseline 0.013 -33"><span class='ocrx_word' id='word_1_230' title='bbox 339 4926 586 5000; x_wconf 84' lang='lat' dir='ltr'>Contra:</span> <span class='ocrx_word' id='word_1_231' title='bbox 639 4935 708 5002; x_wconf 90' lang='lat' dir='ltr'>Si</span> <span class='ocrx_word' id='word_1_232' title='bbox 755 4936 935 5003; x_wconf 89' lang='lat' dir='ltr'>enim</span> <span class='ocrx_word' id='word_1_233' title='bbox 979 4939 1185 5003; x_wconf 89' lang='lat' dir='ltr'>totum</span> <span class='ocrx_word' id='word_1_234' title='bbox 1238 4944 1334 5005; x_wconf 87' lang='lat' dir='ltr'>est</span> <span class='ocrx_word' id='word_1_235' title='bbox 1370 4944 1543 5027; x_wconf 88' lang='lat' dir='ltr'>quod</span> <span class='ocrx_word' id='word_1_236' title='bbox 1586 4944 1776 5012; x_wconf 83' lang='lat' dir='ltr'>habet</span> 
     </span>
     <span class='ocr_line' id='line_1_39' title="bbox 271 5041 1775 5135; baseline 0.011 -30"><span class='ocrx_word' id='word_1_237' title='bbox 271 5041 475 5114; x_wconf 70' lang='lat' dir='ltr'>partem</span> <span class='ocrx_word' id='word_1_238' title='bbox 487 5046 549 5108; x_wconf 90' lang='lat' dir='ltr'>et</span> <span class='ocrx_word' id='word_1_239' title='bbox 561 5049 835 5129; x_wconf 89' lang='lat' dir='ltr'>partem,</span> <span class='ocrx_word' id='word_1_240' title='bbox 857 5049 924 5111; x_wconf 93' lang='lat' dir='ltr'>et</span> <span class='ocrx_word' id='word_1_241' title='bbox 935 5044 1219 5112; x_wconf 81' lang='lat' dir='ltr'>Verbum</span> <span class='ocrx_word' id='word_1_242' title='bbox 1233 5049 1775 5135; x_wconf 88' lang='lat' dir='ltr'>simplicissimum</span> 
     </span>
    </p>
   </div>
   <div class='ocr_carea' id='block_1_10' title="bbox 262 5148 1773 5319">
    <p class='ocr_par' dir='ltr' id='par_1_11' title="bbox 262 5148 1773 5319">
     <span class='ocr_line' id='line_1_40' title="bbox 269 5148 1773 5236; baseline 0.011 -26"><span class='ocrx_word' id='word_1_243' title='bbox 269 5148 369 5225; x_wconf 67' lang='lat' dir='ltr'>ent,</span> <span class='ocrx_word' id='word_1_244' title='bbox 410 5151 563 5218; x_wconf 88' lang='lat' dir='ltr'>male</span> <span class='ocrx_word' id='word_1_245' title='bbox 606 5153 845 5220; x_wconf 88' lang='lat' dir='ltr'>dicitur</span> <span class='ocrx_word' id='word_1_246' title='bbox 887 5153 1065 5236; x_wconf 84' lang='lat' dir='ltr'>quod</span> <span class='ocrx_word' id='word_1_247' title='bbox 1109 5158 1318 5222; x_wconf 88' lang='lat' dir='ltr'>totum</span> <span class='ocrx_word' id='word_1_248' title='bbox 1367 5158 1773 5227; x_wconf 84' lang='lat' dir='ltr'>incarnatum</span> 
     </span>
     <span class='ocr_line' id='line_1_41' title="bbox 262 5256 353 5319; baseline 0 -1"><span class='ocrx_word' id='word_1_249' title='bbox 262 5256 353 5319; x_wconf 68' lang='lat' dir='ltr'>cst.</span> 
     </span>
    </p>
   </div>
   <div class='ocr_carea' id='block_1_11' title="bbox 253 5405 1770 5569">
    <p class='ocr_par' dir='ltr' id='par_1_12' title="bbox 253 5405 1769 5563">
     <span class='ocr_line' id='line_1_42' title="bbox 303 5405 1769 5497; baseline 0.008 -26"><span class='ocrx_word' id='word_1_250' title='bbox 303 5420 659 5495; x_wconf 71' lang='lat' dir='ltr'>¹Ez.ec12„xv1</span> <span class='ocrx_word' id='word_1_251' title='bbox 687 5431 842 5480; x_wconf 73' lang='lat'><strong>45.-</strong></span> <span class='ocrx_word' id='word_1_252' title='bbox 873 5405 1421 5490; x_wconf 66' lang='grc' dir='ltr'>’011831.Ι.-86[.</span> <span class='ocrx_word' id='word_1_253' title='bbox 1457 5430 1769 5497; x_wconf 85' lang='lat' dir='ltr'>Richardus,</span> 
     </span>
     <span class='ocr_line' id='line_1_43' title="bbox 253 5492 1770 5569; baseline 0.009 -28"><span class='ocrx_word' id='word_1_254' title='bbox 253 5467 925 5567; x_wconf 65' lang='lat' dir='ltr'>lustm„dist.u1,est.m‚</span> <span class='ocrx_word' id='word_1_255' title='bbox 946 5510 1000 5561; x_wconf 87' lang='lat' dir='ltr'>q</span> <span class='ocrx_word' id='word_1_256' title='bbox 1022 5498 1770 5569; x_wconf 61' lang='lat' dir='ltr'>1138tepan1cr„1ilsent.,</span> 
     </span>
    </p>
   </div>
   <div class='ocr_carea' id='block_1_12' title="bbox 1892 657 3450 2447">
    <p class='ocr_par' dir='ltr' id='par_1_13' title="bbox 1892 657 3450 2447">
     <span class='ocr_line' id='line_1_44' title="bbox 1989 657 3450 760; baseline 0.012 -36"><span class='ocrx_word' id='word_1_257' title='bbox 1989 657 2175 745; x_wconf 84' lang='lat' dir='ltr'>Resp.</span> <span class='ocrx_word' id='word_1_258' title='bbox 2198 661 2570 745; x_wconf 84' lang='lat' dir='ltr'>Dicendum,</span> <span class='ocrx_word' id='word_1_259' title='bbox 2595 669 2766 751; x_wconf 87' lang='lat' dir='ltr'>quod</span> <span class='ocrx_word' id='word_1_260' title='bbox 2793 674 3001 736; x_wconf 85' lang='lat' dir='ltr'>totum</span> <span class='ocrx_word' id='word_1_261' title='bbox 3024 676 3230 756; x_wconf 88' lang='lat' dir='ltr'>potest</span> <span class='ocrx_word' id='word_1_262' title='bbox 3246 676 3450 760; x_wconf 87' lang='lat' dir='ltr'>accipi</span> 
     </span>
     <span class='ocr_line' id='line_1_45' title="bbox 1904 763 3449 861; baseline 0.014 -34"><span class='ocrx_word' id='word_1_263' title='bbox 1904 763 2250 849; x_wconf 70' lang='lat' dir='ltr'>privative,</span> <span class='ocrx_word' id='word_1_264' title='bbox 2290 769 2398 835; x_wconf 72' lang='lat' dir='ltr'>vel</span> <span class='ocrx_word' id='word_1_265' title='bbox 2440 773 2732 855; x_wconf 87' lang='lat' dir='ltr'>positive.</span> <span class='ocrx_word' id='word_1_266' title='bbox 2780 774 2851 841; x_wconf 88' lang='lat' dir='ltr'>Si</span> <span class='ocrx_word' id='word_1_267' title='bbox 2895 777 3240 861; x_wconf 84' lang='lat' dir='ltr'>privative,</span> <span class='ocrx_word' id='word_1_268' title='bbox 3291 786 3449 849; x_wconf 88' lang='lat' dir='ltr'>tunc</span> 
     </span>
     <span class='ocr_line' id='line_1_46' title="bbox 1902 869 3448 971; baseline 0.016 -39"><span class='ocrx_word' id='word_1_269' title='bbox 1902 869 2137 938; x_wconf 89' lang='lat' dir='ltr'>dicitur</span> <span class='ocrx_word' id='word_1_270' title='bbox 2154 873 2442 942; x_wconf 82' lang='lat' dir='ltr'>Verbum</span> <span class='ocrx_word' id='word_1_271' title='bbox 2467 879 2872 949; x_wconf 87' lang='lat' dir='ltr'>incarnatum</span> <span class='ocrx_word' id='word_1_272' title='bbox 2895 888 3129 969; x_wconf 90' lang='lat' dir='ltr'>totum,</span> <span class='ocrx_word' id='word_1_273' title='bbox 3146 888 3448 971; x_wconf 86' lang='lat' dir='ltr'>quianon</span> 
     </span>
     <span class='ocr_line' id='line_1_47' title="bbox 1901 975 3444 1074; baseline 0.014 -32"><span class='ocrx_word' id='word_1_274' title='bbox 1901 975 2092 1046; x_wconf 85' lang='lat' dir='ltr'>habet</span> <span class='ocrx_word' id='word_1_275' title='bbox 2122 987 2366 1064; x_wconf 62' lang='lat' dir='ltr'>partes,</span> <span class='ocrx_word' id='word_1_276' title='bbox 2395 989 2751 1054; x_wconf 89' lang='lat' dir='ltr'>secundum</span> <span class='ocrx_word' id='word_1_277' title='bbox 2779 1008 2941 1074; x_wconf 85' lang='lat' dir='ltr'>quas</span> <span class='ocrx_word' id='word_1_278' title='bbox 2979 994 3298 1062; x_wconf 87' lang='lat' dir='ltr'>incarnari</span> <span class='ocrx_word' id='word_1_279' title='bbox 3326 996 3444 1064; x_wconf 86' lang='lat' dir='ltr'>ha·-</span> 
     </span>
     <span class='ocr_line' id='line_1_48' title="bbox 1899 1083 3445 1182; baseline 0.014 -34"><span class='ocrx_word' id='word_1_280' title='bbox 1899 1083 2067 1149; x_wconf 88' lang='lat' dir='ltr'>heat.</span> <span class='ocrx_word' id='word_1_281' title='bbox 2124 1088 2269 1154; x_wconf 79' lang='lat' dir='ltr'>Alio</span> <span class='ocrx_word' id='word_1_282' title='bbox 2310 1094 2502 1159; x_wconf 90' lang='lat' dir='ltr'>modo</span> <span class='ocrx_word' id='word_1_283' title='bbox 2547 1095 2784 1161; x_wconf 88' lang='lat' dir='ltr'>dicitur</span> <span class='ocrx_word' id='word_1_284' title='bbox 2832 1100 3139 1182; x_wconf 86' lang='lat' dir='ltr'>positive;</span> <span class='ocrx_word' id='word_1_285' title='bbox 3181 1106 3244 1166; x_wconf 89' lang='lat' dir='ltr'>et</span> <span class='ocrx_word' id='word_1_286' title='bbox 3290 1107 3445 1169; x_wconf 90' lang='lat' dir='ltr'>tunc</span> 
     </span>
     <span class='ocr_line' id='line_1_49' title="bbox 1898 1192 3445 1286; baseline 0.015 -32"><span class='ocrx_word' id='word_1_287' title='bbox 1898 1192 2134 1259; x_wconf 89' lang='lat' dir='ltr'>dicitur</span> <span class='ocrx_word' id='word_1_288' title='bbox 2166 1197 2532 1282; x_wconf 87' lang='lat' dir='ltr'>dupliciter:</span> <span class='ocrx_word' id='word_1_289' title='bbox 2567 1204 2721 1286; x_wconf 84' lang='lat' dir='ltr'>quia</span> <span class='ocrx_word' id='word_1_290' title='bbox 2743 1212 2947 1274; x_wconf 79' lang='lat' dir='ltr'>totum</span> <span class='ocrx_word' id='word_1_291' title='bbox 2972 1227 3105 1274; x_wconf 92' lang='lat' dir='ltr'>uno</span> <span class='ocrx_word' id='word_1_292' title='bbox 3128 1211 3319 1276; x_wconf 89' lang='lat' dir='ltr'>modo</span> <span class='ocrx_word' id='word_1_293' title='bbox 3349 1216 3445 1277; x_wconf 85' lang='lat' dir='ltr'>est</span> 
     </span>
     <span class='ocr_line' id='line_1_50' title="bbox 1898 1297 3437 1399; baseline 0.016 -38"><span class='ocrx_word' id='word_1_294' title='bbox 1898 1297 2065 1364; x_wconf 87' lang='lat' dir='ltr'>idem</span> <span class='ocrx_word' id='word_1_295' title='bbox 2085 1349 2104 1377; x_wconf 87' lang='lat'>,</span> <span class='ocrx_word' id='word_1_296' title='bbox 2131 1306 2303 1385; x_wconf 86' lang='lat' dir='ltr'>quod</span> <span class='ocrx_word' id='word_1_297' title='bbox 2337 1324 2418 1370; x_wconf 77' lang='lat' dir='ltr'>ex</span> <span class='ocrx_word' id='word_1_298' title='bbox 2458 1309 2594 1373; x_wconf 86' lang='lat' dir='ltr'>suis</span> <span class='ocrx_word' id='word_1_299' title='bbox 2640 1312 2929 1393; x_wconf 87' lang='lat' dir='ltr'>partibus</span> <span class='ocrx_word' id='word_1_300' title='bbox 2978 1318 3437 1399; x_wconf 86' lang='lat' dir='ltr'>constitutum;</span> 
     </span>
     <span class='ocr_line' id='line_1_51' title="bbox 1896 1406 3440 1503; baseline 0.016 -34"><span class='ocrx_word' id='word_1_301' title='bbox 1896 1406 2021 1471; x_wconf 91' lang='lat' dir='ltr'>alio</span> <span class='ocrx_word' id='word_1_302' title='bbox 2047 1411 2239 1477; x_wconf 92' lang='lat' dir='ltr'>modo</span> <span class='ocrx_word' id='word_1_303' title='bbox 2263 1417 2358 1477; x_wconf 86' lang='lat' dir='ltr'>est</span> <span class='ocrx_word' id='word_1_304' title='bbox 2394 1416 2597 1498; x_wconf 88' lang='lat' dir='ltr'>idem,</span> <span class='ocrx_word' id='word_1_305' title='bbox 2633 1422 2804 1501; x_wconf 87' lang='lat' dir='ltr'>quod</span> <span class='ocrx_word' id='word_1_306' title='bbox 2833 1423 3205 1503; x_wconf 76' lang='lat' dir='ltr'>perfectum.</span> <span class='ocrx_word' id='word_1_307' title='bbox 3238 1425 3440 1493; x_wconf 65' lang='grc'>111166-</span> 
     </span>
     <span class='ocr_line' id='line_1_52' title="bbox 1897 1515 3439 1613; baseline 0.016 -37"><span class='ocrx_word' id='word_1_308' title='bbox 1897 1515 2185 1581; x_wconf 90' lang='lat' dir='ltr'>cundum</span> <span class='ocrx_word' id='word_1_309' title='bbox 2209 1522 2380 1602; x_wconf 87' lang='lat' dir='ltr'>quod</span> <span class='ocrx_word' id='word_1_310' title='bbox 2406 1528 2609 1591; x_wconf 79' lang='lat' dir='ltr'>totum</span> <span class='ocrx_word' id='word_1_311' title='bbox 2636 1526 2790 1592; x_wconf 91' lang='lat' dir='ltr'>dicit</span> <span class='ocrx_word' id='word_1_312' title='bbox 2820 1529 3278 1613; x_wconf 84' lang='lat' dir='ltr'>integritatem,</span> <span class='ocrx_word' id='word_1_313' title='bbox 3306 1553 3439 1601; x_wconf 90' lang='lat' dir='ltr'>non</span> 
     </span>
     <span class='ocr_line' id='line_1_53' title="bbox 1896 1621 3442 1723; baseline 0.015 -39"><span class='ocrx_word' id='word_1_314' title='bbox 1896 1621 2130 1688; x_wconf 87' lang='lat' dir='ltr'>dicitnr</span> <span class='ocrx_word' id='word_1_315' title='bbox 2170 1625 2248 1691; x_wconf 91' lang='lat' dir='ltr'>de</span> <span class='ocrx_word' id='word_1_316' title='bbox 2280 1626 2520 1711; x_wconf 84' lang='lat' dir='ltr'>Verbo;</span> <span class='ocrx_word' id='word_1_317' title='bbox 2552 1634 2662 1699; x_wconf 87' lang='lat' dir='ltr'>sed</span> <span class='ocrx_word' id='word_1_318' title='bbox 2700 1636 3055 1703; x_wconf 85' lang='lat' dir='ltr'>secundum</span> <span class='ocrx_word' id='word_1_319' title='bbox 3093 1640 3264 1723; x_wconf 83' lang='lat' dir='ltr'>quod</span> <span class='ocrx_word' id='word_1_320' title='bbox 3291 1640 3442 1708; x_wconf 89' lang='lat' dir='ltr'>dicit</span> 
     </span>
     <span class='ocr_line' id='line_1_54' title="bbox 1895 1730 3441 1831; baseline 0.016 -41"><span class='ocrx_word' id='word_1_321' title='bbox 1895 1730 2268 1797; x_wconf 86' lang='lat' dir='ltr'>totalitatem</span> <span class='ocrx_word' id='word_1_322' title='bbox 2302 1738 2731 1819; x_wconf 77' lang='lat' dir='ltr'>perfectionis,</span> <span class='ocrx_word' id='word_1_323' title='bbox 2772 1746 2836 1806; x_wconf 89' lang='lat' dir='ltr'>et</span> <span class='ocrx_word' id='word_1_324' title='bbox 2867 1746 3222 1811; x_wconf 89' lang='lat' dir='ltr'>secundum</span> <span class='ocrx_word' id='word_1_325' title='bbox 3267 1750 3441 1831; x_wconf 86' lang='lat' dir='ltr'>quod</span> 
     </span>
     <span class='ocr_line' id='line_1_55' title="bbox 1895 1834 3441 1935; baseline 0.014 -37"><span class='ocrx_word' id='word_1_326' title='bbox 1895 1834 2045 1900; x_wconf 88' lang='lat' dir='ltr'>dicit</span> <span class='ocrx_word' id='word_1_327' title='bbox 2096 1839 2522 1921; x_wconf 89' lang='lat' dir='ltr'>privationem</span> <span class='ocrx_word' id='word_1_328' title='bbox 2580 1849 2779 1930; x_wconf 89' lang='lat' dir='ltr'>partis</span> <span class='ocrx_word' id='word_1_329' title='bbox 2835 1854 2899 1916; x_wconf 90' lang='lat' dir='ltr'>et</span> <span class='ocrx_word' id='word_1_330' title='bbox 2942 1853 3190 1935; x_wconf 83' lang='lat' dir='ltr'>partis:</span> <span class='ocrx_word' id='word_1_331' title='bbox 3239 1859 3303 1919; x_wconf 90' lang='lat' dir='ltr'>et</span> <span class='ocrx_word' id='word_1_332' title='bbox 3349 1854 3441 1920; x_wconf 90' lang='lat' dir='ltr'>sic</span> 
     </span>
     <span class='ocr_line' id='line_1_56' title="bbox 1895 1947 3434 2045; baseline 0.014 -38"><span class='ocrx_word' id='word_1_333' title='bbox 1895 1947 2064 2024; x_wconf 83' lang='lat' dir='ltr'>patet</span> <span class='ocrx_word' id='word_1_334' title='bbox 2103 1947 2273 2030; x_wconf 87' lang='lat' dir='ltr'>quod</span> <span class='ocrx_word' id='word_1_335' title='bbox 2316 1950 2425 2017; x_wconf 90' lang='lat' dir='ltr'>illa</span> <span class='ocrx_word' id='word_1_336' title='bbox 2451 1953 2725 2038; x_wconf 86' lang='lat' dir='ltr'>objectio</span> <span class='ocrx_word' id='word_1_337' title='bbox 2761 1976 2890 2023; x_wconf 89' lang='lat' dir='ltr'>non</span> <span class='ocrx_word' id='word_1_338' title='bbox 2928 1961 3211 2043; x_wconf 89' lang='lat' dir='ltr'>procedit</span> <span class='ocrx_word' id='word_1_339' title='bbox 3245 1967 3434 2045; x_wconf 87' lang='lat' dir='ltr'>recte,</span> 
     </span>
     <span class='ocr_line' id='line_1_57' title="bbox 1895 2057 3440 2152; baseline 0.013 -35"><span class='ocrx_word' id='word_1_340' title='bbox 1895 2059 2153 2137; x_wconf 87' lang='lat' dir='ltr'>propter</span> <span class='ocrx_word' id='word_1_341' title='bbox 2189 2057 2510 2124; x_wconf 87' lang='lat' dir='ltr'>diversam</span> <span class='ocrx_word' id='word_1_342' title='bbox 2545 2064 2979 2147; x_wconf 85' lang='lat' dir='ltr'>acceptionem</span> <span class='ocrx_word' id='word_1_343' title='bbox 3022 2067 3220 2152; x_wconf 88' lang='lat' dir='ltr'>hujus</span> <span class='ocrx_word' id='word_1_344' title='bbox 3248 2089 3440 2136; x_wconf 83' lang='lat' dir='ltr'>voca-</span> 
     </span>
     <span class='ocr_line' id='line_1_58' title="bbox 1893 2159 3439 2247; baseline 0.014 -25"><span class='ocrx_word' id='word_1_345' title='bbox 1893 2159 2053 2240; x_wconf 86' lang='lat' dir='ltr'>buli,</span> <span class='ocrx_word' id='word_1_346' title='bbox 2108 2165 2276 2247; x_wconf 88' lang='lat' dir='ltr'>quod</span> <span class='ocrx_word' id='word_1_347' title='bbox 2324 2171 2420 2232; x_wconf 78' lang='lat' dir='ltr'>est</span> <span class='ocrx_word' id='word_1_348' title='bbox 2465 2175 2688 2237; x_wconf 78' lang='lat' dir='ltr'>totum.</span> <span class='ocrx_word' id='word_1_349' title='bbox 2737 2171 2859 2239; x_wconf 88' lang='lat' dir='ltr'>Sed</span> <span class='ocrx_word' id='word_1_350' title='bbox 2914 2175 3033 2239; x_wconf 89' lang='lat' dir='ltr'>hoc</span> <span class='ocrx_word' id='word_1_351' title='bbox 3084 2177 3315 2242; x_wconf 87' lang='lat' dir='ltr'>melius</span> <span class='ocrx_word' id='word_1_352' title='bbox 3368 2179 3439 2244; x_wconf 92' lang='lat' dir='ltr'>in</span> 
     </span>
     <span class='ocr_line' id='line_1_59' title="bbox 1894 2267 3439 2360; baseline 0.014 -30"><span class='ocrx_word' id='word_1_353' title='bbox 1894 2267 2102 2350; x_wconf 89' lang='lat' dir='ltr'>primo</span> <span class='ocrx_word' id='word_1_354' title='bbox 2142 2270 2339 2352; x_wconf 89' lang='lat' dir='ltr'>libro,</span> <span class='ocrx_word' id='word_1_355' title='bbox 2377 2273 2782 2343; x_wconf 90' lang='lat' dir='ltr'>distinctione</span> <span class='ocrx_word' id='word_1_356' title='bbox 2826 2299 2987 2345; x_wconf 75' lang='lat' dir='ltr'>xxix</span> <span class='ocrx_word' id='word_1_357' title='bbox 3015 2282 3070 2360; x_wconf 81' lang='lat'>⁸,</span> <span class='ocrx_word' id='word_1_358' title='bbox 3110 2282 3439 2351; x_wconf 87' lang='lat' dir='ltr'>invenitur</span> 
     </span>
     <span class='ocr_line' id='line_1_60' title="bbox 1892 2376 2411 2447; baseline 0.013 -7"><span class='ocrx_word' id='word_1_359' title='bbox 1892 2376 2411 2447; x_wconf 85' lang='lat' dir='ltr'>determinatum.</span> 
     </span>
    </p>
   </div>
   <div class='ocr_carea' id='block_1_13' title="bbox 2374 2591 2958 2665">
    <p class='ocr_par' dir='ltr' id='par_1_14' title="bbox 2374 2591 2958 2665">
     <span class='ocr_line' id='line_1_61' title="bbox 2374 2591 2958 2665; baseline 0.01 -6"><span class='ocrx_word' id='word_1_360' title='bbox 2374 2591 2859 2665; x_wconf 87' lang='lat' dir='ltr'>ARTICULUS</span> <span class='ocrx_word' id='word_1_361' title='bbox 2904 2596 2958 2665; x_wconf 89' lang='lat'>1.</span> 
     </span>
    </p>
   </div>
   <div class='ocr_carea' id='block_1_14' title="bbox 1889 2770 3439 3704">
    <p class='ocr_par' dir='ltr' id='par_1_15' title="bbox 1889 2770 3439 3704">
     <span class='ocr_line' id='line_1_62' title="bbox 1972 2770 3439 2862; baseline 0.007 -26"><span class='ocrx_word' id='word_1_362' title='bbox 1972 2771 2068 2836; x_wconf 85' lang='lat' dir='ltr'>Ad</span> <span class='ocrx_word' id='word_1_363' title='bbox 2097 2770 2587 2855; x_wconf 87' lang='lat' dir='ltr'>intelligentiam</span> <span class='ocrx_word' id='word_1_364' title='bbox 2618 2774 2821 2859; x_wconf 88' lang='lat' dir='ltr'>hujus</span> <span class='ocrx_word' id='word_1_365' title='bbox 2844 2778 3041 2861; x_wconf 89' lang='lat' dir='ltr'>partis</span> <span class='ocrx_word' id='word_1_366' title='bbox 3063 2826 3081 2858; x_wconf 89' lang='lat'>,</span> <span class='ocrx_word' id='word_1_367' title='bbox 3098 2780 3291 2862; x_wconf 84' lang='lat' dir='ltr'>juxta</span> <span class='ocrx_word' id='word_1_368' title='bbox 3314 2780 3439 2846; x_wconf 87' lang='lat' dir='ltr'>tria</span> 
     </span>
     <span class='ocr_line' id='line_1_63' title="bbox 1890 2877 3436 2970; baseline 0.008 -30"><span class='ocrx_word' id='word_1_369' title='bbox 1890 2895 2039 2961; x_wconf 80' lang='lat' dir='ltr'>quae</span> <span class='ocrx_word' id='word_1_370' title='bbox 2069 2877 2371 2961; x_wconf 82' lang='lat' dir='ltr'>Magister</span> <span class='ocrx_word' id='word_1_371' title='bbox 2410 2882 2812 2963; x_wconf 82' lang='lat' dir='ltr'>determinat,</span> <span class='ocrx_word' id='word_1_372' title='bbox 2841 2885 3061 2951; x_wconf 89' lang='lat' dir='ltr'>incidit</span> <span class='ocrx_word' id='word_1_373' title='bbox 3089 2887 3194 2950; x_wconf 87' lang='lat' dir='ltr'>hic</span> <span class='ocrx_word' id='word_1_374' title='bbox 3218 2905 3436 2970; x_wconf 79' lang='lat' dir='ltr'>quaes-</span> 
     </span>
     <span class='ocr_line' id='line_1_64' title="bbox 1890 2984 3432 3074; baseline 0.008 -27"><span class='ocrx_word' id='word_1_375' title='bbox 1890 2984 2018 3048; x_wconf 87' lang='lat' dir='ltr'>tio:</span> <span class='ocrx_word' id='word_1_376' title='bbox 2049 2986 2262 3069; x_wconf 90' lang='lat' dir='ltr'>primo</span> <span class='ocrx_word' id='word_1_377' title='bbox 2289 2989 2603 3071; x_wconf 82' lang='lat' dir='ltr'>quaeritur</span> <span class='ocrx_word' id='word_1_378' title='bbox 2621 2990 2699 3056; x_wconf 92' lang='lat' dir='ltr'>de</span> <span class='ocrx_word' id='word_1_379' title='bbox 2727 2989 2954 3056; x_wconf 84' lang='lat' dir='ltr'>Christi</span> <span class='ocrx_word' id='word_1_380' title='bbox 2980 2994 3432 3074; x_wconf 89' lang='lat' dir='ltr'>decimatione;</span> 
     </span>
     <span class='ocr_line' id='line_1_65' title="bbox 1890 3091 3439 3178; baseline 0.01 -23"><span class='ocrx_word' id='word_1_381' title='bbox 1890 3091 2173 3158; x_wconf 88' lang='lat' dir='ltr'>secundo</span> <span class='ocrx_word' id='word_1_382' title='bbox 2212 3096 2527 3178; x_wconf 84' lang='lat' dir='ltr'>quaeritur</span> <span class='ocrx_word' id='word_1_383' title='bbox 2566 3098 2645 3164; x_wconf 91' lang='lat' dir='ltr'>de</span> <span class='ocrx_word' id='word_1_384' title='bbox 2684 3099 2895 3165; x_wconf 86' lang='lat' dir='ltr'>carnis</span> <span class='ocrx_word' id='word_1_385' title='bbox 2928 3100 3155 3168; x_wconf 84' lang='lat' dir='ltr'>Christi</span> <span class='ocrx_word' id='word_1_386' title='bbox 3179 3103 3439 3169; x_wconf 89' lang='lat' dir='ltr'>traduc-</span> 
     </span>
     <span class='ocr_line' id='line_1_66' title="bbox 1892 3199 3435 3294; baseline 0.009 -31"><span class='ocrx_word' id='word_1_387' title='bbox 1892 3199 2107 3280; x_wconf 89' lang='lat' dir='ltr'>tione,</span> <span class='ocrx_word' id='word_1_388' title='bbox 2090 3222 2104 3236; x_wconf 93' lang='lat'><strong>·</strong></span> <span class='ocrx_word' id='word_1_389' title='bbox 2156 3203 2343 3268; x_wconf 88' lang='lat' dir='ltr'>tertio</span> <span class='ocrx_word' id='word_1_390' title='bbox 2388 3205 2468 3269; x_wconf 90' lang='lat' dir='ltr'>de</span> <span class='ocrx_word' id='word_1_391' title='bbox 2515 3206 2815 3272; x_wconf 90' lang='lat' dir='ltr'>dominici</span> <span class='ocrx_word' id='word_1_392' title='bbox 2865 3211 3146 3294; x_wconf 88' lang='lat' dir='ltr'>corporis</span> <span class='ocrx_word' id='word_1_393' title='bbox 3194 3211 3435 3276; x_wconf 84' lang='lat' dir='ltr'>forma-</span> 
     </span>
     <span class='ocr_line' id='line_1_67' title="bbox 1893 3306 3437 3402; baseline 0.01 -33"><span class='ocrx_word' id='word_1_394' title='bbox 1893 3306 2085 3371; x_wconf 89' lang='lat' dir='ltr'>tione.</span> <span class='ocrx_word' id='word_1_395' title='bbox 2116 3308 2291 3374; x_wconf 90' lang='lat' dir='ltr'>Circa</span> <span class='ocrx_word' id='word_1_396' title='bbox 2312 3313 2598 3395; x_wconf 84' lang='lat' dir='ltr'>primum</span> <span class='ocrx_word' id='word_1_397' title='bbox 2623 3322 3005 3397; x_wconf 86' lang='lat' dir='ltr'>quaeruntur</span> <span class='ocrx_word' id='word_1_398' title='bbox 3028 3317 3198 3382; x_wconf 88' lang='lat' dir='ltr'>duo:</span> <span class='ocrx_word' id='word_1_399' title='bbox 3228 3319 3437 3402; x_wconf 89' lang='lat' dir='ltr'>primo</span> 
     </span>
     <span class='ocr_line' id='line_1_68' title="bbox 1890 3417 3437 3506; baseline 0.008 -27"><span class='ocrx_word' id='word_1_400' title='bbox 1890 3417 2202 3498; x_wconf 70' lang='lat' dir='ltr'>quaeritur</span> <span class='ocrx_word' id='word_1_401' title='bbox 2249 3423 2470 3484; x_wconf 90' lang='lat' dir='ltr'>utrum</span> <span class='ocrx_word' id='word_1_402' title='bbox 2514 3421 2747 3506; x_wconf 88' lang='lat' dir='ltr'>aliquis</span> <span class='ocrx_word' id='word_1_403' title='bbox 2790 3425 2988 3506; x_wconf 83' lang='lat' dir='ltr'>possit</span> <span class='ocrx_word' id='word_1_404' title='bbox 3026 3424 3327 3491; x_wconf 88' lang='lat' dir='ltr'>decimari</span> <span class='ocrx_word' id='word_1_405' title='bbox 3367 3427 3437 3492; x_wconf 89' lang='lat' dir='ltr'>in</span> 
     </span>
     <span class='ocr_line' id='line_1_69' title="bbox 1890 3525 3435 3612; baseline 0.009 -26"><span class='ocrx_word' id='word_1_406' title='bbox 1890 3525 2295 3605; x_wconf 85' lang='lat' dir='ltr'>parentibus;</span> <span class='ocrx_word' id='word_1_407' title='bbox 2326 3529 2606 3593; x_wconf 91' lang='lat' dir='ltr'>secundo</span> <span class='ocrx_word' id='word_1_408' title='bbox 2648 3531 2963 3612; x_wconf 76' lang='lat' dir='ltr'>quaeritur</span> <span class='ocrx_word' id='word_1_409' title='bbox 2991 3537 3241 3598; x_wconf 87' lang='lat' dir='ltr'>utrum·</span> <span class='ocrx_word' id='word_1_410' title='bbox 3250 3532 3435 3599; x_wconf 87' lang='lat' dir='ltr'>Chri-</span> 
     </span>
     <span class='ocr_line' id='line_1_70' title="bbox 1889 3632 3105 3704; baseline 0.009 -11"><span class='ocrx_word' id='word_1_411' title='bbox 1889 3632 2068 3695; x_wconf 88' lang='lat' dir='ltr'>stus</span> <span class='ocrx_word' id='word_1_412' title='bbox 2052 3651 2119 3696; x_wconf 81' lang='lat' dir='ltr'>in</span> <span class='ocrx_word' id='word_1_413' title='bbox 2149 3633 2478 3700; x_wconf 82' lang='lat' dir='ltr'>Abraham</span> <span class='ocrx_word' id='word_1_414' title='bbox 2505 3637 2698 3702; x_wconf 84' lang='lat' dir='ltr'>fuerit</span> <span class='ocrx_word' id='word_1_415' title='bbox 2727 3637 3105 3704; x_wconf 78' lang='lat' dir='ltr'>decimatus·</span> 
     </span>
    </p>
   </div>
   <div class='ocr_carea' id='block_1_15' title="bbox 2007 3870 3326 4106">
    <p class='ocr_par' dir='ltr' id='par_1_16' title="bbox 2007 3870 3326 4106">
     <span class='ocr_line' id='line_1_71' title="bbox 2439 3870 2893 3949; baseline 0 -13"><span class='ocrx_word' id='word_1_416' title='bbox 2439 3870 2800 3949; x_wconf 79' lang='lat' dir='ltr'>QUAESTIO</span> <span class='ocrx_word' id='word_1_417' title='bbox 2843 3872 2893 3937; x_wconf 93' lang='lat'>1.</span> 
     </span>
     <span class='ocr_line' id='line_1_72' title="bbox 2007 4026 3326 4106; baseline 0.007 -23"><span class='ocrx_word' id='word_1_418' title='bbox 2007 4026 2105 4083; x_wconf 76' lang='lat' dir='ltr'>An</span> <span class='ocrx_word' id='word_1_419' title='bbox 2130 4028 2335 4100; x_wconf 72' lang='lat' dir='ltr'>aliquis</span> <span class='ocrx_word' id='word_1_420' title='bbox 2356 4033 2531 4102; x_wconf 78' lang='lat' dir='ltr'>possit</span> <span class='ocrx_word' id='word_1_421' title='bbox 2560 4029 2820 4089; x_wconf 62' lang='lat' dir='ltr'>decimmi</span> <span class='ocrx_word' id='word_1_422' title='bbox 2847 4035 2908 4089; x_wconf 82' lang='lat' dir='ltr'>in</span> <span class='ocrx_word' id='word_1_423' title='bbox 2930 4033 3254 4106; x_wconf 76' lang='lat' dir='ltr'>parentibus</span> <span class='ocrx_word' id='word_1_424' title='bbox 3282 4035 3326 4091; x_wconf 84' lang='lat'>⁸.</span> 
     </span>
    </p>
   </div>
   <div class='ocr_carea' id='block_1_16' title="bbox 1969 4186 3674 4283">
    <p class='ocr_par' dir='ltr' id='par_1_17' title="bbox 1969 4186 3674 4283">
     <span class='ocr_line' id='line_1_73' title="bbox 1969 4186 3674 4283; baseline 0.008 -31"><span class='ocrx_word' id='word_1_425' title='bbox 1969 4186 2197 4254; x_wconf 84' lang='lat' dir='ltr'>Utrum</span> <span class='ocrx_word' id='word_1_426' title='bbox 2235 4189 2470 4274; x_wconf 86' lang='lat' dir='ltr'>aliquis</span> <span class='ocrx_word' id='word_1_427' title='bbox 2499 4193 2800 4258; x_wconf 86' lang='lat' dir='ltr'>decimari</span> <span class='ocrx_word' id='word_1_428' title='bbox 2835 4194 3067 4259; x_wconf 86' lang='lat' dir='ltr'>haheat</span> <span class='ocrx_word' id='word_1_429' title='bbox 3097 4196 3167 4260; x_wconf 93' lang='lat' dir='ltr'>in</span> <span class='ocrx_word' id='word_1_430' title='bbox 3195 4214 3434 4279; x_wconf 88' lang='lat' dir='ltr'>paren-</span> <span class='ocrx_word' id='word_1_431' title='bbox 3462 4232 3674 4283; x_wconf 47' lang='lat' dir='ltr'>ynam,</span> 
     </span>
    </p>
   </div>
   <div class='ocr_carea' id='block_1_17' title="bbox 1883 4296 3433 5348">
    <p class='ocr_par' dir='ltr' id='par_1_18' title="bbox 1888 4296 3433 4594">
     <span class='ocr_line' id='line_1_74' title="bbox 1891 4296 3433 4387; baseline 0.006 -27"><span class='ocrx_word' id='word_1_432' title='bbox 1891 4296 2098 4375; x_wconf 78' lang='lat' dir='ltr'>tibus3</span> <span class='ocrx_word' id='word_1_433' title='bbox 2140 4301 2204 4362; x_wconf 89' lang='lat' dir='ltr'>et</span> <span class='ocrx_word' id='word_1_434' title='bbox 2230 4298 2559 4381; x_wconf 85' lang='lat' dir='ltr'>probatur,</span> <span class='ocrx_word' id='word_1_435' title='bbox 2588 4303 2756 4384; x_wconf 86' lang='lat' dir='ltr'>quod</span> <span class='ocrx_word' id='word_1_436' title='bbox 2781 4304 2873 4365; x_wconf 88' lang='lat' dir='ltr'>sic</span> <span class='ocrx_word' id='word_1_437' title='bbox 2892 4321 3052 4386; x_wconf 88' lang='lat' dir='ltr'>,per</span> <span class='ocrx_word' id='word_1_438' title='bbox 3076 4304 3231 4368; x_wconf 89' lang='lat' dir='ltr'>illud</span> <span class='ocrx_word' id='word_1_439' title='bbox 3259 4303 3433 4387; x_wconf 85' lang='lat' dir='ltr'>Apo-</span> 
     </span>
     <span class='ocr_line' id='line_1_75' title="bbox 1888 4404 3430 4525; baseline 0.008 -58"><span class='ocrx_word' id='word_1_440' title='bbox 1888 4404 2075 4469; x_wconf 82' lang='lat' dir='ltr'>stoli</span> <span class='ocrx_word' id='word_1_441' title='bbox 2098 4405 2282 4472; x_wconf 83' lang='lat' dir='ltr'>:Per</span> <span class='ocrx_word' id='word_1_442' title='bbox 2317 4408 2666 4489; x_wconf 81' lang='lat' dir='ltr'>Abraham,</span> <span class='ocrx_word' id='word_1_443' title='bbox 2694 4416 2753 4478; x_wconf 77' lang='lat' dir='ltr'>et</span> <span class='ocrx_word' id='word_1_444' title='bbox 2792 4412 2971 4491; x_wconf 78' lang='lat' dir='ltr'>Levi,</span> <span class='ocrx_word' id='word_1_445' title='bbox 2999 4412 3116 4495; x_wconf 80' lang='lat' dir='ltr'>qui</span> <span class='ocrx_word' id='word_1_446' title='bbox 3141 4410 3430 4525; x_wconf 79' lang='lat' dir='ltr'>decimas</span> 
     </span>
     <span class='ocr_line' id='line_1_76' title="bbox 1889 4512 2696 4594; baseline 0.006 -16"><span class='ocrx_word' id='word_1_447' title='bbox 1889 4514 2157 4594; x_wconf 79' lang='lat' dir='ltr'>accepit,</span> <span class='ocrx_word' id='word_1_448' title='bbox 2190 4512 2554 4583; x_wconf 79' lang='lat' dir='ltr'>decimatus</span> <span class='ocrx_word' id='word_1_449' title='bbox 2584 4523 2696 4583; x_wconf 80' lang='lat' dir='ltr'>est.</span> 
     </span>
    </p>

    <p class='ocr_par' dir='ltr' id='par_1_19' title="bbox 1883 4617 3431 5348">
     <span class='ocr_line' id='line_1_77' title="bbox 1970 4617 3425 4707; baseline 0.006 -26"><span class='ocrx_word' id='word_1_450' title='bbox 1970 4617 2129 4683; x_wconf 85' lang='lat' dir='ltr'>Item</span> <span class='ocrx_word' id='word_1_451' title='bbox 2158 4620 2325 4684; x_wconf 89' lang='lat' dir='ltr'>hoc</span> <span class='ocrx_word' id='word_1_452' title='bbox 2307 4640 2518 4705; x_wconf 80' lang='lat' dir='ltr'>ipsum</span> <span class='ocrx_word' id='word_1_453' title='bbox 2542 4623 2799 4689; x_wconf 84' lang='lat' dir='ltr'>videtur</span> <span class='ocrx_word' id='word_1_454' title='bbox 2823 4643 2938 4707; x_wconf 89' lang='lat' dir='ltr'>per</span> <span class='ocrx_word' id='word_1_455' title='bbox 2964 4625 3425 4706; x_wconf 78' lang='lat' dir='ltr'>Augustinum,</span> 
     </span>
     <span class='ocr_line' id='line_1_78' title="bbox 1887 4727 3431 4811; baseline 0.004 -20"><span class='ocrx_word' id='word_1_456' title='bbox 1887 4739 2078 4808; x_wconf 79' lang='lat' dir='ltr'>super</span> <span class='ocrx_word' id='word_1_457' title='bbox 2129 4727 2420 4795; x_wconf 74' lang='lat' dir='ltr'>Genesim</span> <span class='ocrx_word' id='word_1_458' title='bbox 2464 4730 2553 4795; x_wconf 83' lang='lat' dir='ltr'>ad</span> <span class='ocrx_word' id='word_1_459' title='bbox 2595 4729 2904 4811; x_wconf 79' lang='lat' dir='ltr'>litteram,</span> <span class='ocrx_word' id='word_1_460' title='bbox 2942 4736 3008 4795; x_wconf 85' lang='lat' dir='ltr'>et</span> <span class='ocrx_word' id='word_1_461' title='bbox 3047 4731 3321 4797; x_wconf 87' lang='lat' dir='ltr'>habetur</span> <span class='ocrx_word' id='word_1_462' title='bbox 3360 4734 3431 4797; x_wconf 93' lang='lat' dir='ltr'>in</span> 
     </span>
     <span class='ocr_line' id='line_1_79' title="bbox 1888 4832 3430 4921; baseline 0.006 -25"><span class='ocrx_word' id='word_1_463' title='bbox 1888 4832 2103 4898; x_wconf 87' lang='lat' dir='ltr'>Glossa</span> <span class='ocrx_word' id='word_1_464' title='bbox 2116 4835 2166 4900; x_wconf 86' lang='lat'>⁸:</span> <span class='ocrx_word' id='word_1_465' title='bbox 2190 4859 2222 4896; x_wconf 80' lang='grc' dir='ltr'>α</span> <span class='ocrx_word' id='word_1_466' title='bbox 2238 4835 2436 4916; x_wconf 86' lang='lat' dir='ltr'>Sicut,</span> <span class='ocrx_word' id='word_1_467' title='bbox 2458 4836 2663 4901; x_wconf 79' lang='lat' dir='ltr'>Adam</span> <span class='ocrx_word' id='word_1_468' title='bbox 2675 4843 2991 4920; x_wconf 86' lang='lat' dir='ltr'>peccante,</span> <span class='ocrx_word' id='word_1_469' title='bbox 3007 4845 3430 4921; x_wconf 87' lang='lat' dir='ltr'>peccaverunt</span> 
     </span>
     <span class='ocr_line' id='line_1_80' title="bbox 1884 4940 3429 5027; baseline 0.005 -23"><span class='ocrx_word' id='word_1_470' title='bbox 1884 4940 1999 5023; x_wconf 87' lang='lat' dir='ltr'>qui</span> <span class='ocrx_word' id='word_1_471' title='bbox 2024 4945 2206 5005; x_wconf 87' lang='lat' dir='ltr'>erant</span> <span class='ocrx_word' id='word_1_472' title='bbox 2226 4943 2295 5006; x_wconf 89' lang='lat' dir='ltr'>in</span> <span class='ocrx_word' id='word_1_473' title='bbox 2311 4943 2549 5007; x_wconf 88' lang='lat' dir='ltr'>lumbis</span> <span class='ocrx_word' id='word_1_474' title='bbox 2573 4947 2629 5027; x_wconf 89' lang='lat' dir='ltr'>ej</span> <span class='ocrx_word' id='word_1_475' title='bbox 2639 4965 2750 5025; x_wconf 90' lang='lat' dir='ltr'>us;</span> <span class='ocrx_word' id='word_1_476' title='bbox 2779 4946 2869 5009; x_wconf 91' lang='lat' dir='ltr'>sic</span> <span class='ocrx_word' id='word_1_477' title='bbox 2887 4946 3212 5010; x_wconf 85' lang='lat' dir='ltr'>Abraham</span> <span class='ocrx_word' id='word_1_478' title='bbox 3238 4946 3429 5012; x_wconf 87' lang='lat' dir='ltr'>dante</span> 
     </span>
     <span class='ocr_line' id='line_1_81' title="bbox 1885 5048 3428 5136; baseline 0.005 -22"><span class='ocrx_word' id='word_1_479' title='bbox 1885 5048 2183 5127; x_wconf 89' lang='lat' dir='ltr'>decimas,</span> <span class='ocrx_word' id='word_1_480' title='bbox 2216 5053 2328 5134; x_wconf 85' lang='lat' dir='ltr'>qui</span> <span class='ocrx_word' id='word_1_481' title='bbox 2365 5052 2433 5115; x_wconf 92' lang='lat' dir='ltr'>in</span> <span class='ocrx_word' id='word_1_482' title='bbox 2463 5052 2702 5118; x_wconf 90' lang='lat' dir='ltr'>lumbis</span> <span class='ocrx_word' id='word_1_483' title='bbox 2729 5055 2870 5135; x_wconf 90' lang='lat' dir='ltr'>ejus</span> <span class='ocrx_word' id='word_1_484' title='bbox 2898 5057 3103 5136; x_wconf 87' lang='lat' dir='ltr'>etant,</span> <span class='ocrx_word' id='word_1_485' title='bbox 3136 5054 3428 5121; x_wconf 88' lang='lat' dir='ltr'>decimati</span> 
     </span>
     <span class='ocr_line' id='line_1_82' title="bbox 1884 5158 3428 5248; baseline 0.005 -27"><span class='ocrx_word' id='word_1_486' title='bbox 1884 5162 2059 5222; x_wconf 87' lang='lat' dir='ltr'>sunt.</span> <span class='ocrx_word' id='word_1_487' title='bbox 2085 5181 2118 5219; x_wconf 72' lang='lat' dir='ltr'>n</span> <span class='ocrx_word' id='word_1_488' title='bbox 2158 5158 2279 5224; x_wconf 91' lang='lat' dir='ltr'>Sed</span> <span class='ocrx_word' id='word_1_489' title='bbox 2305 5163 2569 5240; x_wconf 87' lang='lat' dir='ltr'>constat,</span> <span class='ocrx_word' id='word_1_490' title='bbox 2599 5162 2771 5244; x_wconf 89' lang='lat' dir='ltr'>quod</span> <span class='ocrx_word' id='word_1_491' title='bbox 2804 5162 3014 5242; x_wconf 88' lang='lat' dir='ltr'>proles</span> <span class='ocrx_word' id='word_1_492' title='bbox 3048 5162 3257 5245; x_wconf 87' lang='lat' dir='ltr'>potuit</span> <span class='ocrx_word' id='word_1_493' title='bbox 3280 5181 3428 5248; x_wconf 89' lang='lat' dir='ltr'>pec-</span> 
     </span>
     <span class='ocr_line' id='line_1_83' title="bbox 1883 5266 3421 5348; baseline 0.002 -17"><span class='ocrx_word' id='word_1_494' title='bbox 1883 5284 2026 5331; x_wconf 91' lang='lat' dir='ltr'>care</span> <span class='ocrx_word' id='word_1_495' title='bbox 2046 5268 2116 5331; x_wconf 89' lang='lat' dir='ltr'>in</span> <span class='ocrx_word' id='word_1_496' title='bbox 2133 5266 2370 5332; x_wconf 84' lang='lat' dir='ltr'>Adam:</span> <span class='ocrx_word' id='word_1_497' title='bbox 2394 5284 2554 5348; x_wconf 89' lang='lat' dir='ltr'>ergo</span> <span class='ocrx_word' id='word_1_498' title='bbox 2575 5271 2639 5332; x_wconf 89' lang='lat' dir='ltr'>et</span> <span class='ocrx_word' id='word_1_499' title='bbox 2656 5267 2955 5333; x_wconf 88' lang='lat' dir='ltr'>decimari</span> <span class='ocrx_word' id='word_1_500' title='bbox 2978 5269 3046 5332; x_wconf 92' lang='lat' dir='ltr'>in</span> <span class='ocrx_word' id='word_1_501' title='bbox 3068 5269 3421 5335; x_wconf 84' lang='lat' dir='ltr'>Abraham.</span> 
     </span>
    </p>
   </div>
   <div class='ocr_carea' id='block_1_18' title="bbox 1883 5428 3428 5567">
    <p class='ocr_par' dir='ltr' id='par_1_20' title="bbox 1883 5428 3428 5567">
     <span class='ocr_line' id='line_1_84' title="bbox 1883 5428 3428 5498; baseline 0 -16"><span class='ocrx_word' id='word_1_502' title='bbox 1883 5430 1998 5482; x_wconf 82' lang='lat' dir='ltr'>dist.</span> <span class='ocrx_word' id='word_1_503' title='bbox 2027 5443 2110 5495; x_wconf 78' lang='grc' dir='ltr'>ιιι,</span> <span class='ocrx_word' id='word_1_504' title='bbox 2135 5444 2187 5494; x_wconf 82' lang='lat' dir='ltr'>q,</span> <span class='ocrx_word' id='word_1_505' title='bbox 2219 5428 2602 5490; x_wconf 70' lang='lat' dir='ltr'>111.-⁸Hobr.,</span> <span class='ocrx_word' id='word_1_506' title='bbox 2631 5442 2726 5495; x_wconf 75' lang='lat' dir='ltr'>vu,</span> <span class='ocrx_word' id='word_1_507' title='bbox 2755 5431 2916 5482; x_wconf 78' lang='lat'>9.--⁸</span> <span class='ocrx_word' id='word_1_508' title='bbox 2942 5431 3171 5498; x_wconf 49' lang='lat' dir='ltr'>augme</span> <span class='ocrx_word' id='word_1_509' title='bbox 3198 5433 3321 5484; x_wconf 77' lang='lat' dir='ltr'>Gen.</span> <span class='ocrx_word' id='word_1_510' title='bbox 3355 5433 3428 5488; x_wconf 80' lang='lat' dir='ltr'>ad</span> 
     </span>
     <span class='ocr_line' id='line_1_85' title="bbox 1885 5501 2602 5567; baseline 0.006 -14"><span class='ocrx_word' id='word_1_511' title='bbox 1885 5501 2010 5567; x_wconf 67' lang='lat' dir='ltr'>tiu„</span> <span class='ocrx_word' id='word_1_512' title='bbox 2031 5504 2123 5557; x_wconf 85' lang='lat' dir='ltr'>lib.</span> <span class='ocrx_word' id='word_1_513' title='bbox 2149 5505 2215 5567; x_wconf 73' lang='lat' dir='ltr'>x,</span> <span class='ocrx_word' id='word_1_514' title='bbox 2243 5516 2290 5554; x_wconf 89' lang='lat' dir='ltr'>c.</span> <span class='ocrx_word' id='word_1_515' title='bbox 2316 5512 2408 5554; x_wconf 66' lang='grc' dir='ltr'>ιιι</span> <span class='ocrx_word' id='word_1_516' title='bbox 2435 5506 2487 5554; x_wconf 85' lang='lat' dir='ltr'>et</span> <span class='ocrx_word' id='word_1_517' title='bbox 2513 5515 2602 5558; x_wconf 79' lang='lat' dir='ltr'>xx.</span> 
     </span>
    </p>
   </div>
  </div>
 </body>
</html>
