4185 6288
1348 466 1545 534 mST.
1588 466 1664 533 X.
1711 465 1893 533 ΛΒΤ.
1930 466 1979 531 l.
2024 464 2328 544 QUAEST.
2372 465 2421 531 1.

284 601 490 679 homo,
526 621 665 668 non
705 605 872 669 esset
909 603 1078 670 Dens
1109 625 1126 668 ε
1156 603 1267 668 sed
1312 620 1443 668 non
1487 602 1608 666 suit
1633 602 1831 668 homo

285 709 396 773 nisi
434 729 516 775 ex
562 716 903 793 tempore:
935 710 1043 775 sed
1081 714 1326 775 constat
1365 711 1540 793 quod
1574 713 1670 775 est
1709 709 1824 773 fal-

284 836 419 881 sum
452 837 470 882 :
501 837 669 901 ergo
696 819 931 883 falsum
947 822 1042 883 est
1067 818 1239 901 quod
1262 818 1568 893 Christus,
1597 835 1829 882 secun-

286 923 429 988 dum
454 927 633 1009 quod
659 926 887 1003 homo,
915 930 1010 991 est
1040 924 1224 991 Deus.

828 1158 1275 1228 GONCLUSIO.

283 1357 544 1414 cta-mm
571 1361 865 1416 mum
883 1358 1165 1416 ωαιπὼηπ
1184 1358 1327 1430 quod
1346 1359 1521 1428 homo,
1541 1372 1648 1415 non
1675 1356 1828 1414 debet

352 1447 592 1512 affinitti,
617 1452 671 1504 si
689 1447 1050 1521 reduplicatio
1063 1448 1348 1518 formalem
1366 1447 1517 1504 dicat
1535 1450 1823 1509 rationem.

356 1537 498 1609 licet,
519 1541 569 1594 si
594 1538 749 1595 dicat
775 1538 1153 1596 indivisionem
1181 1540 1629 1607 concomitantia,
1654 1541 1827 1613 possit

357 1785 541 1870 Resp.
577 1786 660 1852 ad
699 1804 842 1868 arg.
872 1786 1222 1852 Dicendum
1263 1789 1468 1871 quod,
1508 1789 1821 1872 quemad-

273 1894 538 1958 modum
563 1894 717 1958 dicit
739 1892 1046 1975 Magister
1065 1894 1134 1958 in
1164 1893 1406 1974 littera,
1440 1894 1583 1959 haec
1607 1895 1820 1976 dictio,

270 2000 657 2080 sccmdmn,
690 2000 1106 2085 multiplicem
1132 2001 1281 2065 iacit
1308 2001 1820 2084 intelligentiam.

272 2108 485 2174 Potest
507 2109 686 2173 enim
718 2109 1063 2191 importare
1102 2107 1543 2174 habitudinem
1570 2126 1783 2177 causae
1801 2159 1819 2190 ‚

272 2217 408 2281 sive
452 2215 907 2281 indivisionem
932 2262 949 2290 ‚
993 2215 1097 2279 vel
1144 2216 1457 2280 unitatem
1501 2219 1822 2283 concomi-

277 2323 511 2387 tantiae.
547 2321 616 2386 Si
644 2323 814 2387 dicat
838 2321 1277 2387 habitudinem
1303 2341 1538 2405 causae,
1570 2325 1662 2389 sic
1683 2326 1824 2391 abs-

273 2447 398 2511 que
443 2428 643 2494 dubio
688 2427 848 2492 falsa
887 2431 983 2491 est
1032 2428 1267 2493 locutio
1288 2477 1308 2509 ,
1357 2449 1475 2513 pro
1527 2449 1605 2496 eo
1650 2433 1823 2515 quod

274 2536 550 2601 conditio
577 2536 865 2619 apposita
887 2535 1064 2601 nullo
1090 2535 1279 2601 modo
1306 2540 1403 2602 est
1426 2554 1619 2602 causa
1648 2556 1822 2623 prae-

274 2642 480 2720 dicati,
517 2661 641 2707 nec
685 2643 848 2707 ratio
892 2643 1250 2724 secundum
1275 2662 1512 2728 quam,
1545 2664 1661 2710 nec
1709 2664 1828 2729 per

262 2768 469 2832 -quam
494 2750 619 2816 tale
647 2750 1063 2833 praedicatnm
1090 2751 1240 2815 insit
1279 2751 1370 2815 illi
1416 2752 1723 2833 subJecto.
1755 2752 1823 2819 Si

276 2862 488 2922 autem
549 2857 720 2922 dicat
770 2858 1219 2924 indivisionem
1275 2860 1778 2926 concomitantia
1799 2909 1818 2940 ‚

278 2966 365 3031 sic
405 2971 613 3049 potest
648 2966 884 3030 hahere
920 2966 1252 3031 veritatem
1283 2985 1301 3029 ε
1332 2971 1487 3032 tunc
1511 2967 1687 3033 enim
1716 2968 1823 3033 di-

280 3090 415 3137 cere
441 3072 619 3156 quod
653 3072 937 3138 Christus
966 3073 1047 3136 sit
1073 3073 1242 3138 Deus
1266 3074 1621 3139 secundum
1648 3074 1821 3159 quod

276 3181 495 3258 homo,
523 3198 663 3246 non
687 3184 787 3245 est
808 3179 981 3245 aliud
1007 3198 1204 3262 quam
1230 3175 1439 3246 dicere
1472 3181 1644 3264 quod
1685 3201 1822 3248 oese

276 3288 476 3355 Deum
509 3288 817 3371 competit
855 3306 1144 3371 personae
1171 3289 1403 3354 Christi
1429 3290 1724 3358 existenti
1752 3291 1819 3356 in

272 3392 561 3457 humana
582 3395 838 3468 natura,
871 3392 963 3457 ita
988 3392 1159 3475 quod
1180 3392 1478 3457 divinitas
1502 3396 1567 3458 et
1594 3395 1822 3460 huma-

271 3501 436 3565 nitas
462 3500 977 3568 concomitautur
1001 3518 1071 3565 se
1112 3500 1616 3584 inseparabiliter
1653 3503 1821 3568 circa

271 3608 564 3688 eamdem
589 3624 951 3690 personam.
985 3605 1109 3672 Iste
1136 3611 1356 3672 autem
1389 3608 1619 3673 modus
1648 3611 1819 3675 acci-

272 3715 489 3798 piendi
514 3715 685 3780 hanc
719 3714 1061 3779 dictionem
1086 3761 1104 3792 ‚
1141 3713 1522 3794 sectandum,
1563 3734 1695 3781 non
1724 3719 1821 3783 est

270 3822 360 3887 ita
382 3821 753 3888 communis
782 3825 847 3887 et
873 3822 1206 3907 proprius,
1238 3822 1404 3887 sicut
1424 3825 1813 3908 praecedens,

270 3929 412 3996 licet
478 3928 848 3993 inveniatur
905 3929 1310 4013 quandoque.
1367 3930 1445 3996 Et
1503 3932 1596 3995 sic
1647 3936 1820 4016 patet

269 4037 444 4120 qnod
469 4053 687 4101 sermo
720 4036 1090 4119 praedictus,
1117 4036 1353 4101 scilicet
1385 4058 1403 4101 z
1442 4060 1473 4098 α
1504 4038 1813 4119 Christus,

268 4144 630 4210 secundum
673 4144 847 4227 quod
889 4144 1107 4224 homo,
1153 4148 1250 4209 est
1286 4143 1455 4209 Deus
1471 4193 1489 4225 ‚
1519 4167 1550 4205 n
1585 4164 1818 4212 secuu-

267 4251 425 4317 dum
451 4251 775 4318 diversam
804 4251 1292 4333 intelligentiam
1319 4253 1519 4335 hujus
1559 4270 1816 4337 praepo-

266 4359 517 4425 sitionis
535 4407 554 4436 ‚
599 4357 951 4425 secundum
969 4407 991 4438 ,
1041 4358 1323 4442 quodam
1370 4359 1561 4424 modo
1613 4364 1817 4442 potest

132 4473 139 4483 “
266 4468 549 4547 concedi,
577 4468 857 4551 quodam
884 4467 1075 4533 modo
1097 4468 1345 4549 negari.
1376 4465 1613 4550 Negat-i
1638 4468 1813 4534 enim

264 4576 473 4657 debet,
508 4577 866 4642 secundum
893 4576 1063 4659 quod
1085 4576 1236 4641 dicit
1261 4593 1521 4642 causam
1549 4574 1686 4642 sive
1708 4595 1817 4642 ra-

265 4684 506 4751 tionem
548 4685 912 4765 formalem,
943 4688 1008 4750 et
1034 4684 1393 4751 secundum
1419 4683 1607 4748 istam
1638 4683 1817 4750 viam

269 4791 623 4875 procedunt
658 4791 937 4856 rationes
961 4792 1043 4856 ad
1065 4791 1412 4857 secundam
1436 4796 1683 4875 partem
1707 4811 1726 4873 ;
1753 4796 1818 4857 et

270 4900 419 4982 quia
473 4916 708 4965 verum
769 4897 1162 4963 concludunt
1215 4898 1570 4964 secundum
1640 4899 1815 4964 illam

276 5006 463 5088 viam,
490 5007 638 5073 ideo
662 5004 1085 5070 concedendas
1109 5008 1282 5070 sunt.

348 5122 404 5179 l.
432 5114 533 5181 Ad
558 5113 722 5178 illud
759 5112 932 5193 quod
973 5111 1181 5195 primo
1217 5112 1520 5198 objicitur
1561 5112 1632 5176 in
1668 5132 1818 5180 con-

272 5223 530 5288 tmrium
550 5273 570 5305 ,
601 5221 781 5307 quod
805 5219 1149 5303 assumpsit
1185 5236 1422 5285 nomen
1450 5218 1562 5284 Dei
1597 5236 1819 5306 secun·

267 5328 414 5396 dum
456 5332 634 5416 quod
678 5329 914 5405 homo,
957 5326 1327 5410 responderi
1362 5330 1565 5410 potest
1582 5372 1600 5403 ‚
1645 5327 1816 5408 quod

264 5440 604 5509 secundum
644 5436 811 5507 dicit
843 5433 932 5499 ibi
967 5434 1524 5502 concomitantiam
1557 5451 1674 5518 per
1715 5434 1817 5499 in·

3363 475 3483 541 227

1937 601 2320 666 divisionem
2379 601 2638 667 unionis
2681 625 2698 667 ε
2748 603 2905 687 quia
2958 604 3134 669 euim
3176 604 3336 673 unio
3376 605 3486 671 illa

1936 708 2081 772 tecit
2108 696 2440 774 hominem
2467 709 2668 775 Deum
2692 756 2710 787 ‚
2741 710 2883 775 ideo
2922 711 3156 776 dicitur
3188 731 3485 797 assump-

1936 815 2091 879 sisse
2139 834 2375 881 nomen
2443 834 2825 899 supremum
2892 818 3250 885 secundum
3310 823 3485 904 quod

1938 921 2155 987 homo.
2186 922 2385 988 Aliter
2410 925 2615 1007 potest
2638 924 2793 1004 dici,
2820 924 2992 1008 quod
3030 943 3182 991 cum
3207 927 3349 994 dico
3375 948 3484 994 as-

1936 1048 2194 1095 sumere
2221 1048 2461 1095 nomen
2489 1030 2629 1107 Dei,
2655 1030 2785 1096 duo
2809 1031 2980 1109 dico,
3009 1032 3244 1098 scilicet
3269 1036 3478 1100 nomi-

1936 1137 2039 1201 nis
2076 1138 2280 1221 ipsius
2322 1138 2764 1203 celsitudinem
2786 1186 2805 1218 ,
2853 1141 2919 1202 et
2958 1138 3160 1222 ipsius
3202 1142 3484 1209 nominis

1935 1243 2453 1326 acquisitionem:
2476 1262 2626 1309 cum
2649 1262 2809 1327 ergo
2828 1244 3173 1329 dicitquod
3199 1264 3483 1334 assump-

1934 1348 2017 1414 sit
2054 1369 2295 1417 nomen
2339 1350 2448 1417 Dei
2498 1351 2851 1416 secundum
2896 1353 3069 1436 quod
3109 1353 3328 1434 home,
3373 1355 3483 1421 illa

1934 1456 2353 1539 reduplicatio
2404 1476 2536 1523 non
2588 1458 2741 1522 dicit
2801 1459 3111 1524 rationem
3161 1460 3478 1545 nominis,

1935 1564 2046 1630 sed
2089 1565 2545 1648 acquisitionis.
2581 1563 2744 1631 Nam
2787 1565 3076 1631 Christus
3125 1569 3482 1635 secundum

1934 1671 2222 1738 divinam
2249 1677 2550 1738 naturam
2578 1672 2771 1738 habet
2792 1692 3030 1739 nomen
3055 1676 3230 1758 quod
3254 1681 3352 1743 est
3374 1695 3483 1742 su·

1934 1797 2049 1862 per
2097 1797 2290 1845 omne
2331 1797 2570 1845 nomen
2623 1798 2738 1863 per
2784 1782 3263 1863 generationem
3282 1831 3301 1866 ‚
3346 1803 3481 1851 non

1934 1905 2049 1970 per
2095 1887 2612 1970 acquisitionem,
2657 1887 2761 1954 vel
2804 1890 3307 1974 assumptionem
3360 1910 3379 1956 :
3418 1898 3482 1960 et

1932 1993 2075 2059 ideo
2123 2013 2207 2059 ex
2247 1995 2368 2059 hoc
2412 2013 2545 2059 non
2594 1994 2734 2059 licet
2777 1994 3011 2062 inferre
3049 2018 3065 2059 ε
3107 2021 3138 2059 ι
3176 1997 3348 2081 Ergo
3386 2005 3483 2066 est

1931 2099 2103 2165 Deus
2125 2101 2484 2167 secundum
2505 2102 2678 2185 quod
2705 2101 2923 2183 homo,
2952 2125 2984 2163 n
3025 2102 3388 2187 accipiendo
3415 2107 3483 2192 ly

1930 2206 2283 2273 secundum
2325 2207 2497 2290 quod
2534 2209 2889 2274 secundum
2933 2210 3222 2276 eamdem
3258 2232 3484 2299 accep-

1931 2314 2211 2394 tionem3
2247 2316 2379 2380 imo
2404 2320 2499 2380 est
2521 2315 2810 2381 accidens
2836 2316 2905 2381 in
2939 2336 3237 2401 processu
3265 2321 3396 2388 illo.

2011 2427 2072 2486 Ξ.
2104 2423 2202 2488 Ad
2225 2423 2386 2488 illud
2409 2423 2580 2506 quod
2607 2423 2926 2505 objicitur,
2955 2427 3126 2508 quod
3153 2429 3481 2512 praedesti-

1930 2531 2121 2593 natus
2165 2528 2286 2593 fuit
2332 2546 2467 2594 esse
2518 2527 2691 2593 sslius
2748 2528 2857 2594 Dei
2907 2532 3261 2598 secundum
3309 2537 3479 2619 quod

1931 2636 2157 2715 homo,
2195 2639 2333 2718 jam
2373 2639 2546 2718 patet
2577 2636 2905 2719 responsio
2941 2656 3056 2721 per
3084 2639 3274 2720 illud,
3305 2644 3479 2726 quod

1930 2760 2106 2808 nunc
2147 2744 2390 2808 dictum
2435 2748 2560 2824 est,
2610 2743 2766 2828 quia
2812 2746 2953 2812 haec
2997 2747 3208 2830 dinuo,
3250 2767 3482 2818 secun-

1929 2850 2126 2932 dum,
2168 2850 2380 2934 potius
2426 2851 2579 2915 dicit
2629 2854 3192 2921 concomitantiam
3244 2876 3481 2926 seeun-

1929 2958 2090 3023 dum
2109 2958 2586 3040 expressionem
2600 2958 2978 3025 couditionis
2989 2967 3262 3044 natum,
3280 2984 3478 3049 quam

1930 3066 2098 3132 dicat
2139 3065 2586 3132 habitudinem
2629 3086 2863 3134 causae.
2911 3069 3025 3136 Vel
3070 3077 3275 3156 potest
3314 3076 3438 3141 dici
3457 3126 3477 3158 ,

1929 3175 2102 3261 quod
2130 3175 2235 3241 ille
2260 3194 2471 3242 sermo
2499 3176 2649 3242 dicit
2685 3179 2999 3246 rationem
3034 3185 3481 3253 antecessiouis

1929 3301 2077 3368 quae
2108 3284 2492 3368 importatur
2524 3283 2595 3348 in
2622 3285 2935 3352 vocabulo
2971 3289 3475 3372 praedestinatio·

1928 3390 2061 3470 nis,
2092 3409 2274 3474 quas,
2298 3389 2599 3473 inquam,
2627 3409 2756 3456 non
2795 3398 2892 3457 ost
2933 3399 3225 3480 respectu
3252 3395 3476 3463 Christi

1928 3498 2284 3564 secundum
2314 3496 2603 3563 divinam
2641 3502 2973 3577 naturam,
3003 3501 3113 3566 sed
3137 3502 3345 3568 solum
3370 3523 3478 3571 se-

1928 3604 2216 3670 cuudum
2236 3605 2614 3670 humanam.
2646 3601 2791 3669 Non
2822 3605 2914 3670 sic
2940 3611 3158 3672 autem
3185 3614 3284 3675 est
3308 3590 3492 3679 deeox

1927 3711 2101 3795 quod
2139 3715 2236 3776 est
2272 3729 2408 3776 esse
2431 3710 2651 3776 Deum
2679 3731 2696 3777 ε
2724 3714 2788 3777 et
2814 3711 2954 3778 ideo
2982 3715 3332 3782 consimilis
3358 3720 3475 3786 de-

1924 3821 2129 3886 rectus
2170 3824 2266 3885 est
2306 3819 2374 3883 in
2414 3819 2537 3884 hac
2581 3819 2825 3885 ratione
2843 3868 2866 3899 ,
2911 3821 3076 3888 sicut
3119 3824 3191 3890 in
3234 3844 3476 3910 praece·

1926 3928 2123 3994 denti.

2007 4042 2069 4103 3.
2098 4037 2199 4103 Ad
2222 4036 2384 4102 illud
2408 4037 2580 4120 quod
2605 4037 2906 4120 oincitur
2936 4039 3015 4105 de
3048 4041 3258 4124 gratia
3284 4045 3475 4113 unio-

1925 4144 2058 4224 nis,
2089 4143 2431 4209 dicendum
2467 4143 2638 4229 quod
2685 4143 2971 4212 Christus
3001 4147 3220 4231 signat
3256 4170 3474 4237 perso-

1925 4269 2078 4316 nam
2107 4253 2174 4316 in
2200 4252 2452 4317 duabus
2476 4251 2760 4317 naturis:
2790 4257 2855 4318 et
2878 4253 2990 4319 illa
3017 4273 3289 4339 persona
3308 4259 3475 4334 Deus

1925 4363 2021 4424 est
2050 4377 2163 4442 per
2189 4363 2489 4425 naturam
2505 4407 2524 4440 ,
2555 4376 2692 4425 non
2728 4378 2843 4442 per
2867 4361 3144 4443 gratiam
3169 4365 3471 4434 unionis:

1925 4464 2164 4530 dicitur
2180 4470 2462 4531 attamen
2488 4464 2685 4530 simul
2701 4466 2871 4548 quod
2899 4468 2982 4532 sit
3002 4467 3168 4536 Deus
3188 4474 3254 4536 et
3273 4471 3474 4540 homo

1925 4591 2041 4657 per
2078 4572 2357 4656 gratiam
2396 4572 2678 4637 unionis.
2710 4571 2859 4639 Esto
2897 4576 3115 4642 tamen
3140 4580 3315 4661 quod
3354 4580 3475 4652 ista

1926 4681 2008 4745 sit
2032 4679 2434 4745 concedenda
2464 4699 2481 4745 ε
2512 4679 2693 4745 «Iste
2718 4678 2914 4745 homo
2940 4685 3034 4746 est
3059 4676 3228 4748 Deus
3250 4704 3474 4754 secun-

1926 4787 2086 4852 dnm
2130 4786 2409 4869 gratiam
2448 4785 2744 4867 unionis;
2774 4809 2806 4846 s
2840 4806 2924 4854 ex
2950 4789 3073 4855 hoc
3097 4794 3312 4858 tamen
3341 4812 3474 4860 non

1926 4893 2200 4958 habetur
2263 4894 2437 4977 quod
2507 4894 2589 4959 sit
2653 4893 2819 4959 Deus
2882 4896 3234 4962 secundnm
3303 4903 3476 4984 quod

1926 5002 2153 5081 homo,
2187 5001 2343 5085 quia
2368 5002 2580 5083 gratia
2605 5001 2864 5067 unionis
2889 5020 3022 5070 non
3046 5006 3346 5076 convenit
3381 5009 3476 5074 illi

1927 5109 2178 5175 homini
2223 5108 2578 5175 secundum
2624 5108 2797 5191 quod
2845 5109 3040 5178 homo
3079 5112 3474 5200 simpliciter,

1927 5217 2038 5281 sed
2081 5216 2439 5282 secundum
2479 5213 2653 5300 quod
2689 5217 2885 5283 homo
2911 5218 3166 5299 unitus,
3197 5223 3332 5289 sive
3371 5244 3473 5292 se-

1926 5325 2213 5391 cundum
2241 5326 2743 5410 assumptionem
2769 5325 2968 5410 ipsius
2991 5346 3035 5393 a
3060 5326 3298 5398 Vsu-ho.-

2005 5436 2066 5499 ⁴.
2115 5431 2214 5499 Ad
2253 5433 2413 5500 illud
2455 5433 2629 5518 quod
2668 5433 2896 5500 ultimo
2939 5425 3273 5520 objicitur,
3304 5443 3479 5534 quod
