4185 6288
611 458 733 519 334

607 589 899 654 videlicet
946 592 1203 672 propter
1267 591 1547 673 pretium
1612 596 1846 655 nostrae
1902 590 2145 669 salutis,

606 702 864 779 propter
890 698 1257 779 exemplum
1283 697 1562 776 virtutis,
1591 702 1653 762 et
1681 702 1936 780 propter
1958 697 2146 763 fulci-

607 808 901 868 mentum
923 807 1155 867 nostrae
1183 804 1563 885 fragilitatis
1590 804 1851 888 Propter
1868 804 2146 887 pretium

604 915 839 975 nostrae
880 911 1139 992 salutiS,
1183 913 1334 995 quia
1382 917 1797 995 proposuerat
1832 931 1949 976 nos
1978 912 2145 976 redi-

604 1037 778 1083 mere
798 1027 816 1060 ¹
845 1035 975 1085 non
1017 1020 1537 1102 corruptibilibus
1573 1036 1731 1087 auro
1772 1027 1831 1088 et
1858 1025 2144 1103 arqento,

601 1126 715 1192 sed
737 1130 1203 1210 pretiosissimo
1221 1130 1536 1210 sanquine
1565 1146 1705 1205 suc,
1728 1132 1785 1194 et
1810 1134 1833 1167 ¹
1858 1129 2144 1193 animam

602 1253 786 1297 suam
811 1251 1040 1316 ponere
1062 1252 1176 1318 pro
1206 1236 1543 1300 animabus
1586 1238 1840 1300 nostris,
1881 1236 1976 1300 Ad
2020 1236 2142 1299 hoc

601 1347 816 1406 autem
857 1363 988 1408 non
1035 1350 1197 1409 esset
1221 1344 1512 1421 idoneu8‚
1546 1343 1670 1406 nisi
1697 1348 1989 1407 naturam
2018 1343 2141 1421 ‚de-

599 1454 912 1520 ficientem
937 1461 999 1520 et
1026 1456 1388 1539 passibilem
1406 1455 1884 1537 assumpsisset:
1910 1445 1974 1518 et
1992 1472 2139 1536 pro-

597 1565 813 1644 pterea
841 1564 1118 1628 defectus
1141 1569 1391 1627 nostros
1418 1568 1481 1627 et
1505 1562 1896 1645 poenalitates
1926 1560 2144 1624 debuit

597 1671 666 1733 in
703 1673 909 1754 seipso
937 1672 1194 1736 habere.
1229 1671 1371 1735 Alia
1403 1671 1595 1734 etiam
1636 1688 1719 1733 ex
1759 1687 1949 1733 causa
1988 1687 2138 1732 con-

596 1796 839 1859 gruum
889 1780 1013 1842 fuit
1063 1779 1184 1843 hoc
1231 1779 1443 1861 ipsum
1465 1826 1481 1854 ,
1539 1777 1831 1841 videlicet
1882 1779 2141 1858 propter

596 1887 967 1969 exemplum
995 1886 1270 1964 virtutis,
1299 1884 1650 1967 specialiter
1676 1889 1892 1948 autem
1920 1883 2140 1946 humi-

592 1993 806 2072 litatis,
838 1995 1156 2077 patientiae
1186 1998 1249 2057 et
1274 1994 1543 2075 pietatiS,
1583 1993 1818 2075 quibus
1843 1992 2136 2055 median-

595 2102 765 2165 tibus
804 2103 1173 2185 pervenitur
1218 2102 1298 2165 ad
1348 2102 1604 2180 coelum,
1660 2104 1723 2164 et
1774 2100 1843 2162 in
1891 2099 2131 2181 quibus

594 2209 878 2274 Christus
916 2210 1124 2274 voluit
1176 2229 1291 2274 nos
1332 2210 1567 2273 imitari
1618 2209 1866 2290 ipsum,
1910 2226 2136 2272 secun-

593 2318 750 2383 dum
799 2318 954 2382 illud
985 2325 1006 2358 ⁸
1039 2340 1053 2381 ε
1086 2319 1328 2385 Discite
1352 2335 1395 2383 a
1419 2334 1514 2382 me
1535 2365 1555 2397 ,
1596 2318 1755 2398 quia
1787 2317 1966 2381 mitis
1993 2332 2138 2380 sum

593 2431 649 2491 et
667 2425 930 2492 humilis
962 2426 1169 2505 corde,
1200 2431 1316 2490 etc.
1347 2424 1555 2488 Tertia
1573 2424 1736 2487 ratio
1759 2427 1852 2486 est
1878 2426 2137 2505 propter

595 2533 1035 2598 fulcimentum
1081 2537 1314 2597 nostrae
1360 2531 1719 2612 fragilitatis
1745 2580 1763 2610 ,
1811 2532 1892 2595 ob
1939 2548 2135 2612 quarn

599 2644 829 2704 natura
860 2640 1185 2704 rationalis
1229 2640 1421 2704 habet
1470 2639 1540 2702 in
1583 2657 1650 2701 se
1700 2637 2133 2701 difficultatem

594 2746 673 2810 ad
718 2746 1105 2810 credendum
1149 2765 1337 2822 vera,
1368 2751 1430 2809 et
1478 2744 1808 2808 irascibilis
1858 2744 1937 2808 ad
1989 2761 2134 2826 spe-

593 2853 866 2916 randum
909 2854 1109 2916 ardua
1132 2902 1149 2932 ,
1181 2859 1243 2916 et
1270 2851 1773 2934 concupiscibilis
1803 2851 1883 2914 ad
1909 2869 2132 2913 aman-

592 2959 746 3023 dum
771 2961 959 3024 bona.
990 2960 1069 3025 Et
1095 2961 1235 3025 ideo
1267 2960 1470 3025 voluit
1498 2960 1782 3023 Christus
1815 2977 1944 3023 non
1987 2963 2132 3021 tan-

590 3071 731 3131 tum
780 3069 963 3132 nobis
1012 3070 1275 3132 similari
1313 3070 1378 3132 in
1423 3073 1676 3148 natura,
1708 3067 1817 3130 sed
1840 3066 2034 3129 etiam
2062 3066 2131 3128 in

589 3177 931 3241 defectibus
960 3182 1023 3241 et
1050 3177 1540 3260 poenalitatibuS,
1570 3181 1644 3239 ut
1674 3174 2131 3250 manifestando

588 3286 657 3349 in
685 3304 752 3351 se
786 3286 1114 3350 veritatem
1155 3285 1458 3349 humanae
1506 3289 1778 3361 naturae,
1816 3283 2130 3366 praeberet

586 3394 1029 3458 fulcimentum
1095 3400 1326 3477 nostrae
1384 3392 1673 3456 rationali
1727 3392 1807 3454 ad
1862 3390 2129 3453 creden-

588 3501 782 3579 dum;
829 3502 1214 3567 ostendendo
1259 3500 1676 3565 nihilominus
1728 3498 2127 3563 immensita-

589 3612 718 3672 tem
780 3628 918 3674 suae
983 3609 1432 3673 misericordiae
1491 3627 1603 3691 per
1658 3607 2125 3689 susceptionem

585 3719 820 3780 nostrae
868 3717 1170 3796 miseriae,
1232 3716 1543 3798 praeberet
1598 3713 1897 3778 irascibili
1947 3713 2126 3777 fulci-

584 3828 873 3887 mentum
932 3825 1011 3889 ad
1067 3823 1496 3906 sperandum3
1552 3822 1940 3887 ostendendo
1978 3839 2124 3884 ma-

585 3930 988 4010 gnitudinem
1042 3950 1179 3995 suae
1239 3929 1696 3995 benevolentiae
1735 3977 1754 4008 ‚
1809 3928 2126 4011 praeberet

582 4038 1050 4120 concupiscibili
1105 4038 1591 4101 incitamentum
1645 4036 1726 4100 ad
1771 4053 1839 4098 se
1890 4053 2122 4098 aman-

587 4146 764 4208 dum.
817 4145 896 4209 Et
935 4145 1112 4222 ideo,
1155 4144 1301 4208 licet
1343 4145 1774 4224 incongruum
1828 4142 2122 4206 videatur

581 4251 957 4334 hujusmodi
998 4253 1277 4317 defectus
1315 4251 1579 4332 reperiri
1622 4250 1691 4313 in
1746 4249 2026 4327 Christo,
2066 4248 2121 4311 si

579 4379 692 4443 per
709 4379 775 4426 se
794 4362 1307 4439 considerentur;
1333 4364 1571 4438 tamen,
1603 4358 1655 4422 si
1685 4356 1765 4421 ad
1794 4358 1990 4420 finem
2016 4373 2120 4420 re-

576 4470 884 4546 ferantur,
919 4488 1162 4551 magna
1185 4468 1500 4552 reperitur
1525 4463 1943 4547 congruitatis
1972 4482 2120 4528 con-

576 4577 879 4642 decentia.
914 4577 990 4641 Et
1022 4578 1163 4641 ideo
1189 4575 1604 4641 concedendae
1642 4575 1791 4637 sunt
1816 4571 2112 4650 rationeS,

577 4702 722 4766 quai
750 4685 1004 4749 suntad
1032 4689 1278 4766 partem
1308 4684 1520 4747 istam.
1547 4751 1554 4761 ,

655 4798 685 4855 1
699 4839 713 4854 .
763 4792 862 4856 Ad
908 4791 1063 4856 illud
1093 4810 1249 4873 ergo
1276 4789 1449 4873 quod
1485 4789 1690 4871 primo
1719 4786 2017 4868 objicitur
2042 4786 2113 4850 in

572 4900 987 4980 contrarium,
1021 4900 1192 4983 quod
1228 4899 1392 4963 sicut
1436 4914 1758 4962 summam
1791 4895 2111 4976 Justitiam

570 5008 823 5071 dedecet
849 5008 1275 5091 iniquitatem,
1303 5006 1391 5070 sic
1414 5021 1737 5069 summam
1759 5002 2109 5085 potentiam

567 5113 823 5178 dedecet
859 5116 1297 5178 infirmitatem
1317 5162 1335 5191 ‚
1379 5112 1719 5177 dicendum
1764 5110 1935 5191 quod
1978 5110 2109 5173 hu-

561 5220 845 5303 jusmodi
887 5222 1235 5286 similitudo
1260 5224 1452 5299 tenet,
1483 5219 1536 5282 si
1568 5221 1974 5300 comparetur
1996 5216 2107 5280 in-

570 5328 838 5392 firmitas
881 5330 946 5393 et
986 5329 1173 5412 culpa
1214 5329 1291 5392 ad
1333 5331 1633 5391 naturam
1672 5324 1959 5390 divinam
1988 5347 2003 5390 ι
2033 5324 2104 5389 in

1702 452 2325 521 SENTENTIARUM
2366 455 2515 523 LIB.
2561 453 2670 522 111.

2259 594 2491 656 natura
2535 592 2707 657 enim
2751 592 2972 659 divina
2995 642 3010 673 ,
3040 593 3204 658 sicut
3228 591 3407 657 nulla
3429 594 3636 676 potest
3663 610 3810 659 esse

2258 699 2603 782 injustitia,
2633 701 2722 765 sic
2760 701 2938 765 nulla
2983 705 3187 784 potest
3225 720 3360 767 esse
3405 702 3804 785 impotentia.

2259 806 2327 871 Si
2374 812 2592 874 autem
2635 812 3085 892 comparentur
3113 810 3192 873 ad
3220 813 3520 874 naturam
3555 828 3809 874 assum-

2258 918 2454 995 ptam,
2491 916 2580 979 sic
2606 935 2736 980 non
2765 916 2958 980 habet
2984 917 3347 996 veritatem,
3379 936 3496 1000 pro
3522 936 3598 982 eo
3626 919 3808 1000 quod

2258 1022 2392 1103 ipsa
2419 1022 2759 1086 infirmitas
2800 1026 3002 1104 potest
3030 1041 3166 1087 esse
3194 1023 3464 1087 materia
3493 1041 3801 1087 exercen-

2256 1130 2354 1193 dae
2379 1130 2657 1195 virtutis.
2687 1129 2903 1195 Virtus
2930 1131 3104 1195 enim
3130 1131 3523 1195 fortitudinis
3550 1149 3807 1195 exerce-

2254 1240 2363 1302 tur
2424 1239 2745 1320 potissime
2800 1240 2869 1301 in
2921 1239 3320 1323 perpessione
3393 1237 3800 1318 terribilium,

2255 1363 2478 1409 eorum
2509 1347 2789 1411 maxime
2813 1364 2960 1430 quae
2990 1352 3263 1412 mortem
3287 1347 3619 1411 inducunt.
3643 1345 3803 1411 Cul-

2254 1471 2335 1534 pa
2357 1471 2511 1517 vero
2539 1457 2602 1518 et
2629 1454 2932 1537 iniquitas
2964 1455 3229 1518 omnino
3255 1454 3628 1519 adversatur
3652 1457 3799 1536 jus-

2251 1561 2407 1625 titiae
2440 1610 2457 1640 ,
2504 1565 2568 1626 et
2607 1561 3025 1644 vituperabile
3070 1562 3277 1626 reddit
3314 1562 3672 1644 subjectum
3724 1564 3802 1626 in

2252 1687 2383 1750 quo
2406 1673 2536 1748 est;
2571 1670 2908 1733 infirmitas
2935 1686 3088 1734 vero
3111 1669 3313 1732 reddit
3343 1669 3551 1750 magis
3582 1669 3802 1734 lauda-

2251 1775 2400 1855 bile,
2449 1778 2706 1859 quando
2743 1778 3086 1859 conjuncta
3116 1780 3209 1840 est
3235 1777 3525 1841 inferiori
3571 1777 3798 1842 virtuti

2251 1883 2450 1947 animi
2478 1885 2831 1949 secundum
2860 1888 3097 1949 statum
3126 1883 3336 1948 meriti
3363 1905 3378 1947 ε
3407 1888 3470 1948 et
3495 1885 3636 1949 ideo
3659 1902 3795 1950 non

2251 1995 2347 2055 est
2370 1991 2575 2056 simile
2602 1992 2775 2072 hinc,
2807 1996 2870 2056 et
2897 1992 3068 2057 inde.

2329 2103 2386 2164 Ξ.
2424 2099 2518 2163 Ad
2547 2099 2701 2164 illud
2729 2099 2899 2181 quod
2912 2100 3014 2182 obj
3025 2098 3236 2179 icitur,
3258 2099 3431 2182 quod
3450 2117 3641 2183 poena
3653 2100 3796 2164 sine

2249 2206 2437 2289 culpa
2489 2211 2582 2271 est
2630 2205 2990 2271 inordinata
3010 2255 3027 2286 ,
3075 2206 3415 2271 dicendum
3466 2207 3637 2289 quod
3692 2211 3796 2271 est

2247 2335 2438 2399 poena
2460 2317 2823 2380 necessitate
2849 2315 3108 2392 inflicta,
3141 2319 3205 2379 et
3232 2319 3328 2381 est
3344 2333 3532 2399 prena
3562 2315 3794 2380 volun-

2246 2428 2371 2488 tate
2407 2427 2751 2505 assumpta.
2787 2421 3001 2486 Prima
3027 2441 3184 2504 ergo
3211 2440 3402 2505 poena
3430 2421 3793 2486 inordinata

2245 2535 2361 2607 est,
2384 2531 2512 2595 nisi
2528 2531 2713 2613 culpa
2734 2529 3125 2612 praecesserit
3152 2529 3221 2593 in
3249 2548 3324 2594 eo
3343 2530 3456 2612 qui
3487 2530 3784 2612 punitur;

2244 2637 2523 2701 secunda
2565 2656 2719 2702 vero
2780 2636 3069 2701 ordinem
3117 2636 3309 2700 habet
3334 2686 3351 2714 ,
3412 2636 3547 2702 sive
3595 2637 3790 2719 culpa

2243 2744 2633 2826 praecesserit
2644 2744 2714 2807 in
2739 2762 2814 2809 eo
2843 2745 2954 2825 qui
2983 2744 3275 2827 punitur,
3300 2743 3534 2807 sivein
3562 2762 3638 2808 eo
3666 2760 3789 2824 pro

2242 2871 2371 2934 quo
2419 2853 2553 2935 ipse
2595 2852 2749 2917 velit
2791 2852 3004 2935 puniri
3037 2875 3051 2916 :
3086 2856 3148 2916 et
3193 2852 3283 2915 sic
3331 2852 3521 2916 estin
3548 2868 3788 2934 propo-

2242 2960 2363 3024 sito
2408 2983 2423 3024 :
2467 2980 2617 3024 nam
2667 2959 2952 3024 Christus
2997 2959 3204 3022 voluit
3246 2957 3621 3040 hujusmodi
3661 2958 3784 3022 de-

2241 3071 2438 3133 fectus
2468 3073 2531 3133 et
2552 3069 2947 3152 poenalitates
2983 3067 3049 3131 in
3080 3087 3147 3132 se
3182 3067 3416 3131 habere
3444 3084 3560 3149 pro
3591 3083 3787 3149 repa-

2240 3180 2439 3243 randa
2460 3181 2747 3244 humana
2773 3182 3024 3242 natura.

2320 3290 2379 3349 3.
2413 3286 2510 3349 Ad
2549 3286 2704 3348 illud
2741 3286 2915 3367 quod
2942 3284 3260 3366 objicitur,
3291 3282 3462 3364 quod
3490 3281 3785 3346 Christus

2237 3394 2505 3475 sumpsit
2529 3394 2886 3457 humanam
2912 3396 3210 3456 naturam
3237 3393 3311 3455 ut
3335 3408 3477 3454 eam
3497 3393 3778 3467 curaret,

2236 3499 2573 3564 dicendum
2620 3501 2788 3583 quod
2849 3518 3074 3563 verum
3120 3502 3231 3563 est.
3293 3498 3470 3571 Quod
3529 3496 3776 3578 objicit,

2235 3609 2407 3689 quod
2446 3608 2762 3672 contraria
2800 3608 3130 3673 contrariis
3171 3610 3478 3671 curantur
3498 3654 3519 3684 ‚
3557 3604 3782 3668 dicen-

2234 3714 2390 3778 dum
2417 3715 2588 3798 quod
2614 3716 2771 3782 illud
2807 3717 3133 3781 veritatem
3158 3715 3373 3793 habet,
3393 3713 3446 3776 si
3463 3714 3575 3778 fiat
3601 3730 3779 3776 com-

2233 3825 2472 3904 paratio
2511 3824 2838 3889 medicinae
2877 3824 2957 3887 ad
2998 3841 3257 3887 causam
3290 3825 3352 3886 et
3378 3820 3772 3903 principium

2233 3931 2638 4012 aegritudinis
2665 3956 2679 3996 :
2712 3937 2776 3997 et
2803 3933 2893 3995 sic
2919 3950 3050 3995 non
3077 3931 3267 3995 habet
3297 3929 3664 3994 instantiam
3702 3927 3775 3991 in

2230 4037 2572 4121 proposito,
2610 4039 2762 4122 quia
2790 4039 3183 4122 principium
3210 4035 3635 4120 corruptionis
3661 4037 3770 4099 to-

2229 4145 2356 4209 tius
2404 4146 2711 4210 humanae
2747 4150 2995 4210 naturae
3022 4145 3145 4208 fuit
3171 4143 3498 4209 delectatio
3526 4141 3768 4206 inordi-

2228 4257 2379 4316 nata
2407 4252 2477 4316 in
2509 4272 2624 4318 esu
2643 4244 2824 4336 'ligni
2866 4253 3067 4319 vetiti.
3106 4251 3182 4316 Et
3216 4251 3354 4318 ideo
3398 4251 3676 4317 defectus
3702 4255 3772 4315 et

2227 4360 2618 4442 poenalitates
2642 4366 2877 4427 nostrae
2904 4358 3277 4442 aegritudini
3294 4358 3770 4424 contrariantur

2226 4473 2289 4532 et
2338 4469 2790 4551 adversantur,
2843 4472 3105 4554 pensata
3147 4471 3286 4551 ejus
3315 4487 3506 4533 causa
3531 4472 3594 4533 et
3632 4467 3769 4533 ori-

2224 4574 2398 4657 gine.
2442 4578 2641 4643 Aliter
2681 4580 2884 4660 potest
2910 4576 3055 4656 dici,
3092 4576 3266 4659 quod
3300 4593 3451 4640 cum
3488 4574 3760 4639 dicitur:

2232 4704 2263 4743 c
2278 4681 2601 4748 Contraria
2623 4683 2953 4748 contrariis
2980 4686 3309 4761 curantur,
3331 4704 3364 4741 i>
3382 4682 3505 4746 hoc
3519 4679 3763 4744 intelli-

2223 4789 2402 4870 gitur
2426 4795 2742 4873 quantum
2761 4790 2840 4855 ad
2867 4789 3110 4873 praevia
3137 4788 3445 4868 curantia,
3476 4788 3638 4852 sicut
3664 4791 3763 4851 eet

2220 4897 2428 4977 gratia
2472 4916 2619 4980 quae
2666 4901 2848 4962 curat
2885 4896 3183 4979 culpam;
3233 4899 3548 4979 quantum
3601 4912 3757 4959 vero

2218 5001 2297 5065 ad
2322 5005 2617 5085 proxima
2639 5053 2657 5083 ,
2688 5004 3021 5069 veritatem
3050 5021 3181 5068 non
3207 5002 3426 5082 habet,
3455 5000 3608 5083 quia
3632 5000 3756 5066 do-

2215 5108 2314 5173 lor
2337 5116 2431 5174 est
2452 5111 2766 5177 medicina
2790 5111 3023 5176 doloris
3055 5134 3070 5174 :
3105 5111 3196 5174 sic
3231 5113 3295 5174 et
3337 5110 3407 5173 in
3433 5107 3757 5191 proposito

2214 5221 2308 5282 est
2333 5217 2846 5301 intelligendum.

2291 5328 2351 5387 4.
2383 5325 2481 5390 Ad
2516 5326 2675 5391 illud
2700 5326 2871 5409 quod
2899 5325 3195 5408 objicitur
3211 5369 3231 5402 ,
3261 5321 3433 5406 quod
3472 5320 3756 5389 defectus

636 5454 879 5518 ¹1Petr„
908 5466 947 5518 1,
974 5456 1051 5506 ιε.
1069 5453 1173 5492 —·
1194 5453 1358 5515 soom,
1384 5463 1438 5514 x,
1475 5451 1549 5502 15.
1566 5449 1661 5487 -·
1688 5449 1890 5514 natta,
1920 5460 1994 5513 xl,
2021 5452 2104 5505 29.
2210 5432 2354 5515 plus
2379 5432 2685 5497 valentad
2710 5431 3132 5497 deficiendum
3159 5446 3357 5511 quam
3378 5427 3459 5492 ad
3484 5429 3752 5495 vincen-

3833 4970 4060 5022 Catoni·

3829 5042 3876 5070 1¹1⁸
3883 5046 4001 5080 me.

3837 5091 3982 5141 <lium

3823 5164 4006 5203 eontra

3793 5215 4052 5275 dolon-em,
