4185 6288
640 442 761 504 ὀἳ

637 573 863 639 debeat
889 573 1162 638 adorari.
1193 571 1373 638 Sicut
1408 572 1582 636 enim
1610 571 1760 655 ,ipse
1785 570 2059 654 baptizat
2084 568 2186 632 in-

636 682 872 760 terius,
902 685 966 745 et
995 684 1209 744 tamen
1236 680 1590 763 baptizatus
1616 680 1771 758 fuit,
1799 683 1875 743 ut
1910 678 2069 742 alios
2098 677 2191 740 in-

638 789 986 866 formarem
1036 789 1126 852 sic
1172 788 1382 853 oravit
1427 793 1493 852 et
1539 787 1866 864 adoravit,
1914 791 1985 850 ut
2033 785 2191 849 alios

636 896 918 960 erudiret
951 915 967 958 ι
1000 896 1151 977 quia
1167 943 1184 972 ,
1235 896 1401 959 sicut
1443 896 1583 959 vult
1628 895 2076 971 Damascenus,
2122 892 2189 953 in

566 1020 569 1023 “
638 1001 882 1067 Christo
921 996 1209 1066 humana
1246 1005 1477 1066 natura
1512 1020 1643 1065 non
1670 1005 1844 1065 tenet
1886 1002 2187 1063 naturam

399 3609 606 3654 Fundam.

637 1110 881 1174 ancillae
915 1132 930 1174 ε
961 1111 1054 1174 ait
1084 1111 1256 1174 enim
1285 1110 1373 1173 sic
1395 1117 1412 1151 ¹
1451 1132 1467 1173 ε
1508 1133 1538 1169 α
1566 1108 1764 1174 Serva
1803 1110 1897 1172 est
1921 1124 2104 1184 car0,
2135 1105 2189 1168 si

634 1237 765 1283 non
793 1224 890 1283 est
910 1219 1096 1283 unita
1125 1219 1236 1283 Dei
1260 1217 1468 1283 Verbo
1496 1240 1510 1282 :
1542 1217 1738 1282 semel
1762 1220 1977 1281 tamen
2004 1214 2189 1279 unita

635 1329 992 1394 secundum
1055 1328 1482 1411 hypostasim,
1547 1326 1821 1409 qualiter
1882 1326 2003 1389 erit
2067 1342 2189 1387 an-

636 1436 780 1500 cilla
798 1438 830 1499 ⁴?
862 1458 893 1499 n
923 1435 1138 1501 Unum
1166 1436 1338 1500 enim
1363 1454 1477 1499 ens
1504 1434 1789 1500 Christus
1819 1451 1950 1498 non
1979 1435 2189 1515 potest

636 1565 773 1611 esse
810 1565 1040 1613 servus
1083 1547 1186 1613 sui
1229 1548 1458 1631 ipsius,
1500 1552 1563 1611 et
1605 1547 1904 1612 dominus
1948 1546 2188 1626 :cujus

637 1671 797 1736 ergo
818 1655 940 1718 erit
964 1657 1237 1720 servus?
1267 1654 1471 1719 Patris
1498 1672 1653 1734 non,
1682 1653 1834 1736 quia
1861 1668 2188 1735 quaecum·

639 1778 767 1843 que
803 1761 999 1826 habet
1046 1761 1262 1841 Pater,
1294 1765 1448 1826 sunt
1489 1759 1631 1825 Filii
1663 1783 1679 1826 ε
1711 1763 1775 1824 et
1812 1760 1902 1824 ita
1941 1758 2056 1842 qui
2096 1756 2189 1821 di-

635 1870 791 1931 cunt
845 1868 1059 1951 ipsum
1114 1886 1374 1933 servum
1439 1886 1574 1932 esse
1597 1916 1614 1945 ,
1663 1867 1894 1932 distare
1942 1864 2187 1930 faciunt

637 1990 853 2038 unum
877 1974 1200 2039 Christum
1242 1976 1311 2039 in
1339 1976 1469 2040 duo
1512 1993 1626 2058 per
1654 1973 1918 2039 modum
1962 1972 2188 2038 Nesto-

635 2082 717 2144 rii
740 2104 756 2160 ;
788 2087 851 2147 et
877 2083 968 2147 ita
987 2083 1069 2147 ad
1091 2082 1414 2147 Christum
1440 2102 1572 2148 non
1598 2083 1870 2166 pertinet
1892 2081 2182 2159 adorare,

635 2192 745 2255 sed
784 2190 1037 2254 adorari
1077 2212 1092 2254 :
1123 2191 1279 2273 quia
1316 2190 1526 2271 magis
1570 2189 1874 2272 competit
1915 2188 1973 2252 ei
2023 2187 2186 2251 ratio

634 2297 929 2377 dominii,
957 2316 1156 2380 quam
1188 2297 1530 2362 servitutis.
1563 2296 1761 2361 Aliter
1797 2297 1991 2360 etiam
2036 2313 2183 2377 pos-

635 2408 732 2469 set
757 2405 907 2484 dici,
941 2406 1113 2488 quod
1142 2406 1444 2488 quamvis
1471 2410 1632 2471 esset
1658 2405 1862 2489 ipsius
1887 2404 2182 2481 adorare,

634 2530 766 2576 non
789 2518 1005 2578 tamen
1030 2513 1319 2596 sequitur
1344 2513 1516 2597 quod
1539 2531 1668 2578 non
1694 2513 1952 2577 deberet
1976 2512 2187 2576 adhuc

638 2622 887 2686 adorari
918 2623 1284 2689 adoratione
1311 2623 1513 2688 latriae
1541 2646 1557 2702 ;
1588 2623 1742 2705 quia
1767 2640 1908 2700 nos,
1941 2620 2053 2704 qui
2080 2622 2188 2686 de-

637 2730 863 2794 bemus
903 2731 1167 2795 adorare
1190 2779 1209 2808 ‚
1257 2748 1388 2795 non
1429 2731 1734 2795 debemus
1775 2730 2055 2812 aspicere
2104 2729 2184 2794 ad

635 2839 692 2918 ej
703 2854 777 2900 us
803 2837 1303 2917 humanitatem,
1333 2838 1441 2901 sed
1470 2837 1549 2901 ad
1575 2853 1865 2919 personae
1899 2836 2186 2918 dignita-

643 2948 772 3008 tem
827 2960 843 3005 ε
895 2949 959 3008 et
1015 2944 1085 3008 in
1143 2945 1267 3009 hoc
1318 2945 1547 3009 ultimo
1594 2943 1879 3009 consistit
1928 2961 2186 3008 summa

634 3051 1006 3133 quaestionis
1026 3051 1366 3133 praedictae.

1163 3276 1522 3355 QUAESTIO
1565 3274 1642 3340 11.

637 3437 735 3494 An
754 3437 929 3493 cultus
958 3437 1141 3493 latrioe
1171 3435 1416 3492 exhiberi
1443 3434 1631 3490 debeat
1658 3436 1893 3507 imaqim'
1920 3433 2123 3491 Christi
2135 3431 2177 3489 ².

720 3591 945 3655 Utrum
971 3591 1181 3654 cultus
1206 3589 1410 3652 Iatriae
1437 3586 1726 3651 exhiberi
1765 3586 1988 3651 debeat
2016 3587 2178 3650 ima—

636 3697 776 3782 gini
805 3696 1031 3761 Christi
1054 3719 1069 3775 3
1103 3699 1167 3761 et
1192 3696 1364 3780 quod
1400 3696 1518 3773 sic,
1551 3695 1804 3759 videtur
1831 3694 2042 3776 primo
2067 3712 2183 3776 per

635 3805 1099 3870 Damascenum
1124 3810 1146 3844 ⁸
1181 3825 1196 3867 z
1234 3826 1264 3864 α
1305 3802 1522 3867 Honor
1565 3802 1868 3883 imaginis
1909 3802 2183 3866 retertur

636 3911 715 3976 ad
762 3914 1196 3994 prototypum.
1246 3932 1275 3968 υ
1326 3909 1497 3990 Ergo
1557 3909 1728 3973 idem
1776 3912 1872 3972 est
1920 3908 2182 3972 adorare

637 4021 1014 4102 imaginem,
1044 4022 1108 4083 et
1135 4037 1284 4082 eum
1314 4020 1502 4099 cujus
1527 4020 1620 4081 est
1647 4017 1863 4097 imago
1895 4038 1908 4077 :
1940 4034 2099 4098 ergo
2127 4016 2181 4079 si

638 4127 926 4191 Christus
968 4125 1272 4190 colendus
1313 4129 1408 4188 est
1451 4124 1625 4187 cultu
1662 4123 1894 4200 latriae,
1925 4121 2183 4187 videtur

635 4235 806 4320 quod
826 4237 968 4316 eJus
997 4233 1213 4314 imago
1237 4231 1551 4295 similiter.

717 4343 876 4407 Item
920 4366 936 4406 ε
964 4341 1287 4405 Abraham
1307 4342 1329 4375 ⁸
1370 4341 1670 4406 adoravit
1707 4342 1835 4402 tres
1872 4338 2038 4404 viros
2069 4361 2083 4402 ε
2119 4343 2185 4404 et

633 4452 704 4517 in
731 4452 831 4516 his
858 4451 1146 4516 adoravit
1177 4453 1461 4513 sanctam
1490 4448 1861 4511 Trinitatem
1883 4495 1904 4527 ,
1939 4466 2179 4512 secun-

634 4562 792 4626 dum
833 4560 1004 4643 quod
1042 4558 1257 4622 Glossa
1292 4556 1553 4639 exponit
1584 4578 1598 4620 ε
1633 4557 1687 4619 si
1727 4574 1883 4637 ergo
1921 4556 2011 4620 illi
2052 4563 2182 4621 tres

633 4669 759 4735 viri
785 4687 917 4732 non
943 4669 1128 4731 erant
1152 4664 1423 4729 Trinitas
1444 4681 1721 4742 summa,
1749 4663 1857 4727 sed
1881 4682 2022 4728 eam
2050 4666 2181 4748 sig-

632 4776 975 4844 nificabant
989 4822 1010 4854 ,
1065 4791 1222 4854 ergo
1270 4773 1473 4837 latriae
1521 4771 1732 4835 cultus
1782 4789 1913 4835 non
1970 4773 2180 4838 solum

635 4885 900 4951 debetur
943 4882 1036 4946 rei
1082 4880 1490 4963 signiticatae,
1534 4878 1644 4941 sed
1685 4878 1877 4942 etiam
1922 4879 2112 4962 signo
2160 4905 2174 4946 ε

707 5057 725 5093 ¹
760 5057 1021 5119 Damaso„
1051 5055 1116 5105 de
1139 5054 1263 5106 Fide
1288 5053 1505 5117 orthod„
1531 5052 1620 5103 lib.
1648 5054 1732 5118 ill,
1754 5068 1801 5104 e.
1825 5066 1934 5106 ιιι.
1958 5080 2021 5094 -
2046 5057 2069 5091 2
2097 5056 2177 5121 Cf.

636 5130 693 5182 S.
714 5129 1086 5191 Thom.,p.1n,
1106 5142 1156 5190 q.
1177 5139 1237 5189 11,
1256 5131 1351 5178 art.
1372 5128 1435 5189 3;
1459 5127 1665 5189 etti-11,
1698 5140 1750 5190 q,
1786 5138 1969 5191 ιιιιι,
2004 5132 2102 5178 art.
2130 5132 2179 5191 3,

636 5201 701 5252 ad
729 5204 794 5263 35
822 5205 876 5251 et
921 5200 986 5250 111
1017 5199 1177 5261 Seni„
1200 5199 1319 5250 dist.
1350 5209 1424 5260 ιι,
1443 5210 1563 5264 qut,
1583 5203 1677 5250 art.
1700 5203 1757 5258 2,
1787 5213 1838 5264 q.
1864 5211 1879 5249 1
1907 5213 1922 5262 ;
1948 5201 2183 5264 AEgidius

635 5272 886 5334 Rom.,111
910 5271 1069 5334 Sene„
1090 5271 1209 5322 dist.
1229 5282 1303 5334 ιι,
1320 5285 1373 5335 p.
1391 5282 1450 5334 ιι,
1465 5284 1518 5335 q.
1536 5283 1575 5324 ιι
1593 5285 1610 5333 ;
1629 5270 1924 5334 Richarduu,
1939 5272 2004 5321 ΙΙΙ
2021 5273 2184 5336 sent„

699 5370 773 5435 (a)
805 5369 949 5434 ναις.
968 5372 1085 5422 Non
1107 5369 1269 5420 facies
1288 5369 1383 5422 tibi
1410 5370 1667 5435 sculptile,
1694 5384 1863 5436 neque
1890 5384 2100 5423 omnem
2119 5371 2184 5423 si·

638 5441 998 5495 militudinem.

1758 427 2389 499 SRNTEN'HARUM
2428 427 2578 493 LIB.
2624 425 2732 492 m.

2299 582 2453 629 cum
2493 579 2652 646 ergo
2696 564 2916 644 imago
2962 559 3195 625 Christi
3238 558 3323 622 sit
3362 560 3504 641 ejus
3548 557 3848 638 signum,

2301 677 2556 742 videtur
2594 674 2768 759 quod
2803 672 3011 737 latriae
3053 671 3264 736 cultus
3300 670 3383 734 sit
3426 669 3486 734 ei
3535 668 3847 733 exhiben-

2300 789 2441 853 dus.

2381 895 2541 959 Item
2567 895 2764 959 homo
2797 891 3084 976 loquitur
3109 892 3188 955 ad
3224 890 3580 973 imaginem
3617 890 3685 954 in
3714 889 3852 954 suis

2298 1002 2712 1086 petitionibus
2751 1023 2766 1065 ι
2818 1019 2977 1081 ergo
3014 999 3304 1083 loquitur
3341 1001 3422 1065 ad
3467 998 3850 1080 imaginem,

2297 1101 2463 1167 sicut
2523 1100 2602 1165 ad
2667 1117 3007 1182 personam
3074 1097 3400 1163 rationalis
3466 1102 3780 1162 creaturae
3828 1120 3844 1162 ε

2297 1226 2457 1291 ergo
2481 1207 2572 1271 sic
2602 1207 2889 1289 loquitur
2918 1205 2996 1269 ad
3026 1204 3381 1285 imaginem
3404 1203 3657 1282 Christi,
3682 1203 3852 1268 sicut

2296 1315 2377 1380 ad
2423 1315 2742 1380 Christum
2776 1336 2791 1375 ε
2824 1316 2888 1376 et
2932 1313 3097 1376 sicut
3139 1311 3448 1394 loquitur,
3472 1311 3562 1374 sic
3602 1309 3751 1375 colit
3783 1314 3852 1374 et

2296 1423 2517 1487 adorat
2586 1445 2602 1486 ε
2672 1438 2833 1502 ergo
2906 1419 3093 1484 debet
3158 1420 3423 1484 adorare
3492 1417 3849 1499 imaginem

2297 1529 2548 1608 Christi,
2579 1528 2744 1592 sicut
2768 1526 3109 1592 Christum.

2374 1635 2535 1701 Item
2570 1634 2863 1700 eamdem
2887 1633 3314 1699 reverentiam
3341 1632 3748 1712 exhibemus,
3781 1636 3850 1696 et

2295 1743 2597 1809 exhibere
2637 1743 2943 1809 debemus
2976 1742 3247 1823 imagini
3282 1743 3486 1806 beatae
3535 1739 3843 1822 Virginis,

2294 1869 2492 1934 quam
2535 1850 2657 1933 ipsi
2698 1849 2952 1931 Virgini
2984 1871 3000 1912 ε
3032 1847 3213 1912 etsie
3252 1847 3330 1912 de
3371 1848 3516 1911 aliis
3558 1846 3790 1911 sanctis
3819 1868 3838 1910 ε

2293 1978 2451 2042 ergo
2475 1966 2538 2025 et
2563 1962 2784 2025 eadem
2804 1959 3159 2025 reverentia
3186 1958 3547 2024 exhibenda
3572 1961 3666 2021 est
3691 1958 3849 2021 ima·

2294 2072 2436 2155 gini
2465 2071 2734 2150 Christi,
2763 2070 2926 2135 sicut
2969 2071 3089 2153 ipsi
3131 2069 3376 2134 Christo
3410 2092 3424 2133 :
3456 2068 3565 2132 sed
3595 2067 3849 2133 Christo

2294 2183 2636 2248 exhibetur
2675 2182 2887 2247 cultus
2902 2231 2921 2262 ,
2968 2182 3105 2246 sive
3148 2182 3356 2246 honor
3396 2179 3600 2244 latriae
3631 2202 3647 2243 z
3681 2198 3846 2261 ergo

2293 2289 2479 2355 debet
2502 2290 2789 2354 exhiberi
2815 2288 3087 2370 imagini
3118 2307 3278 2353 suae.

2373 2395 2495 2461 Sed
2542 2400 2811 2462 contra:
2855 2402 2914 2460 1.
2958 2396 3079 2460 Per
3120 2395 3467 2475 Exodum,
3511 2396 3580 2459 in
3627 2395 3847 2478 primo
3879 2418 4107 2475 Λαυρ».

2294 2505 2594 2569 mandato
2612 2509 2634 2544 ⁸
2671 2527 2685 2567 ε
2715 2504 2860 2569 Non
2897 2506 3099 2586 facies
3142 2505 3264 2571 tibi
3308 2505 3677 2586 imaqinem,
3719 2520 3847 2568 ne-

2293 2627 2415 2693 que
2441 2611 2755 2693 sculptam
2784 2611 3283 2678 similitudinem
3321 2633 3346 2675 .·
3372 2612 3426 2674 si
3448 2629 3605 2692 ergo
3632 2610 3853 2692 prohi-

2292 2718 2501 2782 bitum
2544 2721 2640 2781 est
2685 2718 3036 2801 imaginem
3067 2720 3207 2784 fieri
3225 2768 3245 2799 ,
3294 2717 3497 2783 multo
3531 2717 3739 2798 magis
3779 2722 3854 2781 et

2291 2825 2564 2890 adorari.

2374 2938 2435 2998 2.
2468 2934 2626 2996 Item
2658 2932 3118 3010 Damascenus,
3148 2934 3312 2998 libro
3348 2935 3611 3015 quart0,
3637 2932 3849 3014 capite

2292 3043 2379 3110 De
2407 3044 2808 3126 Imayinibus
2825 3043 2848 3078 ⁸
2873 3065 2897 3107 .·
2931 3066 2962 3103 α
2986 3042 3242 3126 Magnae
3269 3042 3613 3126 impietatis
3637 3046 3701 3107 et
3734 3043 3846 3107 in-
3935 3051 3943 3056 ·

2292 3151 2602 3236 sipientiae
2643 3155 2739 3216 est
2771 3151 3046 3234 figurari
3069 3151 3241 3232 quod
3267 3150 3616 3216 divinitatis
3656 3154 3771 3215 est.
3800 3173 3838 3210 n

2292 3257 2468 3341 Ergo
2504 3260 2766 3343 majorIs
2801 3258 3142 3342 impietatis
3182 3264 3278 3322 est
3310 3261 3451 3341 jam
3489 3259 3852 3341 figuratum

2289 3370 2573 3435 adorare.

2374 3483 2435 3542 3.
2480 3478 2639 3542 Item
2671 3477 2898 3543 melior
2925 3479 3019 3542 est
3041 3481 3332 3542 creatura
3359 3477 3615 3555 vivens,
3641 3494 3850 3560 quam

2291 3608 2427 3654 non
2457 3590 2706 3671 vivens,
2737 3591 2891 3673 quia
2918 3590 3185 3655 similior
3220 3593 3315 3653 est
3337 3606 3611 3653 summas
3635 3588 3786 3653 vitae
3818 3613 3843 3654 ι

2291 3697 2345 3760 si
2389 3717 2548 3779 ergo
2588 3698 2960 3780 hujusmodi
3005 3698 3321 3779 imagines
3364 3714 3495 3761 non
3539 3699 3690 3760 sunt
3732 3698 3844 3762 vi-

2294 3809 2546 3884 ventes,
2598 3805 2813 3870 minus
2856 3809 3010 3868 sunt
3050 3804 3266 3884 dignas
3314 3803 3586 3879 honore,
3635 3820 3846 3885 quam

2290 3913 2479 3995 talpae
2507 3915 2572 3977 et
2606 3912 3086 3995 vespertiliones
3117 3933 3133 3974 ε
3164 3911 3218 3975 si
3247 3928 3405 3992 ergo
3441 3909 3709 3992 impium
3741 3914 3849 3975 est

2291 4020 2556 4085 adorare
2586 4019 3058 4103 vespertiliones
3093 4023 3155 4083 et
3182 4017 3413 4101 talpaS,
3453 4016 3657 4082 multo
3690 4034 3848 4082 ma-

2290 4126 2393 4209 gis
2412 4127 2787 4210 hujusmodi
2813 4126 3150 4208 imagines.

2371 4239 2432 4298 4.
2459 4234 2618 4299 Item
2645 4234 2918 4299 nobilior
2953 4239 3017 4297 et
3054 4232 3280 4297 melior
3306 4237 3402 4297 est
3426 4232 3643 4314 imago
3669 4230 3845 4297 divi-

2292 4341 2465 4406 nitus
2488 4341 2817 4424 impressa,
2840 4360 3038 4424 quam
3063 4341 3143 4406 ab
3170 4340 3539 4405 hominibus
3555 4339 3800 4422 sculpta
3815 4363 3840 4404 ι

2292 4454 2401 4518 sed
2425 4455 2478 4517 si
2510 4454 2656 4537 quis
2682 4455 2974 4519 adoraret
2999 4452 3354 4531 diabolum,
3380 4452 3484 4516 vel
3508 4451 3847 4519 hominem

2292 4565 2715 4644 peccatorem,
2762 4562 2831 4625 in
2866 4579 2997 4643 quo
3041 4565 3136 4625 est
3173 4560 3389 4640 imago
3429 4558 3676 4623 Domini
3709 4559 3850 4623 im-

2292 4686 2506 4751 pressa
2526 4716 2545 4746 ,
2594 4672 2880 4750 peccaret
2925 4691 2940 4730 :
2993 4685 3152 4748 ergo
3206 4665 3410 4731 multo
3467 4667 3676 4748 magis
3721 4668 3848 4750 qui

2291 4776 2512 4841 adorat
2534 4775 2909 4857 hujusmodi
2934 4774 3274 4857 imagines,

2374 4888 2434 4948 5.
2470 4883 2626 4948 Item
2668 4883 2894 4948 fortius
2935 4881 3287 4964 fugiendus
3314 4885 3408 4946 est
3436 4881 3599 4945 ritus
3630 4880 3842 4946 idolo-

2290 4991 2517 5070 latriae,
2547 5010 2747 5073 quam
2770 4990 2996 5074 legalis
3017 4990 3417 5055 caeremoniae
3446 5011 3463 5054 :
3494 4988 3604 5053 sed
3632 4987 3847 5055 Eccle-

2293 5154 2613 5214 dist.1x‚art.
2643 5155 2692 5214 2,
2711 5168 2763 5219 q.
2792 5158 2821 5205 2
2837 5170 2855 5218 3
2891 5153 3066 5217 Steph.
3098 5150 3306 5212 Brulet..
3332 5152 3398 5202 111
3427 5151 3587 5214 Sena,
3612 5149 3730 5202 dist.
3761 5162 3839 5216 ιι,

2293 5241 2344 5292 q.
2366 5238 2440 5290 ιι,
2470 5226 2624 5277 Gabr.
2659 5226 2807 5287 niet..
2840 5227 2901 5279 Ill
2941 5227 3101 5285 Sem„
3128 5224 3246 5275 dist.
3287 5235 3367 5286 ιι,
3393 5239 3446 5289 q.
3488 5235 3547 5287 11,
3575 5225 3672 5274 art.
3699 5225 3841 5275 2.—

2292 5299 2314 5335 ⁸
2336 5300 2594 5358 Damaso..
2613 5297 2675 5349 de
2694 5298 2819 5351 Fide
2839 5297 3060 5357 orthod„
3076 5296 3168 5349 lib.
3194 5296 3280 5358 tv,
3300 5310 3351 5349 c.
3365 5307 3496 5348 xvn.
3515 5321 3581 5336 -
3596 5297 3619 5332 δ
3635 5295 3837 5361 aem„

2293 5380 2444 5431 xvm,
2468 5372 2535 5432 ες
2563 5380 2677 5433 ιιι,
2712 5375 2729 5420 ι
2759 5372 2863 5411 -⁸
2899 5368 3084 5428 Eaeod„
3116 5379 3224 5432 ιι,
3252 5370 3316 5431 ⁴3
3346 5369 3520 5433 Levia,
3544 5379 3676 5432 ιιι,
3701 5370 3840 5420 ⁴.—

2296 5444 2316 5473 ⁸
2340 5442 2597 5505 namma,
2616 5440 2680 5493 de
2701 5442 2825 5493 Fide
2845 5440 3066 5505 orthod„
3092 5441 3181 5492 tib.
3207 5441 3295 5504 lv,
3318 5455 3366 5492 c.
3389 5451 3520 5492 xvn.
