4185 6288
752 484 869 547 516

752 633 861 680 mo
899 612 1196 698 objicitur
1228 609 1308 674 de
1340 604 1790 673 insufficientia
1817 601 2170 678 divisioniS,
2210 597 2303 663 di-

758 724 1032 789 cendum
1069 718 1241 802 quod
1285 714 1584 799 Magister
1622 732 1753 777 non
1786 711 2054 776 intendit
2076 709 2185 773 hic
2211 706 2299 771 di-

758 832 974 899 videre
1017 825 1342 893 credibilia
1363 872 1382 902 ,
1434 823 1541 888 sed
1598 821 1922 887 ostendere
1976 815 2300 902 quomodo

762 941 918 1005 fides
961 944 1025 1002 et
1077 936 1431 1001 intellectus
1482 932 1650 997 circa
1692 931 1860 995 idem
1917 927 2199 1011 possunt'
2233 940 2299 986 se

764 1044 1080 1128 compati,
1113 1045 1179 1109 et
1203 1041 1473 1125 qualiter
1504 1039 1669 1104 circa
1694 1038 1863 1102 idem
1889 1034 2165 1099 habeant
2204 1048 2303 1094 or-

764 1152 990 1217 dinari.
1023 1151 1124 1217 Ad
1162 1149 1336 1215 aliud
1371 1149 1667 1213 similiter
1708 1147 1880 1229 patet
1928 1138 2257 1224 responsio
2279 1185 2296 1213 ,

763 1260 917 1344 quia
940 1259 1220 1344 procedit
1244 1258 1322 1323 de
1348 1256 1705 1340 intelliqere
1732 1251 2086 1318 secuudum
2131 1244 2304 1330 quod

763 1369 976 1451 primo
1032 1367 1221 1432 modo
1276 1365 1602 1449 accipitur.
1649 1361 1961 1429 Ultimum
2017 1354 2309 1421 similiter

766 1479 959 1557 patet.

1405 1615 1543 1662 mm.
1590 1613 1681 1660 IV.

768 1768 901 1829 Quid
929 1771 1008 1822 est
1033 1769 1199 1819 Deum
1219 1765 1370 1829 scire,
1398 1764 1494 1816 nisi
1519 1775 1637 1815 eum
1663 1762 1837 1812 mente
1863 1756 2179 1822 conspicere,
2209 1754 2308 1804 etc.

850 1921 985 1986 Hoc
1012 1920 1266 1986 videtur
1291 1917 1521 1982 falsum
1545 1963 1562 1992 ,
1591 1914 1746 1997 quia
1771 1915 1885 1975 aut
1908 1909 2198 1992 loquitur
2231 1906 2312 1971 de

772 2032 1113 2113 conspectu
1141 2027 1370 2092 mentis
1388 2073 1408 2104 ‚
1439 2023 1552 2106 qui
1580 2026 1673 2086 est
1714 2039 1829 2104 per
1873 2019 2172 2103 speciem,
2202 2017 2314 2079 aut

772 2138 851 2202 de
873 2156 949 2201 eo
989 2136 1100 2219 qui
1138 2140 1231 2199 est
1259 2153 1374 2218 per
1400 2131 1729 2215 speculum
1754 2133 1817 2193 et
1844 2127 2212 2207 aenigmate.
2246 2122 2314 2188 Si

773 2240 852 2305 de
878 2257 954 2304 eo
973 2238 1087 2323 qui
1115 2241 1208 2302 est
1240 2255 1353 2319 per
1376 2232 1709 2318 speculum
1733 2281 1750 2312 ‚
1777 2231 2031 2295 videtur
2055 2227 2312 2304 falsum,

775 2347 928 2430 quia
960 2346 1082 2410 hoc
1116 2363 1248 2410 non
1286 2347 1380 2408 est
1424 2342 1586 2407 scire
1606 2390 1625 2422 ,
1657 2340 1764 2404 sed
1801 2338 2012 2422 potius
2036 2335 2313 2399 credere.

778 2452 845 2519 Si
872 2453 950 2518 de
977 2472 1053 2517 eo
1078 2502 1096 2534 ,
1127 2452 1241 2535 qui
1276 2454 1370 2515 est
1412 2467 1527 2533 per
1554 2448 1824 2531 speciem
1846 2493 1868 2525 ,
1899 2445 2022 2508 hoc
2059 2442 2315 2508 videtur

777 2561 1068 2625 similiter
1119 2559 1348 2623 falsum
1381 2607 1399 2637 ,
1447 2556 1602 2641 quia
1655 2560 1811 2620 tunc
1862 2571 1994 2616 non
2049 2550 2319 2614 sciretur

777 2669 944 2736 Deus
970 2669 1098 2732 nisi
1125 2668 1194 2731 in
1219 2667 1446 2751 patria.
1476 2665 1904 2729 Damascenus
1927 2669 2145 2723 autem
2172 2655 2321 2721 dicit

779 2777 951 2861 quod
994 2776 1277 2857 cognitio
1308 2773 1617 2839 existendi
1651 2772 1854 2836 Deum
1894 2767 2199 2833 omnibus
2228 2763 2324 2828 est

780 2888 972 2950 certa.
1017 2882 1174 2947 Item
1220 2882 1372 2948 dicit
1412 2879 1861 2961 Augustinus¹
1915 2875 1994 2941 de
2042 2873 2324 2938 Ciuitate

780 2992 935 3070 Dei,
979 2991 1150 3074 quod
1204 3014 1235 3054 ι(
1275 2988 1590 3073 quidquid
1637 2987 1834 3050 scitur
1881 2983 1959 3066 (a)
1989 3030 2011 3061 ,
2068 2978 2325 3044 scientis

781 3098 1342 3182 comprehensione
1360 3097 1604 3160 finitur.
1626 3118 1657 3155 n
1686 3092 1860 3174 Ergo
1881 3092 1934 3156 si
1962 3091 2129 3155 Deus
2147 3086 2325 3153 nullo

782 3207 973 3272 modo
1006 3205 1260 3270 scientis
1286 3203 1852 3287 comprehensione
1878 3200 2122 3276 finitur,
2154 3196 2326 3263 vide-

783 3320 894 3381 tur
921 3314 1093 3397 quod
1119 3313 1298 3378 nullo
1334 3312 1523 3376 modo
1560 3309 1763 3393 possit
1789 3307 1956 3372 sciri.
1991 3305 2149 3369 ltem
2175 3303 2322 3369 Dio-

784 3422 1009 3506 nysius
1036 3421 1185 3485 dicit
1227 3418 1581 3484 secundum
1621 3415 1785 3480 illud
1813 3413 2049 3478 Psalmi
2071 3413 2118 3493 ⁸,
2146 3408 2321 3496 quod

786 3529 951 3594 Deus
971 3531 1191 3612 posuit
1215 3527 1505 3596 tenebras
1528 3524 1868 3591 latibulum
1902 3538 2092 3588 suum
2112 3542 2138 3587 .·
2168 3536 2327 3602 ergo

786 3637 1043 3706 videtur
1063 3634 1451 3719 impossibile
1475 3633 1679 3699 Deum
1702 3636 1914 3697 mente
1941 3629 2326 3712 conspicere.

867 3726 1063 3828 Resp.
1082 3743 1429 3808 Dicendum
1472 3740 1642 3825 quod
1669 3738 2077 3821 Augustinus
2102 3737 2209 3801 hic
2242 3736 2331 3800 lo-

789 3853 1014 3937 quitur
1039 3852 1118 3916 de
1156 3851 1525 3932 cognitione
1564 3845 2084 3931 experimentali,
2134 3861 2329 3927 quam

791 3960 938 4043 quis
964 3959 1154 4022 hahet
1178 3959 1258 4023 de
1276 3958 1424 4034 Deo,
1448 3958 1584 4020 sive
1607 3957 1673 4019 in
1700 3955 1927 4039 patria,
1947 3953 2165 4019 sivein
2181 3952 2329 4020 via:

792 4067 862 4130 in
902 4067 1106 4150 patria
1149 4067 1409 4150 quidem
1455 4065 1767 4149 perfecte;
1806 4062 1917 4127 sed
1955 4061 2023 4124 in
2064 4061 2172 4127 via
2215 4059 2335 4122 im·

792 4176 1064 4259 perfecte
1096 4197 1112 4239 ε
1141 4178 1373 4239 neutra
1396 4177 1616 4237 tamen
1640 4173 1913 4236 habetur
1937 4169 2062 4235 nisi
2084 4188 2124 4234 a
2150 4185 2338 4234 mun-

794 4284 892 4348 dis
918 4284 1125 4350 corde.
1165 4282 1344 4348 Unde
1387 4282 1527 4345 haec
1563 4280 1824 4344 scientia
1864 4277 2174 4362 sapientia
2199 4279 2333 4357 est,

795 4391 951 4474 quia
976 4408 1194 4455 secum
1223 4389 1415 4453 habet
1445 4388 1746 4470 ,iunctum
1780 4402 2072 4467 saporem
2089 4431 2108 4460 ,
2136 4386 2198 4447 et
2225 4399 2338 4464 per

795 4500 964 4563 hanc
1020 4498 1424 4562 illuminatur
1472 4495 1862 4571 intellectuS‚
1908 4497 1971 4557 et
2019 4489 2340 4555 stabilitur

797 4605 1081 4670 affectus,
1113 4604 1192 4669 Et
1215 4604 1357 4669 ideo
1396 4601 1747 4685 dicitquod
1784 4598 1983 4665 Deum
2017 4596 2180 4662 scire
2207 4614 2342 4662 non

798 4715 893 4777 est
926 4712 1101 4777 aliud
1135 4729 1331 4795 quam
1370 4714 1584 4775 mente
1610 4707 1993 4791 conspicere,
2033 4704 2339 4771 firmiter-

870 4888 888 4921 ¹
908 4889 1056 4948 Aug„
1083 4885 1143 4934 de
1171 4887 1323 4936 civit.
1353 4885 1462 4950 Dei,
1489 4885 1575 4936 lib.
1603 4884 1714 4948 ΧΠ,
1736 4899 1781 4933 c.
1806 4893 1959 4933 xvm.
1984 4906 2039 4917 -
2060 4881 2084 4918 ⁸
2101 4881 2183 4931 Ps.
2204 4889 2344 4941 xvu,

803 4962 880 5009 12.
905 4985 962 4994 —
981 4960 1003 4993 ³
1032 4963 1045 5007 l
1079 4958 1215 5020 Cor„
1236 4960 1408 5022 v1,17.

870 5043 935 5106 (a)
962 5042 1098 5091 Edit.
1121 5042 1424 5092 Benedictae'u.
1454 5040 1666 5092 scientia
1693 5039 2159 5103 comprehenditur.

1838 459 2461 535 SENTEN‘HARUM
2510 457 2665 525 LIB.
2712 458 2823 525 111.

2411 613 2539 679 que
2559 592 2905 678 percipere.
2932 592 3032 658 Ad
3054 591 3214 656 illud
3240 589 3416 673 quod
3439 588 3770 672 officitur,
3791 589 3963 671 quod

2412 722 2543 768 non
2573 706 2776 785 potest
2801 699 3080 781 intelligi
3108 718 3226 764 nec
3254 699 3623 780 cognitione
3649 697 3780 760 viae
3799 743 3817 773 ,
3847 715 3963 760 nee

2412 811 2667 894 patriae,
2700 810 3042 874 dicendum
3071 808 3239 892 quod
3276 806 3408 869 imo
3435 805 3808 886 cognitione
3837 805 3960 868 viae

2414 917 2687 998 intelligi
2714 921 2937 1000 potest.
2970 916 3093 982 Sed
3120 915 3400 997 cognitio
3427 914 3556 978 viae
3581 911 3826 976 multos
3853 912 3964 975 ha-

2413 1027 2519 1090 bet
2549 1025 2809 1107 gradus.
2841 1023 3259 1105 Cognoscitur
3305 1022 3483 1085 enim
3520 1020 3692 1084 Deus
3729 1020 3801 1082 in
3828 1038 3968 1083 ves-

2414 1131 2576 1212 tigio
2603 1152 2621 1208 ;
2651 1131 3062 1212 cognoscitur
3085 1130 3154 1193 in
3191 1129 3518 1210 imagine;
3550 1126 3970 1207 cognoscitur

2415 1239 2565 1303 etin
2595 1239 2825 1303 effectu
2851 1238 3113 1320 gratiae;
3147 1237 3558 1317 cognoscitur
3603 1235 3804 1298 etiam
3848 1251 3961 1315 per

2413 1347 2707 1411 intimam
2737 1346 3041 1410 unionem
3061 1342 3177 1408 Dei'
3192 1346 3254 1407 et
3281 1343 3538 1407 animae.
3558 1341 3762 1407 Juxta
3789 1341 3961 1424 quod

2415 1455 2567 1519 dicit
2604 1452 2946 1536 Apostolus
2967 1453 3039 1516 ⁸:
3083 1453 3208 1526 Qui
3253 1450 3534 1518 adltoeret
3577 1453 3742 1528 Deo,
3802 1465 3972 1515 unus

2306 1610 2311 1613 -
2417 1562 2695 1643 spiritus
2722 1565 2816 1626 est
2841 1577 2985 1626 cum
3012 1576 3103 1626 eo.
3135 1558 3215 1624 Et
3237 1558 3379 1623 haec
3415 1561 3512 1622 est
3546 1558 3838 1638 cognitio
3865 1575 3971 1620 ex·

2419 1668 2891 1748 cellentissima,
2921 1684 3118 1750 quam
3164 1666 3344 1732 docet
3385 1664 3734 1748 Dionysius
3753 1711 3776 1743 ‚
3824 1679 3972 1746 quse

2419 1775 2680 1860 quidem
2729 1779 2824 1840 est
2874 1775 2941 1839 in
2987 1774 3291 1840 exstatico
3340 1790 3563 1838 amore
3578 1820 3599 1854 ,
3648 1776 3714 1836 et
3767 1772 3972 1837 elevat

2421 1901 2615 1966 supra
2652 1881 3083 1963 cognitionem
3128 1880 3276 1947 fidei
3321 1879 3683 1945 secundum
3733 1881 3969 1943 statum

2422 2007 2830 2055 communem
2861 2011 2876 2053 ε
2909 1995 2973 2055 et
3001 1990 3078 2054 de
3105 1988 3225 2052 hac
3254 1987 3564 2066 intelligit
3586 1986 3696 2049 hic
3718 1986 3975 2067 Augus-

2423 2098 2595 2162 tinus
2635 2103 2698 2161 et
2736 2098 3065 2179 Magister.
3106 2096 3204 2161 Ad
3240 2094 3396 2159 illud
3430 2093 3606 2176 quod
3650 2093 3971 2174 objicitur,

2425 2207 2596 2288 quod
2644 2207 2805 2271 scire
2850 2209 2945 2271 est
2993 2202 3532 2287 comprehendere
3561 2249 3582 2279 ,
3630 2201 3975 2266 dicendum

2426 2313 2597 2396 quod
2619 2314 3028 2396 Augustinus
3048 2312 3281 2376 diffinit
3304 2309 3396 2374 ibi
3423 2310 3593 2375 scire
3621 2309 3977 2373 secundum

2426 2421 2600 2503 quod
2628 2421 2925 2503 competit
2961 2422 3133 2486 Deo:
3163 2423 3226 2484 et
3251 2417 3416 2484 Deus
3459 2415 3785 2501 quidquid
3823 2416 3973 2493 scit,

2429 2529 2549 2592 scit
2593 2529 2854 2592 scientia
2903 2524 3484 2611 comprehensionis
3509 2571 3530 2603 ‚
3577 2523 3737 2606 quia
3784 2526 3979 2587 totam

2428 2637 2736 2701 rationem
2760 2636 2945 2718 plene
2973 2634 3342 2717 cognoscit:
3372 2632 3496 2696 hoc
3526 2635 3751 2696 autem
3792 2630 3978 2694 modo

2428 2762 2560 2808 non
2599 2744 2798 2807 scitur
2844 2742 3007 2806 Deus
3039 2760 3078 2805 a
3109 2740 3316 2805 nobis,
3346 2737 3446 2802 Ad
3485 2737 3649 2802 illud
3691 2737 3980 2801 similiter

2432 2851 2714 2934 Dionysii
2750 2852 2921 2932 patet
2956 2846 3287 2930 responsio
3314 2864 3333 2911 ε
3363 2845 3516 2929 quia
3551 2844 3698 2911 vult
3731 2845 3975 2924 dicere,

2433 2959 2606 3043 quod
2648 2957 2813 3023 Deus
2851 2974 2985 3022 non
3024 2954 3411 3038 conspicitur
3436 2953 3507 3016 in
3537 2951 3650 3017 via
3690 2952 3763 3016 in
3790 2951 3971 3017 clari-

2431 3070 2559 3130 tate
2585 3083 2719 3129 suae
2746 3063 3036 3129 essentiae
3060 3084 3079 3141 ;
3110 3062 3220 3126 sed
3246 3079 3379 3125 non
3399 3059 3545 3126 vult
3570 3059 3784 3125 dicere
3807 3057 3977 3141 quod

2433 3193 2565 3241 non
2589 3174 3015 3257 conspiciatur
3046 3173 3116 3237 in
3142 3170 3374 3236 effectu
3403 3169 3633 3251 gratiae
3655 3216 3677 3248 ,
3708 3173 3775 3232 et
3799 3184 3983 3251 expe-

2434 3281 2663 3347 rientia
2700 3280 3030 3347 suavitatis
3056 3295 3195 3345 suae
3237 3294 3351 3361 per
3393 3277 3603 3360 ipsam
3646 3275 3975 3340 unionem.

2917 3532 3402 3606 ARTICULUS
3451 3532 3506 3601 1.

2519 3715 2617 3781 Ad
2644 3712 3136 3796 intelligentiam
3168 3713 3370 3796 hujus
3393 3709 3594 3794 partis
3630 3710 3850 3775 incidit
3877 3710 3981 3775 hic

2442 3822 2710 3907 quaestio
2738 3822 2816 3886 de
2841 3823 3089 3905 objecto
3118 3820 3305 3898 fldei;
3337 3820 3401 3883 et
3441 3821 3615 3883 circa
3653 3816 3779 3882 hoc
3817 3833 3984 3900 quae·

2442 3934 2678 3995 runtur
2698 3930 2823 3994 tria
2843 3953 2861 4008 ;
2892 3930 3100 4012 primo
3127 3926 3441 4010 quaeritur
3459 3925 3539 3990 de
3561 3925 3814 4007 objecto
3838 3924 3981 3987 fidei

2445 4037 2795 4102 secundum
2822 4055 2995 4114 rem3
3046 4033 3326 4099 secundo
3365 4032 3682 4115 quaeritur
3724 4031 3804 4095 de
3846 4032 3980 4114 ipso

2446 4147 2513 4210 in
2539 4146 3009 4228 comparatione
3051 4142 3131 4208 ad
3172 4143 3460 4207 nostram
3492 4138 3979 4221 ¹cognitionem3

2446 4255 2632 4320 tertio
2678 4253 2987 4336 quaeritur
3031 4251 3112 4317 de
3165 4250 3302 4333 ipso
3344 4248 3591 4330 objecto
3636 4246 3987 4310 secundum

2445 4361 2725 4428 nominis
2741 4360 3073 4425 rationem.
3098 4357 3279 4423 Circa
3303 4354 3590 4439 primum
3609 4355 3989 4436 quaeruntur

2448 4469 2573 4533 tria
2603 4487 2620 4533 ε
2651 4468 2861 4551 primo
2904 4465 3220 4549 quaeritur
3255 4467 3475 4529 utrum
3512 4460 3674 4526 fides
3710 4461 3794 4526 sit
3830 4461 3992 4526 circa

2448 4595 2679 4643 verum
2707 4579 2959 4640 tantum
2983 4621 3002 4654 ,
3035 4591 3119 4637 an
3159 4571 3305 4636 ssdei
3343 4569 3545 4655 possit
3574 4568 3836 4633 subesse
3877 4569 3992 4632 fal-

2451 4702 2638 4764 sum;
2703 4681 2980 4748 secundo
3036 4680 3347 4764 quaeritur
3408 4681 3632 4741 utrum
3694 4677 3853 4741 fldes
3915 4677 3994 4741 sit

2454 4792 2621 4857 circa
2654 4810 2885 4858 verum
2925 4794 3210 4855 creatum
3223 4836 3245 4868 ,
3294 4806 3380 4851 an
3424 4786 3595 4849 circa
3637 4785 3994 4849 increatum

2454 4906 2738 4980 tantum3
2759 4900 2944 4966 tertio
2963 4898 3277 4982 quaeritur
3299 4900 3529 4960 utrum
3550 4894 3634 4958 sit
3651 4894 3821 4958 circa
3836 4910 3996 4958 com·

2457 5009 2751 5091 plexum,
2780 5026 2865 5073 an
2891 5007 3058 5070 circa
3078 5002 3583 5085 incomplexum.
