4185 6288
1348 443 1543 510 ms‘r.
1583 444 1632 509 1.
1674 443 1855 510 ΛΒΤ.
1903 444 1980 510 11.
2025 444 2322 523 QUAEST.
2369 445 2447 508 11.

276 590 430 639 vero
471 575 555 640 ad
596 578 967 661 oppositum
1005 584 1072 644 et
1107 582 1510 646 auctoritates
1551 598 1665 663 per
1704 579 1828 643 hoc

277 682 638 765 effugiunt,
679 687 833 768 quia
877 688 1101 753 dicunt
1135 707 1241 753 eas
1285 688 1560 770 intelligi
1596 705 1827 752 secun-

274 791 428 857 dum
460 795 637 875 quod
668 795 1026 861 incarnatio
1055 797 1286 862 dicitur
1311 799 1517 862 carnis
1546 795 1830 861 mortalis

273 907 334 966 et
355 904 678 987 passibilis
701 908 1072 990 assumptio.
1096 908 1405 992 Loquitur
1427 908 1598 971 enim
1621 905 1829 988 Scrip-

272 1016 417 1075 tura
434 1017 496 1076 et
514 1012 732 1078 littera
751 1015 828 1078 de
849 1015 1281 1079 incarnatione
1301 1014 1653 1079 secundum
1675 1030 1826 1075 eum

273 1117 576 1197 modum,
607 1122 723 1203 qui
753 1121 875 1186 fuit
900 1128 1044 1206 post
1065 1122 1349 1205 lapsum,
1375 1139 1507 1184 non
1535 1139 1648 1203 per
1674 1137 1822 1182 eum

271 1224 580 1305 modum,
619 1227 738 1309 qui
782 1228 1005 1292 fuisset
1047 1229 1307 1293 homine
1349 1226 1719 1312 persistente
1758 1227 1823 1288 in

267 1338 439 1398 statu
467 1334 879 1399 innocentiae.

68 1451 180 1507 ορει
200 1452 241 1494 2·
349 1442 655 1506 Aliorum
679 1444 862 1506 vero¹
885 1442 1115 1525 positio
1139 1442 1281 1522 fuit,
1304 1441 1474 1524 quod
1503 1442 1826 1525 praecipua

267 1544 432 1607 ratio
456 1545 919 1609 incarnationis
941 1545 1066 1610 fuit
1087 1545 1402 1628 reparatio
1424 1545 1679 1625 generis
1705 1545 1827 1608 hu-

269 1651 451 1715 mani
488 1673 505 1716 ε
556 1653 858 1735 quamvis
908 1653 1131 1718 multae
1174 1653 1299 1717 sint
1344 1653 1620 1716 rationes
1666 1671 1826 1717 con-

265 1755 599 1836 gruentiae
626 1754 785 1820 huic
811 1774 1107 1832 annexae,
1137 1756 1257 1819 ista
1286 1760 1501 1820 tamen
1530 1761 1625 1819 est
1653 1774 1827 1838 prae-

268 1864 465 1945 cipua
518 1867 810 1946 respectu
859 1863 1184 1943 omnium,
1237 1852 1390 1946 quia
1440 1863 1565 1926 nisi
1618 1883 1827 1946 genus

265 1970 650 2035 humanum
681 1970 900 2035 fuisset
937 1971 1206 2053 lapsum,
1238 1968 1518 2035 Verbum
1558 1970 1665 2036 Dei
1695 1990 1827 2036 non

267 2081 497 2144 fuisset
528 2079 959 2143 incarnatum.
992 2078 1070 2143 Et
1100 2080 1260 2141 ratio
1295 2078 1492 2161 hujus
1527 2082 1643 2159 est,
1677 2080 1828 2162 quia

268 2188 637 2252 incarnatio
692 2186 801 2251 Dei
851 2185 1543 2269 estnsuperexcedentis
1597 2186 1824 2268 digna-

268 2296 467 2360 tionis
495 2316 511 2356 :
545 2300 608 2357 et
629 2295 773 2358 ideo
802 2312 952 2358 cum
987 2294 1072 2357 sit
1100 2294 1187 2357 ibi
1213 2293 1474 2376 quidam
1503 2311 1822 2375 excessuS,

267 2423 408 2469 non
443 2403 674 2468 fuisset
716 2403 1150 2466 introductum
1194 2401 1645 2465 incarnationis
1679 2419 1826 2483 my-

268 2512 571 2591 sterium,
591 2512 716 2575 nisi
741 2510 1162 2594 praecessisset
1185 2528 1481 2575 excessus
1504 2509 1830 2593 oppositus

267 2639 387 2705 per
443 2619 662 2703 ipsum
732 2617 1151 2700 corrigendus
1220 2620 1283 2682 et
1347 2618 1825 2685 restaurandus.

271 2728 454 2795 Unde
476 2729 603 2792 nisi
630 2735 794 2793 Deus
816 2729 1040 2792 ovem¹
1064 2745 1250 2791 suam
1275 2726 1666 2809 perdidisset,
1697 2745 1831 2791 non

269 2832 349 2897 de
387 2832 551 2897 coelo
578 2832 662 2897 ad
690 2837 924 2895 terram
951 2830 1392 2896 descendisset.
1431 2829 1583 2906 Quis
1612 2834 1830 2894 autem

269 2942 516 3008 horum
560 2941 901 3005 modorum
933 2938 1156 3003 melior
1187 2938 1289 3017 sit,
1330 2937 1510 3001 novit
1539 2937 1681 3017 iste,
1716 2936 1829 3019 qui

270 3068 394 3133 pro
418 3048 610 3112 nobis
635 3048 1003 3111 incarnatus
1036 3051 1151 3111 est.
1187 3044 1341 3123 Quis
1371 3045 1566 3109 etiam
1593 3044 1827 3109 horum

272 3158 451 3223 alteri
497 3156 973 3240 praeponendus
1011 3155 1115 3232 sit,
1156 3154 1406 3219 difficile
1452 3157 1546 3217 est
1586 3153 1826 3235 videre,

272 3284 391 3348 pro
427 3283 509 3329 eo
544 3264 720 3347 quod
761 3267 1026 3345 uterque
1067 3262 1295 3327 modus
1331 3260 1676 3324 catholicus
1711 3267 1826 3338 est,

271 3376 336 3435 et
356 3390 398 3434 a
417 3370 576 3435 viris
595 3370 922 3434 catholicis
942 3370 1311 3433 sustinetur.
1337 3367 1614 3450 Uterque
1634 3369 1827 3432 etiam

271 3478 509 3542 modus
550 3477 789 3542 excitat
825 3478 1112 3541 animam
1155 3477 1234 3542 ad
1277 3477 1678 3541 devotionem
1724 3494 1829 3540 se-

91 3623 251 3676 m„
271 3584 564 3649 cundum
620 3584 904 3648 diversas
959 3583 1514 3648 considerationes,
1566 3580 1829 3649 Videtur

48 3685 249 3803 22⁶}
271 3699 495 3760 autem
532 3693 788 3778 primus
825 3692 1057 3756 modus
1093 3692 1301 3772 magis
1338 3709 1686 3756 consonare
1715 3695 1825 3774 ju-

271 3800 437 3866 dicio
469 3799 772 3877 rationis3
806 3797 1123 3863 secundus
1158 3803 1395 3876 tamen,
1427 3797 1592 3862 sicut
1626 3816 1828 3882 appa-

51 3921 179 3968 Μ’».
197 3926 233 3966 ¹·
270 3913 393 3986 ret,
424 3909 576 3992 plus
604 3910 913 3972 consonat
937 3906 1155 3990 pietati
1181 3905 1331 3970 fldei
1362 3924 1378 3969 z
1407 3905 1638 3989 prim0‚
1672 3906 1829 3988 quia

270 4014 766 4082 auctoritatibus
783 4013 1165 4079 Sanctorum
1184 4019 1248 4078 et
1265 4031 1460 4077 sacrae
1482 4013 1828 4097 Scripturae

270 4124 489 4206 magis
523 4121 867 4186 concordat
899 4142 914 4186 ε
951 4139 1104 4185 nam
1143 4125 1274 4184 tam
1314 4120 1592 4199 Novum,
1631 4141 1850 4204 quam.

269 4231 473 4298 Vetus
500 4231 1008 4306 Testamentum,
1035 4230 1147 4293 ubi
1168 4229 1245 4293 de
1268 4229 1413 4294 Filii
1441 4229 1548 4294 Dei
1578 4231 1828 4296 descen-

272 4358 349 4403 su
373 4339 763 4420 loquuntur,
798 4337 1054 4419 generis
1089 4337 1360 4401 humani
1387 4336 1827 4403 liberationem

273 4447 599 4512 rationem
637 4444 936 4521 reddunt,
984 4444 1152 4528 quod
1195 4448 1367 4527 patet
1405 4445 1660 4528 singula
1693 4447 1827 4511 dis-

276 4553 623 4620 currendO.
648 4552 862 4617 Sancti
889 4552 1081 4616 etiam
1109 4553 1232 4616 hoc
1255 4552 1498 4633 dicunt,
1526 4554 1691 4618 sicut
1720 4575 1829 4638 pa-

274 4667 366 4728 tet
389 4662 460 4726 in
490 4660 977 4726 auctoritatibus
1005 4660 1437 4743 suprapositis,
1469 4660 1546 4726 Et
1580 4662 1742 4743 ideo,
1774 4664 1827 4727 si

275 4771 501 4837 divina
541 4767 799 4852 eloquia
838 4767 1295 4832 nobilissimam
1335 4773 1397 4833 et
1439 4770 1829 4854 praecipuam

277 4876 740 4943 incarnationis
764 4876 1080 4940 rationem
1105 4875 1455 4957 assignant,
1486 4875 1583 4939 et*
1608 4900 1639 4939 α
1666 4877 1831 4941 nihil

279 4987 478 5051 etiam
510 5004 553 5048 a
577 4983 763 5049 nobis
792 4983 1134 5054 dicendum
1169 4986 1266 5047 est
1293 4987 1524 5066 praeter
1555 5001 1652 5061 ea,
1684 5003 1831 5068 quae

280 5093 472 5158 nobis
507 5112 591 5157 ex
624 5092 820 5156 sacris
848 5091 1113 5173 eloquiis
1142 5092 1381 5155 clarent
1398 5114 1415 5171 3
1445 5113 1477 5152 υ
1511 5091 1655 5156 ideo
1693 5111 1834 5158 ma-

353 5223 369 5255 ¹
389 5222 447 5271 S.
466 5220 672 5280 Thom„
695 5219 888 5268 Summ.
911 5216 1187 5282 theol.,1n,
1206 5231 1256 5281 q.
1277 5228 1316 5280 1,
1338 5219 1435 5267 art.
1458 5219 1607 5267 3.--ι
1626 5218 1834 5280 Mami„

279 5304 374 5356 xv,
403 5294 498 5355 243
523 5292 661 5353 Luc„
693 5300 783 5349 ιν,
812 5291 842 5339 4
866 5293 918 5338 et
944 5288 1350 5353 seq.—⁸Dion.
1381 5289 1591 5354 Areop„
1625 5288 1686 5338 de
1714 5290 1835 5340 Div-

279 5366 456 5423 Nom„
487 5376 536 5414 c.
562 5373 602 5422 1,
625 5363 658 5426 g
688 5367 710 5412 1
737 5396 756 5424 ,
782 5361 838 5410 in
854 5359 1036 5425 primis
1060 5360 1168 5412 fere
1202 5359 1390 5411 verbis.
1418 5361 1515 5399 -ι
1540 5361 1838 5426 August,de

353 5439 417 5500 (a)
450 5434 571 5487 Coet.
602 5433 728 5484 edit.
752 5431 1083 5483 restaurandi.

3395 451 3474 512 23

1933 580 2036 662 gis
2088 580 2342 645 videtur
2395 581 2609 664 pietati
2664 583 2806 648 fidei
2864 603 3249 665 consonum,
3301 583 3477 667 quod

1937 690 2264 772 praecipua
2312 689 2766 754 incarnationis
2825 693 2986 757 ratio
3050 694 3135 758 sit
3189 692 3477 757 liberatio

1936 796 2192 877 generis
2218 796 2510 874 humani,
2539 816 2736 879 quam
2765 797 2947 863 aliter
2975 801 3227 864 sentire.
3259 798 3336 863 Et
3354 799 3477 863 hoc

1937 908 2153 985 aperte
2198 903 2347 966 dicit
2393 906 2795 985 Augustinus
2826 906 2848 941 ⁴
2875 906 2944 969 in
2972 906 3133 971 libro
3164 906 3244 972 de
3271 906 3477 973 verbis

1939 1011 2252 1092 Apostoli,
2278 1011 2343 1073 in
2370 1029 2664 1075 sermone
2690 1031 2837 1092 Lxx,
2864 1018 3140 1076 tractans
3166 1013 3319 1079 illud
3344 1015 3477 1078 Lu-

1936 1132 2026 1181 cae
2045 1122 2066 1155 ⁸
2085 1116 2305 1183 :Venit
2327 1118 2507 1197 filius
2520 1118 2798 1185 hominis
2815 1120 3064 1186 salvum
3079 1121 3287 1200 facere
3308 1119 3479 1202 quod

1932 1223 2260 1304 perierat:
2294 1248 2321 1283 c
2337 1224 2401 1287 Si
2420 1225 2613 1289 homo
2631 1240 2767 1290 non
2792 1227 3105 1308 periisset,
3132 1225 3331 1290 Filius
3353 1226 3472 1288 ho-

1938 1330 2132 1392 minis
2180 1348 2309 1394 non
2367 1333 2663 1396 venisset.
2695 1355 2725 1390 »
2770 1332 2845 1397 Et
2875 1332 3236 1414 expressius
3284 1332 3475 1412 idem,

1936 1440 2214 1501 tractans
2231 1437 2386 1502 illud
2405 1439 2427 1474 ⁸
2452 1461 2465 1501 ε
2495 1437 2686 1505 Venit
2711 1441 2786 1505 in
2812 1440 2980 1506 hunc
3001 1439 3314 1504 mundum
3333 1457 3477 1521 pec-

1935 1551 2181 1611 catores
2207 1545 2418 1612 salvos
2446 1547 2644 1626 facere
2663 1567 2688 1609 .·
2710 1569 2740 1606 α
2758 1543 2946 1609 Nulla
2972 1564 3163 1610 causa
3186 1546 3479 1610 veniendi

1938 1651 2059 1714 fuit
2095 1652 2361 1729 Christo,
2396 1653 2518 1716 nisi
2552 1657 2906 1734 peccatores
2939 1653 3148 1718 salvos
3187 1654 3411 1718 facere.
3438 1675 3471 1713 n

1939 1756 2018 1820 Et
2051 1757 2223 1821 idem
2268 1757 2453 1840 plura
2493 1758 2643 1823 dicit
2679 1760 2756 1823 ad
2799 1760 2919 1822 hoc
2952 1759 3355 1841 pertinentia.
3403 1759 3482 1823 Et

1937 1865 2004 1927 in
2036 1863 2145 1927 illa
2171 1864 2478 1943 oratione,
2509 1884 2654 1948 quae
2691 1865 2916 1948 incipit
2948 1886 2963 1930 :
3005 1888 3036 1926 α
3065 1866 3121 1929 Α
3154 1865 3309 1929 cella
3335 1884 3481 1931 aro-

1939 1972 2193 2047 matica,
2238 1993 2268 2028 »
2316 1989 2464 2053 quae
2503 1971 2732 2035 dicitur
2764 1990 2898 2035 esse
2940 1972 3315 2053 Augustini,
3358 1974 3482 2038 hoc

1938 2079 2151 2163 ipsum
2202 2080 2475 2144 habetur
2522 2080 2908 2162 expressius
2967 2081 3063 2144 Ad
3113 2081 3235 2144 hoc
3289 2082 3481 2145 etiam

1938 2182 2321 2253 concordant
2350 2188 2545 2251 verba
2583 2187 2907 2266 Bernardi,
2940 2190 3004 2250 et
3029 2187 3260 2251 Glossae
3289 2207 3482 2272 super

1937 2299 2181 2363 dictum
2221 2299 2433 2363 locum
2468 2297 2763 2379 Epistolae
2803 2296 2892 2362 ad
2923 2297 3334 2373 Timotheum.
3368 2297 3482 2363 Se-

1938 2407 2149 2472 cundo
2177 2425 2330 2470 vero
2357 2406 2699 2488 praedictus
2725 2404 2955 2468 modus
2981 2405 3191 2485 magis
3217 2423 3477 2469 concor-

1938 2515 2043 2580 dat
2075 2514 2291 2597 pietati
2332 2513 2503 2588 fidei,
2533 2512 2686 2595 quia
2726 2511 2921 2575 Deum
2967 2512 3175 2592 magis
3213 2511 3479 2576 honori-

1939 2622 2105 2700 ficat,
2140 2639 2335 2704 quam
2371 2619 2753 2703 praecedens.
2788 2617 2952 2683 Nam
2992 2617 3352 2699 praecedens
3382 2619 3479 2683 di-

1939 2729 2057 2803 cit,
2105 2727 2276 2809 quod
2324 2726 2528 2791 Deum
2576 2725 2972 2807 congruebat
3025 2725 3349 2788 incarnari
3399 2726 3479 2791 ad

1939 2832 2385 2916 perfectionem
2415 2831 2843 2896 universitatis
2873 2854 2889 2894 2
2921 2835 2984 2895 et
3011 2830 3153 2895 ideo
3178 2831 3480 2913 quodam·

1940 2935 2128 3000 modo
2191 2934 2392 2999 Deum
2454 2934 2622 2998 intra
2682 2934 3131 3016 perfectionem
3191 2933 3479 2997 universi

1938 3041 2278 3121 concludit,
2314 3047 2377 3106 et
2406 3040 2753 3125 quamdam
2791 3041 3227 3104 necessitatem
3261 3041 3479 3104 incar-

1940 3149 2214 3214 nationis
2242 3150 2419 3232 ponit
2446 3151 2526 3229 ei,
2557 3132 2704 3213 cum
2734 3148 2882 3213 dicit
2908 3165 3101 3230 opera
3132 3149 3273 3230 eJus
3299 3147 3480 3213 aliter

1938 3258 2017 3323 ad
2070 3259 2516 3338 perfectionem
2570 3276 2703 3322 non
2757 3257 3039 3340 perduci.
3094 3255 3211 3319 Hic
3262 3259 3478 3321 autem

1940 3366 2171 3431 modus
2193 3367 2442 3430 dicendi
2467 3384 2616 3430 cum
2638 3365 2809 3441 dicit,
2831 3364 3000 3446 quod
3029 3364 3483 3428 incarnationis

1940 3474 2320 3558 mysterium
2360 3478 2455 3537 est
2489 3490 2681 3554 super
2709 3488 2969 3535 omnem
3007 3470 3477 3552 perfectionem,

1938 3583 2117 3666 ponit
2142 3582 2460 3646 Christum
2486 3598 2618 3643 esse
2647 3595 2840 3660 supra
2866 3593 3124 3641 omnem
3152 3575 3482 3658 perfectio-

1938 3707 2089 3753 nem
2131 3687 2584 3765 universitatiS,
2629 3685 2767 3748 sive
2806 3687 3124 3766 quantum
3166 3682 3247 3745 ad
3290 3685 3477 3745 natu-

1936 3814 2101 3878 ram,
2143 3797 2277 3859 sive
2304 3798 2617 3876 quantum
2656 3792 2736 3854 ad
2776 3790 3073 3873 gratiam,
3103 3789 3235 3852 sive
3263 3806 3434 3870 quan

1937 3908 2077 3967 tum
2121 3903 2197 3967 ad
2239 3901 2536 3983 gloriam.
2578 3898 2657 3963 Et
2697 3899 2818 3962 hoc
2860 3900 3028 3962 recte
3072 3895 3253 3974 facit3
3299 3896 3476 3977 quia,

1938 4010 2105 4073 sicut
2130 4009 2281 4073 dicit
2311 4006 2734 4089 Philosophus
2772 4005 2933 4068 libro
2955 4001 3037 4067 XI
3065 4003 3299 4068 Primae
3328 4002 3477 4068 Phi-

1939 4117 2236 4199 losopln'oe
2260 4128 2316 4195 ⁷,
2367 4139 2397 4176 α
2442 4114 2608 4178 Deus
2651 4131 2846 4195 supra
2890 4128 3147 4174 omnem
3192 4109 3480 4174 universi

1936 4228 2225 4292 ordinem
2265 4224 2602 4308 ponendus
2645 4225 2767 4300 est,
2799 4244 2829 4279 ι)
2876 4220 3039 4283 sicut
3078 4237 3207 4283 nou
3245 4217 3479 4282 dicitur

1934 4353 2070 4400 esse
2106 4334 2242 4397 dux
2268 4333 2346 4398 de
2372 4329 2678 4407 exercitu,
2719 4329 2826 4393 sed
2863 4346 3060 4411 supra
3097 4325 3471 4390 exercitum.

1932 4442 2179 4520 Tertio,
2248 4440 2473 4504 modus
2538 4438 2656 4501 iste
2720 4434 2967 4499 dicendi
3024 4430 3476 4497 incarnationis

1935 4551 2313 4636 mysterium
2350 4545 2559 4627 magis
2594 4543 3017 4619 commendat,
3056 4542 3213 4606 dum
3243 4539 3476 4605 dicitur

1934 4660 2058 4724 hoc
2095 4655 2471 4739 mysterium
2505 4654 2757 4714 tantum
2799 4667 2955 4729 esse,
2985 4647 3151 4731 quod
3184 4665 3316 4711 non
3357 4647 3477 4710 de-

1934 4767 2075 4832 buit
2126 4763 2266 4828 fleri
2317 4759 2444 4823 nisi
2494 4776 2578 4822 ex
2640 4756 2925 4820 maxima
2986 4772 3205 4833 causa,
3259 4757 3478 4838 utpote

1935 4878 2195 4959 propter
2221 4868 2592 4955 placandam
2621 4866 2905 4931 divinam
2933 4863 3117 4941 iram,
3144 4868 3208 4927 et
3232 4868 3481 4927 restau-

1938 4981 2141 5047 randa
2180 4983 2254 5061 (α)
2303 4976 2554 5054 omnia,
2601 4973 2736 5037 sive
2779 4988 2926 5054 quae
2971 4970 3039 5033 in
3082 4969 3253 5034 coelis
3304 4974 3477 5050 sunt,

1937 5091 2074 5155 sive
2106 5104 2253 5172 quae
2282 5086 2351 5150 in
2382 5088 2574 5147 terra.
2606 5080 2683 5144 Et
2711 5080 2852 5144 ideo
2888 5078 3107 5143 dicunt
3131 5078 3303 5161 quod
3329 5082 3479 5142 tan-

1945 5284 2120 5337 Verbis
2142 5284 2330 5347 Δροσί..
2359 5292 2514 5330 serm.
2537 5288 2611 5338 rx,
2631 5275 2697 5326 al.
2718 5285 2941 5338 ccxxxv,
2969 5289 3023 5327 n.
3048 5280 3156 5326 1.-
3170 5275 3194 5311 ⁸
3214 5275 3351 5336 Luc„
3369 5287 3481 5339 xix,

1943 5363 2083 5409 to.—
2103 5357 2124 5392 θ
2147 5356 2160 5404 Ι
2184 5355 2383 5412 Tim.,1,
2410 5353 2483 5401 15.
2510 5376 2563 5386 -
2584 5349 2608 5385 '¹
2632 5347 2801 5410 Arist„
2828 5346 3073 5413 Metapk„
3094 5347 3184 5399 lib.
3206 5348 3323 5409 xli,
3341 5353 3479 5400 cont.

1939 5432 2001 5481 44
2023 5465 2039 5493 ,
2068 5431 2120 5479 et
2143 5427 2193 5476 in
2224 5427 2324 5475 fine
2349 5422 2583 5488 ejusdem
2603 5419 2735 5469 libri.

3529 2300 3653 2347 Ratio

3525 4458 3648 4504 Ratio
