4185 6288
1213 996 1427 1080 INDEX
1471 961 1940 1078 MAwEmARUM
1988 990 2147 1088 01]AE
2189 987 2262 1075 IN
2305 989 2501 1075 TOMO
2551 989 2835 1087 Quinto

1878 1268 2179 1335 OPERUM

542 1560 1083 1674 SANCTI
1184 1551 2339 1669 BONAVENTURAE
2442 1548 3516 1724 CONTINENTUR

429 2157 866 2207 Avssnrrsssurnr
895 2165 961 2204 mr
984 2152 1295 2204 n’Emrann.

430 2226 749 2279 Praesationis
769 2227 907 2290 loco,
936 2240 1001 2276 ex
1024 2225 1333 2275 Prodromo.

429 2299 817 2351 Animadversio
844 2297 900 2348 in
927 2298 1045 2348 dist.
1068 2298 1156 2360 111,
1178 2300 1312 2360 part.
1331 2308 1370 2353 ι,
1391 2298 1488 2348 art.
1521 2300 1568 2362 1,
1591 2312 1644 2362 q.
1672 2300 1716 2348 1.

430 2373 683 2438 Elegium.

429 2447 808 2508 Argumentum
854 2443 1024 2507 quoad
1058 2443 1261 2507 partum
1302 2442 1436 2492 hanc
1483 2442 1828 2508 posteriorem

491 2515 838 2580 expositionis.

429 2585 745 2638 Prooemium
767 2588 823 2637 in
841 2584 1028 2637 librum
1045 2584 1277 2637 tertium.

429 2661 575 2710 Drsr.
608 2672 649 2710 1.

427 2730 691 2793 Expositio
717 2732 906 2781 textus.
1701 2779 1704 2782 ,

426 2805 552 2853 Aur.
582 2815 619 2852 1.
648 2802 840 2861 Quaest.
870 2804 918 2850 1.
947 2799 1128 2861 Utrum
1167 2798 1341 2849 divina
1383 2801 1567 2850 natura
1603 2800 1827 2863 potuerit

489 2873 626 2923 uniri
652 2886 772 2923 cum
805 2871 1032 2920 humana
1056 2873 1258 2922 natura.

429 2944 621 3004 Quaest.
657 2947 708 2995 2.
759 2944 941 2995 Utrum
979 2955 1084 2992 una
1117 2954 1342 3005 persona
1369 2940 1531 3005 possit
1555 2940 1689 2991 uniri
1716 2942 1825 2993 sine

490 3016 664 3066 altera.
1765 3057 1774 3073 ,

431 3087 620 3148 Quoest.
662 3088 711 3136 3.
742 3084 926 3136 Utrum
951 3097 1175 3151 persona
1203 3096 1304 3135 una
1329 3082 1492 3147 possit
1517 3082 1668 3134 simui
1693 3084 1826 3135 uniri

491 3174 610 3210 cum
633 3160 748 3224 alia,
766 3157 1076 3209 assumendo
1089 3170 1244 3208 unam
1258 3160 1311 3207 et
1325 3155 1562 3206 eamdem
1590 3161 1828 3209 naturam

488 3245 725 3282 numero.

429 3304 619 3363 Quaest.
667 3307 714 3354 4.
761 3303 943 3354 Utrum
998 3300 1239 3366 quaelihet
1290 3298 1446 3351 trium
1489 3313 1828 3364 personarum

487 3374 651 3439 possit
676 3372 932 3425 incarnari
957 3387 1051 3438 per
1088 3372 1331 3436 seipsam.

428 3448 554 3498 Aar.
601 3460 665 3498 11.
705 3447 895 3506 Quaest.
928 3449 971 3495 1.
994 3446 1178 3496 Utrum
1203 3444 1256 3493 in
1280 3457 1440 3507 opere
1464 3441 1832 3495 incarnationis

500 3525 734 3570 servetur
759 3517 931 3569 debita
958 3515 1295 3581 congruentia
1316 3528 1382 3565 ex
1412 3519 1558 3578 parte
1580 3515 1696 3566 Dei.

432 3598 622 3658 Quaest.
653 3596 701 3643 2.
743 3592 822 3641 An
847 3588 981 3639 ratio
1019 3586 1387 3638 incarnationis
1429 3587 1582 3638 tuerit
1618 3587 1830 3639 humani

493 3665 698 3734 generis
724 3660 1032 3725 redemptio.

433 3741 625 3802 Quaest.
664 3739 712 3787 3.
751 3733 876 3792 Quae
915 3731 1071 3782 trium
1100 3742 1439 3795 personarum
1478 3730 1631 3782 fuerit
1665 3730 1831 3796 magis

494 3812 683 3862 idonea
702 3805 769 3856 ad
796 3803 1220 3854 incarnationem.

435 3885 626 3945 Quaest.
659 3882 707 3930 4.
736 3878 848 3937 Quo
887 3880 1119 3939 tempore
1156 3875 1309 3928 tuerit
1343 3875 1510 3940 magis
1543 3888 1833 3940 congruum

495 3954 678 4007 Filium
704 3947 797 4001 Dei
823 3946 1099 3999 incarnari.

437 4030 583 4079 Dlsr.
612 4037 672 4076 11.

437 4095 696 4163 Expositio
719 4095 910 4144 textus.

436 4175 561 4223 Aur.
588 4182 625 4221 1.
659 4167 848 4227 Quaest.
882 4168 929 4214 1.
957 4164 1141 4215 Utrum
1165 4161 1333 4224 major
1358 4161 1425 4212 sit
1441 4162 1734 4227 congruitas
1769 4163 1835 4214 ad

498 4241 744 4292 unionem
765 4236 819 4285 in
839 4234 1077 4285 rationali
1095 4237 1346 4297 creatura,
1362 4246 1517 4297 quam
1533 4234 1588 4284 in
1601 4239 1710 4287 toto
1729 4235 1838 4287 uni-

498 4324 668 4371 verso,
694 4320 759 4357 an
787 4319 815 4356 e
837 4305 1122 4355 contrario.

439 4385 627 4445 Quaest.
658 4386 705 4432 2.
733 4380 913 4431 Utrum
931 4378 1098 4443 major
1119 4377 1187 4427 sit
1199 4376 1489 4441 congruitas
1505 4378 1570 4429 ad
1592 4378 1837 4429 unionem

499 4456 554 4506 in
579 4455 804 4505 humana
825 4453 1024 4512 natura,
1053 4463 1210 4513 quam
1236 4449 1290 4499 in
1314 4449 1522 4514 angelo,
1552 4464 1620 4501 an
1646 4465 1675 4501 e
1706 4465 1834 4503 con-

498 4539 670 4577 verso.

441 4601 628 4660 Quoest.
661 4598 709 4647 3.
738 4597 923 4647 Utrum
943 4590 1108 4656 major
1123 4589 1189 4641 sit
1212 4592 1504 4656 congruitas
1524 4592 1580 4645 in
1604 4595 1714 4646 tota
1728 4606 1838 4658 spe-

501 4670 580 4721 cie
606 4669 859 4729 humana,
886 4677 1043 4729 quam
1067 4662 1124 4713 in
1153 4661 1436 4714 individuo.

442 4744 567 4794 Αιιτ.
597 4753 658 4793 ιι.

442 4816 635 4875 Quaest.
678 4817 724 4863 1.
763 4812 945 4862 Utrum
996 4806 1226 4859 Christus
1280 4807 1614 4872 assumpserit
1660 4821 1836 4859 veram

505 4899 732 4939 carnem.

442 4960 632 5021 Quoest.
678 4960 727 5008 2.
774 4957 956 5007 Utrum
996 4952 1224 5005 Christus
1258 4953 1591 5018 assumpserit
1615 4953 1839 5005 animam

503 5029 824 5081 rationalem.

443 5104 633 5165 Quoest.
668 5104 717 5152 3.
745 5102 927 5152 Utrum
958 5097 1185 5150 Christus
1212 5096 1450 5148 habuerit
1475 5110 1594 5149 cum
1615 5096 1727 5149 aliis
1746 5098 1840 5149 ho·

503 5173 726 5225 minibus
748 5183 1080 5221 communem
1104 5168 1348 5234 speciem.

442 5249 569 5305 Ant.
596 5258 675 5298 ιιι.
709 5245 897 5305 Quoest.
928 5245 975 5295 ¹.
1003 5244 1186 5294 Utrum
1217 5255 1404 5305 corpus
1431 5241 1616 5293 Christi
1641 5243 1840 5294 unitum

504 5319 657 5370 fuerit
679 5315 936 5368 mediante
962 5313 1143 5378 spiritu
1168 5313 1416 5377 humane,
1443 5314 1551 5365 sive
1587 5314 1775 5366 anima.

446 5391 634 5451 Quoest.
663 5393 712 5441 2.
746 5388 928 5439 Utrum
968 5385 1141 5436 anima
1175 5384 1363 5436 Christi
1388 5386 1542 5437 fuerit
1577 5390 1838 5453 assumpta

507 5479 539 5523 a
557 5464 748 5524 Verbo,
778 5458 1035 5511 mediante
1057 5457 1227 5525 aliquo
1248 5458 1427 5511 habitu
1451 5459 1688 5525 gratiuto.

1945 2164 1976 2201 v
2085 2153 2279 2212 Quoest.
2321 2154 2369 2204 3.
2415 2156 2595 2205 Utrum
2635 2154 2864 2206 Verbum
2902 2154 2969 2205 sit
3002 2155 3201 2207 unitum
3238 2156 3475 2208 hnmauoe

1896 2236 1976 2275 vu
2145 2226 2348 2275 naturae
2369 2226 2627 2276 mediante
2655 2227 2845 2291 Spiritu
2875 2230 3074 2278 sancto.
3571 2232 3626 2280 51

1878 2309 1977 2348 ιιιιι
2084 2297 2232 2346 D1sr.
2257 2306 2343 2348 ιιι.
3573 2304 3632 2351 53

1887 2381 1978 2420 xiv
2085 2368 2243 2418 Pin-r.
2280 2380 2320 2418 ι.
2356 2368 2617 2432 Expositio
2643 2372 2830 2420 textus.
3573 2375 3634 2423 56

2085 2441 2209 2488 Aur.
2229 2451 2266 2488 1.
2289 2439 2479 2499 Quoest.
2507 2444 2555 2490 1.
2580 2441 2761 2491 Utrum
2795 2456 2916 2493 caro
2945 2440 3168 2508 Virginis
3196 2442 3513 2494 sanctificata

1909 2525 1976 2565 xv
2146 2509 2300 2560 fuerit
2325 2514 2443 2561 ante
2469 2511 2857 2564 animationem.
3573 2519 3633 2568 58

1949 2588 1973 2634 1
2086 2582 2277 2641 Quaest.
2299 2584 2538 2632 2.Utrum
2553 2584 2723 2634 anima
2744 2586 2908 2636 beatas
2926 2585 3152 2650 Virginis
3170 2586 3481 2637 sanctificata

1948 2659 1977 2706 3
2148 2653 2301 2703 fuerit
2346 2659 2465 2704 ante
2511 2655 2772 2720 originalis
2802 2658 3001 2722 peccati
3047 2657 3467 2710 contractionem.
3573 2662 3634 2711 62
3663 2656 3675 2667 ’

1949 2731 1977 2779 5
2088 2725 2278 2785 Quaest.
2324 2728 2373 2776 3.
2417 2728 2596 2776 Utrum
2632 2728 2784 2781 beata
2831 2728 2986 2794 Virgo
3018 2729 3332 2780 sanctificata
3361 2729 3513 2781 suerit

2150 2800 2267 2847 ante
2295 2797 2632 2850 nativitatem.
3573 2804 3634 2855 66

1950 2874 1980 2923 7
2088 2868 2216 2920 Aur.
2248 2881 2310 2919 11.
2340 2870 2528 2930 Quaest.
2552 2876 2595 2922 1.
2617 2873 2798 2923 Utrum
2814 2885 2907 2937 per
2920 2871 3334 2923 sanctificationis
3362 2887 3480 2938 gra-

2150 2939 2274 2989 tiam
2294 2942 2488 2991 munda
2515 2942 2666 2994 fuerit
2691 2944 2755 2993 ab
2782 2942 2924 2994 omni
2950 2942 3140 2993 actuali
3155 2947 3389 3006 peccato.
3577 2946 3637 2996 68

1923 3016 1980 3066 10
2090 3012 2281 3072 Quaest.
2331 3016 2379 3063 2.
2438 3015 2619 3065 Utrum
2671 3016 2725 3064 in
2773 3015 2942 3079 prima
2970 3015 3391 3066 sanctificatione
3430 3015 3485 3066 in

2152 3083 2360 3150 Virgine
2404 3085 2556 3136 fuerit
2582 3086 2773 3137 fomitis
2798 3087 3209 3151 concupiscentia
3234 3089 3476 3137 extincta.
3570 3088 3630 3139 '10

2090 3157 2279 3217 Quaest.
2347 3160 2395 3207 3.
2459 3160 2642 3209 Utrum
2692 3158 2747 3209 in
2801 3159 3024 3209 secunda
3077 3157 3479 3211 sanctificatione

1923 3234 1983 3282 12
2153 3229 2321 3280 ablata
2346 3230 2499 3280 suerit
2525 3230 2590 3279 ab
2627 3244 2689 3281 ea
2713 3231 2964 3295 peccandi
2987 3231 3234 3296 potentia.
3579 3232 3641 3281 72

2092 3302 2251 3353 PART.
2277 3313 2337 3352 11.
2370 3300 2633 3365 Expositio
2654 3306 2840 3352 textus.
3579 3301 3640 3353 74

1925 3377 1982 3426 15
2091 3376 2217 3425 Αιιτ.
2242 3385 2280 3425 ι.
2300 3373 2489 3433 Quoest.
2532 3378 2579 3424 1.
2610 3375 2792 3425 Utrum
2834 3373 3014 3439 aliquis
3048 3372 3299 3425 decimari
3319 3373 3511 3425 habeat

2154 3445 2208 3495 in
2233 3445 2549 3508 parentibus
3575 3446 3634 3495 75

1926 3521 1985 3569 Π
2094 3517 2282 3577 Quoest.
2307 3519 2353 3567 2.
2379 3518 2560 3567 Utrum
2587 3516 2816 3568 Christus
2832 3516 3147 3568 inAbraham
3168 3518 3324 3569 fuerit
3344 3517 3485 3569 deci-

2154 3592 2340 3639 matus.
3581 3590 3643 3639 ’Π

1927 3665 1986 3714 19
2097 3662 2220 3711 Aar.
2252 3672 2316 3711 11.
2351 3660 2541 3720 Quaest.
2576 3664 2626 3711 1.
2662 3662 2844 3712 Utrum
2873 3674 2994 3712 caro
3023 3660 3226 3724 Christi,
3256 3661 3308 3711 in
3337 3660 3494 3711 Abra-

2158 3733 2279 3783 ham
2322 3736 2375 3783 et
2414 3733 2524 3783 auis
2565 3734 2794 3796 patribus
2810 3770 2829 3797 ,
2857 3715 3094 3784 distincta
3117 3733 3271 3783 ruerit
3301 3746 3492 3783 seeun-

1926 3806 1986 3856 26
2158 3805 2282 3855 dum
2334 3804 2625 3869 qualitatem
2656 3820 2688 3855 a
2723 3819 2875 3856 carne
2925 3806 3142 3856 aliorum
3185 3805 3426 3855 filiorum.
3582 3805 3643 3855 ’19

2094 3877 2283 3937 Quoest.
2330 3879 2379 3927 2.
2425 3878 2606 3928 Utrum
2644 3891 2764 3928 caro
2802 3877 2985 3929 Christi
3031 3876 3183 3932 fuerit
3212 3877 3269 3926 in
3306 3889 3490 3940 paren-

1928 3952 1989 4001 29
2154 3948 2289 3999 tibus
2332 3948 2497 4012 aliter,
2525 3963 2680 4013 quam
2710 3964 2830 4000 caro
2853 3950 3071 4001 aliorum
3099 3949 3374 3999 hominum
3404 3962 3488 3999 se-

1928 4024 1985 4073 31
2156 4020 2381 4070 cundum
2400 4020 2569 4087 legem
2595 4021 2994 4087 propagationis.
3585 4021 3647 4070 82

1929 4096 1989 4144 33
2096 4093 2221 4143 Aur.
2267 4102 2350 4142 ιιι.
3586 4093 3645 4141 84

2096 4164 2284 4224 Quoest.
2332 4168 2383 4214 1.
2416 4166 2598 4216 Utrum
2626 4179 2812 4229 corpus
2840 4164 3023 4216 Christi
3046 4163 3351 4229 productum
3388 4162 3493 4213 fuc-

2157 4237 2224 4286 rit
2248 4236 2315 4286 ad
2342 4236 2619 4300 perfectam
2656 4238 2847 4287 molem
2881 4237 3069 4299 subito,
3089 4250 3155 4286 an
3183 4235 3491 4286 successive.
3586 4236 3645 4285 85

1930 4308 1990 4358 35
2097 4308 2288 4367 Quaest.
2329 4311 2377 4359 2.
2422 4310 2606 4359 Utrum
2640 4309 2994 4359 membrorum
3026 4308 3264 4359 formatio
3306 4311 3359 4357 et
3390 4306 3492 4356 dis-

2159 4379 2334 4430 tinctio
2357 4380 2491 4431 facta
2525 4380 2593 4431 sit
2617 4381 2806 4446 subito,
2848 4395 2915 4431 an
2950 4378 3262 4442 successive,
3290 4378 3346 4429 in
3373 4392 3490 4428 cor-

2158 4465 2286 4515 pore
2313 4451 2602 4503 Dominico.
3580 4447 3650 4499 ’86

1933 4522 1993 4573 3Ἰ
2098 4524 2246 4574 Drsr.
2278 4535 2347 4573 iv.
3591 4521 3650 4570 89

2098 4594 2358 4658 Expositio
2384 4598 2574 4646 textus.
3591 4593 3648 4641 91

1933 4664 1992 4716 40
2098 4670 2225 4719 Aur.
2258 4670 2305 4717 1.
2335 4666 2525 4726 Quaest.
2562 4670 2607 4718 1.
2639 4668 2820 4718 Utrum
2850 4665 2960 4717 Filii
2986 4663 3079 4716 Dei
3102 4661 3383 4716 incarnatio
3407 4662 3497 4714 de·

1933 4738 1989 4789 41
2159 4738 2279 4789 beat
2303 4738 2624 4803 appropriari
2645 4738 2800 4801 Patri,
2818 4753 2886 4789 an
2911 4736 3124 4802 Spiritui
3144 4741 3344 4787 sancto.
3589 4735 3651 4786 93

2101 4811 2292 4871 Quaest.
2330 4812 2380 4860 2.
2417 4812 2601 4861 Utrum
2635 4810 2864 4861 Christus
2889 4809 3053 4874 possit
3076 4807 3180 4859 dici
3208 4806 3342 4857 filius
3371 4805 3489 4871 Spi-

1932 4883 1993 4932 62
2160 4882 2287 4932 ritus
2314 4883 2495 4933 sancti.
3592 4880 3652 4929 95

2100 4954 2292 5014 Quaest.
2321 4958 2368 5006 3.
2390 4956 2571 5007 Utrum
2599 4953 2827 5006 Christus
2850 4949 3013 5019 possit
3037 4951 3160 5002 dicit
3183 4949 3313 5001 iilius
3340 4950 3501 5002 Trini-

1932 5027 1994 5079 44
2161 5026 2296 5077 tatis.
3594 5024 3653 5073 97

2100 5100 2226 5150 Aur.
2252 5110 2312 5149 11.
2344 5100 2534 5160 Quoest.
2578 5102 2622 5149 1.
2656 5099 2841 5149 Utrum
2867 5097 3055 5149 Christi
3093 5095 3384 5160 conceptio,
3415 5094 3498 5145 vel

1934 5169 1992 5220 45
2169 5171 2452 5224 incarnatio
2471 5170 2622 5221 fuerit
2648 5184 2714 5221 ex
2739 5183 2884 5220 mera
2911 5169 3089 5235 gratia,
3122 5182 3189 5218 an
3211 5169 3313 5218 hoc
3331 5167 3501 5232 impe-

2160 5246 2408 5299 traverint
2435 5247 2640 5308 patrum
2666 5242 2852 5292 merita
2878 5246 3189 5293 sanctorum.
3594 5241 3655 5288 99

1933 5316 1994 5365 47
2101 5324 2288 5384 Quaest.
2319 5323 2368 5370 2.
2403 5319 2584 5369 Utrum
2609 5315 2853 5366 meruerit
2878 5315 3028 5365 beata
3055 5314 3214 5379 Virgo
3241 5312 3498 5365 Christum

2160 5390 2450 5455 concipere,
2475 5401 2543 5438 an
2559 5387 2713 5438 fuerit
2731 5387 3000 5453 conceptio
3016 5386 3101 5439 illa
3117 5386 3283 5439 solum
3302 5399 3367 5437 ex
3385 5398 3500 5436 mu·

1933 5461 1994 5515 49
2061 5506 2064 5513 ,
2161 5477 2286 5519 nere
2313 5459 2492 5527 gratiae
2521 5459 2729 5515 divinae.
3566 5455 3656 5508 102
