4185 6288
39 4067 274 4114 Fundam·

1253 466 1449 533 DIST.
1492 465 1706 533 XXIX.
1743 465 1928 532 ΛΒΤ.
1974 467 2024 530 Ι.
2069 465 2374 544 QUAEST.
2418 466 2523 533 VI.

279 599 490 666 tiones
532 599 663 665 non
706 602 1068 667 attendatur
1113 601 1269 666 ordo
1313 600 1666 681 charitatis,
1720 601 1828 665 sed

282 706 455 788 quod
483 725 616 771 non
638 712 790 772 sunt
815 709 1198 791 principales
1225 709 1505 774 rationes
1524 708 1829 790 diligendi

282 830 364 876 ex
394 812 722 878 charitate.
755 813 1059 892 Quamvis
1084 821 1298 881 autem
1329 835 1462 880 non
1497 816 1623 880 sint
1651 816 1832 899 prin-

283 919 537 1002 cipales,
569 927 836 1003 possunt
862 925 1078 986 tamen
1103 941 1239 987 esse
1264 942 1558 1003 annexae,
1587 929 1651 986 et
1674 941 1831 987 con-

283 1027 687 1108 comitantes,
721 1032 784 1092 et
820 1047 903 1093 ex
942 1030 1063 1094 hoc
1090 1030 1169 1094 ad
1196 1030 1518 1096 charitatis
1541 1031 1831 1096 ordinem

286 1134 608 1214 facientes.

368 1245 431 1306 3.
460 1241 557 1305 Ad
586 1241 745 1307 illud
764 1242 936 1324 quod
962 1242 1280 1325 objicitur,
1310 1241 1483 1325 quod
1509 1243 1670 1307 ratio
1697 1243 1834 1307 dili-

284 1348 482 1430 gendi
508 1349 876 1432 proximum
907 1354 1000 1414 est
1025 1351 1267 1431 imag0,
1296 1350 1636 1414 dicendum
1662 1349 1835 1433 quod

286 1456 405 1519 ista
427 1458 526 1521 est
543 1455 704 1520 ratio
725 1457 1087 1521 communis
1106 1460 1170 1521 et
1189 1457 1532 1538 generalis;
1551 1457 1661 1522 sed
1678 1474 1837 1539 prae-

287 1567 384 1628 ter
410 1563 576 1627 hanc
602 1569 872 1646 possunt
909 1583 1047 1628 esse
1097 1565 1242 1629 aliae
1278 1565 1577 1647 speciales
1618 1586 1633 1628 ε
1681 1565 1837 1629 ordo

286 1675 504 1734 aulem
533 1674 596 1734 et
622 1671 961 1752 distinctio,
988 1672 1284 1754 quamvis
1321 1689 1452 1735 non
1479 1672 1838 1736 attendatur

288 1793 482 1859 penes
505 1777 859 1859 generales,
890 1777 1125 1842 attendi
1165 1783 1381 1842 tamen
1409 1781 1612 1861 potest
1645 1796 1838 1861 penes

289 1885 593 1966 speciales
619 1908 635 1950 ε
671 1889 736 1948 et
759 1891 1114 1969 propterea,
1135 1888 1436 1969 quamvis
1457 1888 1839 1952 domesticus

291 1996 353 2055 et
379 1995 724 2057 extraneus
752 1994 880 2057 sint
922 1994 1323 2059 uniformiter
1367 1994 1448 2059 ad
1487 1996 1838 2076 imaginem

294 2097 425 2173 Dei,
470 2117 603 2162 non
630 2103 849 2163 tamen
888 2101 1181 2183 sequitur
1215 2100 1388 2184 quod
1432 2102 1561 2165 sint
1596 2102 1842 2166 unifor-

295 2204 488 2268 miter
526 2205 865 2287 diligendi.

374 2317 436 2375 4.
466 2313 565 2377 Ad
602 2313 760 2377 illud
808 2315 982 2397 quod
1037 2314 1264 2379 ultimo
1304 2316 1624 2398 officitur,
1671 2314 1844 2398 quod

298 2419 574 2483 charitas
599 2421 812 2502 diligit
837 2423 1105 2503 bonum,
1137 2423 1291 2505 quia
1317 2424 1586 2504 honum,
1628 2423 1846 2489 dicen-

292 2527 451 2591 dum
476 2527 648 2608 quod
691 2547 922 2593 verum
959 2534 1051 2594 est
1091 2530 1171 2594 de
1217 2529 1354 2613 ipsa
1399 2530 1705 2594 charitate
1744 2547 1842 2593 se-

292 2638 575 2703 cundum
605 2657 673 2703 se
703 2663 719 2705 :
756 2641 919 2705 sicut
940 2642 1115 2707 enim
1146 2647 1521 2725 praetactum
1544 2646 1658 2720 est,
1688 2641 1847 2705 ordo

293 2749 433 2828 ejus
461 2748 528 2809 in
556 2766 624 2811 se
645 2749 991 2814 attenditur
1033 2768 1228 2833 penes
1258 2751 1606 2815 bonitatem
1640 2752 1765 2831 maj
1774 2767 1844 2812 o-

294 2872 465 2936 rem,
514 2857 616 2921 vel
670 2857 986 2921 minorem
1038 2880 1054 2922 ε
1097 2858 1209 2923 sed
1248 2859 1318 2921 in
1370 2858 1673 2923 charitate
1719 2876 1851 2921 non

295 2967 548 3027 tantum
594 2964 934 3030 attenditur
987 2966 1144 3030 ordo
1199 2965 1551 3029 secundum
1591 2983 1688 3044 se,
1739 2966 1847 3029 sed

299 3070 493 3135 etiam
536 3072 781 3137 ratione
817 3077 1067 3137 naturae
1093 3074 1426 3138 substratae
1461 3094 1477 3137 t
1506 3077 1571 3136 et
1601 3072 1847 3137 ratione

301 3178 476 3242 illius
519 3180 885 3262 assignatur
926 3182 1083 3245 ordo
1123 3183 1289 3246 inter
1334 3182 1753 3247 domesticum
1790 3186 1854 3246 et

301 3290 681 3351 extraneum
707 3306 725 3351 ε
755 3291 818 3351 et
854 3288 943 3352 sic
973 3292 1142 3372 patet
1169 3290 1344 3371 quod
1382 3290 1545 3353 ratio
1575 3289 1685 3352 illa
1717 3307 1852 3354 non

303 3399 630 3477 repugnat
657 3395 866 3461 ordini
892 3396 1235 3461 charitatis.

824 3624 1179 3705 QUAESTIO
1217 3624 1325 3691 Vl.

302 3792 395 3849 An
412 3791 539 3848 ordo
552 3791 1168 3848 charitatisattendatur
1179 3806 1337 3863 penes
1345 3792 1596 3863 affectum
1615 3795 1851 3864 tantum,

593 3883 680 3938 vel
700 3897 863 3954 penes
889 3882 1141 3953 affectum
1168 3886 1220 3938 et
1247 3882 1489 3953 effectum
1524 3882 1562 3935 ¹.

384 4041 615 4107 Utrum
668 4040 825 4105 ordo
881 4039 1204 4105 charitatis
1249 4041 1611 4105 attendatur
1660 4058 1854 4123 penes

306 4149 602 4214 affectum
633 4150 909 4227 tantum,
929 4165 1014 4212 an
1032 4147 1228 4210 simul
1251 4165 1445 4230 penes
1461 4146 1763 4212 affectum
1789 4130 1855 4212 'et

304 4258 602 4321 effectum
620 4275 636 4333 ;
655 4259 718 4319 et
734 4255 904 4337 quod
924 4272 1117 4336 penes
1131 4256 1502 4336 utrumque,
1520 4255 1778 4320 videtur
1790 4259 1815 4295 ¹
1835 4278 1849 4321 ε

303 4366 673 4447 Diliqamus
724 4379 856 4429 non
909 4362 1129 4438 verbo,
1173 4377 1376 4443 neque
1423 4361 1687 4444 linqua,
1743 4364 1857 4430 sed

305 4488 484 4555 opere
514 4478 574 4537 et
599 4472 891 4537 veritate.
926 4468 979 4533 N
983 4487 1070 4533 on
1094 4473 1189 4533 est
1215 4488 1374 4551 ergo
1402 4488 1558 4534 vera
1577 4470 1851 4549 dilecti0‚

307 4579 430 4642 nisi
448 4578 530 4641 sit
547 4578 616 4641 in
633 4577 821 4642 corde
844 4578 908 4640 et
924 4594 1137 4659 opere,
1162 4576 1233 4639 in
1250 4576 1485 4668 aflectu
1502 4579 1564 4640 et
1583 4576 1848 4642 effectu:

305 4704 463 4768 ergo
491 4685 629 4768 pari
671 4684 916 4748 ratione
955 4701 1087 4748 non
1125 4687 1221 4748 est
1263 4700 1455 4748 verus
1504 4683 1856 4749 dilectionis

306 4793 488 4869 ordo,
519 4791 643 4856 nisi
695 4809 892 4874 penes
934 4790 1196 4855 illorum
1246 4795 1598 4874 utrumque
1649 4796 1852 4857 atten-

308 4901 516 4965 datur.

387 5008 547 5074 Item
597 5005 944 5088 Gregorius
1002 5005 1072 5070 in
1137 5006 1413 5087 quadam
1460 5006 1726 5072 homilia
1751 5009 1774 5045 ³
1834 5027 1852 5073 ε

317 5143 348 5181 α
376 5117 672 5185 Prohatio
698 5114 1049 5181 dilectionis
1083 5118 1177 5179 est
1202 5115 1509 5180 exhibitio
1549 5117 1783 5199 operiS.
1815 5140 1846 5177 ι»

374 5299 390 5331 ¹
411 5297 492 5359 Cs.
513 5295 659 5346 Alex.
682 5274 901 5353 alensis,
918 5289 1083 5351 Cone„
1099 5303 1150 5353 p.
1171 5287 1259 5353 Ill,
1279 5291 1453 5342 collat.
1477 5303 1661 5354 vam,
1681 5296 1775 5344 art.
1798 5297 1826 5344 6
1837 5309 1853 5357 3

308 5368 483 5436 steph.
529 5363 743 5427 Brulel'.,
780 5362 843 5412 Ill
886 5362 1043 5422 Sent„
1083 5360 1201 5413 dist.
1236 5374 1383 5428 xxix,
1421 5378 1474 5428 q.
1518 5376 1580 5428 v;
1621 5365 1854 5416 Guillem.

372 5464 435 5529 (a)
472 5459 621 5527 ναις.
650 5454 903 5510 amabilis.

3364 470 3477 534 651

1939 600 2116 683 Ergo
2143 602 2253 666 uhi
2282 605 2378 666 est
2403 605 2609 685 major
2630 603 2842 686 operis
2860 603 3192 684 exhibitio,
3225 603 3310 667 ihi
3339 621 3485 688 pro·

1937 709 2128 773 hatur
2155 713 2362 791 major
2386 729 2520 774 esse
2549 710 2829 789 dilectio,
2861 715 2927 776 et
2965 730 3002 776 e
3041 728 3346 775 converso
3380 732 3396 775 t
3429 711 3483 775 si

1939 836 2099 899 ergo
2124 818 2399 881 charitas
2432 818 2720 880 ordinata
2754 821 2849 881 est
2892 819 2960 881 in
2995 818 3350 899 diligendo,
3377 819 3484 881 vi·

1940 923 2127 987 detur
2177 924 2350 1006 quod
2389 925 2668 989 ordinari
2708 925 2931 989 debeat
2966 926 3035 989 in
3073 926 3260 991 corde
3304 930 3370 989 et
3415 925 3483 988 in

1938 1031 2125 1097 facte.

2023 1140 2181 1204 Item
2211 1140 2524 1206 ordinatio
2565 1140 2633 1203 in
2668 1139 2899 1203 effectu
2931 1144 3145 1204 ortum
3185 1138 3379 1203 hahet
3403 1142 3484 1204 ab

1944 1246 2341 1311 ordinatione
2363 1248 2434 1310 in
2453 1246 2686 1310 affectu
2715 1247 2805 1309 :si
2834 1264 2996 1326 ergo
3022 1245 3295 1311 charitas
3322 1247 3485 1312 ordi·

1943 1355 2084 1417 nari
2113 1354 2298 1418 dehet
2326 1354 2397 1417 in
2424 1354 2955 1433 effectu,-necesse
2984 1358 3078 1418 est
3110 1354 3283 1436 quod
3311 1356 3487 1436 prius

1945 1463 2276 1527 ordinetur
2317 1463 2385 1526 in
2423 1462 2653 1527 affectu
2686 1481 2703 1525 ε
2734 1463 2844 1526 sed
2882 1463 3155 1526 charitas
3199 1463 3488 1527 ordinata

1946 1574 2040 1633 est
2063 1575 2378 1651 quantum
2407 1570 2484 1633 ad
2509 1570 2830 1647 effectum,
2861 1569 3023 1633 sicut
3065 1553 3375 1652 patet'per
3402 1571 3488 1634 il-

1943 1678 2080 1755 lud,
2112 1677 2284 1761 quod
2328 1677 2483 1740 dicit
2519 1676 2858 1759 Apostolus
2884 1680 2906 1716 ⁸
2938 1701 2953 1740 ε
2996 1675 3337 1757 operemur
3377 1676 3488 1742 bo-

1945 1804 2104 1851 num
2128 1785 2218 1851 ad
2244 1801 2481 1864 omma,
2522 1787 2806 1851 maxime
2831 1792 3041 1850 autem
3068 1784 3156 1850 ad
3184 1784 3489 1851 domesti-

1947 1910 2099 1961 cos:
2126 1912 2284 1976 ergo
2314 1912 2566 1958 necesse
2591 1898 2687 1957 est
2725 1893 3099 1958 charitatem
3132 1892 3492 1959 ordinatam

1947 2021 2085 2067 esse
2112 2006 2427 2086 quantum
2455 2002 2537 2066 ad
2565 2001 2886 2065 affectum.

2032 2110 2189 2175 Item
2218 2112 2427 2191 magis
2454 2112 2676 2193 pensat
2711 2109 2879 2174 Deus
2915 2127 2997 2174 ex
3022 2114 3263 2193 quanto
3298 2109 3494 2175 homo

1949 2218 2126 2296 facit,
2173 2235 2373 2300 quam
2424 2220 2737 2299 quantum
2780 2216 2926 2280 facit
2968 2236 2985 2280 t
3025 2234 3186 2297 ergo
3233 2217 3287 2280 si
3338 2216 3496 2282 ordo

1952 2325 2281 2390 charitatis
2332 2327 2426 2388 est
2470 2323 2598 2388 Deo
2642 2327 2938 2406 acceptus
2959 2373 2978 2403 ,
3020 2324 3273 2389 videtur
3323 2324 3494 2407 quod

1952 2451 2086 2496 non
2112 2431 2321 2496 solum
2348 2431 2648 2495 consistat
2679 2431 2746 2494 in
2786 2448 2976 2512 opere
3015 2430 3352 2510 exteriori,
3387 2430 3496 2495 sed

1954 2541 2149 2607 etiam
2176 2542 2244 2604 in
2271 2540 2503 2604 affectu
2532 2539 2842 2603 interiori.

2036 2648 2157 2713 Sed
2186 2651 2405 2711 contra
2436 2670 2451 2710 ι
2485 2654 2545 2712 ¹.
2588 2645 2768 2723 Quod
2803 2663 2935 2710 non
2977 2645 3278 2709 consistat
3310 2645 3377 2708 in
3405 2645 3501 2709 af-

1953 2757 2148 2832 fectu,
2181 2754 2434 2818 videtur
2461 2772 2576 2836 per
2600 2753 2779 2832 illud,
2821 2752 2994 2836 quod
3022 2751 3253 2815 dicitur
3272 2755 3294 2791 ⁸
3328 2771 3344 2816 z
3385 2750 3505 2819 Vir

1958 2863 2321 2929 amicabilis
2346 2865 2427 2944 (α)
2461 2861 2926 2927 adsocietatem
2944 2862 3156 2943 magis
3184 2862 3309 2927 erit
3336 2861 3506 2926 ami·

1958 2986 2291 3052 cu8,quam
2318 2972 2542 3050 frater.
2575 2967 2696 3032 Sed
2713 2971 2956 3032 constat
2973 2967 3144 3049 quod
3164 2967 3273 3030 illa
3290 2967 3506 3031 amici-

1961 3078 2071 3158 tia,
2103 3078 2180 3141 de
2210 3097 2339 3161 qua
2354 3076 2617 3161 Sapiens
2633 3075 2939 3158 loquitur,
2973 3093 3104 3139 non
3128 3075 3506 3140 adversatur

1960 3187 2080 3266 ipsi
2121 3187 2443 3265 charitati,
2488 3185 2619 3248 imo
2646 3184 2880 3268 potius
2923 3186 3020 3249 est
3055 3184 3115 3248 ei
3153 3201 3433 3248 consona
3484 3202 3504 3247 z

1961 3297 2067 3361 sed
2094 3296 2446 3361 secundum
2475 3294 2660 3357 istam
2679 3293 2829 3357 dicit
2855 3291 3030 3375 quod
3052 3292 3265 3374 magis
3285 3291 3392 3355 dili
3401 3290 3507 3371 gi-

1959 3409 2069 3468 tur
2095 3404 2288 3467 homo
2327 3403 2513 3466 bonae
2539 3399 2885 3479 societatIs,
2927 3416 3124 3481 quam
3159 3398 3354 3462 frater
3401 3415 3509 3460 se-

1962 3512 2248 3575 cundum
2275 3527 2534 3573 carnem
2569 3530 2585 3573 ε
2619 3507 2874 3572 videtur
2899 3523 3057 3587 ergo
3083 3505 3255 3589 quod
3283 3521 3508 3570 secun-

1962 3618 2122 3683 dum
2162 3617 2653 3701 praeassignatas
2692 3613 3081 3679 differentias
3122 3631 3257 3678 non
3298 3615 3510 3676 atten-

1963 3726 2151 3790 datur
2176 3725 2331 3789 ordo
2359 3723 2707 3789 dilectionis
2731 3723 3049 3805 quantum
3079 3720 3162 3783 ad
3182 3717 3505 3784 affectum.

2041 3838 2103 3897 2.
2136 3834 2293 3897 Item
2320 3832 2570 3897 dilectio
2597 3832 2664 3894 in
2702 3829 3127 3894 familiaritate
3165 3815 3509 3911 consequi-

1962 3945 2070 4005 tur
2097 3942 2175 4005 ad
2192 3941 2591 4005 dilectionem
2609 3940 2673 4002 et
2698 3938 2997 4002 affectum
3025 3934 3368 4018 diligendi:
3401 3933 3510 3999 sed

1963 4049 2152 4113 mulli
2180 4051 2353 4128 sunt,
2383 4048 2495 4130 qui
2523 4046 2667 4129 plus
2703 4046 3094 4110 delectantur
3135 4043 3312 4126 loqui
3358 4061 3508 4107 cum

1962 4157 2171 4222 amico
2199 4174 2341 4233 suo,
2372 4173 2569 4237 quam
2598 4172 2711 4237 per
2739 4153 3092 4217 orationem
3137 4150 3315 4233 loqui
3358 4168 3509 4214 cum

1963 4264 2088 4327 Deo
2122 4285 2137 4327 ι
2170 4280 2326 4343 ergo
2355 4261 2607 4325 videtur
2638 4259 2810 4343 quod
2846 4258 3064 4323 nullus
3110 4257 3252 4321 talis
3296 4253 3505 4321 chari-

3537 2664 3605 2709 Ad
3631 2675 3741 2722 opp.

1961 4376 2153 4435 tatem
2189 4369 2419 4432 habeat
2444 4367 2800 4431 ordinatam
2823 4387 2839 4429 t
2862 4365 3034 4447 quod
3062 4364 3244 4429 valde
3271 4364 3508 4429 durum
3540 4430 3543 4431 γ

1963 4479 2217 4544 videtur
2244 4477 2471 4541 dicere.
2495 4485 2500 4488 “

2046 4591 2106 4650 3.
2136 4586 2318 4663 Item,
2349 4582 2522 4666 quod
2548 4598 2683 4646 non
2707 4580 3070 4644 attendatur
3096 4596 3293 4661 penes
3319 4577 3507 4642 effec-

1962 4698 2128 4774 tum,
2156 4693 2431 4773 videtur,
2458 4690 2610 4773 quia
2632 4688 2822 4752 multi
2848 4689 2998 4752 sunt
3025 4686 3403 4769 impotentes
3427 4687 3510 4751 ad

1963 4800 2388 4884 impendenda
2427 4815 2621 4880 opera
2673 4794 3028 4859 dilectionis
3084 4815 3099 4858 :
3148 4811 3305 4875 ergo
3355 4792 3512 4857 tales
3590 4788 3594 4792 Α

1964 4929 2095 4974 non
2115 4910 2380 4992 possunt
2394 4906 2630 4970 habere
2644 4903 2935 4969 ordinem
2952 4902 3274 4967 charitatis
3296 4923 3310 4965 ε
3336 4901 3510 4984 quod

1964 5018 2021 5082 si
2046 5020 2173 5082 hoc
2198 5020 2293 5080 est
2317 5013 2571 5092 falsum,
2605 5015 2818 5091 restat,
2851 5015 2969 5075 etc.

2045 5133 2107 5192 4.
2139 5125 2319 5203 ltem,
2349 5123 2402 5186 si
2435 5122 2589 5187 ordo
2637 5120 2963 5185 charitatis
3007 5117 3370 5183 attendatur
3392 5135 3513 5200 pe-

1967 5324 2149 5386 Voril.,
2174 5324 2236 5373 lll
2262 5323 2422 5381 Sene„
2440 5320 2557 5370 dist.
2579 5331 2727 5382 mx,
2756 5332 2808 5382 q.
2839 5329 2876 5366 1.
2900 5341 2953 5352 -
2981 5316 3041 5365 ¹1
3068 5317 3231 5375 loun..
3264 5326 3346 5378 111,
3375 5318 3516 5365 18.-

1965 5400 1988 5434 ⁸
2025 5400 2199 5461 Greg..
2239 5397 2293 5444 in
2327 5394 2536 5457 Eueno..
2576 5391 2717 5442 hom.
2758 5400 2884 5440 xxx.
2917 5414 2976 5426 -
3006 5389 3024 5421 ⁸
3059 5386 3197 5451 Gal„
3246 5397 3314 5446 vr,
3364 5389 3517 5436 lo.—

1968 5461 1991 5496 ⁸
2014 5461 2181 5522 Pron„
2209 5469 2361 5521 xvm,
2388 5456 2466 5507 24.
