<?xml version="1.0" encoding="UTF-8"?>
<!DOCTYPE html PUBLIC "-//W3C//DTD XHTML 1.0 Transitional//EN"
    "http://www.w3.org/TR/xhtml1/DTD/xhtml1-transitional.dtd">
<html xmlns="http://www.w3.org/1999/xhtml" xml:lang="en" lang="en">
 <head>
  <title>
</title>
<meta http-equiv="Content-Type" content="text/html;charset=utf-8" />
  <meta name='ocr-system' content='tesseract 3.04.00' />
  <meta name='ocr-capabilities' content='ocr_page ocr_carea ocr_par ocr_line ocrx_word'/>
</head>
<body>
  <div class='ocr_page' id='page_1' title='image "./srecardinalissb01cargoog_0415.png"; bbox 0 0 4185 6288; ppageno 0'>
   <div class='ocr_carea' id='block_1_1' title="bbox 1315 492 2581 572">
    <p class='ocr_par' dir='ltr' id='par_1_1' title="bbox 1315 492 2581 572">
     <span class='ocr_line' id='line_1_1' title="bbox 1315 492 2581 572; baseline 0.002 -12"><span class='ocrx_word' id='word_1_1' title='bbox 1315 493 1513 561; x_wconf 85' lang='lat' dir='ltr'><strong>msT.</strong></span> <span class='ocrx_word' id='word_1_2' title='bbox 1552 493 1771 560; x_wconf 77' lang='lat' dir='ltr'><strong>xvnl.</strong></span> <span class='ocrx_word' id='word_1_3' title='bbox 1810 492 1992 561; x_wconf 66' lang='grc' dir='ltr'><strong>ΛΒΤ.</strong></span> <span class='ocrx_word' id='word_1_4' title='bbox 2038 495 2087 560; x_wconf 94' lang='lat'><strong>1.</strong></span> <span class='ocrx_word' id='word_1_5' title='bbox 2133 493 2429 572; x_wconf 64' lang='lat' dir='ltr'><strong>QUAEST.</strong></span> <span class='ocrx_word' id='word_1_6' title='bbox 2473 495 2581 563; x_wconf 91' lang='lat'><strong>111.</strong></span> 
     </span>
    </p>
   </div>
   <div class='ocr_carea' id='block_1_2' title="bbox 3432 505 3550 568">
    <p class='ocr_par' dir='ltr' id='par_1_2' title="bbox 3432 505 3550 568">
     <span class='ocr_line' id='line_1_2' title="bbox 3432 505 3550 568; baseline -0.008 0"><span class='ocrx_word' id='word_1_7' title='bbox 3432 505 3550 568; x_wconf 76' lang='lat'><strong>39³</strong></span> 
     </span>
    </p>
   </div>
   <div class='ocr_carea' id='block_1_3' title="bbox 357 625 3551 715">
    <p class='ocr_par' dir='ltr' id='par_1_3' title="bbox 357 625 3551 715">
     <span class='ocr_line' id='line_1_3' title="bbox 357 625 3551 715; baseline 0.004 -24"><span class='ocrx_word' id='word_1_8' title='bbox 357 641 517 709; x_wconf 87' lang='lat' dir='ltr'><strong>opus</strong></span> <span class='ocrx_word' id='word_1_9' title='bbox 567 625 889 709; x_wconf 76' lang='lat' dir='ltr'><strong>patientias</strong></span> <span class='ocrx_word' id='word_1_10' title='bbox 918 647 935 704; x_wconf 93' lang='lat'>;</span> <span class='ocrx_word' id='word_1_11' title='bbox 981 631 1239 710; x_wconf 86' lang='lat' dir='ltr'><strong>propter</strong></span> <span class='ocrx_word' id='word_1_12' title='bbox 1290 628 1460 712; x_wconf 89' lang='lat' dir='ltr'><strong>quod</strong></span> <span class='ocrx_word' id='word_1_13' title='bbox 1508 628 1661 694; x_wconf 85' lang='lat' dir='ltr'><strong>dicit</strong></span> <span class='ocrx_word' id='word_1_14' title='bbox 1712 626 1747 695; x_wconf 82' lang='lat' dir='ltr'>J</span> <span class='ocrx_word' id='word_1_15' title='bbox 1749 647 1895 694; x_wconf 89' lang='lat' dir='ltr'><strong>aco-</strong></span> <span class='ocrx_word' id='word_1_16' title='bbox 1997 629 2071 695; x_wconf 88' lang='lat' dir='ltr'><strong>in</strong></span> <span class='ocrx_word' id='word_1_17' title='bbox 2100 630 2367 712; x_wconf 86' lang='lat' dir='ltr'><strong>ratione,</strong></span> <span class='ocrx_word' id='word_1_18' title='bbox 2399 634 2474 697; x_wconf 86' lang='lat' dir='ltr'><strong>ut</strong></span> <span class='ocrx_word' id='word_1_19' title='bbox 2497 633 2660 698; x_wconf 84' lang='lat' dir='ltr'><strong>ratio</strong></span> <span class='ocrx_word' id='word_1_20' title='bbox 2692 637 2821 698; x_wconf 85' lang='lat' dir='ltr'><strong>est:</strong></span> <span class='ocrx_word' id='word_1_21' title='bbox 2843 651 3003 715; x_wconf 83' lang='lat' dir='ltr'><strong>ergo</strong></span> <span class='ocrx_word' id='word_1_22' title='bbox 3028 652 3220 699; x_wconf 91' lang='lat' dir='ltr'><strong>omne</strong></span> <span class='ocrx_word' id='word_1_23' title='bbox 3247 635 3551 702; x_wconf 86' lang='lat' dir='ltr'><strong>meritum</strong></span> 
     </span>
    </p>
   </div>
   <div class='ocr_carea' id='block_1_4' title="bbox 359 731 1895 817">
    <p class='ocr_par' dir='ltr' id='par_1_4' title="bbox 359 731 1895 817">
     <span class='ocr_line' id='line_1_4' title="bbox 359 731 1895 817; baseline 0.003 -20"><span class='ocrx_word' id='word_1_24' title='bbox 359 733 478 797; x_wconf 88' lang='lat' dir='ltr'><strong>bus</strong></span> <span class='ocrx_word' id='word_1_25' title='bbox 496 734 514 770; x_wconf 81' lang='lat'><strong>¹</strong></span> <span class='ocrx_word' id='word_1_26' title='bbox 553 754 567 797; x_wconf 73' lang='grc' dir='ltr'><strong>ε</strong></span> <span class='ocrx_word' id='word_1_27' title='bbox 601 731 930 800; x_wconf 77' lang='lat' dir='ltr'><strong><em>Patientia</em></strong></span> <span class='ocrx_word' id='word_1_28' title='bbox 957 750 1115 816; x_wconf 79' lang='lat' dir='ltr'><strong>opus</strong></span> <span class='ocrx_word' id='word_1_29' title='bbox 1140 735 1487 817; x_wconf 75' lang='lat' dir='ltr'><strong>perrectum</strong></span> <span class='ocrx_word' id='word_1_30' title='bbox 1524 735 1725 804; x_wconf 78' lang='lat' dir='ltr'><strong>habet.</strong></span> <span class='ocrx_word' id='word_1_31' title='bbox 1773 734 1895 802; x_wconf 81' lang='lat' dir='ltr'><strong>Sed</strong></span> 
     </span>
    </p>
   </div>
   <div class='ocr_carea' id='block_1_5' title="bbox 356 840 1941 926">
    <p class='ocr_par' dir='ltr' id='par_1_5' title="bbox 356 840 1941 926">
     <span class='ocr_line' id='line_1_5' title="bbox 356 840 1941 926; baseline 0.003 -21"><span class='ocrx_word' id='word_1_32' title='bbox 356 840 657 924; x_wconf 87' lang='lat' dir='ltr'><strong>patientia</strong></span> <span class='ocrx_word' id='word_1_33' title='bbox 696 842 981 908; x_wconf 76' lang='lat' dir='ltr'><strong>consistit</strong></span> <span class='ocrx_word' id='word_1_34' title='bbox 1006 842 1077 906; x_wconf 88' lang='lat' dir='ltr'><strong>in</strong></span> <span class='ocrx_word' id='word_1_35' title='bbox 1107 842 1440 908; x_wconf 79' lang='lat' dir='ltr'><strong>tolerantia</strong></span> <span class='ocrx_word' id='word_1_36' title='bbox 1474 844 1842 926; x_wconf 79' lang='lat' dir='ltr'>passionum</span> <span class='ocrx_word' id='word_1_37' title='bbox 1874 865 1890 909; x_wconf 77' lang='grc' dir='ltr'><strong><em>ε</em></strong></span> <span class='ocrx_word' id='word_1_38' title='bbox 1936 883 1941 886; x_wconf 90' lang='grc'><strong>-</strong></span> 
     </span>
    </p>
   </div>
   <div class='ocr_carea' id='block_1_6' title="bbox 2000 739 3547 928">
    <p class='ocr_par' dir='ltr' id='par_1_6' title="bbox 2000 739 3547 928">
     <span class='ocr_line' id='line_1_6' title="bbox 2000 739 3547 820; baseline 0.004 -17"><span class='ocrx_word' id='word_1_39' title='bbox 2000 739 2287 804; x_wconf 79' lang='lat' dir='ltr'><strong>consistit</strong></span> <span class='ocrx_word' id='word_1_40' title='bbox 2328 740 2499 805; x_wconf 90' lang='lat' dir='ltr'><strong>circa</strong></span> <span class='ocrx_word' id='word_1_41' title='bbox 2539 739 2875 820; x_wconf 86' lang='lat' dir='ltr'><strong>rationem,</strong></span> <span class='ocrx_word' id='word_1_42' title='bbox 2927 743 3002 806; x_wconf 90' lang='lat' dir='ltr'><strong>ut</strong></span> <span class='ocrx_word' id='word_1_43' title='bbox 3040 741 3202 807; x_wconf 85' lang='lat' dir='ltr'><strong>ratio</strong></span> <span class='ocrx_word' id='word_1_44' title='bbox 3245 746 3342 807; x_wconf 91' lang='lat' dir='ltr'><strong>est</strong></span> <span class='ocrx_word' id='word_1_45' title='bbox 3381 765 3398 808; x_wconf 70' lang='grc' dir='ltr'>ε</span> <span class='ocrx_word' id='word_1_46' title='bbox 3436 742 3547 809; x_wconf 88' lang='lat' dir='ltr'><strong>sed</strong></span> 
     </span>
     <span class='ocr_line' id='line_1_7' title="bbox 2004 847 3545 928; baseline 0.003 -17"><span class='ocrx_word' id='word_1_47' title='bbox 2004 847 2210 928; x_wconf 79' lang='lat' dir='ltr'><strong>passio</strong></span> <span class='ocrx_word' id='word_1_48' title='bbox 2240 847 2469 913; x_wconf 85' lang='lat' dir='ltr'><strong>Christi</strong></span> <span class='ocrx_word' id='word_1_49' title='bbox 2504 848 2904 915; x_wconf 87' lang='lat' dir='ltr'><strong>solummodo</strong></span> <span class='ocrx_word' id='word_1_50' title='bbox 2940 850 3059 913; x_wconf 88' lang='lat' dir='ltr'><strong>fuit</strong></span> <span class='ocrx_word' id='word_1_51' title='bbox 3084 849 3253 916; x_wconf 88' lang='lat' dir='ltr'><strong>circa</strong></span> <span class='ocrx_word' id='word_1_52' title='bbox 3276 869 3545 917; x_wconf 88' lang='lat' dir='ltr'><strong>sensua-</strong></span> 
     </span>
    </p>
   </div>
   <div class='ocr_carea' id='block_1_7' title="bbox 357 948 3545 1039">
    <p class='ocr_par' dir='ltr' id='par_1_7' title="bbox 357 948 3545 1039">
     <span class='ocr_line' id='line_1_8' title="bbox 357 948 3545 1039; baseline 0.003 -25"><span class='ocrx_word' id='word_1_53' title='bbox 357 966 514 1030; x_wconf 81' lang='lat' dir='ltr'><strong>ergo</strong></span> <span class='ocrx_word' id='word_1_54' title='bbox 536 948 793 1014; x_wconf 87' lang='lat' dir='ltr'><strong>videtur</strong></span> <span class='ocrx_word' id='word_1_55' title='bbox 819 950 991 1033; x_wconf 83' lang='lat' dir='ltr'><strong>quod</strong></span> <span class='ocrx_word' id='word_1_56' title='bbox 1015 948 1296 1016; x_wconf 88' lang='lat' dir='ltr'><strong>Christus</strong></span> <span class='ocrx_word' id='word_1_57' title='bbox 1322 950 1389 1012; x_wconf 88' lang='lat' dir='ltr'><strong>in</strong></span> <span class='ocrx_word' id='word_1_58' title='bbox 1416 951 1706 1033; x_wconf 79' lang='lat' dir='ltr'><strong>passione</strong></span> <span class='ocrx_word' id='word_1_59' title='bbox 1733 951 1897 1016; x_wconf 86' lang='lat' dir='ltr'><strong>mul-</strong></span> <span class='ocrx_word' id='word_1_60' title='bbox 2000 952 2267 1032; x_wconf 86' lang='lat' dir='ltr'><strong>litatem,</strong></span> <span class='ocrx_word' id='word_1_61' title='bbox 2296 958 2362 1019; x_wconf 89' lang='lat' dir='ltr'><strong>et</strong></span> <span class='ocrx_word' id='word_1_62' title='bbox 2382 955 2551 1020; x_wconf 89' lang='lat' dir='ltr'><strong>circa</strong></span> <span class='ocrx_word' id='word_1_63' title='bbox 2575 955 2888 1020; x_wconf 91' lang='lat' dir='ltr'><strong>rationem</strong></span> <span class='ocrx_word' id='word_1_64' title='bbox 2917 974 3031 1039; x_wconf 91' lang='lat' dir='ltr'><strong>per</strong></span> <span class='ocrx_word' id='word_1_65' title='bbox 3058 957 3323 1022; x_wconf 86' lang='lat' dir='ltr'><strong>modum</strong></span> <span class='ocrx_word' id='word_1_66' title='bbox 3348 959 3545 1024; x_wconf 87' lang='lat' dir='ltr'><strong>natu-</strong></span> 
     </span>
    </p>
   </div>
   <div class='ocr_carea' id='block_1_8' title="bbox 356 1055 846 1121">
    <p class='ocr_par' dir='ltr' id='par_1_8' title="bbox 356 1055 846 1121">
     <span class='ocr_line' id='line_1_9' title="bbox 356 1055 846 1121; baseline 0.002 -1"><span class='ocrx_word' id='word_1_67' title='bbox 356 1058 494 1121; x_wconf 84' lang='lat' dir='ltr'><strong>tum</strong></span> <span class='ocrx_word' id='word_1_68' title='bbox 519 1055 846 1121; x_wconf 88' lang='lat' dir='ltr'><strong>meruerit.</strong></span> 
     </span>
    </p>
   </div>
   <div class='ocr_carea' id='block_1_9' title="bbox 2002 1061 3547 1149">
    <p class='ocr_par' dir='ltr' id='par_1_9' title="bbox 2002 1061 3547 1149">
     <span class='ocr_line' id='line_1_10' title="bbox 2002 1061 3547 1149; baseline 0.003 -24"><span class='ocrx_word' id='word_1_69' title='bbox 2002 1077 2096 1125; x_wconf 79' lang='lat' dir='ltr'><strong>rae</strong></span> <span class='ocrx_word' id='word_1_70' title='bbox 2126 1081 2142 1125; x_wconf 74' lang='grc' dir='ltr'>ε</span> <span class='ocrx_word' id='word_1_71' title='bbox 2173 1078 2330 1141; x_wconf 82' lang='lat' dir='ltr'><strong>ergo</strong></span> <span class='ocrx_word' id='word_1_72' title='bbox 2359 1079 2488 1125; x_wconf 90' lang='lat' dir='ltr'><strong>non</strong></span> <span class='ocrx_word' id='word_1_73' title='bbox 2515 1061 2771 1127; x_wconf 86' lang='lat' dir='ltr'><strong>videtur</strong></span> <span class='ocrx_word' id='word_1_74' title='bbox 2796 1063 2967 1145; x_wconf 85' lang='lat' dir='ltr'><strong>quod</strong></span> <span class='ocrx_word' id='word_1_75' title='bbox 2995 1063 3279 1129; x_wconf 87' lang='lat' dir='ltr'><strong>Christus</strong></span> <span class='ocrx_word' id='word_1_76' title='bbox 3304 1064 3377 1130; x_wconf 88' lang='lat' dir='ltr'><strong>in</strong></span> <span class='ocrx_word' id='word_1_77' title='bbox 3409 1083 3547 1149; x_wconf 89' lang='lat' dir='ltr'><strong>pas-</strong></span> 
     </span>
    </p>
   </div>
   <div class='ocr_carea' id='block_1_10' title="bbox 435 1161 2827 1251">
    <p class='ocr_par' dir='ltr' id='par_1_10' title="bbox 435 1161 2827 1251">
     <span class='ocr_line' id='line_1_11' title="bbox 435 1161 2827 1251; baseline 0.003 -25"><span class='ocrx_word' id='word_1_78' title='bbox 435 1161 616 1241; x_wconf 88' lang='lat' dir='ltr'><strong>Item,</strong></span> <span class='ocrx_word' id='word_1_79' title='bbox 657 1163 818 1227; x_wconf 86' lang='lat' dir='ltr'><strong>nihil</strong></span> <span class='ocrx_word' id='word_1_80' title='bbox 858 1169 954 1229; x_wconf 87' lang='lat' dir='ltr'><strong>est</strong></span> <span class='ocrx_word' id='word_1_81' title='bbox 995 1165 1506 1245; x_wconf 79' lang='lat' dir='ltr'><strong>satisfactorium,</strong></span> <span class='ocrx_word' id='word_1_82' title='bbox 1552 1167 1679 1232; x_wconf 89' lang='lat' dir='ltr'><strong>nisi</strong></span> <span class='ocrx_word' id='word_1_83' title='bbox 1725 1167 1894 1251; x_wconf 84' lang='lat' dir='ltr'><strong>quod</strong></span> <span class='ocrx_word' id='word_1_84' title='bbox 2000 1167 2180 1234; x_wconf 88' lang='lat' dir='ltr'><strong>sione</strong></span> <span class='ocrx_word' id='word_1_85' title='bbox 2206 1167 2447 1251; x_wconf 84' lang='lat' dir='ltr'><strong>aliquid</strong></span> <span class='ocrx_word' id='word_1_86' title='bbox 2472 1168 2827 1234; x_wconf 88' lang='lat' dir='ltr'><strong>meruisset.</strong></span> 
     </span>
    </p>
   </div>
   <div class='ocr_carea' id='block_1_11' title="bbox 352 1271 1897 2425">
    <p class='ocr_par' dir='ltr' id='par_1_11' title="bbox 355 1271 1897 1571">
     <span class='ocr_line' id='line_1_12' title="bbox 355 1271 1894 1356; baseline 0.002 -20"><span class='ocrx_word' id='word_1_87' title='bbox 355 1274 452 1336; x_wconf 81' lang='lat' dir='ltr'><strong>cst</strong></span> <span class='ocrx_word' id='word_1_88' title='bbox 492 1271 891 1336; x_wconf 86' lang='lat' dir='ltr'><strong>meritorium</strong></span> <span class='ocrx_word' id='word_1_89' title='bbox 923 1290 941 1336; x_wconf 77' lang='grc' dir='ltr'><strong><em>ε</em></strong></span> <span class='ocrx_word' id='word_1_90' title='bbox 971 1274 1082 1338; x_wconf 85' lang='lat' dir='ltr'><strong>sed</strong></span> <span class='ocrx_word' id='word_1_91' title='bbox 1107 1275 1316 1356; x_wconf 87' lang='lat' dir='ltr'><strong>passio</strong></span> <span class='ocrx_word' id='word_1_92' title='bbox 1356 1275 1582 1339; x_wconf 88' lang='lat' dir='ltr'><strong>Christi</strong></span> <span class='ocrx_word' id='word_1_93' title='bbox 1622 1275 1745 1339; x_wconf 77' lang='lat' dir='ltr'><strong>fuit</strong></span> <span class='ocrx_word' id='word_1_94' title='bbox 1785 1293 1894 1339; x_wconf 91' lang='lat' dir='ltr'><strong>sa-</strong></span> 
     </span>
     <span class='ocr_line' id='line_1_13' title="bbox 356 1376 1897 1462; baseline 0 -19"><span class='ocrx_word' id='word_1_95' title='bbox 356 1376 727 1457; x_wconf 72' lang='lat' dir='ltr'><strong>tisfactoria,</strong></span> <span class='ocrx_word' id='word_1_96' title='bbox 774 1377 939 1444; x_wconf 86' lang='lat' dir='ltr'><strong>sicut</strong></span> <span class='ocrx_word' id='word_1_97' title='bbox 987 1378 1213 1445; x_wconf 86' lang='lat' dir='ltr'><strong>dicunt</strong></span> <span class='ocrx_word' id='word_1_98' title='bbox 1255 1380 1456 1445; x_wconf 89' lang='lat' dir='ltr'><strong>sancti</strong></span> <span class='ocrx_word' id='word_1_99' title='bbox 1502 1399 1519 1445; x_wconf 72' lang='grc' dir='ltr'><strong><em>ε</em></strong></span> <span class='ocrx_word' id='word_1_100' title='bbox 1568 1398 1725 1462; x_wconf 80' lang='lat' dir='ltr'><strong>ergo</strong></span> <span class='ocrx_word' id='word_1_101' title='bbox 1775 1379 1897 1445; x_wconf 79' lang='lat' dir='ltr'><strong>fuit</strong></span> 
     </span>
     <span class='ocr_line' id='line_1_14' title="bbox 356 1483 1831 1571; baseline 0.001 -21"><span class='ocrx_word' id='word_1_102' title='bbox 356 1483 681 1551; x_wconf 87' lang='lat' dir='ltr'><strong>meritoria</strong></span> <span class='ocrx_word' id='word_1_103' title='bbox 711 1503 728 1550; x_wconf 72' lang='grc' dir='ltr'><em>ε</em></span> <span class='ocrx_word' id='word_1_104' title='bbox 756 1503 916 1568; x_wconf 79' lang='lat' dir='ltr'><strong>ergo</strong></span> <span class='ocrx_word' id='word_1_105' title='bbox 942 1487 1223 1553; x_wconf 85' lang='lat' dir='ltr'><strong>Christus</strong></span> <span class='ocrx_word' id='word_1_106' title='bbox 1254 1487 1491 1553; x_wconf 88' lang='lat' dir='ltr'><strong>meruit</strong></span> <span class='ocrx_word' id='word_1_107' title='bbox 1516 1487 1831 1571; x_wconf 88' lang='lat' dir='ltr'><strong>patiendo.</strong></span> 
     </span>
    </p>

    <p class='ocr_par' dir='ltr' id='par_1_12' title="bbox 352 1592 1897 2425">
     <span class='ocr_line' id='line_1_15' title="bbox 435 1592 1893 1677; baseline 0.001 -20"><span class='ocrx_word' id='word_1_108' title='bbox 435 1592 595 1658; x_wconf 86' lang='lat' dir='ltr'><strong>Item</strong></span> <span class='ocrx_word' id='word_1_109' title='bbox 638 1592 848 1658; x_wconf 90' lang='lat' dir='ltr'><strong>omnis</strong></span> <span class='ocrx_word' id='word_1_110' title='bbox 896 1593 1008 1676; x_wconf 88' lang='lat' dir='ltr'><strong>qui</strong></span> <span class='ocrx_word' id='word_1_111' title='bbox 1058 1594 1331 1677; x_wconf 87' lang='lat' dir='ltr'><strong>patitur,</strong></span> <span class='ocrx_word' id='word_1_112' title='bbox 1371 1599 1484 1659; x_wconf 91' lang='lat' dir='ltr'><strong>aut</strong></span> <span class='ocrx_word' id='word_1_113' title='bbox 1533 1595 1893 1677; x_wconf 86' lang='lat' dir='ltr'><strong>passionem</strong></span> 
     </span>
     <span class='ocr_line' id='line_1_16' title="bbox 355 1699 1891 1784; baseline 0.001 -19"><span class='ocrx_word' id='word_1_114' title='bbox 355 1699 741 1784; x_wconf 87' lang='lat' dir='ltr'><strong>promeruit,</strong></span> <span class='ocrx_word' id='word_1_115' title='bbox 800 1704 915 1765; x_wconf 84' lang='lat' dir='ltr'><strong>aut</strong></span> <span class='ocrx_word' id='word_1_116' title='bbox 970 1718 1084 1784; x_wconf 86' lang='lat' dir='ltr'><strong>per</strong></span> <span class='ocrx_word' id='word_1_117' title='bbox 1135 1700 1490 1783; x_wconf 88' lang='lat' dir='ltr'><strong>passionem</strong></span> <span class='ocrx_word' id='word_1_118' title='bbox 1540 1706 1827 1766; x_wconf 85' lang='lat' dir='ltr'><strong>meretur</strong></span> <span class='ocrx_word' id='word_1_119' title='bbox 1874 1723 1891 1767; x_wconf 74' lang='grc' dir='ltr'>ι</span> 
     </span>
     <span class='ocr_line' id='line_1_17' title="bbox 355 1808 1897 1892; baseline 0.001 -19"><span class='ocrx_word' id='word_1_120' title='bbox 355 1808 642 1892; x_wconf 86' lang='lat' dir='ltr'><strong>alioquin</strong></span> <span class='ocrx_word' id='word_1_121' title='bbox 692 1812 1014 1891; x_wconf 81' lang='lat' dir='ltr'><strong>pateretur</strong></span> <span class='ocrx_word' id='word_1_122' title='bbox 1060 1808 1202 1872; x_wconf 88' lang='lat' dir='ltr'><strong>sine</strong></span> <span class='ocrx_word' id='word_1_123' title='bbox 1239 1810 1488 1891; x_wconf 86' lang='lat' dir='ltr'><strong>justitia</strong></span> <span class='ocrx_word' id='word_1_124' title='bbox 1507 1857 1526 1889; x_wconf 90' lang='lat'><strong>‚</strong></span> <span class='ocrx_word' id='word_1_125' title='bbox 1572 1813 1897 1892; x_wconf 85' lang='lat' dir='ltr'><strong>pateretur</strong></span> 
     </span>
     <span class='ocr_line' id='line_1_18' title="bbox 354 1914 1896 1999; baseline 0.001 -19"><span class='ocrx_word' id='word_1_126' title='bbox 354 1915 543 1980; x_wconf 86' lang='lat' dir='ltr'><strong>etiam</strong></span> <span class='ocrx_word' id='word_1_127' title='bbox 568 1914 825 1979; x_wconf 82' lang='lat' dir='ltr'><strong>frustra.</strong></span> <span class='ocrx_word' id='word_1_128' title='bbox 856 1914 979 1981; x_wconf 89' lang='lat' dir='ltr'><strong>Sed</strong></span> <span class='ocrx_word' id='word_1_129' title='bbox 1011 1915 1298 1980; x_wconf 85' lang='lat' dir='ltr'><strong>Christus</strong></span> <span class='ocrx_word' id='word_1_130' title='bbox 1325 1934 1456 1980; x_wconf 89' lang='lat' dir='ltr'><strong>non</strong></span> <span class='ocrx_word' id='word_1_131' title='bbox 1485 1917 1721 1981; x_wconf 88' lang='lat' dir='ltr'><strong>meruit</strong></span> <span class='ocrx_word' id='word_1_132' title='bbox 1746 1935 1896 1999; x_wconf 89' lang='lat' dir='ltr'><strong>pas-</strong></span> 
     </span>
     <span class='ocr_line' id='line_1_19' title="bbox 352 2020 1890 2105; baseline 0.001 -18"><span class='ocrx_word' id='word_1_133' title='bbox 352 2023 628 2102; x_wconf 86' lang='lat' dir='ltr'><strong>sionem,</strong></span> <span class='ocrx_word' id='word_1_134' title='bbox 659 2020 814 2105; x_wconf 87' lang='lat' dir='ltr'><strong>quia</strong></span> <span class='ocrx_word' id='word_1_135' title='bbox 849 2022 1160 2087; x_wconf 89' lang='lat' dir='ltr'><strong>immunis</strong></span> <span class='ocrx_word' id='word_1_136' title='bbox 1198 2023 1318 2088; x_wconf 82' lang='lat' dir='ltr'><strong>fuit</strong></span> <span class='ocrx_word' id='word_1_137' title='bbox 1360 2042 1401 2087; x_wconf 88' lang='lat' dir='ltr'><strong>a</strong></span> <span class='ocrx_word' id='word_1_138' title='bbox 1439 2024 1628 2105; x_wconf 87' lang='lat' dir='ltr'><strong>culpa</strong></span> <span class='ocrx_word' id='word_1_139' title='bbox 1663 2023 1841 2088; x_wconf 89' lang='lat' dir='ltr'><strong>omni</strong></span> <span class='ocrx_word' id='word_1_140' title='bbox 1875 2045 1890 2088; x_wconf 82' lang='lat' dir='ltr'><strong><em>z</em></strong></span> 
     </span>
     <span class='ocr_line' id='line_1_20' title="bbox 355 2128 1897 2214; baseline 0.001 -20"><span class='ocrx_word' id='word_1_141' title='bbox 355 2128 595 2194; x_wconf 86' lang='lat' dir='ltr'><strong>meruit</strong></span> <span class='ocrx_word' id='word_1_142' title='bbox 619 2146 779 2210; x_wconf 80' lang='lat' dir='ltr'><strong>ergo</strong></span> <span class='ocrx_word' id='word_1_143' title='bbox 799 2146 914 2212; x_wconf 90' lang='lat' dir='ltr'><strong>per</strong></span> <span class='ocrx_word' id='word_1_144' title='bbox 936 2129 1329 2212; x_wconf 83' lang='lat' dir='ltr'><strong>passionem3</strong></span> <span class='ocrx_word' id='word_1_145' title='bbox 1359 2130 1647 2213; x_wconf 84' lang='lat' dir='ltr'><strong>alioquin</strong></span> <span class='ocrx_word' id='word_1_146' title='bbox 1674 2149 1897 2214; x_wconf 89' lang='lat' dir='ltr'><strong>passus</strong></span> 
     </span>
     <span class='ocr_line' id='line_1_21' title="bbox 355 2235 1894 2320; baseline 0.001 -19"><span class='ocrx_word' id='word_1_147' title='bbox 355 2239 518 2301; x_wconf 86' lang='lat' dir='ltr'><strong>esset</strong></span> <span class='ocrx_word' id='word_1_148' title='bbox 552 2235 792 2319; x_wconf 85' lang='lat' dir='ltr'><strong>injuste</strong></span> <span class='ocrx_word' id='word_1_149' title='bbox 832 2240 895 2301; x_wconf 88' lang='lat' dir='ltr'><strong>et</strong></span> <span class='ocrx_word' id='word_1_150' title='bbox 936 2237 1171 2302; x_wconf 81' lang='lat' dir='ltr'><strong>trustra</strong></span> <span class='ocrx_word' id='word_1_151' title='bbox 1188 2286 1206 2313; x_wconf 82' lang='grc'><em>,</em></span> <span class='ocrx_word' id='word_1_152' title='bbox 1238 2237 1411 2320; x_wconf 91' lang='lat' dir='ltr'><strong>quod</strong></span> <span class='ocrx_word' id='word_1_153' title='bbox 1445 2241 1613 2302; x_wconf 87' lang='lat' dir='ltr'><strong>esset</strong></span> <span class='ocrx_word' id='word_1_154' title='bbox 1636 2255 1894 2320; x_wconf 78' lang='lat' dir='ltr'><strong>magnae</strong></span> 
     </span>
     <span class='ocr_line' id='line_1_22' title="bbox 355 2343 1099 2425; baseline 0.003 -18"><span class='ocrx_word' id='word_1_155' title='bbox 355 2343 697 2425; x_wconf 85' lang='lat' dir='ltr'><strong>impietatis</strong></span> <span class='ocrx_word' id='word_1_156' title='bbox 721 2347 784 2408; x_wconf 89' lang='lat' dir='ltr'><strong>et</strong></span> <span class='ocrx_word' id='word_1_157' title='bbox 810 2344 1099 2409; x_wconf 66' lang='lat' dir='ltr'><strong>insaniae.</strong></span> 
     </span>
    </p>
   </div>
   <div class='ocr_carea' id='block_1_12' title="bbox 144 2451 1901 2536">
    <p class='ocr_par' dir='ltr' id='par_1_13' title="bbox 144 2451 1901 2536">
     <span class='ocr_line' id='line_1_23' title="bbox 144 2451 1901 2536; baseline -0.001 -16"><span class='ocrx_word' id='word_1_158' title='bbox 144 2460 203 2506; x_wconf 70' lang='grc' dir='ltr'>Μ</span> <span class='ocrx_word' id='word_1_159' title='bbox 235 2476 330 2536; x_wconf 54' lang='lat' dir='ltr'><strong>svp.</strong></span> <span class='ocrx_word' id='word_1_160' title='bbox 435 2451 559 2517; x_wconf 85' lang='lat' dir='ltr'><strong>Sed</strong></span> <span class='ocrx_word' id='word_1_161' title='bbox 610 2456 831 2518; x_wconf 76' lang='lat' dir='ltr'><strong>contra</strong></span> <span class='ocrx_word' id='word_1_162' title='bbox 864 2473 880 2519; x_wconf 71' lang='grc' dir='ltr'><strong>ε</strong></span> <span class='ocrx_word' id='word_1_163' title='bbox 908 2459 966 2518; x_wconf 76' lang='lat'><strong>1.</strong></span> <span class='ocrx_word' id='word_1_164' title='bbox 1003 2452 1125 2518; x_wconf 83' lang='lat' dir='ltr'><strong>Pro</strong></span> <span class='ocrx_word' id='word_1_165' title='bbox 1158 2453 1556 2536; x_wconf 86' lang='lat' dir='ltr'><strong>passionibus</strong></span> <span class='ocrx_word' id='word_1_166' title='bbox 1586 2457 1666 2535; x_wconf 85' lang='lat' dir='ltr'><strong>(a)</strong></span> <span class='ocrx_word' id='word_1_167' title='bbox 1690 2501 1707 2528; x_wconf 85' lang='grc'>,</span> <span class='ocrx_word' id='word_1_168' title='bbox 1738 2454 1901 2519; x_wconf 87' lang='lat' dir='ltr'><strong>sicut</strong></span> 
     </span>
    </p>
   </div>
   <div class='ocr_carea' id='block_1_13' title="bbox 355 2559 1907 5221">
    <p class='ocr_par' dir='ltr' id='par_1_14' title="bbox 355 2559 1903 2967">
     <span class='ocr_line' id='line_1_24' title="bbox 355 2559 1903 2644; baseline 0.002 -21"><span class='ocrx_word' id='word_1_169' title='bbox 355 2559 508 2624; x_wconf 88' lang='lat' dir='ltr'><strong>dicit</strong></span> <span class='ocrx_word' id='word_1_170' title='bbox 534 2560 957 2644; x_wconf 86' lang='lat' dir='ltr'><strong>Philosophus</strong></span> <span class='ocrx_word' id='word_1_171' title='bbox 977 2565 1026 2639; x_wconf 86' lang='lat'><strong>¹,</strong></span> <span class='ocrx_word' id='word_1_172' title='bbox 1057 2579 1177 2626; x_wconf 89' lang='lat' dir='ltr'><strong>nec</strong></span> <span class='ocrx_word' id='word_1_173' title='bbox 1200 2561 1561 2640; x_wconf 83' lang='lat' dir='ltr'><strong>laudamur,</strong></span> <span class='ocrx_word' id='word_1_174' title='bbox 1590 2579 1709 2626; x_wconf 90' lang='lat' dir='ltr'><strong>nec</strong></span> <span class='ocrx_word' id='word_1_175' title='bbox 1736 2562 1903 2627; x_wconf 88' lang='lat' dir='ltr'><strong>vitu·</strong></span> 
     </span>
     <span class='ocr_line' id='line_1_25' title="bbox 356 2667 1903 2754; baseline 0.003 -23"><span class='ocrx_word' id='word_1_176' title='bbox 356 2685 657 2751; x_wconf 77' lang='lat' dir='ltr'><strong>paramur</strong></span> <span class='ocrx_word' id='word_1_177' title='bbox 678 2686 695 2732; x_wconf 71' lang='grc' dir='ltr'><strong><em>ι</em></strong></span> <span class='ocrx_word' id='word_1_178' title='bbox 716 2667 825 2733; x_wconf 88' lang='lat' dir='ltr'><strong>sed</strong></span> <span class='ocrx_word' id='word_1_179' title='bbox 846 2671 1103 2752; x_wconf 88' lang='lat' dir='ltr'><strong>propter</strong></span> <span class='ocrx_word' id='word_1_180' title='bbox 1121 2669 1197 2751; x_wconf 87' lang='lat' dir='ltr'><strong>(b)</strong></span> <span class='ocrx_word' id='word_1_181' title='bbox 1220 2686 1435 2749; x_wconf 90' lang='lat' dir='ltr'><strong>omne,</strong></span> <span class='ocrx_word' id='word_1_182' title='bbox 1453 2686 1568 2751; x_wconf 90' lang='lat' dir='ltr'><strong>per</strong></span> <span class='ocrx_word' id='word_1_183' title='bbox 1584 2672 1754 2754; x_wconf 89' lang='lat' dir='ltr'><strong>quod</strong></span> <span class='ocrx_word' id='word_1_184' title='bbox 1774 2689 1903 2735; x_wconf 89' lang='lat' dir='ltr'><strong>me-</strong></span> 
     </span>
     <span class='ocr_line' id='line_1_26' title="bbox 356 2775 1902 2861; baseline 0.002 -21"><span class='ocrx_word' id='word_1_185' title='bbox 356 2793 598 2856; x_wconf 86' lang='lat' dir='ltr'><strong>remur,</strong></span> <span class='ocrx_word' id='word_1_186' title='bbox 619 2775 962 2841; x_wconf 88' lang='lat' dir='ltr'><strong>laudamur</strong></span> <span class='ocrx_word' id='word_1_187' title='bbox 983 2794 1175 2858; x_wconf 80' lang='lat' dir='ltr'><strong>:ergo</strong></span> <span class='ocrx_word' id='word_1_188' title='bbox 1193 2778 1591 2861; x_wconf 87' lang='lat' dir='ltr'><strong>passionibus</strong></span> <span class='ocrx_word' id='word_1_189' title='bbox 1608 2788 1740 2844; x_wconf 87' lang='lat' dir='ltr'><strong>non</strong></span> <span class='ocrx_word' id='word_1_190' title='bbox 1767 2797 1902 2843; x_wconf 87' lang='lat' dir='ltr'><strong>me-</strong></span> 
     </span>
     <span class='ocr_line' id='line_1_27' title="bbox 356 2883 1899 2967; baseline 0.004 -21"><span class='ocrx_word' id='word_1_191' title='bbox 356 2900 577 2948; x_wconf 87' lang='lat' dir='ltr'><strong>remur</strong></span> <span class='ocrx_word' id='word_1_192' title='bbox 606 2905 621 2947; x_wconf 88' lang='lat'>:</span> <span class='ocrx_word' id='word_1_193' title='bbox 653 2902 813 2967; x_wconf 80' lang='lat' dir='ltr'><strong>ergo</strong></span> <span class='ocrx_word' id='word_1_194' title='bbox 844 2883 1131 2950; x_wconf 88' lang='lat' dir='ltr'><strong>Christus</strong></span> <span class='ocrx_word' id='word_1_195' title='bbox 1157 2886 1455 2967; x_wconf 88' lang='lat' dir='ltr'><strong>patiendo</strong></span> <span class='ocrx_word' id='word_1_196' title='bbox 1481 2905 1613 2952; x_wconf 91' lang='lat' dir='ltr'><strong>non</strong></span> <span class='ocrx_word' id='word_1_197' title='bbox 1640 2888 1899 2952; x_wconf 89' lang='lat' dir='ltr'><strong>meruit.</strong></span> 
     </span>
    </p>

    <p class='ocr_par' dir='ltr' id='par_1_15' title="bbox 355 2990 1904 3596">
     <span class='ocr_line' id='line_1_28' title="bbox 434 2990 1903 3075; baseline 0.002 -20"><span class='ocrx_word' id='word_1_198' title='bbox 434 2994 496 3056; x_wconf 75' lang='lat'><strong>2.</strong></span> <span class='ocrx_word' id='word_1_199' title='bbox 529 2990 686 3056; x_wconf 84' lang='lat' dir='ltr'><strong>Item</strong></span> <span class='ocrx_word' id='word_1_200' title='bbox 714 2991 921 3075; x_wconf 87' lang='lat' dir='ltr'><strong>passio</strong></span> <span class='ocrx_word' id='word_1_201' title='bbox 966 2997 1059 3056; x_wconf 86' lang='lat' dir='ltr'><strong>est</strong></span> <span class='ocrx_word' id='word_1_202' title='bbox 1085 2992 1346 3058; x_wconf 86' lang='lat' dir='ltr'><strong>effectus</strong></span> <span class='ocrx_word' id='word_1_203' title='bbox 1373 2998 1437 3058; x_wconf 89' lang='lat' dir='ltr'><strong>et</strong></span> <span class='ocrx_word' id='word_1_204' title='bbox 1470 2994 1669 3059; x_wconf 87' lang='lat' dir='ltr'><strong>illatio</strong></span> <span class='ocrx_word' id='word_1_205' title='bbox 1705 2995 1903 3058; x_wconf 88' lang='lat' dir='ltr'><strong>actio-</strong></span> 
     </span>
     <span class='ocr_line' id='line_1_29' title="bbox 358 3099 1897 3184; baseline 0.003 -19"><span class='ocrx_word' id='word_1_206' title='bbox 358 3099 457 3165; x_wconf 90' lang='lat' dir='ltr'><strong>nis</strong></span> <span class='ocrx_word' id='word_1_207' title='bbox 485 3122 501 3166; x_wconf 88' lang='lat'><strong>:</strong></span> <span class='ocrx_word' id='word_1_208' title='bbox 533 3100 644 3167; x_wconf 89' lang='lat' dir='ltr'><strong>sed</strong></span> <span class='ocrx_word' id='word_1_209' title='bbox 671 3099 876 3184; x_wconf 80' lang='lat' dir='ltr'><strong>qualis</strong></span> <span class='ocrx_word' id='word_1_210' title='bbox 909 3103 1005 3165; x_wconf 88' lang='lat' dir='ltr'><strong>est</strong></span> <span class='ocrx_word' id='word_1_211' title='bbox 1028 3119 1251 3180; x_wconf 87' lang='lat' dir='ltr'><strong>causa,</strong></span> <span class='ocrx_word' id='word_1_212' title='bbox 1281 3101 1424 3167; x_wconf 85' lang='lat' dir='ltr'><strong>talis</strong></span> <span class='ocrx_word' id='word_1_213' title='bbox 1464 3107 1559 3168; x_wconf 89' lang='lat' dir='ltr'><strong>est</strong></span> <span class='ocrx_word' id='word_1_214' title='bbox 1588 3103 1897 3169; x_wconf 84' lang='lat' dir='ltr'><strong>effectus:</strong></span> 
     </span>
     <span class='ocr_line' id='line_1_30' title="bbox 356 3206 1904 3291; baseline 0.003 -20"><span class='ocrx_word' id='word_1_215' title='bbox 356 3206 409 3270; x_wconf 90' lang='lat' dir='ltr'><strong>si</strong></span> <span class='ocrx_word' id='word_1_216' title='bbox 460 3225 618 3290; x_wconf 81' lang='lat' dir='ltr'><strong>ergo</strong></span> <span class='ocrx_word' id='word_1_217' title='bbox 664 3208 826 3272; x_wconf 88' lang='lat' dir='ltr'><strong>actio</strong></span> <span class='ocrx_word' id='word_1_218' title='bbox 871 3208 1235 3291; x_wconf 86' lang='lat' dir='ltr'><strong>passionem</strong></span> <span class='ocrx_word' id='word_1_219' title='bbox 1279 3210 1559 3274; x_wconf 73' lang='lat' dir='ltr'><strong>inferens</strong></span> <span class='ocrx_word' id='word_1_220' title='bbox 1603 3229 1733 3275; x_wconf 89' lang='lat' dir='ltr'><strong>non</strong></span> <span class='ocrx_word' id='word_1_221' title='bbox 1782 3213 1904 3276; x_wconf 80' lang='lat' dir='ltr'><strong>suit</strong></span> 
     </span>
     <span class='ocr_line' id='line_1_31' title="bbox 355 3313 1903 3400; baseline 0.005 -23"><span class='ocrx_word' id='word_1_222' title='bbox 355 3314 712 3394; x_wconf 84' lang='lat' dir='ltr'><strong>meritoria,</strong></span> <span class='ocrx_word' id='word_1_223' title='bbox 740 3313 993 3380; x_wconf 86' lang='lat' dir='ltr'><strong>videtur</strong></span> <span class='ocrx_word' id='word_1_224' title='bbox 1020 3317 1191 3400; x_wconf 90' lang='lat' dir='ltr'><strong>quod</strong></span> <span class='ocrx_word' id='word_1_225' title='bbox 1215 3334 1334 3381; x_wconf 88' lang='lat' dir='ltr'><strong>nec</strong></span> <span class='ocrx_word' id='word_1_226' title='bbox 1358 3318 1496 3400; x_wconf 90' lang='lat' dir='ltr'><strong>ipsa</strong></span> <span class='ocrx_word' id='word_1_227' title='bbox 1521 3319 1731 3400; x_wconf 89' lang='lat' dir='ltr'><strong>passio</strong></span> <span class='ocrx_word' id='word_1_228' title='bbox 1760 3320 1903 3384; x_wconf 84' lang='lat' dir='ltr'><strong>fue-</strong></span> 
     </span>
     <span class='ocr_line' id='line_1_32' title="bbox 358 3423 1902 3509; baseline 0.003 -21"><span class='ocrx_word' id='word_1_229' title='bbox 358 3423 440 3488; x_wconf 91' lang='lat' dir='ltr'><strong>rit</strong></span> <span class='ocrx_word' id='word_1_230' title='bbox 467 3424 792 3488; x_wconf 88' lang='lat' dir='ltr'><strong>meritoria</strong></span> <span class='ocrx_word' id='word_1_231' title='bbox 819 3445 834 3487; x_wconf 90' lang='lat'>:</span> <span class='ocrx_word' id='word_1_232' title='bbox 862 3442 1020 3505; x_wconf 86' lang='lat' dir='ltr'><strong>ergo</strong></span> <span class='ocrx_word' id='word_1_233' title='bbox 1048 3425 1333 3490; x_wconf 88' lang='lat' dir='ltr'><strong>Christus</strong></span> <span class='ocrx_word' id='word_1_234' title='bbox 1351 3425 1420 3489; x_wconf 92' lang='lat' dir='ltr'><strong>in</strong></span> <span class='ocrx_word' id='word_1_235' title='bbox 1446 3427 1741 3509; x_wconf 87' lang='lat' dir='ltr'><strong>passione</strong></span> <span class='ocrx_word' id='word_1_236' title='bbox 1769 3446 1902 3492; x_wconf 90' lang='lat' dir='ltr'><strong>nou</strong></span> 
     </span>
     <span class='ocr_line' id='line_1_33' title="bbox 357 3531 612 3596; baseline 0 -2"><span class='ocrx_word' id='word_1_237' title='bbox 357 3531 612 3596; x_wconf 90' lang='lat' dir='ltr'><strong>meruit.</strong></span> 
     </span>
    </p>

    <p class='ocr_par' dir='ltr' id='par_1_16' title="bbox 356 3638 1907 4473">
     <span class='ocr_line' id='line_1_34' title="bbox 438 3638 1903 3727; baseline 0.003 -23"><span class='ocrx_word' id='word_1_238' title='bbox 438 3644 497 3705; x_wconf 89' lang='lat'><strong>3.</strong></span> <span class='ocrx_word' id='word_1_239' title='bbox 539 3638 696 3704; x_wconf 87' lang='lat' dir='ltr'><strong>Item</strong></span> <span class='ocrx_word' id='word_1_240' title='bbox 738 3639 901 3704; x_wconf 89' lang='lat' dir='ltr'><strong>nihil</strong></span> <span class='ocrx_word' id='word_1_241' title='bbox 939 3645 1035 3705; x_wconf 85' lang='lat' dir='ltr'><strong>est</strong></span> <span class='ocrx_word' id='word_1_242' title='bbox 1077 3640 1517 3721; x_wconf 87' lang='lat' dir='ltr'><strong>meritorium,</strong></span> <span class='ocrx_word' id='word_1_243' title='bbox 1560 3642 1684 3706; x_wconf 90' lang='lat' dir='ltr'><strong>nisi</strong></span> <span class='ocrx_word' id='word_1_244' title='bbox 1730 3643 1903 3727; x_wconf 86' lang='lat' dir='ltr'><strong>quod</strong></span> 
     </span>
     <span class='ocr_line' id='line_1_35' title="bbox 356 3745 1900 3816; baseline 0.003 -5"><span class='ocrx_word' id='word_1_245' title='bbox 356 3750 452 3811; x_wconf 85' lang='lat' dir='ltr'><strong>est</strong></span> <span class='ocrx_word' id='word_1_246' title='bbox 484 3745 923 3811; x_wconf 85' lang='lat' dir='ltr'><strong>voluntarium</strong></span> <span class='ocrx_word' id='word_1_247' title='bbox 958 3768 973 3811; x_wconf 78' lang='lat' dir='ltr'><strong>t</strong></span> <span class='ocrx_word' id='word_1_248' title='bbox 1007 3747 1171 3811; x_wconf 90' lang='lat' dir='ltr'><strong>nihil</strong></span> <span class='ocrx_word' id='word_1_249' title='bbox 1210 3752 1426 3812; x_wconf 89' lang='lat' dir='ltr'><strong>autem</strong></span> <span class='ocrx_word' id='word_1_250' title='bbox 1466 3753 1561 3813; x_wconf 88' lang='lat' dir='ltr'><strong>est</strong></span> <span class='ocrx_word' id='word_1_251' title='bbox 1603 3749 1900 3816; x_wconf 84' lang='lat' dir='ltr'><strong>volunta-</strong></span> 
     </span>
     <span class='ocr_line' id='line_1_36' title="bbox 357 3853 1900 3939; baseline 0.002 -20"><span class='ocrx_word' id='word_1_252' title='bbox 357 3854 552 3934; x_wconf 87' lang='lat' dir='ltr'><strong>rium,</strong></span> <span class='ocrx_word' id='word_1_253' title='bbox 582 3853 707 3917; x_wconf 90' lang='lat' dir='ltr'><strong>nisi</strong></span> <span class='ocrx_word' id='word_1_254' title='bbox 742 3855 915 3937; x_wconf 83' lang='lat' dir='ltr'><strong>quod</strong></span> <span class='ocrx_word' id='word_1_255' title='bbox 959 3873 999 3918; x_wconf 89' lang='lat' dir='ltr'><strong>a</strong></span> <span class='ocrx_word' id='word_1_256' title='bbox 1040 3853 1353 3939; x_wconf 88' lang='lat' dir='ltr'><strong>principio</strong></span> <span class='ocrx_word' id='word_1_257' title='bbox 1391 3856 1735 3922; x_wconf 89' lang='lat' dir='ltr'><strong>intrinseco</strong></span> <span class='ocrx_word' id='word_1_258' title='bbox 1781 3862 1900 3937; x_wconf 82' lang='lat' dir='ltr'><strong>est,</strong></span> 
     </span>
     <span class='ocr_line' id='line_1_37' title="bbox 360 3960 1899 4045; baseline 0.002 -20"><span class='ocrx_word' id='word_1_259' title='bbox 360 3960 524 4026; x_wconf 86' lang='lat' dir='ltr'><strong>sicut</strong></span> <span class='ocrx_word' id='word_1_260' title='bbox 586 3964 758 4045; x_wconf 86' lang='lat' dir='ltr'><strong>patet</strong></span> <span class='ocrx_word' id='word_1_261' title='bbox 823 3979 938 4043; x_wconf 89' lang='lat' dir='ltr'><strong>per</strong></span> <span class='ocrx_word' id='word_1_262' title='bbox 995 3961 1438 4027; x_wconf 77' lang='lat' dir='ltr'><strong>diffinitionem</strong></span> <span class='ocrx_word' id='word_1_263' title='bbox 1513 3964 1899 4045; x_wconf 85' lang='lat' dir='ltr'><strong>voluntarii,</strong></span> 
     </span>
     <span class='ocr_line' id='line_1_38' title="bbox 360 4065 1905 4152; baseline 0.005 -22"><span class='ocrx_word' id='word_1_264' title='bbox 360 4086 556 4152; x_wconf 85' lang='lat' dir='ltr'><strong>quam</strong></span> <span class='ocrx_word' id='word_1_265' title='bbox 584 4068 764 4152; x_wconf 89' lang='lat' dir='ltr'><strong>ponit</strong></span> <span class='ocrx_word' id='word_1_266' title='bbox 788 4065 1214 4151; x_wconf 86' lang='lat' dir='ltr'><strong>Philosophus</strong></span> <span class='ocrx_word' id='word_1_267' title='bbox 1238 4070 1306 4132; x_wconf 86' lang='lat' dir='ltr'><strong>iu</strong></span> <span class='ocrx_word' id='word_1_268' title='bbox 1337 4070 1588 4137; x_wconf 72' lang='lat' dir='ltr'><strong>Ethicie</strong></span> <span class='ocrx_word' id='word_1_269' title='bbox 1604 4072 1627 4108; x_wconf 86' lang='lat'>⁸</span> <span class='ocrx_word' id='word_1_270' title='bbox 1660 4094 1674 4136; x_wconf 74' lang='grc' dir='ltr'>ε</span> <span class='ocrx_word' id='word_1_271' title='bbox 1716 4094 1747 4131; x_wconf 78' lang='grc' dir='ltr'><strong>α</strong></span> <span class='ocrx_word' id='word_1_272' title='bbox 1771 4070 1905 4137; x_wconf 80' lang='lat' dir='ltr'><strong>Vo-</strong></span> 
     </span>
     <span class='ocr_line' id='line_1_39' title="bbox 358 4174 1907 4260; baseline 0.005 -22"><span class='ocrx_word' id='word_1_273' title='bbox 358 4174 714 4240; x_wconf 86' lang='lat' dir='ltr'><strong>luntarium</strong></span> <span class='ocrx_word' id='word_1_274' title='bbox 789 4179 922 4252; x_wconf 68' lang='lat' dir='ltr'><strong>est,</strong></span> <span class='ocrx_word' id='word_1_275' title='bbox 978 4178 1166 4258; x_wconf 80' lang='lat' dir='ltr'><strong>cujus</strong></span> <span class='ocrx_word' id='word_1_276' title='bbox 1231 4178 1617 4260; x_wconf 88' lang='lat' dir='ltr'><strong>principium</strong></span> <span class='ocrx_word' id='word_1_277' title='bbox 1679 4183 1774 4243; x_wconf 66' lang='lat' dir='ltr'><strong>est</strong></span> <span class='ocrx_word' id='word_1_278' title='bbox 1836 4181 1907 4245; x_wconf 90' lang='lat' dir='ltr'><strong>in</strong></span> 
     </span>
     <span class='ocr_line' id='line_1_40' title="bbox 359 4280 1907 4364; baseline 0.005 -20"><span class='ocrx_word' id='word_1_279' title='bbox 359 4281 517 4364; x_wconf 81' lang='lat' dir='ltr'><strong>ipso.</strong></span> <span class='ocrx_word' id='word_1_280' title='bbox 547 4303 578 4341; x_wconf 74' lang='grc' dir='ltr'>ι</span> <span class='ocrx_word' id='word_1_281' title='bbox 613 4280 737 4347; x_wconf 85' lang='lat' dir='ltr'><strong>Sed</strong></span> <span class='ocrx_word' id='word_1_282' title='bbox 763 4283 970 4364; x_wconf 88' lang='lat' dir='ltr'><strong>passio</strong></span> <span class='ocrx_word' id='word_1_283' title='bbox 997 4282 1221 4348; x_wconf 87' lang='lat' dir='ltr'><strong>Christi</strong></span> <span class='ocrx_word' id='word_1_284' title='bbox 1249 4285 1372 4348; x_wconf 87' lang='lat' dir='ltr'><strong>fuit</strong></span> <span class='ocrx_word' id='word_1_285' title='bbox 1396 4285 1478 4350; x_wconf 90' lang='lat' dir='ltr'><strong>ab</strong></span> <span class='ocrx_word' id='word_1_286' title='bbox 1504 4288 1709 4364; x_wconf 83' lang='lat' dir='ltr'><strong>extra,</strong></span> <span class='ocrx_word' id='word_1_287' title='bbox 1740 4287 1907 4353; x_wconf 86' lang='lat' dir='ltr'><strong>sicut</strong></span> 
     </span>
     <span class='ocr_line' id='line_1_41' title="bbox 359 4390 1835 4473; baseline 0.003 -20"><span class='ocrx_word' id='word_1_288' title='bbox 359 4392 530 4472; x_wconf 86' lang='lat' dir='ltr'><strong>patet</strong></span> <span class='ocrx_word' id='word_1_289' title='bbox 559 4408 577 4454; x_wconf 70' lang='grc' dir='ltr'><strong>ε</strong></span> <span class='ocrx_word' id='word_1_290' title='bbox 609 4407 766 4472; x_wconf 81' lang='lat' dir='ltr'><strong>ergo</strong></span> <span class='ocrx_word' id='word_1_291' title='bbox 792 4407 927 4453; x_wconf 88' lang='lat' dir='ltr'><strong>non</strong></span> <span class='ocrx_word' id='word_1_292' title='bbox 957 4390 1076 4454; x_wconf 84' lang='lat' dir='ltr'><strong>t&#39;uit</strong></span> <span class='ocrx_word' id='word_1_293' title='bbox 1102 4391 1447 4457; x_wconf 88' lang='lat' dir='ltr'><strong>meritoria.</strong></span> <span class='ocrx_word' id='word_1_294' title='bbox 1822 4465 1835 4473; x_wconf 23' lang='grc' dir='ltr'><strong><em>μ</em></strong></span> 
     </span>
    </p>

    <p class='ocr_par' dir='ltr' id='par_1_17' title="bbox 358 4494 1904 5005">
     <span class='ocr_line' id='line_1_42' title="bbox 437 4494 1903 4584; baseline 0.005 -25"><span class='ocrx_word' id='word_1_295' title='bbox 437 4499 500 4560; x_wconf 74' lang='grc'><strong>4.</strong></span> <span class='ocrx_word' id='word_1_296' title='bbox 543 4494 701 4560; x_wconf 89' lang='lat' dir='ltr'><strong>ltem</strong></span> <span class='ocrx_word' id='word_1_297' title='bbox 747 4497 911 4561; x_wconf 87' lang='lat' dir='ltr'><strong>nihil</strong></span> <span class='ocrx_word' id='word_1_298' title='bbox 952 4503 1047 4562; x_wconf 86' lang='lat' dir='ltr'><strong>est</strong></span> <span class='ocrx_word' id='word_1_299' title='bbox 1089 4498 1524 4580; x_wconf 89' lang='lat' dir='ltr'><strong>meritorium,</strong></span> <span class='ocrx_word' id='word_1_300' title='bbox 1570 4500 1695 4564; x_wconf 90' lang='lat' dir='ltr'><strong>nisi</strong></span> <span class='ocrx_word' id='word_1_301' title='bbox 1732 4502 1903 4584; x_wconf 85' lang='lat' dir='ltr'><strong>quod</strong></span> 
     </span>
     <span class='ocr_line' id='line_1_43' title="bbox 361 4603 1904 4689; baseline 0.006 -25"><span class='ocrx_word' id='word_1_302' title='bbox 361 4605 456 4665; x_wconf 87' lang='lat' dir='ltr'><strong>est</strong></span> <span class='ocrx_word' id='word_1_303' title='bbox 484 4603 840 4668; x_wconf 86' lang='lat' dir='ltr'><strong>secundum</strong></span> <span class='ocrx_word' id='word_1_304' title='bbox 879 4608 1177 4671; x_wconf 86' lang='lat' dir='ltr'><strong>naturam</strong></span> <span class='ocrx_word' id='word_1_305' title='bbox 1208 4627 1222 4668; x_wconf 72' lang='grc' dir='ltr'>ε</span> <span class='ocrx_word' id='word_1_306' title='bbox 1261 4607 1371 4670; x_wconf 90' lang='lat' dir='ltr'><strong>sed</strong></span> <span class='ocrx_word' id='word_1_307' title='bbox 1396 4607 1607 4689; x_wconf 89' lang='lat' dir='ltr'><strong>passio</strong></span> <span class='ocrx_word' id='word_1_308' title='bbox 1635 4610 1728 4670; x_wconf 87' lang='lat' dir='ltr'><strong>est</strong></span> <span class='ocrx_word' id='word_1_309' title='bbox 1757 4626 1904 4673; x_wconf 92' lang='lat' dir='ltr'><strong>mo-</strong></span> 
     </span>
     <span class='ocr_line' id='line_1_44' title="bbox 360 4711 1904 4792; baseline 0.003 -17"><span class='ocrx_word' id='word_1_310' title='bbox 360 4711 464 4775; x_wconf 82' lang='lat' dir='ltr'><strong>tus</strong></span> <span class='ocrx_word' id='word_1_311' title='bbox 514 4716 735 4776; x_wconf 87' lang='lat' dir='ltr'><strong>contra</strong></span> <span class='ocrx_word' id='word_1_312' title='bbox 785 4716 1083 4777; x_wconf 89' lang='lat' dir='ltr'><strong>naturam</strong></span> <span class='ocrx_word' id='word_1_313' title='bbox 1106 4761 1125 4792; x_wconf 91' lang='lat'>‚</span> <span class='ocrx_word' id='word_1_314' title='bbox 1172 4712 1339 4777; x_wconf 88' lang='lat' dir='ltr'><strong>sicut</strong></span> <span class='ocrx_word' id='word_1_315' title='bbox 1376 4712 1528 4778; x_wconf 89' lang='lat' dir='ltr'><strong>dicit</strong></span> <span class='ocrx_word' id='word_1_316' title='bbox 1565 4712 1904 4780; x_wconf 89' lang='lat' dir='ltr'><strong>Damasce-</strong></span> 
     </span>
     <span class='ocr_line' id='line_1_45' title="bbox 358 4810 1901 4904; baseline 0.003 -23"><span class='ocrx_word' id='word_1_317' title='bbox 358 4834 485 4882; x_wconf 88' lang='lat' dir='ltr'><strong>nus</strong></span> <span class='ocrx_word' id='word_1_318' title='bbox 505 4818 566 4882; x_wconf 73' lang='lat'><strong>⁸:</strong></span> <span class='ocrx_word' id='word_1_319' title='bbox 597 4836 756 4900; x_wconf 83' lang='lat' dir='ltr'><strong>ergo</strong></span> <span class='ocrx_word' id='word_1_320' title='bbox 781 4818 1170 4903; x_wconf 89' lang='lat' dir='ltr'><strong>impossibile</strong></span> <span class='ocrx_word' id='word_1_321' title='bbox 1194 4824 1290 4884; x_wconf 81' lang='lat' dir='ltr'><strong>est</strong></span> <span class='ocrx_word' id='word_1_322' title='bbox 1309 4810 1600 4904; x_wconf 86' lang='lat' dir='ltr'><strong>passione</strong></span> <span class='ocrx_word' id='word_1_323' title='bbox 1628 4821 1901 4887; x_wconf 86' lang='lat' dir='ltr'><strong>mereri:</strong></span> 
     </span>
     <span class='ocr_line' id='line_1_46' title="bbox 361 4928 688 5005; baseline 0.006 -18"><span class='ocrx_word' id='word_1_324' title='bbox 361 4940 539 5005; x_wconf 82' lang='lat' dir='ltr'><strong>ergo,</strong></span> <span class='ocrx_word' id='word_1_325' title='bbox 570 4928 688 4989; x_wconf 92' lang='lat' dir='ltr'><strong>etc.</strong></span> 
     </span>
    </p>

    <p class='ocr_par' dir='ltr' id='par_1_18' title="bbox 361 5032 1907 5221">
     <span class='ocr_line' id='line_1_47' title="bbox 441 5032 1906 5100; baseline 0.003 -5"><span class='ocrx_word' id='word_1_326' title='bbox 441 5034 500 5096; x_wconf 74' lang='lat'><strong>5.</strong></span> <span class='ocrx_word' id='word_1_327' title='bbox 550 5032 711 5097; x_wconf 90' lang='lat' dir='ltr'><strong>ltem</strong></span> <span class='ocrx_word' id='word_1_328' title='bbox 753 5050 947 5099; x_wconf 91' lang='lat' dir='ltr'><strong>omne</strong></span> <span class='ocrx_word' id='word_1_329' title='bbox 988 5034 1293 5099; x_wconf 89' lang='lat' dir='ltr'><strong>meritum</strong></span> <span class='ocrx_word' id='word_1_330' title='bbox 1335 5038 1550 5099; x_wconf 85' lang='lat' dir='ltr'><strong>ortum</strong></span> <span class='ocrx_word' id='word_1_331' title='bbox 1593 5034 1787 5100; x_wconf 87' lang='lat' dir='ltr'><strong>habet</strong></span> <span class='ocrx_word' id='word_1_332' title='bbox 1824 5035 1906 5100; x_wconf 87' lang='lat' dir='ltr'><strong>ab</strong></span> 
     </span>
     <span class='ocr_line' id='line_1_48' title="bbox 361 5135 1907 5221; baseline 0.001 -17"><span class='ocrx_word' id='word_1_333' title='bbox 361 5135 577 5221; x_wconf 79' lang='lat' dir='ltr'><strong>aliqua</strong></span> <span class='ocrx_word' id='word_1_334' title='bbox 598 5141 838 5206; x_wconf 79' lang='lat' dir='ltr'><strong>virtute</strong></span> <span class='ocrx_word' id='word_1_335' title='bbox 870 5163 886 5205; x_wconf 91' lang='lat'>:</span> <span class='ocrx_word' id='word_1_336' title='bbox 914 5141 1127 5207; x_wconf 90' lang='lat' dir='ltr'><strong>omnis</strong></span> <span class='ocrx_word' id='word_1_337' title='bbox 1151 5146 1368 5207; x_wconf 86' lang='lat' dir='ltr'><strong>autem</strong></span> <span class='ocrx_word' id='word_1_338' title='bbox 1394 5143 1603 5208; x_wconf 80' lang='lat' dir='ltr'><strong>virtus</strong></span> <span class='ocrx_word' id='word_1_339' title='bbox 1626 5142 1907 5209; x_wconf 75' lang='lat' dir='ltr'><strong>consistit</strong></span> 
     </span>
    </p>
   </div>
   <div class='ocr_carea' id='block_1_14' title="bbox 423 5274 1905 5380">
    <p class='ocr_par' dir='ltr' id='par_1_19' title="bbox 423 5274 1905 5380">
     <span class='ocr_line' id='line_1_49' title="bbox 423 5274 1905 5380; baseline 0.005 -22"><span class='ocrx_word' id='word_1_340' title='bbox 423 5308 587 5371; x_wconf 71' lang='lat'><strong>¹100..</strong></span> <span class='ocrx_word' id='word_1_341' title='bbox 617 5321 656 5374; x_wconf 89' lang='lat'><strong>1,</strong></span> <span class='ocrx_word' id='word_1_342' title='bbox 683 5312 732 5362; x_wconf 74' lang='lat'><strong>4.</strong></span> <span class='ocrx_word' id='word_1_343' title='bbox 755 5336 808 5346; x_wconf 90' lang='lat'><em>-</em></span> <span class='ocrx_word' id='word_1_344' title='bbox 837 5311 1049 5378; x_wconf 63' lang='lat' dir='ltr'><strong>’Ax-ist„</strong></span> <span class='ocrx_word' id='word_1_345' title='bbox 1078 5311 1266 5380; x_wconf 60' lang='lat' dir='ltr'><strong>Ertaia,</strong></span> <span class='ocrx_word' id='word_1_346' title='bbox 1303 5312 1394 5378; x_wconf 87' lang='lat' dir='ltr'><strong>lib,</strong></span> <span class='ocrx_word' id='word_1_347' title='bbox 1429 5314 1494 5378; x_wconf 83' lang='grc' dir='ltr'><strong>ΙΙ,</strong></span> <span class='ocrx_word' id='word_1_348' title='bbox 1524 5327 1569 5363; x_wconf 89' lang='lat' dir='ltr'><strong>c.</strong></span> <span class='ocrx_word' id='word_1_349' title='bbox 1597 5324 1649 5363; x_wconf 76' lang='lat' dir='ltr'><strong>iv</strong></span> <span class='ocrx_word' id='word_1_350' title='bbox 1675 5274 1727 5365; x_wconf 80' lang='lat' dir='ltr'><strong>et</strong></span> <span class='ocrx_word' id='word_1_351' title='bbox 1766 5324 1815 5365; x_wconf 87' lang='lat' dir='ltr'><strong>v.</strong></span> <span class='ocrx_word' id='word_1_352' title='bbox 1844 5338 1905 5354; x_wconf 88' lang='lat'><strong>—</strong></span> 
     </span>
    </p>
   </div>
   <div class='ocr_carea' id='block_1_15' title="bbox 362 5406 1903 5541">
    <p class='ocr_par' dir='ltr' id='par_1_20' title="bbox 362 5406 1903 5541">
     <span class='ocr_line' id='line_1_50' title="bbox 424 5406 1903 5541; baseline 0.002 -82"><span class='ocrx_word' id='word_1_353' title='bbox 424 5406 501 5541; x_wconf 59' lang='lat' dir='ltr'><strong>(P)</strong></span> <span class='ocrx_word' id='word_1_354' title='bbox 524 5407 648 5528; x_wconf 55' lang='grc' dir='ltr'><strong>ΟἼΙ.</strong></span> <span class='ocrx_word' id='word_1_355' title='bbox 670 5407 790 5458; x_wconf 72' lang='lat' dir='ltr'><strong>edit.</strong></span> <span class='ocrx_word' id='word_1_356' title='bbox 824 5411 1182 5476; x_wconf 73' lang='lat' dir='ltr'><strong>passionibus5</strong></span> <span class='ocrx_word' id='word_1_357' title='bbox 1216 5411 1353 5463; x_wconf 74' lang='lat' dir='ltr'><strong>deest</strong></span> <span class='ocrx_word' id='word_1_358' title='bbox 1373 5425 1563 5479; x_wconf 87' lang='lat' dir='ltr'><strong>pro.-</strong></span> <span class='ocrx_word' id='word_1_359' title='bbox 1588 5410 1660 5475; x_wconf 85' lang='grc' dir='ltr'><strong>(ὁ)</strong></span> <span class='ocrx_word' id='word_1_360' title='bbox 1690 5411 1769 5461; x_wconf 81' lang='lat' dir='ltr'><strong>AI.</strong></span> <span class='ocrx_word' id='word_1_361' title='bbox 1794 5426 1903 5477; x_wconf 87' lang='lat' dir='ltr'><strong>per.</strong></span> 
     </span>
     <span class='ocr_line' id='line_1_51' title="bbox 362 5492 710 5529; baseline 0.006 -2"><span class='ocrx_word' id='word_1_362' title='bbox 362 5503 416 5514; x_wconf 89' lang='lat'>—</span> <span class='ocrx_word' id='word_1_363' title='bbox 460 5493 486 5527; x_wconf 86' lang='lat' dir='ltr'><strong>c</strong></span> <span class='ocrx_word' id='word_1_364' title='bbox 521 5492 587 5529; x_wconf 81' lang='lat' dir='ltr'><strong>au</strong></span> <span class='ocrx_word' id='word_1_365' title='bbox 608 5492 710 5529; x_wconf 84' lang='lat' dir='ltr'><strong>em.</strong></span> 
     </span>
    </p>
   </div>
   <div class='ocr_carea' id='block_1_16' title="bbox 2551 1414 2998 1487">
    <p class='ocr_par' dir='ltr' id='par_1_21' title="bbox 2551 1414 2998 1487">
     <span class='ocr_line' id='line_1_52' title="bbox 2551 1414 2998 1487; baseline 0.002 -4"><span class='ocrx_word' id='word_1_366' title='bbox 2551 1414 2998 1487; x_wconf 85' lang='lat' dir='ltr'><strong>CONCLUSIO.</strong></span> 
     </span>
    </p>
   </div>
   <div class='ocr_carea' id='block_1_17' title="bbox 2008 1578 3551 1831">
    <p class='ocr_par' dir='ltr' id='par_1_22' title="bbox 2008 1578 3551 1831">
     <span class='ocr_line' id='line_1_53' title="bbox 2008 1578 3551 1649; baseline 0 -14"><span class='ocrx_word' id='word_1_367' title='bbox 2008 1578 2250 1635; x_wconf 65' lang='lat' dir='ltr'><strong>Chi-istm</strong></span> <span class='ocrx_word' id='word_1_368' title='bbox 2281 1592 2389 1634; x_wconf 84' lang='lat' dir='ltr'><strong>non</strong></span> <span class='ocrx_word' id='word_1_369' title='bbox 2426 1579 2638 1634; x_wconf 79' lang='lat' dir='ltr'><strong>tantum</strong></span> <span class='ocrx_word' id='word_1_370' title='bbox 2673 1579 2873 1635; x_wconf 63' lang='lat' dir='ltr'><strong>mer-itit</strong></span> <span class='ocrx_word' id='word_1_371' title='bbox 2900 1580 2963 1635; x_wconf 79' lang='lat' dir='ltr'><strong>in</strong></span> <span class='ocrx_word' id='word_1_372' title='bbox 2997 1582 3209 1637; x_wconf 77' lang='lat' dir='ltr'><strong>actione</strong></span> <span class='ocrx_word' id='word_1_373' title='bbox 3217 1619 3237 1649; x_wconf 91' lang='lat'><em>,</em></span> <span class='ocrx_word' id='word_1_374' title='bbox 3266 1579 3361 1637; x_wconf 77' lang='lat' dir='ltr'><strong>scd</strong></span> <span class='ocrx_word' id='word_1_375' title='bbox 3385 1582 3551 1636; x_wconf 80' lang='lat' dir='ltr'><strong>etiam</strong></span> 
     </span>
     <span class='ocr_line' id='line_1_54' title="bbox 2074 1669 3551 1742; baseline 0.001 -18"><span class='ocrx_word' id='word_1_376' title='bbox 2074 1669 2140 1725; x_wconf 81' lang='lat' dir='ltr'><strong>in</strong></span> <span class='ocrx_word' id='word_1_377' title='bbox 2159 1669 2441 1740; x_wconf 79' lang='lat' dir='ltr'><strong>passione;</strong></span> <span class='ocrx_word' id='word_1_378' title='bbox 2472 1671 2525 1725; x_wconf 84' lang='lat' dir='ltr'><strong>et</strong></span> <span class='ocrx_word' id='word_1_379' title='bbox 2552 1670 2696 1724; x_wconf 77' lang='lat' dir='ltr'><strong>inter</strong></span> <span class='ocrx_word' id='word_1_380' title='bbox 2722 1669 2909 1726; x_wconf 77' lang='lat' dir='ltr'><strong>omnia</strong></span> <span class='ocrx_word' id='word_1_381' title='bbox 2936 1671 3131 1726; x_wconf 76' lang='lat' dir='ltr'><strong>merita</strong></span> <span class='ocrx_word' id='word_1_382' title='bbox 3160 1672 3344 1742; x_wconf 77' lang='lat' dir='ltr'><strong>passio</strong></span> <span class='ocrx_word' id='word_1_383' title='bbox 3374 1671 3551 1727; x_wconf 76' lang='lat' dir='ltr'><strong>tenuit</strong></span> 
     </span>
     <span class='ocr_line' id='line_1_55' title="bbox 2070 1759 2575 1831; baseline 0 -18"><span class='ocrx_word' id='word_1_384' title='bbox 2070 1759 2467 1830; x_wconf 74' lang='lat' dir='ltr'><strong>principatum.</strong></span> <span class='ocrx_word' id='word_1_385' title='bbox 2569 1826 2575 1831; x_wconf 15' lang='lat' dir='ltr'>j</span> 
     </span>
    </p>
   </div>
   <div class='ocr_carea' id='block_1_18' title="bbox 2006 1914 3567 5335">
    <p class='ocr_par' dir='ltr' id='par_1_23' title="bbox 2006 1914 3567 4472">
     <span class='ocr_line' id='line_1_56' title="bbox 2087 1914 3556 2000; baseline 0.001 -19"><span class='ocrx_word' id='word_1_386' title='bbox 2087 1914 2274 2000; x_wconf 89' lang='lat' dir='ltr'><strong>Resp.</strong></span> <span class='ocrx_word' id='word_1_387' title='bbox 2327 1917 2408 1982; x_wconf 89' lang='lat' dir='ltr'><strong>ad</strong></span> <span class='ocrx_word' id='word_1_388' title='bbox 2458 1935 2603 1998; x_wconf 81' lang='lat' dir='ltr'><strong>arg.</strong></span> <span class='ocrx_word' id='word_1_389' title='bbox 2660 1916 3007 1983; x_wconf 79' lang='lat' dir='ltr'><strong>Dicendum</strong></span> <span class='ocrx_word' id='word_1_390' title='bbox 3055 1917 3228 2000; x_wconf 86' lang='lat' dir='ltr'><strong>quod</strong></span> <span class='ocrx_word' id='word_1_391' title='bbox 3272 1916 3556 1984; x_wconf 85' lang='lat' dir='ltr'><strong>Christus</strong></span> 
     </span>
     <span class='ocr_line' id='line_1_57' title="bbox 2006 2023 3556 2102; baseline 0.001 -15"><span class='ocrx_word' id='word_1_392' title='bbox 2006 2042 2140 2088; x_wconf 89' lang='lat' dir='ltr'><strong>non</strong></span> <span class='ocrx_word' id='word_1_393' title='bbox 2164 2027 2418 2088; x_wconf 86' lang='lat' dir='ltr'><strong>tantum</strong></span> <span class='ocrx_word' id='word_1_394' title='bbox 2459 2023 2696 2089; x_wconf 89' lang='lat' dir='ltr'><strong>meruit</strong></span> <span class='ocrx_word' id='word_1_395' title='bbox 2719 2025 2787 2089; x_wconf 91' lang='lat' dir='ltr'><strong>in</strong></span> <span class='ocrx_word' id='word_1_396' title='bbox 2813 2024 3059 2089; x_wconf 86' lang='lat' dir='ltr'><strong>actione</strong></span> <span class='ocrx_word' id='word_1_397' title='bbox 3079 2071 3096 2102; x_wconf 89' lang='lat'>,</span> <span class='ocrx_word' id='word_1_398' title='bbox 3127 2024 3238 2089; x_wconf 88' lang='lat' dir='ltr'><strong>sed</strong></span> <span class='ocrx_word' id='word_1_399' title='bbox 3264 2025 3458 2090; x_wconf 88' lang='lat' dir='ltr'><strong>etiam</strong></span> <span class='ocrx_word' id='word_1_400' title='bbox 3487 2026 3556 2089; x_wconf 89' lang='lat' dir='ltr'><strong>in</strong></span> 
     </span>
     <span class='ocr_line' id='line_1_58' title="bbox 2006 2129 3560 2214; baseline 0.001 -19"><span class='ocrx_word' id='word_1_401' title='bbox 2006 2131 2321 2214; x_wconf 88' lang='lat' dir='ltr'><strong>passione.</strong></span> <span class='ocrx_word' id='word_1_402' title='bbox 2353 2129 2496 2197; x_wconf 88' lang='lat' dir='ltr'><strong>Non</strong></span> <span class='ocrx_word' id='word_1_403' title='bbox 2523 2132 2696 2195; x_wconf 91' lang='lat' dir='ltr'><strong>enim</strong></span> <span class='ocrx_word' id='word_1_404' title='bbox 2725 2149 2947 2214; x_wconf 89' lang='lat' dir='ltr'><strong>passus</strong></span> <span class='ocrx_word' id='word_1_405' title='bbox 2983 2131 3103 2196; x_wconf 83' lang='lat' dir='ltr'><strong>fuit</strong></span> <span class='ocrx_word' id='word_1_406' title='bbox 3135 2132 3403 2212; x_wconf 81' lang='lat' dir='ltr'><strong>frustra,</strong></span> <span class='ocrx_word' id='word_1_407' title='bbox 3449 2130 3560 2197; x_wconf 88' lang='lat' dir='ltr'><strong>sed</strong></span> 
     </span>
     <span class='ocr_line' id='line_1_59' title="bbox 2010 2235 3559 2321; baseline 0.001 -20"><span class='ocrx_word' id='word_1_408' title='bbox 2010 2254 2094 2301; x_wconf 85' lang='lat' dir='ltr'><strong>ex</strong></span> <span class='ocrx_word' id='word_1_409' title='bbox 2120 2238 2480 2304; x_wconf 86' lang='lat' dir='ltr'><strong>rationabili</strong></span> <span class='ocrx_word' id='word_1_410' title='bbox 2506 2257 2700 2304; x_wconf 86' lang='lat' dir='ltr'><strong>causa</strong></span> <span class='ocrx_word' id='word_1_411' title='bbox 2730 2260 2745 2302; x_wconf 91' lang='lat'>:</span> <span class='ocrx_word' id='word_1_412' title='bbox 2778 2235 2895 2303; x_wconf 80' lang='lat' dir='ltr'><strong>hec</strong></span> <span class='ocrx_word' id='word_1_413' title='bbox 2939 2256 3159 2321; x_wconf 88' lang='lat' dir='ltr'><strong>passus</strong></span> <span class='ocrx_word' id='word_1_414' title='bbox 3200 2238 3319 2307; x_wconf 82' lang='lat' dir='ltr'><strong>fuit</strong></span> <span class='ocrx_word' id='word_1_415' title='bbox 3357 2256 3559 2321; x_wconf 88' lang='lat' dir='ltr'><strong>prop-</strong></span> 
     </span>
     <span class='ocr_line' id='line_1_60' title="bbox 2009 2344 3558 2429; baseline -0.001 -19"><span class='ocrx_word' id='word_1_416' title='bbox 2009 2348 2107 2410; x_wconf 87' lang='lat' dir='ltr'><strong>ter</strong></span> <span class='ocrx_word' id='word_1_417' title='bbox 2134 2344 2513 2410; x_wconf 89' lang='lat' dir='ltr'><strong>demeritum</strong></span> <span class='ocrx_word' id='word_1_418' title='bbox 2554 2345 2761 2427; x_wconf 84' lang='lat' dir='ltr'><strong>culpae</strong></span> <span class='ocrx_word' id='word_1_419' title='bbox 2780 2395 2797 2424; x_wconf 93' lang='lat'>,</span> <span class='ocrx_word' id='word_1_420' title='bbox 2831 2345 2941 2410; x_wconf 88' lang='lat' dir='ltr'><strong>sed</strong></span> <span class='ocrx_word' id='word_1_421' title='bbox 2976 2348 3231 2429; x_wconf 86' lang='lat' dir='ltr'><strong>propter</strong></span> <span class='ocrx_word' id='word_1_422' title='bbox 3271 2363 3558 2410; x_wconf 90' lang='lat' dir='ltr'><strong>amorem</strong></span> 
     </span>
     <span class='ocr_line' id='line_1_61' title="bbox 2010 2451 3554 2536; baseline 0 -19"><span class='ocrx_word' id='word_1_423' title='bbox 2010 2452 2294 2517; x_wconf 86' lang='lat' dir='ltr'><strong>veritatis</strong></span> <span class='ocrx_word' id='word_1_424' title='bbox 2317 2455 2381 2517; x_wconf 87' lang='lat' dir='ltr'><strong>et</strong></span> <span class='ocrx_word' id='word_1_425' title='bbox 2399 2452 2688 2534; x_wconf 69' lang='lat' dir='ltr'><strong>justitias.</strong></span> <span class='ocrx_word' id='word_1_426' title='bbox 2719 2452 2798 2517; x_wconf 86' lang='lat' dir='ltr'><strong>Et</strong></span> <span class='ocrx_word' id='word_1_427' title='bbox 2817 2457 3149 2536; x_wconf 86' lang='lat' dir='ltr'><strong>propterea</strong></span> <span class='ocrx_word' id='word_1_428' title='bbox 3174 2451 3554 2531; x_wconf 88' lang='lat' dir='ltr'><strong>notandum,</strong></span> 
     </span>
     <span class='ocr_line' id='line_1_62' title="bbox 2008 2560 3558 2644; baseline 0.001 -19"><span class='ocrx_word' id='word_1_429' title='bbox 2008 2560 2182 2644; x_wconf 86' lang='lat' dir='ltr'><strong>quod</strong></span> <span class='ocrx_word' id='word_1_430' title='bbox 2217 2561 2286 2625; x_wconf 91' lang='lat' dir='ltr'><strong>in</strong></span> <span class='ocrx_word' id='word_1_431' title='bbox 2316 2560 2606 2643; x_wconf 85' lang='lat' dir='ltr'><strong>passione</strong></span> <span class='ocrx_word' id='word_1_432' title='bbox 2633 2564 2729 2625; x_wconf 87' lang='lat' dir='ltr'><strong>est</strong></span> <span class='ocrx_word' id='word_1_433' title='bbox 2755 2561 2884 2626; x_wconf 89' lang='lat' dir='ltr'><strong>duo</strong></span> <span class='ocrx_word' id='word_1_434' title='bbox 2913 2560 3312 2626; x_wconf 87' lang='lat' dir='ltr'><strong>considerare</strong></span> <span class='ocrx_word' id='word_1_435' title='bbox 3329 2608 3347 2638; x_wconf 88' lang='lat'>‚</span> <span class='ocrx_word' id='word_1_436' title='bbox 3379 2561 3558 2627; x_wconf 83' lang='lat' dir='ltr'><strong>vide-</strong></span> 
     </span>
     <span class='ocr_line' id='line_1_63' title="bbox 2007 2666 3558 2750; baseline -0.001 -18"><span class='ocrx_word' id='word_1_437' title='bbox 2007 2667 2155 2732; x_wconf 87' lang='lat' dir='ltr'><strong>licet</strong></span> <span class='ocrx_word' id='word_1_438' title='bbox 2182 2666 2488 2749; x_wconf 88' lang='lat' dir='ltr'><strong>passionis</strong></span> <span class='ocrx_word' id='word_1_439' title='bbox 2515 2685 2797 2746; x_wconf 89' lang='lat' dir='ltr'><strong>causam,</strong></span> <span class='ocrx_word' id='word_1_440' title='bbox 2817 2670 2882 2733; x_wconf 89' lang='lat' dir='ltr'><strong>et</strong></span> <span class='ocrx_word' id='word_1_441' title='bbox 2907 2666 3215 2750; x_wconf 88' lang='lat' dir='ltr'><strong>passionis</strong></span> <span class='ocrx_word' id='word_1_442' title='bbox 3239 2667 3558 2732; x_wconf 87' lang='lat' dir='ltr'><strong>sustinen-</strong></span> 
     </span>
     <span class='ocr_line' id='line_1_64' title="bbox 2008 2772 3559 2854; baseline -0.001 -15"><span class='ocrx_word' id='word_1_443' title='bbox 2008 2775 2188 2840; x_wconf 84' lang='lat' dir='ltr'><strong>tiam.</strong></span> <span class='ocrx_word' id='word_1_444' title='bbox 2220 2772 2537 2840; x_wconf 89' lang='lat' dir='ltr'><strong>Passionis</strong></span> <span class='ocrx_word' id='word_1_445' title='bbox 2572 2792 2765 2839; x_wconf 90' lang='lat' dir='ltr'><strong>causa</strong></span> <span class='ocrx_word' id='word_1_446' title='bbox 2802 2778 2898 2839; x_wconf 89' lang='lat' dir='ltr'><strong>est</strong></span> <span class='ocrx_word' id='word_1_447' title='bbox 2934 2793 2973 2838; x_wconf 90' lang='lat' dir='ltr'><strong>a</strong></span> <span class='ocrx_word' id='word_1_448' title='bbox 3002 2773 3307 2840; x_wconf 85' lang='lat' dir='ltr'><strong>violentia</strong></span> <span class='ocrx_word' id='word_1_449' title='bbox 3350 2791 3559 2854; x_wconf 79' lang='lat' dir='ltr'><strong>agen-</strong></span> 
     </span>
     <span class='ocr_line' id='line_1_65' title="bbox 2008 2881 3558 2966; baseline -0.001 -18"><span class='ocrx_word' id='word_1_450' title='bbox 2008 2883 2091 2948; x_wconf 85' lang='lat' dir='ltr'><strong>tis</strong></span> <span class='ocrx_word' id='word_1_451' title='bbox 2117 2906 2134 2960; x_wconf 91' lang='lat'>;</span> <span class='ocrx_word' id='word_1_452' title='bbox 2192 2883 2301 2948; x_wconf 91' lang='lat' dir='ltr'><strong>sed</strong></span> <span class='ocrx_word' id='word_1_453' title='bbox 2350 2881 2662 2966; x_wconf 88' lang='lat' dir='ltr'><strong>passionis</strong></span> <span class='ocrx_word' id='word_1_454' title='bbox 2717 2882 3100 2948; x_wconf 86' lang='lat' dir='ltr'><strong>sustinentia</strong></span> <span class='ocrx_word' id='word_1_455' title='bbox 3152 2901 3193 2947; x_wconf 90' lang='lat' dir='ltr'><strong>a</strong></span> <span class='ocrx_word' id='word_1_456' title='bbox 3231 2881 3558 2948; x_wconf 84' lang='lat' dir='ltr'><strong>voluntate</strong></span> 
     </span>
     <span class='ocr_line' id='line_1_66' title="bbox 2009 2989 3561 3074; baseline -0.003 -18"><span class='ocrx_word' id='word_1_457' title='bbox 2009 2991 2331 3074; x_wconf 84' lang='lat' dir='ltr'><strong>patientis.</strong></span> <span class='ocrx_word' id='word_1_458' title='bbox 2378 2989 2706 3069; x_wconf 85' lang='lat' dir='ltr'><strong>Quantum</strong></span> <span class='ocrx_word' id='word_1_459' title='bbox 2730 2991 2811 3055; x_wconf 89' lang='lat' dir='ltr'><strong>ad</strong></span> <span class='ocrx_word' id='word_1_460' title='bbox 2838 2990 3148 3073; x_wconf 88' lang='lat' dir='ltr'><strong>primum,</strong></span> <span class='ocrx_word' id='word_1_461' title='bbox 3179 2989 3388 3073; x_wconf 90' lang='lat' dir='ltr'><strong>passio</strong></span> <span class='ocrx_word' id='word_1_462' title='bbox 3428 3005 3561 3053; x_wconf 90' lang='lat' dir='ltr'><strong>non</strong></span> 
     </span>
     <span class='ocr_line' id='line_1_67' title="bbox 2010 3096 3560 3182; baseline 0 -19"><span class='ocrx_word' id='word_1_463' title='bbox 2010 3103 2108 3164; x_wconf 87' lang='lat' dir='ltr'><strong>est</strong></span> <span class='ocrx_word' id='word_1_464' title='bbox 2142 3099 2496 3178; x_wconf 86' lang='lat' dir='ltr'><strong>meritoria,</strong></span> <span class='ocrx_word' id='word_1_465' title='bbox 2526 3114 2644 3163; x_wconf 87' lang='lat' dir='ltr'><strong>nec</strong></span> <span class='ocrx_word' id='word_1_466' title='bbox 2677 3097 3084 3163; x_wconf 75' lang='lat' dir='ltr'><strong>demeritorie</strong></span> <span class='ocrx_word' id='word_1_467' title='bbox 3098 3146 3116 3178; x_wconf 90' lang='lat'>,</span> <span class='ocrx_word' id='word_1_468' title='bbox 3147 3097 3304 3182; x_wconf 84' lang='lat' dir='ltr'><strong>quia</strong></span> <span class='ocrx_word' id='word_1_469' title='bbox 3342 3101 3436 3162; x_wconf 87' lang='lat' dir='ltr'><strong>est</strong></span> <span class='ocrx_word' id='word_1_470' title='bbox 3478 3096 3560 3163; x_wconf 90' lang='lat' dir='ltr'><strong>ab</strong></span> 
     </span>
     <span class='ocr_line' id='line_1_68' title="bbox 2010 3205 3561 3290; baseline -0.001 -18"><span class='ocrx_word' id='word_1_471' title='bbox 2010 3210 2215 3272; x_wconf 84' lang='lat' dir='ltr'><strong>extra.</strong></span> <span class='ocrx_word' id='word_1_472' title='bbox 2234 3205 2556 3284; x_wconf 89' lang='lat' dir='ltr'><strong>Quantum</strong></span> <span class='ocrx_word' id='word_1_473' title='bbox 2577 3205 2656 3270; x_wconf 87' lang='lat' dir='ltr'><strong>ad</strong></span> <span class='ocrx_word' id='word_1_474' title='bbox 2674 3205 3047 3285; x_wconf 87' lang='lat' dir='ltr'><strong>secundum,</strong></span> <span class='ocrx_word' id='word_1_475' title='bbox 3067 3208 3561 3290; x_wconf 85' lang='lat' dir='ltr'><strong>potestesseme-</strong></span> 
     </span>
     <span class='ocr_line' id='line_1_69' title="bbox 2010 3311 3557 3394; baseline -0.001 -15"><span class='ocrx_word' id='word_1_476' title='bbox 2010 3314 2259 3392; x_wconf 88' lang='lat' dir='ltr'><strong>ritoria‚</strong></span> <span class='ocrx_word' id='word_1_477' title='bbox 2281 3317 2345 3378; x_wconf 90' lang='lat' dir='ltr'><strong>et</strong></span> <span class='ocrx_word' id='word_1_478' title='bbox 2362 3311 2766 3377; x_wconf 87' lang='lat' dir='ltr'><strong>demeritoria</strong></span> <span class='ocrx_word' id='word_1_479' title='bbox 2786 3331 2804 3376; x_wconf 89' lang='lat'>:</span> <span class='ocrx_word' id='word_1_480' title='bbox 2827 3312 3151 3378; x_wconf 85' lang='lat' dir='ltr'><strong>meritoria</strong></span> <span class='ocrx_word' id='word_1_481' title='bbox 3169 3311 3430 3394; x_wconf 87' lang='lat' dir='ltr'><strong>quidem</strong></span> <span class='ocrx_word' id='word_1_482' title='bbox 3455 3313 3557 3394; x_wconf 79' lang='lat' dir='ltr'><strong>(c),</strong></span> 
     </span>
     <span class='ocr_line' id='line_1_70' title="bbox 2011 3419 3561 3504; baseline -0.001 -18"><span class='ocrx_word' id='word_1_483' title='bbox 2011 3421 2066 3486; x_wconf 90' lang='lat' dir='ltr'><strong>si</strong></span> <span class='ocrx_word' id='word_1_484' title='bbox 2095 3421 2240 3504; x_wconf 87' lang='lat' dir='ltr'><strong>quis</strong></span> <span class='ocrx_word' id='word_1_485' title='bbox 2270 3439 2414 3486; x_wconf 86' lang='lat' dir='ltr'><strong>cam</strong></span> <span class='ocrx_word' id='word_1_486' title='bbox 2441 3421 2714 3504; x_wconf 79' lang='lat' dir='ltr'><strong>perferat</strong></span> <span class='ocrx_word' id='word_1_487' title='bbox 2739 3439 2822 3485; x_wconf 84' lang='lat' dir='ltr'><strong>ex</strong></span> <span class='ocrx_word' id='word_1_488' title='bbox 2847 3420 3175 3486; x_wconf 84' lang='lat' dir='ltr'><strong>voluntate</strong></span> <span class='ocrx_word' id='word_1_489' title='bbox 3213 3419 3417 3498; x_wconf 86' lang='lat' dir='ltr'><strong>bona;</strong></span> <span class='ocrx_word' id='word_1_490' title='bbox 3448 3419 3561 3484; x_wconf 88' lang='lat' dir='ltr'><strong>de·-</strong></span> 
     </span>
     <span class='ocr_line' id='line_1_71' title="bbox 2010 3526 3561 3611; baseline -0.001 -18"><span class='ocrx_word' id='word_1_491' title='bbox 2010 3528 2340 3593; x_wconf 85' lang='lat' dir='ltr'><strong>meritoria</strong></span> <span class='ocrx_word' id='word_1_492' title='bbox 2366 3531 2612 3605; x_wconf 85' lang='lat' dir='ltr'><strong>autem,</strong></span> <span class='ocrx_word' id='word_1_493' title='bbox 2642 3528 2698 3591; x_wconf 91' lang='lat' dir='ltr'><strong>si</strong></span> <span class='ocrx_word' id='word_1_494' title='bbox 2722 3527 2868 3611; x_wconf 87' lang='lat' dir='ltr'><strong>quis</strong></span> <span class='ocrx_word' id='word_1_495' title='bbox 2911 3546 3056 3592; x_wconf 86' lang='lat' dir='ltr'><strong>eam</strong></span> <span class='ocrx_word' id='word_1_496' title='bbox 3093 3527 3410 3593; x_wconf 86' lang='lat' dir='ltr'><strong>sustineat.</strong></span> <span class='ocrx_word' id='word_1_497' title='bbox 3429 3526 3561 3591; x_wconf 85' lang='lat' dir='ltr'><strong>im·-</strong></span> 
     </span>
     <span class='ocr_line' id='line_1_72' title="bbox 2012 3633 3563 3719; baseline -0.001 -18"><span class='ocrx_word' id='word_1_498' title='bbox 2012 3636 2324 3719; x_wconf 87' lang='lat' dir='ltr'><strong>patienter</strong></span> <span class='ocrx_word' id='word_1_499' title='bbox 2343 3683 2362 3713; x_wconf 88' lang='lat'>‚</span> <span class='ocrx_word' id='word_1_500' title='bbox 2396 3637 2568 3700; x_wconf 86' lang='lat' dir='ltr'><strong>etex</strong></span> <span class='ocrx_word' id='word_1_501' title='bbox 2593 3633 2921 3700; x_wconf 84' lang='lat' dir='ltr'><strong>voluntate</strong></span> <span class='ocrx_word' id='word_1_502' title='bbox 2948 3634 3198 3717; x_wconf 88' lang='lat' dir='ltr'><strong>iniqua.</strong></span> <span class='ocrx_word' id='word_1_503' title='bbox 3247 3633 3563 3712; x_wconf 89' lang='lat' dir='ltr'><strong>Quoniam</strong></span> 
     </span>
     <span class='ocr_line' id='line_1_73' title="bbox 2014 3740 3565 3825; baseline -0.002 -17"><span class='ocrx_word' id='word_1_504' title='bbox 2014 3761 2177 3825; x_wconf 81' lang='lat' dir='ltr'><strong>ergo</strong></span> <span class='ocrx_word' id='word_1_505' title='bbox 2212 3742 2498 3808; x_wconf 85' lang='lat' dir='ltr'><strong>Christus</strong></span> <span class='ocrx_word' id='word_1_506' title='bbox 2532 3742 2894 3825; x_wconf 85' lang='lat' dir='ltr'><strong>passionem</strong></span> <span class='ocrx_word' id='word_1_507' title='bbox 2933 3740 3196 3825; x_wconf 88' lang='lat' dir='ltr'><strong>pertulit</strong></span> <span class='ocrx_word' id='word_1_508' title='bbox 3236 3759 3369 3806; x_wconf 90' lang='lat' dir='ltr'><strong>non</strong></span> <span class='ocrx_word' id='word_1_509' title='bbox 3414 3745 3565 3806; x_wconf 88' lang='lat' dir='ltr'><strong>tan-</strong></span> 
     </span>
     <span class='ocr_line' id='line_1_74' title="bbox 2009 3848 3563 3925; baseline -0.001 -10"><span class='ocrx_word' id='word_1_510' title='bbox 2009 3854 2158 3915; x_wconf 88' lang='lat' dir='ltr'><strong>tum</strong></span> <span class='ocrx_word' id='word_1_511' title='bbox 2185 3867 2269 3914; x_wconf 86' lang='lat' dir='ltr'><strong>ex</strong></span> <span class='ocrx_word' id='word_1_512' title='bbox 2312 3849 2637 3914; x_wconf 88' lang='lat' dir='ltr'><strong>voluntate</strong></span> <span class='ocrx_word' id='word_1_513' title='bbox 2682 3848 2852 3913; x_wconf 91' lang='lat' dir='ltr'><strong>hona</strong></span> <span class='ocrx_word' id='word_1_514' title='bbox 2871 3896 2890 3925; x_wconf 84' lang='lat'>‚</span> <span class='ocrx_word' id='word_1_515' title='bbox 2919 3849 3052 3913; x_wconf 93' lang='lat' dir='ltr'><strong>imo</strong></span> <span class='ocrx_word' id='word_1_516' title='bbox 3094 3849 3287 3913; x_wconf 86' lang='lat' dir='ltr'><strong>etiam</strong></span> <span class='ocrx_word' id='word_1_517' title='bbox 3323 3866 3405 3913; x_wconf 83' lang='lat' dir='ltr'><strong>ex</strong></span> <span class='ocrx_word' id='word_1_518' title='bbox 3443 3866 3563 3914; x_wconf 86' lang='lat' dir='ltr'><strong>vo-</strong></span> 
     </span>
     <span class='ocr_line' id='line_1_75' title="bbox 2011 3955 3565 4039; baseline -0.001 -16"><span class='ocrx_word' id='word_1_519' title='bbox 2011 3957 2255 4023; x_wconf 89' lang='lat' dir='ltr'><strong>luntate</strong></span> <span class='ocrx_word' id='word_1_520' title='bbox 2302 3957 2543 4039; x_wconf 87' lang='lat' dir='ltr'><strong>optima</strong></span> <span class='ocrx_word' id='word_1_521' title='bbox 2568 3977 2587 4035; x_wconf 85' lang='lat'>;</span> <span class='ocrx_word' id='word_1_522' title='bbox 2616 3956 2767 4020; x_wconf 91' lang='lat' dir='ltr'><strong>hinc</strong></span> <span class='ocrx_word' id='word_1_523' title='bbox 2814 3960 2908 4020; x_wconf 87' lang='lat' dir='ltr'><strong>est</strong></span> <span class='ocrx_word' id='word_1_524' title='bbox 2953 3956 3126 4039; x_wconf 89' lang='lat' dir='ltr'><strong>quod</strong></span> <span class='ocrx_word' id='word_1_525' title='bbox 3171 3955 3378 4038; x_wconf 90' lang='lat' dir='ltr'><strong>passio</strong></span> <span class='ocrx_word' id='word_1_526' title='bbox 3422 3958 3565 4038; x_wconf 78' lang='lat' dir='ltr'><strong>eJus</strong></span> 
     </span>
     <span class='ocr_line' id='line_1_76' title="bbox 2010 4061 3566 4145; baseline -0.001 -16"><span class='ocrx_word' id='word_1_527' title='bbox 2010 4065 2135 4129; x_wconf 79' lang='lat' dir='ltr'><strong>fuit</strong></span> <span class='ocrx_word' id='word_1_528' title='bbox 2185 4064 2509 4129; x_wconf 88' lang='lat' dir='ltr'><strong>meritoria</strong></span> <span class='ocrx_word' id='word_1_529' title='bbox 2526 4111 2543 4142; x_wconf 90' lang='lat'>‚</span> <span class='ocrx_word' id='word_1_530' title='bbox 2596 4080 2728 4126; x_wconf 90' lang='lat' dir='ltr'><strong>non</strong></span> <span class='ocrx_word' id='word_1_531' title='bbox 2777 4061 2988 4128; x_wconf 90' lang='lat' dir='ltr'><strong>solum</strong></span> <span class='ocrx_word' id='word_1_532' title='bbox 3030 4062 3196 4127; x_wconf 89' lang='lat' dir='ltr'><strong>sicut</strong></span> <span class='ocrx_word' id='word_1_533' title='bbox 3243 4062 3566 4145; x_wconf 83' lang='lat' dir='ltr'><strong>passiones</strong></span> 
     </span>
     <span class='ocr_line' id='line_1_77' title="bbox 2011 4167 3567 4250; baseline -0.003 -13"><span class='ocrx_word' id='word_1_534' title='bbox 2011 4175 2379 4237; x_wconf 87' lang='lat' dir='ltr'><strong>sanctorum</strong></span> <span class='ocrx_word' id='word_1_535' title='bbox 2393 4220 2411 4250; x_wconf 89' lang='lat'>‚</span> <span class='ocrx_word' id='word_1_536' title='bbox 2459 4170 2571 4236; x_wconf 90' lang='lat' dir='ltr'><strong>sed</strong></span> <span class='ocrx_word' id='word_1_537' title='bbox 2609 4170 2776 4234; x_wconf 88' lang='lat' dir='ltr'><strong>inter</strong></span> <span class='ocrx_word' id='word_1_538' title='bbox 2819 4167 3038 4235; x_wconf 90' lang='lat' dir='ltr'><strong>omnia</strong></span> <span class='ocrx_word' id='word_1_539' title='bbox 3085 4168 3312 4233; x_wconf 87' lang='lat' dir='ltr'><strong>merita</strong></span> <span class='ocrx_word' id='word_1_540' title='bbox 3355 4168 3567 4240; x_wconf 84' lang='lat' dir='ltr'><strong>tenuit</strong></span> 
     </span>
     <span class='ocr_line' id='line_1_78' title="bbox 2012 4274 3558 4363; baseline -0.002 -20"><span class='ocrx_word' id='word_1_541' title='bbox 2012 4278 2466 4363; x_wconf 85' lang='lat' dir='ltr'><strong>principatum.</strong></span> <span class='ocrx_word' id='word_1_542' title='bbox 2500 4276 2579 4341; x_wconf 87' lang='lat' dir='ltr'><strong>Et</strong></span> <span class='ocrx_word' id='word_1_543' title='bbox 2608 4275 3026 4342; x_wconf 83' lang='lat' dir='ltr'><strong>concedendae</strong></span> <span class='ocrx_word' id='word_1_544' title='bbox 3050 4277 3204 4340; x_wconf 87' lang='lat' dir='ltr'><strong>sunt</strong></span> <span class='ocrx_word' id='word_1_545' title='bbox 3243 4274 3523 4340; x_wconf 85' lang='lat' dir='ltr'><strong>rationes</strong></span> <span class='ocrx_word' id='word_1_546' title='bbox 3539 4321 3558 4352; x_wconf 89' lang='lat'><strong>‚</strong></span> 
     </span>
     <span class='ocr_line' id='line_1_79' title="bbox 2011 4386 2700 4472; baseline -0.004 -19"><span class='ocrx_word' id='word_1_547' title='bbox 2011 4404 2161 4472; x_wconf 82' lang='lat' dir='ltr'><strong>quae</strong></span> <span class='ocrx_word' id='word_1_548' title='bbox 2188 4388 2310 4452; x_wconf 90' lang='lat' dir='ltr'><strong>hoc</strong></span> <span class='ocrx_word' id='word_1_549' title='bbox 2335 4386 2700 4452; x_wconf 87' lang='lat' dir='ltr'><strong>ostendunt.</strong></span> 
     </span>
    </p>

    <p class='ocr_par' dir='ltr' id='par_1_24' title="bbox 2010 4489 3567 5335">
     <span class='ocr_line' id='line_1_80' title="bbox 2094 4489 3563 4574; baseline -0.002 -15"><span class='ocrx_word' id='word_1_550' title='bbox 2094 4498 2155 4560; x_wconf 90' lang='lat'><strong>1.</strong></span> <span class='ocrx_word' id='word_1_551' title='bbox 2196 4495 2294 4561; x_wconf 79' lang='lat' dir='ltr'><strong>Ad</strong></span> <span class='ocrx_word' id='word_1_552' title='bbox 2343 4493 2502 4559; x_wconf 90' lang='lat' dir='ltr'><strong>illud</strong></span> <span class='ocrx_word' id='word_1_553' title='bbox 2544 4509 2732 4571; x_wconf 85' lang='lat' dir='ltr'><strong>vero,</strong></span> <span class='ocrx_word' id='word_1_554' title='bbox 2781 4490 2953 4574; x_wconf 87' lang='lat' dir='ltr'><strong>quod</strong></span> <span class='ocrx_word' id='word_1_555' title='bbox 3000 4489 3299 4572; x_wconf 88' lang='lat' dir='ltr'><strong>objicitur</strong></span> <span class='ocrx_word' id='word_1_556' title='bbox 3322 4535 3339 4565; x_wconf 82' lang='grc'>,</span> <span class='ocrx_word' id='word_1_557' title='bbox 3387 4490 3563 4571; x_wconf 85' lang='lat' dir='ltr'><strong>quod</strong></span> 
     </span>
     <span class='ocr_line' id='line_1_81' title="bbox 2012 4596 3565 4687; baseline -0.006 -18"><span class='ocrx_word' id='word_1_558' title='bbox 2012 4621 2129 4687; x_wconf 92' lang='lat' dir='ltr'><strong>pro</strong></span> <span class='ocrx_word' id='word_1_559' title='bbox 2150 4605 2231 4685; x_wconf 87' lang='grc' dir='ltr'><strong>(α)</strong></span> <span class='ocrx_word' id='word_1_560' title='bbox 2248 4601 2646 4686; x_wconf 84' lang='lat' dir='ltr'><strong>passionibus</strong></span> <span class='ocrx_word' id='word_1_561' title='bbox 2666 4617 2785 4665; x_wconf 90' lang='lat' dir='ltr'><strong>nec</strong></span> <span class='ocrx_word' id='word_1_562' title='bbox 2799 4597 3163 4676; x_wconf 87' lang='lat' dir='ltr'><strong>laudamur,</strong></span> <span class='ocrx_word' id='word_1_563' title='bbox 3185 4615 3305 4662; x_wconf 88' lang='lat' dir='ltr'><strong>nec</strong></span> <span class='ocrx_word' id='word_1_564' title='bbox 3316 4596 3565 4680; x_wconf 82' lang='lat' dir='ltr'><strong>vitupe-</strong></span> 
     </span>
     <span class='ocr_line' id='line_1_82' title="bbox 2011 4706 3564 4794; baseline -0.006 -14"><span class='ocrx_word' id='word_1_565' title='bbox 2011 4733 2259 4791; x_wconf 86' lang='lat' dir='ltr'><strong>ramur,</strong></span> <span class='ocrx_word' id='word_1_566' title='bbox 2282 4713 2624 4779; x_wconf 88' lang='lat' dir='ltr'><strong>dicendum</strong></span> <span class='ocrx_word' id='word_1_567' title='bbox 2641 4710 2813 4794; x_wconf 84' lang='lat' dir='ltr'><strong>quod</strong></span> <span class='ocrx_word' id='word_1_568' title='bbox 2829 4726 3063 4775; x_wconf 83' lang='lat' dir='ltr'><strong>verum</strong></span> <span class='ocrx_word' id='word_1_569' title='bbox 3076 4711 3192 4786; x_wconf 91' lang='lat' dir='ltr'><strong>est,</strong></span> <span class='ocrx_word' id='word_1_570' title='bbox 3210 4706 3564 4772; x_wconf 65' lang='lat' dir='ltr'><strong>wcundum</strong></span> 
     </span>
     <span class='ocr_line' id='line_1_83' title="bbox 2014 4822 3564 4912; baseline -0.007 -18"><span class='ocrx_word' id='word_1_571' title='bbox 2014 4829 2187 4912; x_wconf 86' lang='lat' dir='ltr'><strong>quod</strong></span> <span class='ocrx_word' id='word_1_572' title='bbox 2236 4830 2388 4891; x_wconf 87' lang='lat' dir='ltr'><strong>sunt</strong></span> <span class='ocrx_word' id='word_1_573' title='bbox 2435 4841 2620 4910; x_wconf 79' lang='lat' dir='ltr'><strong>purae</strong></span> <span class='ocrx_word' id='word_1_574' title='bbox 2667 4822 3031 4906; x_wconf 87' lang='lat' dir='ltr'><strong>passiones;</strong></span> <span class='ocrx_word' id='word_1_575' title='bbox 3087 4822 3284 4903; x_wconf 90' lang='lat' dir='ltr'><strong>prout</strong></span> <span class='ocrx_word' id='word_1_576' title='bbox 3343 4823 3564 4884; x_wconf 89' lang='lat' dir='ltr'><strong>autem</strong></span> 
     </span>
     <span class='ocr_line' id='line_1_84' title="bbox 2013 4926 3561 5019; baseline -0.007 -18"><span class='ocrx_word' id='word_1_577' title='bbox 2013 4937 2356 5019; x_wconf 84' lang='lat' dir='ltr'><strong>conjuncta</strong></span> <span class='ocrx_word' id='word_1_578' title='bbox 2381 4938 2476 4998; x_wconf 66' lang='lat' dir='ltr'><strong>est</strong></span> <span class='ocrx_word' id='word_1_579' title='bbox 2501 4932 2593 4997; x_wconf 88' lang='lat' dir='ltr'><strong>eis</strong></span> <span class='ocrx_word' id='word_1_580' title='bbox 2639 4931 2937 4995; x_wconf 84' lang='lat' dir='ltr'><strong>voluntas</strong></span> <span class='ocrx_word' id='word_1_581' title='bbox 2960 4929 3131 4994; x_wconf 90' lang='lat' dir='ltr'><strong>bona</strong></span> <span class='ocrx_word' id='word_1_582' title='bbox 3152 4976 3171 5007; x_wconf 88' lang='lat'>‚</span> <span class='ocrx_word' id='word_1_583' title='bbox 3202 4927 3307 4994; x_wconf 85' lang='lat' dir='ltr'><strong>vel</strong></span> <span class='ocrx_word' id='word_1_584' title='bbox 3348 4926 3520 4991; x_wconf 89' lang='lat' dir='ltr'><strong>mala</strong></span> <span class='ocrx_word' id='word_1_585' title='bbox 3543 4974 3561 5006; x_wconf 87' lang='lat'>‚</span> 
     </span>
     <span class='ocr_line' id='line_1_85' title="bbox 2013 5034 3565 5112; baseline -0.006 -4"><span class='ocrx_word' id='word_1_586' title='bbox 2013 5043 2103 5108; x_wconf 89' lang='lat' dir='ltr'><strong>sic</strong></span> <span class='ocrx_word' id='word_1_587' title='bbox 2128 5042 2366 5107; x_wconf 88' lang='lat' dir='ltr'><strong>babent</strong></span> <span class='ocrx_word' id='word_1_588' title='bbox 2390 5039 2605 5105; x_wconf 86' lang='lat' dir='ltr'><strong>sortiri</strong></span> <span class='ocrx_word' id='word_1_589' title='bbox 2629 5036 2945 5102; x_wconf 86' lang='lat' dir='ltr'><strong>rationem</strong></span> <span class='ocrx_word' id='word_1_590' title='bbox 2973 5034 3182 5100; x_wconf 87' lang='lat' dir='ltr'><strong>meriti</strong></span> <span class='ocrx_word' id='word_1_591' title='bbox 3198 5081 3219 5112; x_wconf 83' lang='lat'>‚</span> <span class='ocrx_word' id='word_1_592' title='bbox 3249 5038 3318 5102; x_wconf 87' lang='lat' dir='ltr'><strong>et.</strong></span> <span class='ocrx_word' id='word_1_593' title='bbox 3339 5034 3565 5100; x_wconf 89' lang='lat' dir='ltr'><strong>deme-</strong></span> 
     </span>
     <span class='ocr_line' id='line_1_86' title="bbox 2011 5140 3565 5229; baseline -0.006 -16"><span class='ocrx_word' id='word_1_594' title='bbox 2011 5149 2158 5229; x_wconf 86' lang='lat' dir='ltr'><strong>riti,</strong></span> <span class='ocrx_word' id='word_1_595' title='bbox 2188 5147 2398 5213; x_wconf 87' lang='lat' dir='ltr'><strong>laudis</strong></span> <span class='ocrx_word' id='word_1_596' title='bbox 2414 5195 2432 5226; x_wconf 89' lang='lat'>‚</span> <span class='ocrx_word' id='word_1_597' title='bbox 2461 5146 2567 5212; x_wconf 78' lang='lat' dir='ltr'><strong>vel</strong></span> <span class='ocrx_word' id='word_1_598' title='bbox 2591 5142 2915 5226; x_wconf 82' lang='lat' dir='ltr'><strong>vituperii.</strong></span> <span class='ocrx_word' id='word_1_599' title='bbox 2953 5141 3035 5209; x_wconf 85' lang='lat' dir='ltr'><strong>Et</strong></span> <span class='ocrx_word' id='word_1_600' title='bbox 3060 5142 3151 5206; x_wconf 91' lang='lat' dir='ltr'><strong>sic</strong></span> <span class='ocrx_word' id='word_1_601' title='bbox 3175 5140 3300 5207; x_wconf 81' lang='lat' dir='ltr'><strong>fuit</strong></span> <span class='ocrx_word' id='word_1_602' title='bbox 3323 5140 3394 5205; x_wconf 91' lang='lat' dir='ltr'><strong>in</strong></span> <span class='ocrx_word' id='word_1_603' title='bbox 3417 5158 3565 5223; x_wconf 85' lang='lat' dir='ltr'><strong>pas·</strong></span> 
     </span>
     <span class='ocr_line' id='line_1_87' title="bbox 2010 5248 3567 5335; baseline -0.003 -13"><span class='ocrx_word' id='word_1_604' title='bbox 2010 5257 2190 5322; x_wconf 88' lang='lat' dir='ltr'><strong>sione</strong></span> <span class='ocrx_word' id='word_1_605' title='bbox 2214 5253 2463 5334; x_wconf 87' lang='lat' dir='ltr'><strong>Christi,</strong></span> <span class='ocrx_word' id='word_1_606' title='bbox 2496 5252 2614 5335; x_wconf 86' lang='lat' dir='ltr'><strong>qui</strong></span> <span class='ocrx_word' id='word_1_607' title='bbox 2634 5250 2659 5290; x_wconf 83' lang='lat'>⁸</span> <span class='ocrx_word' id='word_1_608' title='bbox 2682 5249 2929 5320; x_wconf 77' lang='lat' dir='ltr'><strong>oblatus</strong></span> <span class='ocrx_word' id='word_1_609' title='bbox 2946 5255 3065 5328; x_wconf 76' lang='lat' dir='ltr'><strong>est,</strong></span> <span class='ocrx_word' id='word_1_610' title='bbox 3094 5248 3404 5334; x_wconf 76' lang='lat' dir='ltr'><strong>quoniam</strong></span> <span class='ocrx_word' id='word_1_611' title='bbox 3424 5249 3567 5331; x_wconf 73' lang='lat' dir='ltr'><strong>ipse</strong></span> 
     </span>
    </p>
   </div>
   <div class='ocr_carea' id='block_1_19' title="bbox 2012 5407 3564 5549">
    <p class='ocr_par' dir='ltr' id='par_1_25' title="bbox 2012 5407 3564 5549">
     <span class='ocr_line' id='line_1_88' title="bbox 2012 5407 3564 5476; baseline -0.008 -10"><span class='ocrx_word' id='word_1_612' title='bbox 2012 5415 2035 5451; x_wconf 85' lang='lat'>⁸</span> <span class='ocrx_word' id='word_1_613' title='bbox 2050 5414 2198 5476; x_wconf 69' lang='grc' dir='ltr'><strong>Μία..</strong></span> <span class='ocrx_word' id='word_1_614' title='bbox 2215 5414 2306 5465; x_wconf 90' lang='lat' dir='ltr'><strong>lib.</strong></span> <span class='ocrx_word' id='word_1_615' title='bbox 2326 5413 2415 5471; x_wconf 84' lang='grc' dir='ltr'>ΙΙΙ,</span> <span class='ocrx_word' id='word_1_616' title='bbox 2429 5426 2473 5462; x_wconf 76' lang='grc' dir='ltr'><strong>ο.</strong></span> <span class='ocrx_word' id='word_1_617' title='bbox 2497 5422 2556 5474; x_wconf 84' lang='grc' dir='ltr'><strong>ιι,</strong></span> <span class='ocrx_word' id='word_1_618' title='bbox 2576 5422 2654 5467; x_wconf 83' lang='grc' dir='ltr'>ιιι,</span> <span class='ocrx_word' id='word_1_619' title='bbox 2678 5421 2754 5472; x_wconf 76' lang='lat' dir='ltr'><strong>1v;</strong></span> <span class='ocrx_word' id='word_1_620' title='bbox 2779 5407 2997 5472; x_wconf 67' lang='lat' dir='ltr'><strong>physic„</strong></span> <span class='ocrx_word' id='word_1_621' title='bbox 3015 5407 3245 5465; x_wconf 83' lang='lat' dir='ltr'><strong>lib.vu¹.</strong></span> <span class='ocrx_word' id='word_1_622' title='bbox 3264 5410 3402 5458; x_wconf 82' lang='lat' dir='ltr'><strong>cont.</strong></span> <span class='ocrx_word' id='word_1_623' title='bbox 3421 5407 3564 5458; x_wconf 71' lang='lat'><strong>34.-</strong></span> 
     </span>
     <span class='ocr_line' id='line_1_89' title="bbox 2012 5477 3564 5549; baseline -0.008 -7"><span class='ocrx_word' id='word_1_624' title='bbox 2012 5488 2304 5549; x_wconf 68' lang='lat' dir='ltr'><strong>*bama-0„</strong></span> <span class='ocrx_word' id='word_1_625' title='bbox 2320 5483 2521 5536; x_wconf 76' lang='lat' dir='ltr'><strong>deFide</strong></span> <span class='ocrx_word' id='word_1_626' title='bbox 2531 5479 2747 5545; x_wconf 71' lang='lat' dir='ltr'><strong>orthod„</strong></span> <span class='ocrx_word' id='word_1_627' title='bbox 2759 5478 2848 5532; x_wconf 83' lang='lat' dir='ltr'><strong>lib.</strong></span> <span class='ocrx_word' id='word_1_628' title='bbox 2862 5481 2927 5543; x_wconf 81' lang='lat' dir='ltr'><strong>lt,</strong></span> <span class='ocrx_word' id='word_1_629' title='bbox 2943 5493 2993 5530; x_wconf 88' lang='lat' dir='ltr'><strong>c.</strong></span> <span class='ocrx_word' id='word_1_630' title='bbox 3010 5477 3499 5542; x_wconf 74' lang='lat' dir='ltr'><strong>xxu.--⁸lsa.,1.xn‚</strong></span> <span class='ocrx_word' id='word_1_631' title='bbox 3514 5478 3564 5529; x_wconf 76' lang='lat'><strong>¹1.</strong></span> 
     </span>
    </p>
   </div>
  </div>
 </body>
</html>
