4185 6288
504 2599 564 2643 ru

568 2605 707 2652 udam.

740 402 863 467 m

737 538 802 601 et
825 534 995 600 banc
1020 535 1476 601 mercenariam
1503 533 1653 600 tacit
1679 537 1846 618 spes',
1867 550 2016 618 qnae
2034 535 2130 598 est
2152 530 2284 600 vir-

738 647 846 706 tus
854 644 1133 725 gratuita
1145 666 1162 708 2
1176 645 1241 708 et
1260 645 1398 709 haec
1407 644 1635 708 merito
1647 660 1779 708 non
1791 643 2134 724 repugnat.
2151 637 2289 703 Pri-

741 768 890 814 mus
910 754 1127 816 tamen
1140 753 1369 817 modus
1385 750 1637 816 dicendi
1664 750 1921 814 videtur
1937 766 2073 816 esse
2101 747 2290 813 ratio-

740 858 1035 939 nabilior,
1050 860 1204 942 quia
1219 875 1362 942 spes
1395 863 1564 923 stare
1593 861 1796 941 potest
1828 857 2089 921 exclusa
2110 854 2288 919 omni

740 965 1086 1030 intentione
1103 966 1454 1031 dilectionis
1475 964 1907 1030 mercenariae.
1928 962 2289 1042 Quantum-

739 1090 1016 1156 cumque
1059 1073 1235 1138 enim
1260 1091 1443 1137 amor
1467 1072 1552 1136 sit
1576 1073 1891 1156 perfectus
1918 1072 1986 1135 in
2016 1070 2128 1134 via
2146 1117 2166 1149 ,
2193 1071 2290 1135 est

738 1180 862 1244 sibi
906 1182 1114 1245 virtus
1138 1180 1274 1263 spei
1314 1181 1679 1264 conjuncta.
1713 1178 1893 1244 Unde
1920 1176 2290 1260 simpliciter

738 1287 1077 1353 dicendum
1106 1292 1241 1368 est,
1270 1288 1445 1372 quod
1485 1287 1843 1371 expectatio
1868 1286 2019 1351 boni
2062 1284 2289 1350 aeterni

739 1413 873 1459 non
897 1399 996 1460 est
1036 1396 1430 1463 mercenaria
1454 1442 1473 1474 ,
1503 1413 1624 1460 nec
1664 1394 1905 1458 minuit
1944 1393 2281 1471 meritum,

738 1520 858 1567 nec
883 1502 1030 1567 tacit
1056 1502 1138 1568 ad
1182 1503 1731 1586 imperfectionem
1771 1500 2097 1566 charitatis
2118 1547 2137 1581 ,
2184 1500 2289 1566 vel

740 1610 974 1690 meriti,
1009 1610 1132 1675 nisi
1160 1611 1228 1676 in
1254 1614 1573 1694 quantum
1602 1629 1784 1675 mens
1807 1608 2086 1675 hominis
2111 1608 2291 1673 mul·

737 1720 879 1783 tum
908 1718 1252 1783 affectuose
1279 1722 1345 1784 et
1363 1718 1608 1782 intense
1634 1716 1858 1800 aspicit
1884 1716 1965 1782 ad
2012 1734 2291 1782 commo·

739 1824 898 1890 dum
957 1825 1197 1909 proprii
1234 1825 1408 1891 boni.
1466 1824 1649 1891 Multi
1699 1828 1916 1891 autem
1968 1828 2123 1890 sunt
2171 1822 2289 1907 qui

740 1932 1195 1998 beatitudinem
1216 1934 1573 2016 expectant,
1602 1936 1667 1996 et
1680 1935 1899 1997 tamen
1941 1948 2168 2014 parum
2210 1930 2289 1995 de

740 2058 829 2119 se,
859 2044 925 2106 et
951 2039 1227 2106 multum
1256 2040 1332 2105 de
1355 2039 1483 2106 Deo
1516 2042 1763 2107 curant.

1237 2256 1650 2337 QUAESTIO
1687 2258 1776 2324 11.

1095 2420 1189 2479 An
1212 2435 1330 2494 spes
1352 2423 1427 2477 sit
1454 2436 1618 2490 oenus
1639 2421 1862 2478 virtutis
1887 2423 1928 2474 ¹.

824 2576 1054 2645 Utrum
1079 2597 1223 2662 spes
1249 2580 1333 2644 sit
1359 2597 1570 2662 genus
1594 2580 1854 2646 virtutis
1870 2629 1890 2658 ,
1924 2582 2026 2649 vel
2050 2582 2290 2665 species

740 2685 1224 2768 specialissima;
1258 2690 1322 2752 et
1346 2686 1521 2770 quod
1554 2687 1797 2770 species
1813 2689 2286 2773 specialissima,

739 2790 1039 2858 videtur:
1076 2792 1217 2859 Una
1240 2797 1336 2859 est
1362 2794 1572 2860 virtus
1594 2796 1675 2860 ab
1720 2796 1966 2863 unitate
2010 2798 2283 2880 objecti:

738 2900 849 2967 sed
873 2899 941 2964 in
969 2918 1103 2966 uno
1132 2900 1269 2967 solo
1293 2902 1681 2984 sperandum
1721 2909 1857 2983 est,
1888 2904 2181 2972 videlieet
2218 2905 2287 2973 in

738 3005 887 3087 Deo,
913 3009 1104 3091 juxta
1124 3008 1303 3087 illud,
1335 3009 1505 3092 quod
1531 3028 1701 3094 saepe
1725 3011 1956 3078 dicitur
1979 3013 2049 3077 in
2073 3012 2287 3097 Scrip-

737 3117 885 3179 tura
911 3119 956 3194 ⁸,
987 3114 1170 3197 quod·
1186 3117 1257 3182 in
1282 3116 1558 3185 Domino
1581 3118 1972 3202 sperandum
1998 3123 2126 3200 est,
2161 3140 2291 3187 non

737 3222 806 3285 in
832 3221 1052 3306 aliqua
1074 3228 1363 3291 creatura
1395 3247 1411 3289 ε
1443 3244 1607 3308 ergo
1639 3227 1891 3294 videtur
1930 3230 2106 3311 quod
2148 3248 2291 3314 spes

734 3328 818 3394 sit
842 3330 1049 3397 virtus
1076 3332 1268 3397 unica
1293 3332 1474 3398 nullo
1502 3334 1693 3401 modo
1721 3336 2105 3418 plurificata.

814 3436 976 3503 Item
1021 3457 1264 3506 merces
1302 3459 1435 3507 una
1479 3443 1776 3511 omnium
1814 3448 1947 3525 est,
1978 3449 2042 3511 et
2066 3464 2290 3512 omnes

739 3564 948 3611 unum
971 3565 1308 3613 summum
1354 3549 1603 3615 bonum
1624 3557 1999 3635 expectant,
2045 3553 2114 3618 in
2158 3572 2290 3638 quo

735 3670 872 3718 non
895 3653 1063 3719 cadit
1089 3655 1421 3720 diversitas
1438 3658 1574 3723 sive
1602 3659 1955 3726 secundum
1985 3662 2284 3744 speciem,

734 3759 874 3826 sive
903 3762 1261 3829 secundnm
1285 3763 1560 3831 sormam
1586 3786 1603 3832 ε
1630 3784 1793 3849 ergo
1817 3768 1873 3831 si
1899 3786 2042 3853 spes
2061 3775 2156 3835 est
2184 3790 2289 3837 ex·

738 3868 1009 3952 pectatio
1032 3874 1294 3935 aeternae
1319 3872 1650 3952 mercedis,
1680 3873 1938 3941 videtur
1966 3879 2139 3960 quod
2167 3897 2286 3944 ex-

733 3975 1004 4059 pectatio
1058 3976 1167 4042 illa
1207 3978 1385 4045 nullo
1430 3979 1621 4045 modo
1666 3981 1900 4047 habeat
1937 3986 2289 4052 formaliter

737 4083 1157 4149 diversificari
1190 4105 1208 4151 ε
1249 4103 1410 4168 ergo
1457 4105 1605 4170 spes
1642 4105 1777 4154 non
1811 4090 2006 4156 habet
2045 4094 2169 4158 sub
2218 4113 2288 4161 se

733 4190 891 4255 alias
933 4191 1173 4273 species
1212 4193 1577 4260 differentes
1616 4218 1634 4261 :
1683 4215 1844 4279 ergo
1886 4198 2080 4265 habet
2123 4201 2194 4267 in
2219 4220 2288 4267 se

735 4297 1052 4364 unitatem
1080 4300 1311 4382 speciei
1331 4302 1826 4384 specialissimae.

817 4405 977 4471 Item
1005 4408 1309 4490 pauciora
1334 4413 1487 4476 sunt
1528 4413 1843 4494 speranda
1864 4462 1882 4493 ,
1922 4432 2122 4496 quam
2160 4415 2289 4481 sint

737 4513 1085 4594 credenda3
1113 4516 1429 4585 credimus
1453 4519 1629 4584 enim
1657 4522 1923 4604 praemia
1947 4526 2011 4587 et
2035 4524 2286 4607 suppli-

738 4620 862 4701 cia,
890 4622 1003 4687 sed
1034 4640 1166 4689 non
1190 4642 1525 4708 speramus
1544 4628 1671 4692 nisi
1692 4633 1945 4694 tantum
1969 4632 2282 4714 praemia:

739 4744 900 4809 ergo
922 4727 1179 4795 videtur
1200 4731 1371 4813 quod
1407 4735 1615 4815 major
1639 4734 1857 4800 unitas
1885 4740 1980 4802 oet
2025 4736 2096 4802 in
2139 4755 2250 4822 spe
2264 4786 2283 4817 ,

741 4852 938 4917 quam
961 4834 1032 4900 in
1058 4836 1207 4917 fide,
1236 4838 1341 4904 vel
1367 4840 1562 4906 etiam
1588 4846 1766 4907 tanta
1793 4864 1812 4909 ι
1857 4845 1967 4910 sed
1993 4845 2151 4910 fides
2192 4851 2289 4912 est

740 4959 874 5006 nna
903 4942 1149 5011 unitate
1173 4946 1402 5028 speciei
1441 4948 1890 5031 specialissime
1939 4973 1956 5015 ε
2006 4970 2168 5035 ergo
2224 4957 2288 5018 et

740 5064 908 5131 spes.

812 5247 829 5282 ¹
859 5247 943 5309 Cf.
972 5248 1220 5303 Alexand.
1258 5253 1493 5317 Mensis„
1531 5271 1583 5322 p.
1620 5258 1712 5322 ΙΙΙ,
1740 5259 1908 5311 collat.
1938 5273 2082 5325 nvi,
2110 5266 2207 5312 art.
2227 5265 2282 5326 25

746 5317 799 5368 S.
823 5317 1064 5382 Thomas,
1083 5321 1221 5387 ΙΙ-Ιῐ,
1248 5337 1298 5389 q.
1322 5337 1416 5388 xn,
1437 5331 1532 5376 art.
1563 5331 1630 5392 63
1661 5333 1714 5380 et
1740 5332 1798 5379 ΙΙΙ
1826 5331 1986 5396 Sent„
2005 5333 2282 5399 dist.xxvt,

747 5401 797 5451 q.
816 5400 877 5454 11,
902 5392 1073 5454 art.3;
1095 5392 1415 5460 etdeVerit.‚
1436 5411 1487 5461 q.
1512 5411 1552 5462 1,
1570 5404 1741 5464 art.3;
1759 5402 2014 5468 Richard„
2034 5407 2098 5455 m
2123 5406 2282 5470 Sene„

1868 392 2488 465 SENTENTIARUM
2525 395 2672 463 mn.
2722 398 2833 465 111.

2477 531 2635 599 Item
2657 535 2791 617 spei
2818 533 3095 599 succedit
3111 533 3390 616 perlecta
3411 533 3617 599 tentio
3633 581 3653 610 ,
3685 533 3941 599 dcntfl·

2395 640 2497 705 dei
2522 641 2800 706 succedit
2824 642 3011 708 visio.
3038 640 3165 706 Sed
3193 640 3473 723 perfecta
3501 641 3667 706 visio
3708 643 3947 706 summi

2394 750 2531 814 veri
2557 753 2654 815 est
2679 768 2810 815 una
2831 751 3186 815 secundum
3213 748 3486 832 speciem
3527 749 3598 812 in
3646 750 3951 814 omnibus

2394 855 2616 935 beatis,
2646 874 2764 920 nec
2788 857 2980 920 habet
2996 856 3432 922 diversitatem
3451 874 3567 938 per
3583 855 3747 919 alias
3774 857 3946 921 dotes

2392 963 2597 1046 specie
2628 963 2990 1029 differentes
3021 984 3038 1027 ε
3070 980 3228 1045 ergo
3256 980 3376 1026 nec
3401 980 3547 1044 spes
3571 962 3772 1027 habet
3795 963 3948 1027 sub-

2392 1070 2592 1137 dividi
2617 1071 2687 1135 in
2711 1071 2869 1136 alias
2895 1071 3168 1136 virtutes
3196 1091 3212 1135 :
3244 1087 3407 1152 ergo
3442 1088 3588 1153 spes
3614 1074 3712 1135 est
3740 1070 3948 1136 virtm

2391 1178 2702 1262 specialis,
2731 1183 2796 1243 et
2819 1178 3013 1244 habet
3038 1178 3108 1243 in
3132 1196 3200 1242 se
3218 1176 3537 1243 unitatem
3553 1178 3790 1261 speciei
3804 1197 3948 1263 spe-

2394 1285 2773 1352 cialissimae.

2474 1391 2599 1459 Sed
2626 1398 2848 1458 contra
2874 1399 2943 1460 :1
2957 1440 2973 1458 .
2994 1393 3407 1459 Diversornm
3427 1399 3695 1458 actuum
3713 1392 3944 1458 diversi
3970 1400 4082 1452 um

2393 1507 2548 1567 sunt
2567 1502 2825 1566 habitus
2854 1523 2870 1566 ε
2902 1502 3014 1567 sed
3054 1501 3374 1566 confidere
3398 1549 3418 1581 ,
3458 1506 3525 1566 et
3566 1504 3940 1584 expectare,

2395 1613 2548 1677 sunt
2571 1615 2752 1675 actus
2776 1609 3124 1675 formaliter
3152 1610 3537 1676 dillerentes.
3574 1608 3646 1675 Si
3674 1628 3838 1693 ergo
3868 1611 3944 1676 ad

2394 1736 2573 1803 spem
2598 1719 2871 1803 pertinet
2894 1718 3235 1796 confidere,
3265 1718 3629 1783 secundum
3653 1720 3830 1803 qnod
3849 1719 3941 1784 di·

2394 1826 2606 1891 cimur
2650 1840 2907 1908 sperare
2947 1827 3018 1892 in
3064 1827 3335 1893 Domino
3354 1873 3377 1907 ,
3407 1827 3491 1891 ad
3529 1844 3714 1910 spem
3757 1827 3943 1891 etiam

2396 1931 2668 2016 pertinet
2691 1935 3024 2015 expectare
3042 1978 3059 2010 ,
3090 1932 3446 1997 aecundum
3467 1933 3646 2016 quod
3676 1932 3943 1998 dicimur

2393 2058 2650 2124 sperare
2683 2037 2963 2105 futuram
2992 2040 3265 2122 gloriam
3280 2063 3297 2121 3
3313 2041 3573 2107 videtur
3586 2058 3757 2124 ergo
3778 2042 3942 2125 quod

2394 2165 2541 2232 spes
2589 2147 2820 2213 habeat
2865 2147 3294 2214 diversificari.
3316 2147 3705 2230 formaliter,
3755 2154 3822 2215 et
3860 2150 3942 2215 ita

2394 2254 2715 2320 subdividi
2740 2255 2809 2320 in
2833 2255 2989 2320 alias
3012 2255 3275 2338 species.

2472 2366 2536 2429 2.
2567 2362 2725 2429 Item
2751 2380 2899 2445 spes
2914 2366 3010 2428 est
3034 2362 3390 2447 expectatio
3406 2364 3651 2429 futurae
3675 2365 3942 2431 beatitu-

2394 2469 2567 2537 dinis
2587 2518 2605 2550 ,
2634 2471 2988 2536 secundum
3011 2469 3185 2554 qnod
3212 2469 3361 2534 dicit
3385 2469 3693 2552 Magister
3735 2472 3806 2535 in
3843 2472 3942 2536 lit-

2393 2582 2552 2655 tera,
2581 2581 2646 2644 et
2670 2577 2942 2642 habetur
2966 2577 3035 2641 in
3066 2576 3345 2642 Glossa⁸:
3361 2578 3473 2643 sed
3497 2578 3835 2644 beatitudo
3851 2585 3941 2645 est

2393 2689 2596 2750 status
2621 2685 2914 2750 omnium
2941 2684 3263 2749 bonorum
3288 2685 3763 2766 aggregatione
3797 2705 3940 2768 per-

2394 2792 2596 2858 fectus
2625 2815 2641 2856 ε
2693 2810 2854 2875 ergo
2908 2811 3053 2875 spae
3092 2795 3384 2876 expectat
3418 2810 3616 2859 omne
3651 2794 3936 2860 bonum:

2395 2900 2504 2966 sed
2532 2900 2882 2983 expectatio
2920 2900 3332 2965 diversificari
3365 2900 3561 2965 habet
3591 2902 3939 2967 secundum

2396 3008 2827 3076 diversitatem
2850 3008 3001 3072 boni
3028 3007 3369 3091 expectati;
3396 3012 3461 3073 et
3482 3026 3630 3091 spes
3657 3027 3791 3075 non
3816 3015 3941 3074 tan-

2395 3121 2537 3183 tum
2562 3118 2851 3201 expectat
2900 3134 3107 3183 unum
3155 3117 3401 3205 bonum
3422 3166 3442 3199 ,
3490 3116 3626 3183 imo
3676 3135 3940 3201 congre-

2395 3225 2720 3307 gationem
2750 3224 3046 3288 omnium
3077 3224 3399 3289 bonorum
3428 3245 3446 3289 t
3489 3241 3651 3307 ergo
3697 3225 3940 3289 videtur

2396 3334 2567 3417 quod
2599 3333 2736 3416 ipsa
2775 3331 3056 3397 includat
3092 3332 3160 3397 in
3190 3349 3261 3418 se
3288 3331 3777 3398 universitatem
3801 3348 3937 3397 om·

2395 3441 2579 3505 nium
2601 3440 2921 3504 bonarum
2945 3441 3284 3505 virtutum.

2476 3553 2535 3615 3.
2568 3549 2727 3615 Item
2752 3550 2962 3614 omnis
2984 3548 3193 3616 virtus
3211 3548 3540 3614 meritoria
3570 3549 3723 3614 facit
3739 3548 3936 3614 homi-

2395 3673 2546 3720 nem
2567 3654 2827 3720 tendere
2854 3656 2938 3721 ad
2971 3656 3168 3720 finem
3206 3673 3401 3721 suum
3434 3657 3900 3739 assequendum
3913 3702 3932 3736 ,

2395 3780 2589 3847 quem
2617 3754 2831 3828 tamen
2857 3763 3149 3829 nondum
3175 3763 3390 3828 videt:
3419 3763 3689 3847 sedspes
3700 3763 3935 3829 estvir-

2393 3875 2499 3937 tus
2524 3870 2654 3951 illa,
2671 3889 2804 3953 qua
2819 3871 2968 3954 quis
2983 3873 3273 3954 expectat
3288 3873 3635 3955 praemium
3651 3872 3936 3938 omnium

2394 3979 2772 4045 meritorum
2802 3998 2819 4043 ε
2867 3996 3025 4062 ergo
3071 3979 3323 4045 videtur
3349 3979 3525 4063 quod
3576 3981 3788 4047 virtus
3810 3981 3935 4065 spei

2393 4088 2756 4153 communis
2781 4087 2866 4152 sit
2891 4088 2972 4153 ad
2997 4105 3221 4152 omnoe
3245 4088 3516 4155 virtutes
3542 4111 3560 4155 t
3600 4107 3765 4173 ergo
3812 4109 3932 4155 non

2392 4194 2588 4259 habet
2613 4195 2922 4260 unitatem
2948 4195 3177 4278 speciei
3204 4195 3704 4280 specialissimae.

2473 4308 2536 4369 4.
2576 4304 2735 4369 Item
2753 4354 2771 4384 ,
2803 4305 2967 4371 sicut
2991 4323 3060 4372 se
3084 4304 3280 4370 habet
3305 4305 3624 4387 gaudium
3651 4310 3931 4391 roepectn

2394 4409 2545 4476 honi
2583 4413 2915 4494 praesentis
2931 4461 2951 4493 ,
2992 4413 3082 4477 sic
3122 4430 3192 4479 se
3235 4412 3428 4479 habet
3467 4432 3613 4498 spes
3652 4419 3933 4499 respectu

2392 4518 2549 4585 boni
2568 4520 2770 4586 futuri
2797 4541 2813 4585 ι
2844 4520 2953 4586 sed
2980 4520 3301 4603 gaudium
3318 4570 3340 4601 ,
3368 4539 3502 4604 quo
3529 4522 3681 4605 quis
3704 4523 3932 4607 gaudet

2393 4627 2472 4693 de
2499 4631 2646 4692 actu
2670 4627 2926 4695 virtutis
2954 4628 3307 4711 praesentis,
3331 4646 3463 4694 non
3486 4630 3683 4697 habet
3707 4631 3928 4697 distin-

2393 4735 2511 4819 gui
2537 4735 2619 4801 ab
2667 4735 2808 4818 ipsa
2832 4733 3104 4815 virtute,
3149 4735 3284 4801 imo
3329 4738 3428 4801 est
3461 4738 3766 4803 omnibus
3805 4739 3928 4803 vir-

2391 4843 2636 4909 tutibus
2660 4842 2990 4926 generale3
3020 4847 3232 4910 castus
3261 4842 3435 4909 enim
3461 4847 3579 4924 est,
3608 4847 3725 4930 qui
3750 4846 3928 4912 conti·

2391 4953 2546 5030 net,
2577 4954 2642 5016 et
2680 4951 2806 5017 hoo
2843 4951 2983 5034 ipso
3028 4951 3268 5033 gaudet
3301 4974 3318 5016 t
3347 4970 3510 5035 ergo
3529 4953 3669 5037 pari
3695 4954 3921 5019 ratione

2391 5056 2669 5136 videtur,
2691 5059 2862 5141 quod
2888 5077 3034 5143 spes
3058 5059 3140 5125 de
3165 5060 3383 5127 futuro
3427 5059 3597 5126 bono
3639 5061 3727 5126 sit
3761 5077 3916 5128 oom-

2392 5256 2510 5307 dist.
2535 5268 2678 5313 xxvi.
2721 5259 2818 5306 art.
2843 5259 2890 5318 3,
2937 5270 2989 5319 q.
3046 5266 3136 5318 ¹1¹3
3170 5255 3350 5318 Steph.
3395 5257 3616 5321 Brutos„
3665 5262 3729 5312 ΙΙΙ
3769 5261 3907 5316 Sent,

2391 5329 2508 5451 (ἐξὲξ
2536 5339 2681 5449 xxm,
2707 5342 2760 5392 q.
2785 5338 2846 5378 11.
2864 5353 2926 5364 —
2947 5328 2970 5363 ⁸
2998 5326 3132 5377 Ρεαι.
3161 5337 3234 5389 ιν,
3261 5330 3310 5390 6,
3335 5331 3434 5378 etc.
3458 5330 3559 5367 -θ
3587 5332 3643 5381 In
3665 5333 3820 5396 Epist.
3854 5327 3912 5378 ad

2513 5438 2546 5464 .,
2609 5436 2624 5450 .

4121 1743 4124 1802 l
