4185 6288
1561 482 1940 555 msTmc'r.
1987 487 2064 552 11.
3332 485 3412 548 33

232 622 548 693 nuntiante
585 633 658 693 et
694 623 965 718 Spiritu
1005 625 1390 695 adveniente
1411 676 1431 711 ,
1477 648 1634 695 mox
1660 624 1958 695 Verbum
2008 624 2080 692 in
2128 632 2349 709 utero,
2412 644 2562 692 mox
2601 620 2777 690 intra
2820 627 3085 690 uterum
3112 615 3411 689 Verbum

234 762 355 809 earo
376 746 420 808 ¹.
451 765 488 805 a

589 910 1018 979 EXPOSITIO
1059 912 1385 979 TEXTUS.

287 1087 338 1137 Εἰ
377 1086 493 1152 quia
530 1088 589 1138 in
633 1087 853 1139 homine
908 1092 1019 1140 tota
1066 1089 1291 1140 bumana
1349 1092 1535 1140 natura
1576 1089 1704 1141 vitio

794 1166 1039 1227 corrupta
1063 1165 1191 1213 erat.

303 1310 496 1394 Supra
538 1313 681 1395 egit
734 1312 1037 1396 Magister
1083 1314 1161 1378 de
1204 1314 1640 1381 incarnatione
1685 1333 1767 1380 ex

241 1421 389 1500 parte
408 1436 708 1501 personae
737 1422 1148 1498 assumentis;
1180 1421 1249 1485 in
1270 1421 1392 1486 hac
1418 1426 1597 1506 parte
1632 1422 1770 1503 agit

90 1555 203 1600 m,
241 1522 305 1586 de
327 1524 536 1589 eadem
565 1544 654 1591 ex
679 1531 867 1610 parte
906 1532 1156 1592 naturae
1192 1533 1563 1610 assumptae.
1592 1526 1767 1592 Divi·

244 1632 387 1696 ditur
409 1638 627 1699 autem
658 1655 813 1719 pars
838 1637 961 1700 ista
987 1637 1056 1700 in
1082 1641 1212 1701 tres
1236 1641 1469 1721 partes»,
1502 1636 1570 1701 in
1599 1656 1765 1720 qua-

245 1757 370 1802 rum
385 1743 588 1822 prima
607 1743 1000 1809 determinat
1016 1745 1379 1825 veritatem;
1405 1745 1472 1809 in
1491 1745 1769 1810 secunda

250 1849 502 1914 confutat
540 1870 821 1931 erroreS,
871 1852 961 1915 ibi
997 1874 1012 1917 :
1075 1852 1218 1919 Non
1264 1859 1418 1920 sunt
1457 1869 1603 1936 erqo
1648 1870 1770 1919 au-

250 1953 483 2038 dimdt‘;
507 1959 579 2023 in
605 1959 800 2023 tertia
832 1964 1120 2024 removet
1145 1961 1493 2043 quamdam
1523 1961 1770 2026 dubita-

251 2066 481 2147 tionem,
502 2067 624 2132 ihi:
659 2069 745 2158 Si
766 2074 979 2135 autem
1004 2071 1335 2151 quaeritur,
1364 2076 1581 2135 utrum
1619 2068 1772 2135 Ver·

254 2168 376 2238 bum
412 2192 699 2254 carnem,
743 2179 861 2239 etc.
911 2172 1129 2239 Prima
1167 2194 1313 2258 pars
1355 2175 1664 2241 dividitur
1706 2176 1771 2239 in

252 2279 388 2343 duas
412 2288 653 2364 partes:
683 2283 754 2346 in
781 2283 994 2366 prima
1021 2289 1198 2367 parte
1226 2284 1607 2350 determinat
1633 2283 1768 2350 Ma-

256 2387 430 2468 gister
453 2391 528 2456 de
555 2396 793 2456 natura
820 2396 1150 2475 assumpta
1176 2397 1493 2476 quantum
1523 2392 1604 2458 ad
1635 2412 1775 2478 par-

257 2492 396 2560 tium
410 2517 673 2563 suarum
687 2499 1124 2581 integritatem
1135 2518 1155 2580 ;
1174 2500 1243 2564 in
1257 2501 1557 2580 secunda,
1578 2520 1778 2585 quan·

258 2601 376 2662 tum
413 2602 489 2665 ad
524 2603 853 2683 ordinem,
884 2603 1020 2666 ibi:
1062 2604 1432 2687 assumpsit
1471 2621 1619 2688 erqo
1658 2605 1778 2671 Dei

261 2707 443 2774 Filius
490 2726 745 2776 carnem
795 2716 857 2776 et
918 2713 1226 2778 animam.
1298 2710 1778 2778 subdivisiones

262 2820 446 2880 autem
468 2819 751 2901 partium
765 2818 1127 2884 manifestae
1145 2819 1387 2885 suntin
1401 2820 1631 2901 littera,
1652 2824 1772 2885 etc.

886 3069 1024 3118 nus.
1071 3070 1115 3116 1.

365 3217 565 3283 onmia,
589 3233 709 3284 qm
740 3220 796 3270 in
822 3222 1009 3276 mmm
1033 3222 1212 3273 nonu-a
1237 3219 1522 3285 plantavit,
1548 3221 1649 3271 ιω.

341 3372 588 3439 Contra:
624 3373 796 3438 Deus
831 3374 1145 3457 plantavit
1180 3374 1251 3438 in
1283 3374 1493 3457 primo
1519 3370 1780 3437 bomine

271 3481 775 3548 immortalitatem
806 3505 823 3547 ι
854 3500 1013 3564 ergo
1037 3483 1380 3565 assumpsit
1404 3480 1779 3545 immortali-

270 3590 476 3655 tatem:
505 3592 677 3675 quod
705 3590 937 3655 falsum
964 3594 1088 3669 est,
1119 3590 1274 3674 quia
1315 3590 1601 3655 mortalis
1638 3589 1777 3655 fuit.

270 3692 408 3760 Item
436 3699 502 3762 in
535 3702 770 3763 natura
814 3701 1034 3762 nostra
1077 3696 1389 3780 plantavit
1433 3700 1782 3781 utrumque

274 3820 499 3886 sexum,
528 3807 763 3871 scilicet
789 3805 1174 3871 femininum
1202 3804 1727 3870 et-masculinum
1760 3825 1776 3868 :

275 3926 408 3992 ergo
452 3918 801 3997 utrumque
852 3912 1193 3997 assumpsit
1202 3931 1225 3994 ;
1274 3911 1446 3996 quod
1488 3911 1786 3978 similiter

277 4014 472 4084 salsum
497 4025 614 4087 est.

342 4123 506 4211 Raep.
533 4128 886 4194 Dicendum
911 4133 1036 4208 est,
1063 4128 1241 4210 quod
1276 4127 1572 4212 quaedam
1599 4127 1784 4211 plan-

281 4237 411 4301 tavit
430 4238 589 4304 Deus
623 4240 692 4305 in
726 4243 960 4304 natura
984 4243 1231 4319 nostra,
1263 4258 1411 4322 quae
1437 4239 1786 4323 respiciunt

283 4340 446 4425 ipsius
480 4347 1025 4428 constitutionem3
1070 4348 1368 4431 quaedam
1405 4366 1553 4432 quae
1579 4348 1784 4431 respi-

287 4449 430 4517 ciunt
457 4458 692 4521 statum
716 4460 784 4521 et
806 4455 1255 4521 accidentalem
1282 4456 1781 4539 dispositionem.

289 4550 413 4622 Cum
429 4579 579 4644 ergo
597 4563 832 4626 dicitur
848 4562 1020 4646 quod
1038 4563 1255 4627 omnia
1276 4564 1617 4646 assumpsit
1637 4579 1786 4645 quae

285 4660 574 4746 plantavit,
595 4667 815 4733 omnia
836 4667 985 4733 dicit
1011 4668 1101 4732 ibi
1128 4687 1276 4752 quae
1303 4673 1455 4734 sunt
1480 4668 1558 4734 de
1584 4668 1786 4752 ipsius

287 4775 687 4842 constitutione
719 4797 736 4840 ε
770 4794 923 4841 cum
957 4794 1118 4859 ergo
1154 4776 1291 4860 ipse
1317 4776 1535 4859 arguit
1567 4779 1787 4840 contra

286 4875 385 4944 hoc
416 4882 488 4948 de
517 4885 991 4950 immortalitate
1021 4889 1086 4949 et
1120 4903 1313 4950 sexus
1350 4884 1748 4951 distinctione
1765 4930 1783 4962 ,

285 5001 395 5051 non
423 4989 601 5056 instat
623 4992 981 5057 secundum
1002 4993 1338 5057 veritatem
1353 5040 1373 5072 ‚
1393 4992 1503 5058 sed
1530 4995 1788 5076 propter

287 5095 532 5173 predicti
557 5100 1079 5165 communionem
1107 5100 1526 5183 paralogizat,
1548 5100 1657 5167 vel
1685 5117 1791 5165 so-

289 5201 516 5282 phsstioe
553 5211 780 5278 instat:
836 5217 901 5278 et
934 5229 1052 5295 per
1083 5212 1210 5277 hoc
1251 5214 1473 5295 patent
1508 5211 1617 5278 illa
1653 5212 1784 5278 duo

295 5308 521 5395 objecta.

204 5473 210 5480 -
351 5438 367 5471 ¹
386 5441 538 5509 areg„
563 5447 765 5514 itm-al„
791 5451 883 5502 lib.
915 5450 1081 5504 xvii!
1098 5484 1117 5514 ,
1141 5464 1188 5502 c.
1224 5461 1292 5500 xv
1312 5451 1364 5500 st
1388 5459 1567 5501 mn.

535 5523 676 5605 rou.
724 5560 811 5612 tv.

2510 935 2649 983 DUB.
2694 936 2764 982 n.

2237 1085 2293 1138 Si
2321 1099 2447 1153 ergo
2473 1087 2690 1139 visibilia
2714 1087 2935 1155 munda,
2958 1091 3057 1140 etc.

1956 1232 2189 1298 Contra
2222 1256 2238 1298 z
2271 1232 2454 1300 Ratio
2487 1236 2623 1315 illa,
2650 1253 2848 1319 quam
2888 1236 3174 1318 assignat
3201 1239 3422 1302 contra

1875 1334 2231 1416 haereticos,
2253 1355 2384 1400 non
2402 1338 2655 1402 videtur
2673 1337 2907 1403 valere.
2920 1337 3232 1415 Quamvis
3246 1338 3421 1404 enim

1878 1443 2039 1508 radii
2064 1444 2217 1509 solis
2243 1464 2373 1511 non
2405 1446 2823 1530 inquinentur
2850 1464 2934 1511 ex
2959 1445 3238 1511 foeditate
3271 1446 3421 1512 illu-

1879 1547 2240 1613 minabilis:
2269 1550 2483 1613 anima
2500 1555 2741 1628 tamen,
2762 1568 2910 1634 quae
2931 1549 3280 1634 spiritualis
3301 1552 3419 1627 est,

1879 1655 2163 1722 inficitur
2211 1677 2294 1723 ex
2332 1659 2778 1742 conjunctione
2831 1659 3061 1725 carnis.
3110 1658 3426 1725 Praeterea

1880 1763 2081 1830 Filius
2126 1764 2236 1830 Dei
2281 1766 2483 1832 factus
2521 1772 2616 1832 est
2666 1767 2981 1851 passibilis
3021 1771 3278 1851 propter
3319 1785 3427 1833 as-

1880 1874 2315 1958 sumptionem
2337 1876 2580 1943 carnis:
2611 1896 2770 1961 ergo
2792 1877 3083 1944 similiter
3109 1879 3312 1944 factus
3332 1882 3429 1943 est

1881 1981 2152 2046 carnalis
2192 2004 2208 2047 ι
2256 1983 2366 2047 sed
2392 1985 2655 2068 spiritus
2696 1985 2969 2051 foedatur
3020 1988 3082 2050 et
3115 1985 3424 2069 inficitur,

1883 2092 2142 2177 quando
2168 2093 2437 2158 carnalis
2453 2095 2727 2158 efficitur
2745 2115 2768 2158 .·
2793 2113 2951 2177 ergo
2976 2094 3231 2161 videtur
3253 2095 3428 2181 quod

1883 2198 2226 2266 baereticus
2250 2219 2480 2266 verum
2510 2201 2670 2266 dixit
2698 2202 2769 2266 in
2808 2203 2953 2285 hoc,
2982 2203 3156 2286 quod
3181 2202 3430 2269 dicebat

1884 2309 2181 2375 deitatem
2196 2329 2276 2374 ex
2290 2310 2394 2375 sui
2413 2311 2708 2377 societate
2718 2330 2867 2376 cum
2882 2329 3073 2378 carne
3092 2310 3423 2377 maculari.

1965 2412 2152 2497 Resp.
2174 2412 2526 2480 Dicendum
2549 2414 2720 2498 quod
2743 2414 3114 2498 exemplum
3135 2414 3293 2480 illud
3320 2414 3432 2479 bo-

1886 2540 2050 2588 num
2089 2526 2186 2587 est
2210 2528 2433 2588 contra
2470 2523 2822 2605 haeretioos,
2855 2526 2920 2588 et
2947 2525 3109 2589 ratio
3143 2528 3238 2589 oet
3259 2527 3430 2592 bona

1885 2635 1950 2696 et
1973 2632 2221 2697 efficax.
2266 2631 2504 2698 Radius
2541 2632 2715 2696 enim
2758 2651 2798 2696 a
2839 2632 3036 2697 rebus
3077 2633 3259 2699 soedis
3298 2651 3431 2698 non

1887 2740 2263 2824 inquinatur
2305 2743 2564 2824 propter
2606 2740 2750 2821 hoc,
2781 2740 2934 2823 quia
2968 2758 3100 2806 non
3143 2757 3433 2808 commu·

1887 2847 2058 2912 nicat
2104 2847 2175 2912 in
2220 2847 2486 2913 materia
2529 2848 3023 2930 transmutabili,
3070 2867 3189 2915 nec
3234 2849 3432 2916 etiam

1887 2955 1969 3019 ab
1995 2972 2071 3019 ea
2096 2953 2429 3039 dependet.
2461 2952 2528 3019 Si
2545 2972 2705 3038 ergo
2727 2954 2963 3020 veritas
2989 2954 3195 3021 multo
3220 2956 3435 3041 magis

1888 3081 1929 3126 a
1957 3062 2153 3127 rebus
2176 3061 2360 3128 foedis
2384 3062 2572 3129 distat
2595 3066 2660 3128 et
2698 3067 2793 3129 est
2826 3062 3288 3152 independens,
3316 3083 3435 3133 ne-

1889 3172 2162 3238 cessario
2184 3173 2474 3256 sequitur
2498 3173 2671 3258 quod
2696 3173 2901 3239 multo
2927 3174 3147 3241 minus
3171 3178 3267 3241 est
3289 3193 3435 3241 con·

1888 3282 2296 3348 taminabilis.
2315 3281 2445 3348 Nec
2462 3283 2631 3349 valet
2639 3282 2797 3349 illud
2816 3282 2893 3349 de
2916 3285 3155 3364 anima,
3177 3290 3435 3369 propter

1889 3391 2042 3471 hoc,
2081 3394 2237 3477 quia
2260 3393 2499 3475 anima,
2542 3393 2663 3458 etsi
2699 3393 2779 3458 sit
2809 3393 3197 3478 spiritualis,
3241 3393 3436 3460 babet

1891 3505 2107 3567 tamen
2149 3519 2190 3566 a
2226 3519 2491 3585 corpore
2532 3501 3018 3584 dependentiam
3059 3506 3124 3567 et
3165 3500 3435 3568 inclina-

1891 3612 2155 3677 tionem.
2180 3611 2280 3677 Ad
2303 3611 2461 3677 iuud
2490 3629 2645 3676 vero
2671 3609 2845 3694 quod
2872 3610 3241 3694 opponitur,
3261 3611 3434 3695 quod

1891 3719 2090 3787 Filius
2136 3719 2248 3787 Dei
2294 3720 2610 3805 passibilis
2649 3719 2853 3786 tactus
2902 3724 2998 3787 est
3014 3769 3035 3802 ,
3093 3720 3435 3788 dicendum

1893 3829 2065 3912 quod
2107 3828 2265 3893 illud
2305 3845 2536 3894 verum
2579 3832 2676 3893 est
2702 3832 2963 3912 propter
3001 3828 3438 3895 communica·

1893 3937 2134 4003 tionem
2151 3936 2554 4017 idiomatum,
2573 3955 2706 4002 non
2732 3938 2905 4022 quod
2923 3937 3203 4021 patiatur
3219 3955 3441 4004 secun-

1894 4045 2053 4111 dum
2088 4044 2379 4111 divinam
2410 4048 2733 4125 naturam,
2778 4044 2889 4110 sed
2923 4044 3282 4111 secundum
3315 4064 3436 4111 na-

1894 4157 2109 4218 turam
2141 4157 2556 4237 assumptam.
2604 4152 2683 4216 Et
2721 4152 3010 4218 similiter
3053 4156 3257 4237 potest
3291 4170 3439 4219 oon-

1894 4261 2032 4327 cedi
2067 4262 2242 4344 quod
2276 4262 2359 4325 sit
2398 4261 2668 4327 carnalis
2706 4261 3061 4327 seeundum
3104 4258 3278 4345 quod
3309 4277 3437 4325 no-

1895 4368 2100 4434 minat
2150 4373 2472 4449 naturam,
2518 4368 2628 4433 sed
2676 4386 2810 4433 non
2865 4367 3223 4434 secundum
3264 4366 3436 4451 quod

1897 4475 2187 4540 nominat
2211 4475 2474 4556 vitium,
2505 4474 2658 4559 quia
2687 4476 2963 4558 suscepit
2997 4473 3207 4539 carnis
3231 4472 3438 4558 passi-

1896 4584 2229 4662 bilitatem,
2270 4602 2402 4649 non
2428 4583 2858 4649 vitiositatem.
2889 4581 3048 4650 Cum
3074 4598 3234 4664 ergo
3274 4579 3437 4665 obji-

1897 4692 2084 4771 citur,
2129 4691 2303 4775 quod
2346 4691 2606 4775 spiritus
2645 4691 2930 4754 inficitur
2974 4707 3127 4753 cum
3170 4687 3440 4754 carnalis

1898 4800 2197 4881 efficitur,
2222 4798 2563 4864 dicendum
2584 4798 2759 4882 quod
2779 4816 2908 4862 non
2936 4796 3128 4878 valet,
3151 4796 3306 4881 quia
3329 4795 3439 4864 ob-

1890 4908 2113 4991 jicitur
2135 4906 2215 4973 de
2240 4907 2480 4972 carnali
2504 4910 2698 4990 prout
2724 4909 2909 4972 sonat
2926 4904 3000 4970 in
3019 4902 3275 4973 vitium.

2548 5140 2688 5187 DUB.
2733 5139 2823 5186 m.

2406 5265 2512 5315 Nec
2539 5279 2660 5316 caro
2687 5264 2800 5326 fuit,
2828 5267 2926 5316 etc.

1983 5421 2246 5487 Contra:
2298 5418 2561 5485 Videtur
2602 5417 2725 5483 hoc
2766 5416 3030 5495 falsum,
3079 5415 3231 5498 quia
3267 5413 3439 5497 quod

2828 5525 2834 5536 '
3085 5526 3124 5588 3
