4185 6288
26 5337 163 5380 ind.

1200 450 1397 516 DtST.
1438 443 1681 518 XXVII.
1727 443 1908 514 ΛΒΤ.
1954 448 2005 514 Ι.
2049 445 2355 526 QUAEST.
2405 448 2512 513 111.

342 576 500 643 Item
537 578 701 644 nihil
745 584 1042 663 generale
1086 586 1159 649 fit
1204 587 1476 668 speciale
1518 587 1644 651 nisi
1687 604 1803 669 per

263 683 540 767 aliquam
585 687 968 756 additionem
1013 713 1029 756 z
1075 693 1185 758 sed
1231 694 1440 775 gratia
1488 693 1803 776 generalis

263 795 324 855 et
348 795 711 860 communis
736 801 833 862 est
858 799 939 863 ad
966 817 1225 865 omnem
1259 801 1607 880 ‘virtutem;
1642 803 1802 866 cha-

261 898 413 963 ritas
449 905 668 966 autem
707 905 992 987 specialis
1042 908 1249 973 virtus
1289 931 1304 974 ε
1349 927 1507 991 ergo
1550 927 1803 973 necesse

261 1009 356 1068 est
376 1005 752 1074 charitatem
780 1012 1025 1094 aliquid
1049 1015 1282 1081 addere
1305 1016 1476 1080 ultra
1499 1016 1797 1098 gratiam.

337 1110 495 1179 Item
522 1115 798 1199 habitus,
823 1121 933 1202 qui
952 1123 1254 1189 continue
1274 1128 1370 1187 est
1394 1123 1465 1187 in
1489 1127 1635 1188 actu
1656 1142 1800 1206 su0,

257 1217 553 1288 differens
586 1228 681 1289 est
704 1226 788 1289 ab
823 1246 931 1307 eo,
971 1229 1087 1311 qui
1115 1248 1247 1294 non
1275 1235 1371 1296 est
1404 1232 1705 1297 continue
1732 1233 1802 1295 in

255 1342 376 1390 suo
422 1333 571 1394 actu
614 1353 630 1394 ε
674 1332 785 1396 sed
824 1335 1035 1415 gratia
1076 1340 1172 1401 est
1209 1338 1507 1403 continue
1547 1330 1616 1403 i⁸n
1653 1343 1801 1403 actu

255 1435 658 1514 gratificandi
673 1488 692 1519 ,
731 1440 1005 1507 charitas
1050 1449 1266 1510 autem
1306 1464 1439 1510 non
1469 1449 1565 1511 est
1598 1447 1801 1511 conti-

255 1558 390 1607 nue
416 1543 486 1608 in
513 1549 660 1611 actu
686 1566 829 1629 suo,
860 1551 973 1632 qui
1003 1555 1098 1616 est
1121 1552 1386 1634 diligere
1415 1572 1432 1616 ε
1464 1571 1621 1636 ergo
1648 1554 1803 1617 cha-

253 1649 416 1714 ritas
453 1656 518 1716 et
555 1655 763 1734 gratia
802 1657 1017 1741 aliquo
1055 1660 1248 1726 modo
1288 1660 1594 1727 differunt
1633 1684 1648 1725 ε
1680 1662 1796 1725 ali·

254 1756 416 1837 quid
440 1758 641 1840 igitur
677 1763 870 1828 habet
898 1766 968 1829 in
998 1784 1066 1830 se
1091 1768 1365 1832 charitas
1384 1817 1403 1847 ,
1438 1768 1609 1850 quod
1644 1773 1735 1833 est
1762 1787 1801 1832 a

252 1865 470 1945 gratia
494 1867 818 1935 diversum
849 1893 867 1936 ε
897 1890 1048 1937 cum
1074 1892 1232 1956 ergo
1258 1876 1339 1939 sit
1363 1876 1620 1940 habitus
1645 1895 1796 1959 gra-

254 1971 494 2079 tuitus,
523 1975 777 2042 videtur
803 1981 973 2061 quod
1002 1981 1244 2065 aliquid
1268 1983 1456 2048 addat
1481 2001 1672 2067 super
1699 1985 1800 2067 ip-

250 2095 395 2143 sam
420 2083 720 2162 gratiam.

332 2186 498 2253 Item
521 2189 775 2255 habitus
796 2191 1065 2259 aliarum
1087 2196 1403 2262 virtutum
1430 2199 1618 2263 datur
1645 2200 1798 2282 ipsis

248 2295 554 2374 potentiis
571 2297 650 2361 ad
670 2298 956 2381 ipsarum
973 2303 1439 2385 expeditionem
1468 2304 1637 2369 ultra
1655 2324 1800 2387 gra-

251 2400 410 2466 tiam
440 2410 704 2485 gratum
731 2408 1062 2474 facientem
1099 2433 1114 2476 :
1146 2414 1255 2476 sed
1285 2414 1381 2476 vis
1413 2414 1798 2496 concupisci-

244 2506 397 2573 bilis
421 2511 583 2576 adeo
609 2514 856 2596 indiget
880 2519 1165 2599 expediri
1185 2567 1203 2598 ‚
1233 2519 1395 2584 sicut
1432 2521 1757 2585 rationalis
1774 2567 1792 2599 ‚

244 2632 404 2681 cum
446 2619 531 2683 sit
572 2626 875 2706 corrupta
918 2628 982 2689 et
1020 2626 1289 2692 infecta:
1320 2629 1373 2692 si
1404 2648 1562 2711 ergo
1588 2630 1798 2694 virtus

243 2725 590 2805 perficiens
618 2731 995 2796 rationalem
1016 2781 1032 2810 ‚
1062 2737 1136 2799 ut
1159 2735 1350 2815 fides,
1383 2738 1663 2802 continet
1689 2739 1799 2802 ali-

241 2832 408 2913 quid
452 2835 681 2915 gratiae
720 2840 922 2919 gratis
963 2841 1162 2920 datae,
1209 2844 1465 2909 videtur
1508 2842 1647 2928 pari
1687 2864 1791 2908 ra-

240 2936 448 3018 tione,
474 2940 604 3006 imo
632 2944 834 3008 multo
860 2946 1129 3029 fortiori,
1156 2949 1528 3016 charitatem
1555 2953 1794 3035 aliquid

238 3045 488 3110 addere
518 3067 711 3131 supra
737 3054 1011 3133 gratiam
1041 3061 1300 3138 gratum
1326 3058 1683 3125 facientem.

328 3152 498 3217 Item
552 3159 762 3222 omnis
825 3161 1108 3244 habitus,
1165 3166 1280 3247 qui
1323 3185 1439 3248 per
1479 3168 1794 3233 assuefac-

236 3260 499 3325 tionem
570 3271 633 3328 et
698 3266 1122 3351 frequentiam
1175 3273 1379 3337 reddit
1445 3275 1793 3357 potentiam

233 3366 602 3433 faciliorem
654 3373 737 3437 ad
784 3378 1001 3440 actum
1049 3378 1186 3443 sine
1238 3366 1593 3462 augmento
1640 3402 1796 3465 gra-

236 3473 351 3538 tiae
422 3482 690 3558 gratum
744 3481 1026 3546 facientis
1042 3533 1061 3564 ,
1117 3486 1356 3569 aliquid
1405 3489 1684 3554 continet
1724 3491 1794 3556 in

232 3599 306 3646 se
388 3588 633 3668 praeter
710 3589 983 3669 gratiam
1064 3597 1322 3673 gratum
1388 3595 1724 3662 facientem
1773 3618 1790 3663 ε

232 3689 353 3753 sed
401 3691 689 3757 charitas
733 3700 828 3760 est
869 3696 1237 3780 hujusmodi
1273 3750 1291 3781 ,
1344 3703 1509 3768 sicut
1555 3711 1730 3788 patet
1771 3726 1789 3770 ε

228 3814 404 3880 ergo
446 3799 728 3866 charitas
761 3792 1001 3887 aliquid
1044 3807 1216 3872 addit
1254 3829 1452 3893 supra
1490 3815 1789 3894 gratiam.

228 3904 475 3970 Prima
500 3909 805 3989 probatur
828 3931 943 3993 per
963 3914 1085 3978 hoc
1099 3963 1122 3994 ,
1143 3918 1315 3998 quod
1341 3922 1516 3983 tanto
1539 3921 1795 3989 habitus

226 4018 332 4078 est
358 4014 731 4098 perfectior,
762 4025 1000 4102 quanto
1030 4024 1377 4106 potentiam
1409 4028 1613 4095 reddit
1636 4031 1793 4095 faci-

226 4122 483 4188 liorem
522 4128 587 4187 et
625 4127 1083 4210 expeditiorem
1128 4132 1208 4196 ad
1248 4137 1485 4199 actum.
1525 4135 1591 4201 Si
1635 4157 1793 4220 ergo

227 4229 515 4294 habitus
541 4230 865 4299 charitatis
900 4237 1114 4320 aliquo
1147 4240 1337 4305 modo
1377 4248 1579 4325 potest
1604 4247 1795 4327 profi·

225 4356 387 4404 cere
439 4338 529 4422 (a)
558 4357 698 4418 ,non
740 4344 1107 4425 proficiente
1147 4350 1357 4430 gratia
1395 4356 1654 4433 gratum
1699 4355 1796 4418 fa-

225 4448 457 4512 ciente
478 4494 497 4523 ,
530 4451 884 4516 necessario
911 4457 1158 4535 oportet
1192 4474 1429 4539 ponere
1467 4460 1639 4541 quod
1664 4460 1795 4526 dif-

218 4556 403 4621 ferat
434 4554 525 4619 ab
552 4573 647 4620 ea.

805 4711 1252 4783 CONCLUSIO.

220 4867 362 4922 Etsi
392 4863 663 4919 nonnulli
685 4868 824 4921 satis
857 4867 1220 4937 probabiliter
1254 4870 1442 4928 dicant
1469 4878 1710 4944 qratiam
1748 4882 1802 4934 et

299 4955 651 5013 charitatem
666 4955 777 5010 solo
794 4961 1032 5029 respectu
1047 4958 1281 5030 differre,
1293 4962 1600 5033 probabilis
1623 4970 1802 5025 tamen

300 5049 395 5103 est
419 5045 700 5099 sententia
733 5059 911 5101 eorum
947 5050 1044 5118 qui
1070 5048 1293 5121 dicunt,
1331 5056 1661 5111 essentialem
1697 5058 1800 5114 Ιια-

306 5135 445 5191 bere
477 5130 842 5203 differentiam
869 5135 940 5190 ab
971 5136 1041 5209 (b)
1073 5140 1321 5195 invicem.

212 5329 217 5337 -
317 5285 536 5365 Reap.
564 5283 648 5348 ad
671 5301 814 5365 arg.
844 5284 944 5350 Ad
966 5287 1425 5368 praedictorum
1452 5292 1803 5377 intelligen-

220 5398 407 5461 tiam
438 5393 550 5454 est
588 5392 975 5471 notandum,
1010 5394 1182 5475 quod
1208 5396 1378 5461 circa
1400 5398 1523 5462 hoc
1560 5405 1655 5465 est
1681 5401 1803 5467 du-

3333 451 3449 513 607

1914 585 2062 668 plex
2114 585 2343 651 modus
2396 583 2663 649 dicendi.
2713 582 2981 659 Quidam
3026 581 3200 645 enim
3243 581 3451 646 dicere

1908 691 2285 770 voluerunt,
2317 690 2485 773 quod
2526 689 2801 753 charitas
2846 693 2941 751 est
2979 689 3244 752 omnino
3280 689 3450 754 idem

1909 818 2059 864 cum
2080 800 2288 881 gratia
2303 817 2419 881 per
2431 797 2791 875 essentiam,
2808 796 2942 860 sola
2955 795 3258 861 relatione
3275 796 3452 862 diffe-

1908 923 2057 970 rens
2088 927 2102 967 :
2134 906 2368 970 dicitur
2385 905 2561 969 enim
2579 900 2789 985 gratia
2815 903 2886 965 in
2904 907 3219 985 quantum
3246 903 3451 987 respi-

1852 1045 1858 1051 ·
1908 1013 1993 1077 cit
2019 1015 2220 1076 totam
2258 1011 2578 1081 animam:
2610 1011 2883 1076 charitas
2908 1029 3098 1087 vero,
3128 1011 3196 1076 in
3236 1030 3442 1094 quan-

1909 1121 2049 1184 tum
2091 1119 2264 1200 regit
2287 1123 2352 1183 et
2384 1118 2606 1200 dirigit
2631 1117 3028 1183 voluntatem
3056 1141 3071 1183 :
3106 1123 3170 1183 et
3194 1119 3317 1184 hoc
3343 1119 3450 1183 vi-

1909 1225 2096 1291 detur
2139 1226 2503 1307 significare
2552 1226 2761 1308 ipsum
2813 1225 3136 1290 charitatis
3174 1244 3447 1307 nomeu,

1908 1336 1972 1396 et
2000 1332 2341 1415 Apostolus
2385 1333 2640 1397 videtur
2685 1333 2955 1398 innuere
2971 1381 2992 1412 ,
3034 1336 3099 1397 et
3136 1333 3301 1398 ratio
3341 1352 3450 1417 ap-

1907 1442 2201 1524 probare.
2229 1440 2476 1506 Nomen
2518 1443 2732 1525 ipsum
2771 1442 3140 1523 significare
3165 1442 3446 1522 videtur,

1908 1548 2062 1630 quia
2087 1548 2360 1613 charitas
2383 1548 2613 1613 dicitur
2637 1568 2678 1613 a
2708 1549 2960 1628 Charis,
2994 1547 3163 1630 χαρὶς
3199 1561 3411 1630 graece
3429 1596 3446 1626 ‚

1909 1655 2081 1737 quod
2116 1656 2285 1720 idem
2326 1660 2423 1720 est
2465 1656 2635 1738 quod
2662 1657 2889 1736 gratia.
2923 1654 3101 1721 Unde
3129 1675 3279 1720 cum
3308 1657 3449 1723 haec
3490 1654 3681 1697 cmm

3530 1717 3642 1760 unde

1908 1764 2117 1827 virtus
2161 1782 2292 1827 non
2336 1763 2570 1827 haheat
2618 1762 2810 1826 aliam
2861 1762 3363 1828 nominationem
3408 1783 3447 1828 a
3475 1779 3588 1821 ‹1101-
3617 1779 3688 1825 ιιι.

1906 1870 2157 1951 gratia,
2188 1888 2322 1935 non
2360 1869 2616 1934 videtur
2658 1868 2829 1950 quod
2865 1869 3102 1951 aliquid
3139 1872 3444 1952 superad-

1906 1978 2015 2043 dat
2049 1979 2398 2042 secundum
2435 1996 2597 2041 rem.
2628 1976 2967 2059 Apostolus
2992 1976 3170 2039 enim
3196 1976 3317 2040 hoc
3342 1977 3447 2041 in-

1908 2085 2164 2148 sinuare
2191 2084 2467 2160 videtur,
2489 2102 2640 2148 cum
2665 2101 2810 2147 eam
2835 2083 3080 2147 caeteris
3103 2083 3447 2148 virtutibus

1906 2189 2240 2272 anteponit
2265 2194 2328 2254 et
2351 2191 2652 2273 supponit
2675 2209 2690 2253 τ
2714 2190 2836 2253 hoc
2857 2190 3029 2252 enim
3044 2207 3173 2253 non
3187 2189 3442 2269 faceret,

1905 2298 2027 2361 nisi
2068 2298 2280 2379 magis
2306 2316 2467 2380 pure
2505 2297 2772 2361 haberet
2809 2298 3120 2361 rationem
3163 2297 3337 2360 boni.
3369 2295 3449 2360 Et

1904 2405 2028 2468 hoc
2065 2404 2280 2488 ipsum
2320 2405 2586 2487 ipsemet
2627 2404 2878 2481 innuit,
2908 2403 3080 2485 quod
3123 2403 3266 2467 aliae
3312 2403 3447 2467 vir-

1905 2513 2073 2575 tutes
2101 2518 2364 2594 possunt
2407 2529 2543 2575 esse
2583 2512 2995 2574 infructuosae
3012 2558 3029 2586 ‚
3061 2516 3126 2575 et
3162 2511 3442 2594 recipere

1904 2617 2366 2682 admixtionem
2393 2618 2585 2697 mali,
2631 2618 2904 2681 charitas
2928 2635 3084 2681 vero
3126 2617 3391 2681 minime
3427 2641 3442 2683 ε

1904 2727 1968 2787 et
1995 2729 2328 2805 propterea
2355 2724 2610 2786 videtur
2636 2723 2910 2786 charitas
2935 2723 3288 2787 secundum
3325 2728 3447 2788 tes·

1904 2830 2245 2893 timonium
2296 2829 2713 2912 apostolicum
2757 2845 2893 2892 esse
2946 2847 3126 2893 mera
3163 2836 3227 2894 et
3279 2849 3442 2914 pura

1904 2937 2115 3017 gratia
2153 2939 2413 3018 gratum
2455 2935 2718 3014 facienS,
2749 2953 2896 2999 cum
2941 2936 3023 2999 sit
3059 2937 3303 3001 bonum
3335 2957 3448 3021 pu-

1902 3044 2229 3109 rissimum
2259 3047 2325 3107 et
2360 3043 2987 3108 excellentissimum.
3036 3043 3218 3108 Ratio
3246 3046 3440 3109 etiam

1902 3153 2252 3236 approhare
2276 3152 2530 3216 videtur
2545 3199 2563 3228 ,
2605 3153 2758 3234 quia
2798 3170 2949 3216 cum
2988 3153 3125 3235 ipsa
3150 3154 3446 3219 voluntas

1902 3263 1985 3326 sit
2010 3280 2389 3345 supremum
2416 3262 2484 3324 in
2521 3262 2775 3341 anima,
2805 3280 2845 3325 a
2873 3280 3005 3344 qua
3044 3263 3276 3344 pendet
3319 3268 3449 3328 tota

1903 3366 2213 3430 rectitudo
2236 3366 2478 3429 virium
2505 3364 2884 3429 inferiorum
2900 3413 2918 3441 ‚
2949 3369 3013 3430 et
3041 3384 3189 3448 quae
3216 3368 3444 3431 imme-

1909 3471 2075 3537 diate
2104 3473 2328 3536 unitur
2354 3471 2474 3552 ipsi
2503 3470 2629 3535 Deo
2646 3519 2664 3550 ,
2706 3470 2847 3534 ideo
2871 3472 3166 3537 vendicat
3190 3474 3311 3537 sibi
3353 3479 3447 3537 to-

1905 3584 2044 3642 tum
2092 3578 2484 3661 principium
2538 3578 2935 3642 rectitudinis
2986 3599 3001 3642 ε
3048 3583 3112 3643 et
3156 3579 3309 3644 hinc
3356 3586 3452 3645 est

1903 3687 2073 3769 quod
2102 3687 2311 3768 gratia
2336 3704 2484 3769 quae
2507 3687 2754 3769 perficit
2776 3687 2935 3750 alias
2959 3689 3275 3769 potentias
3313 3691 3450 3754 ani-

1905 3812 2031 3859 mae
2046 3842 2067 3873 ,
2098 3793 2455 3876 specialiori
2501 3794 2691 3858 modo
2734 3794 2981 3877 perficit
3019 3795 3441 3862 voluntatem.

1903 3899 1983 3966 Et
2027 3905 2362 3984 propterea
2403 3890 2555 3966 licet
2597 3900 2756 3964 alias
2798 3901 3110 3983 potentias
3160 3903 3447 3985 perficiat

1905 4026 2054 4072 cum
2080 4007 2309 4071 habitu
2349 4008 2578 4088 gratiae
2620 4007 2822 4089 gratis
2861 4006 3025 4071 datae
3046 4057 3064 4087 ‚
3097 4008 3306 4091 ipsam
3350 4014 3446 4074 ta-

1904 4132 2056 4178 men
2086 4114 2434 4195 potentiam
2473 4114 2777 4196 diligendi
2818 4115 3062 4198 perficit
3101 4134 3215 4199 per
3241 4135 3309 4181 se
3339 4138 3355 4181 ε
3386 4123 3451 4182 et

1903 4219 2258 4284 secundum
2285 4220 2460 4303 quod
2500 4220 2677 4284 illam
2719 4221 2999 4303 perficit,
3033 4222 3125 4286 sic
3173 4224 3450 4288 charitas

1905 4328 2278 4410 appellatur.
2311 4327 2391 4391 Et
2436 4328 2527 4391 sic
2576 4328 2829 4392 videtur
2873 4329 3025 4393 satis
3074 4332 3450 4397 rationabile

1906 4434 2150 4511 dicere,
2181 4434 2354 4515 quod
2401 4433 2612 4514 gratia
2652 4438 2716 4498 et
2761 4434 3036 4499 charitas
3074 4437 3245 4501 idem
3297 4446 3451 4504 sunt

1907 4557 2024 4623 per
2058 4540 2400 4604 essentiam
2422 4587 2439 4618 ,
2477 4545 2541 4604 et
2565 4541 2931 4606 differentes
2958 4543 3093 4607 sola
3118 4545 3443 4612 relatione.

1907 4646 1987 4710 Et
2036 4648 2284 4712 ratione
2336 4648 2512 4712 illius
2574 4649 2899 4714 relationis
2949 4644 3478 4721 connumeratur

1909 4771 2058 4818 cum
2085 4753 2225 4817 aliis
2251 4753 2630 4832 virtutihus,
2658 4760 2723 4819 et
2757 4757 2839 4819 ab
2876 4757 2967 4820 eis
2996 4759 3447 4843 distinguitur,

1910 4865 1973 4924 et
2017 4861 2296 4940 quodam
2342 4862 2529 4925 modo
2574 4862 2995 4944 specificatur.
3055 4865 3130 4930 Et
3174 4886 3289 4950 per
3330 4869 3451 4935 hoc

1911 4967 2213 5032 declinari
2254 4968 2406 5032 satis
2441 4969 2705 5033 faciliter
2738 4970 3043 5036 videntur
3070 4976 3350 5041 rationes
3371 4979 3453 5044 ad

1911 5077 2275 5160 oppositum
2296 5125 2315 5156 ,
2371 5096 2517 5160 quae
2568 5081 2911 5145 ostendunt
2950 5084 3125 5165 quod
3176 5086 3452 5153 charitas

1912 5183 2154 5266 aliquid
2184 5184 2372 5249 addat
2394 5203 2589 5268 supra
2614 5188 2914 5269 gratiam.
2942 5189 2999 5255 N
2999 5210 3083 5256 on
3107 5193 3282 5259 enim
3307 5214 3454 5261 con-

1913 5294 2167 5359 cludere
2194 5294 2496 5360 videntur
2535 5301 2922 5383 necessario,
2964 5304 3136 5387 quod
3177 5306 3452 5375 charitas

1978 5418 2044 5483 (a)
2064 5418 2204 5469 Edit.
2240 5418 2354 5469 Ven.
2377 5422 2497 5472 ¹753
2512 5461 2530 5487 ‚
2558 5425 2819 5487 perficere.
2840 5454 2904 5466 —
2933 5427 3001 5495 (b)
3025 5430 3114 5482 Al.
3142 5432 3226 5484 ad.
