4185 6288
747 425 869 489 23⁴

748 557 907 625 dum
936 566 1109 647 quod
1128 567 1324 635 homo
1357 593 1374 636 ε
1404 577 1599 639 raetat
1637 595 1794 660 ergo
1822 582 1994 663 quod
2031 584 2105 646 fit
2128 584 2300 649 filius

751 675 1112 760 adoptivus.

830 786 892 846 4.
927 785 1084 849 Item
1110 806 1333 854 omnes
1361 810 1586 859 sumus
1614 798 1728 862 filii
1750 799 1858 864 Dei
1894 820 2008 884 per
2031 804 2296 870 creatio-

750 908 899 954 nem
929 914 944 955 :
993 895 1102 959 sed
1129 896 1251 960 hoc
1278 917 1409 965 non
1456 902 1749 986 impedit,
1780 909 1939 989 quin
1981 911 2301 992 possimus

750 1014 885 1061 esse
931 1001 1048 1065 filii
1100 1022 1215 1085 per
1267 1006 1673 1090 adoptionem
1692 1060 1709 1090 ,
1761 1016 2077 1081 mediante
2131 1018 2300 1083 dono

751 1108 978 1185 gratiae
1010 1127 1027 1172 ε
1056 1129 1214 1192 ergo
1230 1117 1367 1196 pari
1395 1118 1664 1197 ratione,
1693 1127 1994 1203 quamvis
2016 1124 2302 1190 Christus

752 1213 834 1275 sit
860 1214 1034 1280 filius
1061 1217 1169 1282 Dei
1198 1239 1313 1303 per
1336 1229 1645 1291 aeternam
1670 1230 2179 1309 generationem,
2199 1233 2304 1296 ni-

752 1320 844 1384 hil
873 1321 1135 1406 impedit
1160 1329 1317 1411 quin
1344 1333 1427 1396 sit
1474 1335 1647 1400 filius
1674 1337 1780 1402 Dei
1814 1338 2159 1420 adoptivus
2187 1349 2303 1422 per

751 1431 1214 1512 susceptionem
1242 1439 1471 1518 gratiae
1516 1442 1753 1507 divinae
1791 1445 1861 1507 in
1887 1450 2199 1528 tempore.
2231 1445 2302 1512 Si

751 1539 826 1598 tu
847 1536 1018 1602 dicas
1044 1543 1216 1622 quod
1260 1544 1381 1610 hoc
1426 1553 1521 1612 est
1561 1557 1821 1635 propter
1846 1553 2129 1636 culpam,
2186 1573 2303 1637 per

752 1659 948 1724 quam
978 1645 1124 1710 sacti
1149 1668 1378 1716 sumus
1417 1657 1529 1719 filii
1556 1658 1692 1738 irae,
1734 1678 1881 1742 quae
1922 1679 2054 1725 non
2092 1662 2213 1726 ruit
2236 1663 2303 1725 in

753 1747 1034 1832 Christo;
1088 1757 1198 1821 sed
1234 1763 1453 1824 contra
1498 1784 1513 1826 :
1562 1764 1797 1846 Angeli
1843 1772 1996 1830 sunt
2039 1768 2155 1831 filii
2191 1787 2306 1851 per

754 1857 1163 1941 adoptionem
1187 1868 1437 1946 gratiae,
1469 1871 1633 1935 sicut
1685 1873 1984 1937 scribitur
2027 1883 2042 1915 ¹
2098 1893 2115 1937 t
2151 1876 2305 1941 Cum

757 1976 854 2025 me
888 1962 1233 2033 laudarent
1259 1977 1439 2036 astra
1467 1976 1816 2053 matutina,
1865 1982 1924 2041 ez
1945 1977 2307 2057 jubilarent

760 2083 972 2136 omnes
995 2074 1131 2153 filii
1152 2076 1268 2143 Dei
1283 2098 1308 2139 .·
1325 2097 1506 2161 ergo,
1535 2086 1654 2145 etc.

515 2170 733 2219 '⁰⁰⁶⁸’-
838 2178 961 2244 Sed
987 2189 1207 2249 contra
1234 2193 1296 2249 ¹:
1328 2191 1640 2256 Dominus
1666 2199 1875 2259 noster
1891 2194 2072 2259 Iesus
2090 2194 2308 2261 Chris-

753 2293 859 2353 tus
912 2290 987 2355 in
1017 2292 1250 2374 aleria,
1307 2301 1464 2375 etc.;
1497 2298 1585 2362 ibi
1613 2298 1828 2364 Glossa
1873 2324 1887 2365 ε
1929 2325 1961 2361 α
1997 2301 2069 2364 111
2098 2320 2304 2384 quan-

752 2399 893 2460 tum
934 2398 1131 2465 homo
1166 2407 1506 2488 assumpsit
1557 2426 1794 2473 nomen
1838 2410 1971 2486 Dei,
2019 2429 2152 2476 non
2192 2429 2307 2493 per

750 2504 1027 2583 gratiam
1069 2508 1459 2591 adoptioniS,
1509 2515 1620 2578 sed
1650 2535 1766 2598 per
1794 2518 2067 2598 gratiam
2111 2518 2305 2581 unio-

754 2610 875 2673 1118.
920 2634 952 2671 ι)
989 2612 1056 2677 Si
1084 2620 1154 2679 tu
1186 2617 1358 2682 dicas
1398 2622 1574 2702 quod
1602 2640 1732 2686 non
1760 2629 1958 2704 negat
1981 2623 2304 2688 Christum

753 2734 887 2781 esse
925 2719 1131 2785 fllium
1166 2724 1550 2809 adoptionis,
1596 2730 1707 2793 sed
1747 2736 1947 2813 negat
1985 2731 2305 2796 Christum

753 2841 890 2888 esse
935 2826 1137 2891 Deum
1165 2831 1563 2915 adoptivum,
1588 2855 1737 2901 cum
1767 2837 1848 2900 sit
1885 2857 2077 2902 verus
2108 2838 2302 2909 Deus;

756 2932 865 2996 sed
893 2940 1116 2999 contra
1145 2960 1158 3001 ε
1192 2938 1372 3004 Sicut
1402 2942 1687 3007 Christus
1728 2949 1824 3008 est
1850 2963 2043 3010 verus
2091 2945 2256 3008 Deus
2284 2993 2302 3023 ,

757 3039 845 3102 ita
863 3045 957 3104 est
980 3043 1150 3108 filius
1179 3046 1288 3111 Dei
1313 3068 1508 3114 verus
1534 3070 1726 3133 :ergo
1745 3055 1909 3117 sicut
1924 3053 2158 3119 veritas
2176 3055 2308 3118 dei-

757 3148 902 3210 tatis
928 3167 1056 3214 non
1085 3155 1322 3235 patitur
1346 3157 1559 3240 ipsum
1586 3160 1712 3224 dici
1741 3161 1945 3226 Deum
1976 3179 2090 3244 per
2109 3162 2307 3244 adop-

724 3257 1019 3337 tionem,
1063 3261 1154 3325 sic
1209 3264 1442 3329 veritas
1485 3267 1807 3333 filiationis
1845 3288 1976 3333 non
2032 3270 2310 3334 admittit

756 3366 1034 3447 gratiam
1056 3369 1435 3452 adoptionis.

838 3473 994 3540 Item
1013 3479 1391 3547 Ambrosius
1417 3483 1439 3519 ⁸
1463 3487 1739 3550 tractans
1765 3487 1924 3553 illud
1948 3487 2223 3552 verbum
2240 3486 2263 3522 ⁸
2287 3504 2304 3551 t

759 3584 1258 3655 Proedeslinatus
1311 3597 1434 3670 est,
1474 3597 1592 3657 etc.
1634 3613 1651 3657 :
1717 3617 1748 3655 ι
1789 3593 1976 3676 Legi,
2011 3601 2074 3659 et
2103 3593 2307 3676 relegi

759 3694 1152 3776 Scripturas3
1209 3696 1429 3763 Jesum
1496 3699 1705 3770 fllium
1791 3702 1903 3766 Dei
1968 3721 2305 3784 nunquam

757 3801 1096 3884 adoptione
1117 3804 1360 3870 inveni.
1393 3828 1424 3865 ι)
1458 3805 1581 3872 Sed
1608 3827 1738 3872 non
1762 3809 2069 3874 debemus
2095 3809 2306 3876 Chris·

759 3913 826 3972 to
852 3910 1217 3991 attribuere,
1248 3916 1421 3996 quod
1436 3935 1567 3981 non
1596 3935 1937 3999 possumus
1963 3937 2077 4002 per
2102 3919 2308 4001 Scrip-

759 4016 940 4079 turas
983 4017 1399 4097 authenticas,
1434 4026 1550 4086 aut
1592 4025 1872 4088 rationes
1922 4025 2307 4089 necessarias

758 4123 1139 4188 confirmare
1178 4146 1193 4187 t
1237 4143 1397 4208 ergo
1438 4130 1703 4194 omnino
1732 4135 1826 4194 est
1859 4131 2302 4213 rejiciendum,

762 4227 1084 4302 Christum
1108 4249 1244 4296 esse
1270 4233 1475 4298 filium
1502 4236 1611 4301 Dei
1633 4237 2030 4319 adoptivum.

843 4339 1001 4406 Item
1053 4344 1458 4424 Augustinus
1483 4347 1527 4424 ⁸,
1559 4345 1637 4412 de
1679 4348 1917 4413 Eccles.
1957 4349 2248 4430 Doqmat.
2284 4369 2300 4409 ε

771 4476 803 4514 α
835 4451 1036 4517 Natus
1063 4457 1158 4516 est
1182 4454 1538 4519 secundum
1577 4455 1911 4520 veritatem
1941 4463 2193 4523 naturae
2224 4478 2308 4524 ex

654 4631 663 4638 R
763 4562 890 4625 Deo
927 4560 1030 4623 Dei
1057 4560 1264 4638 fllius3
1303 4562 1656 4625 secundum
1685 4564 2021 4629 veritatem
2052 4571 2307 4633 naturae

763 4689 846 4734 ex
873 4667 1133 4735 homine
1190 4668 1468 4733 bominis
1495 4669 1667 4733 filius
1705 4689 1722 4733 1
1750 4676 1823 4736 ut
1853 4691 1983 4736 non
2018 4675 2308 4758 adoptio-

762 4798 866 4859 ne,
894 4797 1025 4844 non
1051 4776 1502 4859 appellatione,
1532 4777 1642 4842 sed
1669 4785 1946 4863 utraque
1978 4783 2309 4849 nativitate

764 4890 880 4952 sslii
907 4906 1143 4952 nomen
1181 4886 1499 4950 nascendo
1527 4885 1813 4952 haberet.
1849 4910 1880 4948 n
1917 4889 1983 4954 Si
2014 4910 2173 4974 ergo
2215 4899 2311 4958 aet

763 5000 898 5060 tam
916 4995 1088 5057 filius
1108 4993 1235 5072 Dei,
1262 5012 1449 5076 quam
1472 4991 1780 5073 VirginiS,
1793 5014 1926 5060 non
1945 4997 2304 5081 adoptione,

767 5122 899 5168 non
951 5101 1430 5182 nuncupatione
1450 5149 1468 5180 ‚
1503 5101 1611 5164 sed
1650 5107 1902 5185 natura,
1938 5124 2100 5186 ergo
2145 5126 2310 5172 neu-

766 5211 931 5274 trius
952 5214 1046 5273 est
1069 5208 1242 5271 filius
1265 5208 1622 5291 adoptivus

850 5319 1009 5385 Item
1041 5315 1433 5400 quicumque
1481 5318 1818 5399 adoptatur
1839 5368 1857 5398 ,
1889 5321 1968 5385 de
1996 5341 2127 5388 non
2179 5324 2312 5389 fllio

843 5449 857 5487 ⁸
889 5444 1000 5507 lob,
1026 5453 1250 5508 xxxvm,
1276 5443 1324 5492 7.
1360 5442 1462 5481 —⁸
1492 5442 1701 5512 Philip„
1732 5456 1773 5494 11
1792 5482 1807 5509 ,
1841 5449 1918 5495 11.
1943 5471 2005 5487 -
2033 5449 2052 5482 ³
2094 5448 2188 5500 vol
2213 5462 2310 5515 po.

1868 445 2500 523 SENTENTJARUM
2538 453 2690 523 ΜΒ.
2736 454 2844 521 111.

2406 588 2480 652 fit
2508 588 2680 655 filius
2713 591 2807 656 :si
2831 593 3006 657 enim
3024 598 3189 659 esset
3212 594 3407 674 filius,
3423 597 3564 677 jam
3596 612 3729 660 non
3753 596 3948 680 adop·

2404 698 2648 761 taretur
2707 698 2777 763 in
2819 700 3028 765 filium
3061 724 3077 766 ε
3112 703 3224 767 sed
3266 703 3553 769 Christus
3605 704 3688 767 ab
3719 709 3948 769 aeterno
3981 762 3992 773 .

2404 802 2526 867 fuit
2551 804 2725 869 filius
2754 809 3112 873 secundum
3148 810 3435 874 divinam
3458 815 3756 875 naturam
3778 833 3795 888 ;
3826 816 3948 876 sta-

2405 910 2523 974 tim
2554 930 2707 976 cum
2733 913 2854 978 fuit
2871 913 3089 995 homo,
3118 917 3291 980 filius
3307 917 3433 981 fuit
3461 918 3811 982 secundum
3828 919 3948 983 bu-

2408 1036 2667 1084 manam
2700 1044 2714 1084 :
2766 1040 2947 1104 ergo,
2990 1029 3112 1089 etc.
3155 1024 3235 1089 Et
3270 1026 3423 1108 quia
3463 1026 3686 1092 multae
3717 1028 3799 1092 ad
3835 1028 3950 1092 hoc

2410 1120 2804 1188 inducuntur
2825 1127 3230 1235 auctoritates
3258 1127 3326 1192 in
3355 1129 3565 1193 littera
3584 1177 3603 1209 ,
3632 1130 3751 1193 ista
3778 1130 3947 1194 suffl-

2408 1228 2604 1293 ciant.

2926 1459 3440 1530 CONCLUSIO.

2412 1623 2684 1681 christvm
2705 1640 2814 1681 esse
2838 1627 3013 1697 filium
3040 1628 3355 1700 adoptivum
3383 1631 3503 1700 Dei,
3529 1631 3678 1687 nullo
3701 1630 3853 1687 modo
3878 1635 3952 1687 oet

2625 1718 3039 1789 admittmdum,
3066 1727 3294 1794 propter
3317 1725 3748 1779 extraneitutem.

2492 1876 2677 1960 Resp.
2752 1879 2833 1943 ad
2891 1897 3032 1960 arg.
3085 1879 3437 1945 Dicendum
3490 1883 3664 1965 quod
3722 1883 3953 1966 absque

2410 1983 2605 2049 dubio
2633 1985 2773 2049 11ωο
2810 2005 2943 2051 11011
2969 1988 3348 2066 admittitur,
3379 1989 3614 2054 scilicet
3641 1989 3954 2057 Christum

2410 2109 2546 2155 esse
2572 2091 2783 2156 fllium
2824 2092 2933 2158 Dei
2973 2113 3088 2177 per
3123 2096 3551 2178 adoptionem,
3583 2098 3722 2162 sive
3750 2101 3954 2181 prose-

2409 2196 2591 2257 ratur
2641 2195 3031 2277 simpliciter,
3061 2197 3198 2262 sive
3232 2216 3383 2263 eum
3410 2199 3950 2280 determinatione,

2412 2306 2631 2384 utpote
2660 2304 2715 2367 si
2761 2304 3032 2368 addatur
3064 2322 3082 2365 ε
3140 2330 3170 2366 ιι
3206 2305 3279 2369 111
3319 2311 3637 2388 quantum
3678 2308 3894 2374 home.
3918 2332 3945 2368 a

2413 2405 2594 2470 Ratio
2637 2412 2855 2472 autem
2884 2409 3085 2490 hujus
3108 2414 3227 2488 est,
3271 2411 3427 2492 quia
3451 2410 3677 2476 filiatio
3710 2412 3955 2494 respicit

2411 2531 2770 2594 personam,
2801 2514 2965 2580 sicut
2980 2515 3224 2579 dictum
3253 2522 3350 2580 est
3376 2535 3572 2600 supra
3595 2520 3746 2584 :sed
3771 2519 3956 2602 adop·

2411 2621 2500 2683 tio
2527 2620 2595 2683 in
2622 2621 2918 2713 adoptato
2964 2625 3403 2707 praesupponit
3450 2627 3951 2706 extraneitatem,

2412 2730 2475 2790 et
2501 2727 2682 2808 ponit
2726 2730 3258 2808 gratificationem
3273 2778 3292 2810 ,
3339 2737 3404 2795 et
3432 2732 3690 2797 ordinat
3714 2733 3794 2798 ad
3823 2753 3954 2817 pos-

2413 2833 2750 2897 sidendum
2802 2835 3238 2901 haereditatem
3296 2860 3310 2901 z
3372 2844 3437 2902 et
3471 2841 3592 2903 ista
3642 2846 3797 2905 sunt
3841 2841 3956 2905 tria

2413 2940 2847 3006 substantialia
2898 2942 3023 3024 ipsi
3076 2944 3427 3026 adoptioni.
3481 2945 3581 3009 Ad
3638 2945 3766 3010 1100
3808 2965 3956 3027 ergo

2413 3050 2585 3132 quod
2611 3051 2845 3134 aliquis
2871 3053 2954 3116 sit
2973 3053 3143 3116 tilius
3169 3072 3283 3137 per
3300 3055 3737 3137 adoptionem,
3758 3075 3958 3121 news-

2413 3160 2583 3224 sario
2603 3160 2951 3243 requiritur
2973 3162 3147 3243 quod
3161 3180 3431 3244 persona
3451 3162 3561 3227 illa
3587 3163 3825 3229 habeat
3845 3182 3956 3228 an-

2414 3271 2476 3331 te
2526 3268 2932 3351 adoptionem
2974 3268 3191 3351 aliquo
3233 3270 3423 3334 modo
3453 3272 3952 3347 extraneitatem,

2413 3375 2565 3458 quia
2591 3394 2726 3440 non
2747 3377 3132 3459 adoptantur
3158 3376 3271 3439 filii
3295 3377 3555 3459 proprii,
3591 3379 3705 3444 sed
3732 3378 3949 3455 alieni;

2414 3500 2665 3546 necesse
2692 3487 2786 3546 est
2806 3483 3001 3547 etiam
3028 3483 3203 3564 quod
3245 3483 3503 3566 recipiat
3524 3484 3774 3550 donum
3801 3504 3952 3567 gra-

2414 3589 2544 3668 tiae‚
2567 3608 2682 3671 per
2707 3590 2879 3673 quod
2899 3590 3232 3655 ordinatur
3257 3591 3338 3655 ad
3356 3592 3806 3673 possidendam
3833 3593 3954 3657 1110-

2395 3697 2769 3776 reditatum.
2796 3695 3104 3774 Quamvis
3134 3703 3354 3763 autem
3382 3700 3452 3763 in
3488 3700 3740 3765 Christo
3784 3718 3952 3765 com-

2413 3806 2631 3884 petant
2654 3803 2785 3868 duo
2814 3802 3062 3880 ultima,
3107 3805 3344 3870 scilieet
3360 3807 3589 3886 gratiae
3617 3807 3949 3890 susceptio,

2413 3918 2477 3978 et
2518 3912 2910 3978 haereditatio
2937 3912 3290 3977 secundum
3333 3917 3635 3977 naturam
3671 3931 3954 3995 assump-

2412 4025 2570 4097 tam,
2615 4021 3002 4085 extraneitas
3038 4025 3254 4084 tamen
3288 4039 3421 4085 non
3465 4023 3792 4105 competit.
3850 4020 3952 4086 llle

2413 4146 2692 4211 namque
2708 4132 3052 4194 extraneus
3070 4132 3165 4191 est
3189 4148 3228 4193 a
3242 4128 3568 4206 filiatione,
3590 4129 3705 4212 qui
3723 4131 3819 4194 est
3829 4145 3951 4192 non

2413 4236 2587 4299 filius
2633 4254 2651 4298 2
2694 4254 2826 4301 non
2881 4235 3055 4299 filius
3096 4240 3312 4300 autem
3363 4235 3708 4317 dupliciter
3759 4235 3953 4318 potest

2413 4345 2560 4423 dici,
2587 4344 2694 4408 vel
2721 4344 3043 4426 negative,
3074 4344 3178 4408 vel
3223 4344 3541 4407 contrarie
3582 4365 3598 4408 ε
3632 4363 3764 4410 11011
3791 4342 3953 4406 tilius

2413 4453 2712 4534 negative
2764 4452 2998 4517 dicitur
3022 4499 3039 4527 ,
3070 4450 3181 4533 qui
3208 4469 3343 4516 non
3368 4451 3560 4515 habet
3587 4451 3951 4516 filiationem

2417 4561 2546 4636 Dei,
2581 4561 2717 4624 sive
2742 4560 3095 4642 oppositam
3136 4558 3370 4622 habeat
3394 4557 3792 4634 filiationem,
3823 4557 3950 4620 sive

2415 4687 2543 4734 non
2556 4687 2576 4749 3
2607 4685 2741 4731 non
2767 4667 2935 4730 tilius
2960 4665 3295 4742 contrarie,
3330 4665 3470 4729 sive
3496 4666 3833 4747 privative,
3863 4663 3952 4727 di-

2414 4777 2579 4840 citur
2627 4774 2754 4852 ille,
2784 4773 2898 4855 qui
2937 4775 3033 4837 est
3079 4772 3249 4835 filius
3288 4772 3424 4836 irae.
3483 4772 3582 4836 Ad
3629 4772 3754 4837 hoc
3801 4788 3949 4851 ergo

2416 4882 2589 4965 quod
2611 4881 2828 4962 aliqua
2870 4896 3139 4960 persona
3163 4878 3245 4941 sit
3269 4878 3670 4960 adoptabilis,
3709 4896 3951 4943 necesse

2415 4995 2510 5054 est
2542 4989 2716 5072 quod
2743 4987 3095 5052 secundum
3113 5004 3299 5050 suam
3312 4987 3591 5069 primam
3612 4988 3946 5068 originem,

2418 5098 2521 5164 vel
2556 5097 2637 5160 sit
2678 5094 3046 5160 indifferens
3075 5094 3157 5158 ad
3196 5092 3570 5158 filiationem
3615 5094 3842 5176 gratiae
3893 5094 3952 5155 et

2419 5209 2558 5285 irae,
2580 5205 2683 5272 vel
2709 5204 2938 5269 habeat
2959 5202 3331 5267 filiationem
3363 5202 3499 5266 irae.
3528 5199 3610 5266 Et
3634 5202 3789 5285 quia
3813 5217 3948 5285 per-

2419 5370 2518 5422 tius
2549 5369 2732 5420 Euseb.
2764 5365 2945 5418 Emiss.
2974 5365 3071 5402 -δ
3097 5363 3212 5413 Rom
3236 5401 3254 5427 ,
3281 5373 3331 5426 1,
3354 5366 3400 5414 4.
3426 5364 3521 5400 -⁸
3552 5365 3663 5414 11110
3701 5361 3941 5425 Gennad.‚

2417 5446 2478 5497 de
2504 5444 2667 5498 Eoele.
2692 5443 2840 5507 Doq„
2868 5456 2916 5492 0.
2939 5452 2998 5492 11.
3219 5445 3224 5452 ·
