4185 6288
626 515 746 578 684

620 647 812 708 Quaest.
855 650 903 702 3.
934 649 1115 700 Utrum
1152 650 1315 714 gratia
1339 650 1443 714 illa,
1471 662 1587 715 quoe
1614 647 1710 699 ruit
1734 647 1789 699 in
1826 660 2014 699 conce-

681 719 856 784 ptione
884 722 938 772 in
965 723 1349 786 comparatione
1386 723 1448 773 ad
1480 721 1780 784 dignitatem
1817 724 2016 771 naturas

683 796 956 857 assumpte
972 830 988 856 ,
1020 797 1192 845 teneat
1227 795 1479 846 rationem
1515 791 1840 858 proprietatis
1864 796 2016 842 netu-

683 862 824 924 ralis‚
859 865 942 916 vel
963 865 1214 930 gratuitae.

623 937 746 986 Αιιτ.
779 947 862 987 111.

624 1006 814 1067 Quoest.
856 1011 903 1058 1.
939 1009 1120 1059 Utrum
1147 1007 1201 1057 in
1221 1007 1306 1057 illa
1329 1006 1665 1069 conceptione
1692 1003 1882 1069 aliquid
1908 1001 2021 1055 Vir·

687 1092 754 1143 go
799 1079 959 1129 Maria
995 1080 1146 1130 ruerit
1184 1078 1393 1144 spiritui
1437 1084 1616 1127 sancto
1673 1077 2022 1141 cooperatain

688 1151 874 1217 aliquo.
902 1153 1162 1203 mediante
1189 1153 1357 1216 aliqua
1374 1151 1621 1216 potentia.

630 1223 817 1282 Quoest.
851 1226 898 1274 2.
930 1226 1108 1275 Utrum
1135 1224 1220 1274 illa
1254 1223 1546 1287 cooperatio
1574 1223 1631 1272 B.
1662 1221 1888 1286 Virginis
1913 1220 2022 1271 fue·

687 1294 753 1344 rit
778 1296 1039 1358 naturalis,
1066 1296 1152 1347 vel
1178 1295 1501 1345 miraculosa.

632 1366 823 1427 Qurest.
867 1369 913 1418 3.
961 1369 1144 1420 Utrum
1190 1366 1347 1432 Virgo
1390 1366 1551 1418 Maria
1589 1365 1656 1416 sit
1691 1363 1907 1430 genitrix
1933 1364 2028 1416 Dei

695 1438 1013 1503 appellanda.

631 1510 778 1561 Dtsr.
805 1521 858 1561 v.

636 1581 897 1646 Expositio
932 1584 1118 1632 textus.

635 1655 761 1706 Aur.
789 1664 821 1701 1.
851 1653 1040 1713 Quoest.
1071 1658 1115 1703 1.
1152 1654 1333 1704 Utrum
1359 1663 1621 1702 assumere
1646 1650 1714 1700 sit
1739 1652 1884 1701 actus
1912 1662 2031 1700 con·

696 1724 911 1775 veniens
937 1726 1124 1776 divinoe
1149 1729 1362 1775 naturas.

633 1796 821 1857 Quaest.
853 1801 899 1849 2.
923 1799 1103 1849 Utrum
1126 1795 1388 1848 assumere
1411 1793 1687 1846 conveniat
1709 1793 1898 1845 divina
1916 1806 2032 1858 per·

695 1882 856 1919 sonae.

635 1940 825 2001 Quiest.
853 1941 901 1989 3.
924 1939 1106 1990 Utrum
1124 1939 1641 2003 assumere'personae
1665 1936 1938 1987 conveniet
1955 1948 2032 1986 ra-

695 2011 836 2061 tione
865 2015 1080 2072 naturas,
1107 2025 1174 2061 an
1203 2025 1232 2061 e
1261 2024 1534 2061 converso.

636 2085 827 2145 Quaest.
862 2084 908 2133 t.
945 2085 1125 2134 Utrum
1173 2096 1436 2134 assumere
1465 2081 1626 2146 possit
1646 2079 1924 2131 convenire
1957 2079 2033 2131 di-

694 2154 829 2204 viuoe
858 2159 1074 2217 naturae,
1106 2155 1364 2205 abstracta
1401 2153 1543 2204 omni
1576 2165 1812 2215 persona.

634 2229 824 2287 Quaest.
850 2230 896 2278 5.
930 2227 1109 2277 Utrum
1149 2227 1262 2277 haec
1304 2227 1370 2276 sit
1397 2223 1727 2276 concedenda
1758 2239 1772 2274 z
1808 2241 1835 2272 α
1854 2222 2038 2275 Divina

695 2301 877 2348 natura
904 2300 984 2348 est
1008 2311 1129 2348 caro
1153 2297 1303 2348 recta.
1323 2314 1351 2345 u

635 2372 759 2423 Αιιτ.
788 2382 850 2420 η.

633 2441 825 2502 Quaest.
859 2443 904 2489 1.
930 2441 1113 2492 Utrum
1134 2438 1524 2490 concedendum
1552 2438 1618 2490 sit
1649 2438 1787 2504 quod
1813 2436 2038 2488 humana

686 2517 871 2563 natura
895 2512 960 2562 sit
989 2518 1249 2577 assumpta
1274 2526 1306 2561 a
1333 2513 1461 2562 Deo.

633 2584 825 2645 Quoest.
864 2587 913 2634 2.
960 2585 1142 2636 Utrum
1189 2585 1327 2636 Deus
1371 2582 1707 2648 assumpserit
1757 2581 2037 2633 humanam

698 2669 995 2720 personam.

636 2726 827 2787 Quoest.
856 2731 902 2779 3.
945 2728 1127 2779 Utrum
1169 2726 1236 2778 sit
1264 2739 1459 2790 ponere
1493 2725 1830 2777 intentionem
1856 2739 2035 2788 perso-

696 2798 979 2849 sonatitatis
1006 2799 1060 2849 in
1082 2798 1254 2849 anima
1274 2802 1525 2862 separata,
1557 2797 1701 2848 omni
1728 2797 1916 2848 unione
1943 2795 2037 2846 cir·

697 2871 1023 2934 cumscripta.

636 2942 825 3003 Quoest.
856 2947 902 2994 4.
933 2945 1114 2995 Utrum
1152 2944 1542 2995 concedendum
1577 2942 1669 3007 sit,
1705 2941 1845 3005 quod
1897 2942 2034 2992 Deus

697 3015 1031 3079 assumpserit
1055 3015 1340 3065 hominem.

636 3086 827 3148 Quiest.
878 3089 925 3135 5.
971 3087 1154 3137 Utrum
1186 3085 1298 3136 haec
1333 3084 1669 3136 concedenda
1695 3083 1762 3135 sit
1795 3098 1809 3134 ε
1836 3083 2037 3134 «Filius

699 3158 789 3209 Dei
812 3158 1087 3223 assumpsit
1111 3157 1496 3209 humanitatem.
1517 3174 1545 3206 ι)

639 3231 787 3281 Drsr.
820 3241 894 3281 vr.

634 3302 896 3366 Expositio
920 3304 1107 3353 textus.

634 3376 761 3426 Aur.
791 3388 829 3426 1.

635 3448 827 3508 Quoest.
859 3450 906 3497 1.
928 3447 1111 3498 Utrum
1139 3445 1372 3497 Christus
1395 3444 1461 3495 sit
1487 3444 1610 3495 duo.

637 3519 826 3580 Quaest.
860 3520 908 3568 2.
936 3519 1119 3570 Utrum
1145 3531 1367 3582 persona
1405 3515 1592 3568 Christi
1621 3515 1687 3566 sit
1713 3527 1818 3565 une
1844 3514 2035 3567 unitate

696 3589 932 3654 simplici,
960 3593 1048 3641 ant
1075 3589 1378 3650 composita.

637 3661 829 3722 Quaest.
861 3662 911 3710 3.
939 3662 1118 3712 Utrum
1146 3659 1378 3711 Christus
1405 3659 1689 3710 secundum
1713 3658 1851 3723 quod
1875 3658 2034 3710 homo

699 3733 765 3784 sit
808 3732 1123 3794 substantia,
1156 3746 1222 3782 an
1249 3732 1408 3782 homo
1450 3730 1761 3796 praedicetur
1795 3744 1890 3795 per
1917 3745 2033 3782 mo·

700 3805 821 3855 dum
839 3804 1044 3854 habitus
1071 3809 1122 3854 et
1151 3803 1450 3854 accidentis.

638 3878 764 3929 Ater.
803 3888 865 3926 11.
911 3878 1101 3935 Quaest.
1145 3880 1189 3926 1.
1233 3876 1414 3926 Utrum
1447 3873 1572 3924 unio
1619 3872 1807 3924 divinae
1839 3877 2038 3926 naturae

700 3961 817 3998 cum
839 3947 1064 3998 humana
1091 3946 1357 3997 terminata
1381 3945 1448 3995 sit
1473 3945 1541 3996 ad
1567 3945 1816 3996 unitatem
1858 3959 2035 4009 perso-

700 4032 803 4081 nae,
832 4032 899 4068 an
921 4032 1046 4070 nou.

639 4090 830 4151 Quaest.
875 4092 923 4140 2.
962 4091 1142 4141 Utrum
1173 4088 1358 4139 modus
1411 4087 1541 4138 iliius
1571 4085 1777 4137 unionis
1822 4088 1887 4137 sit
1927 4089 2040 4140 sin-

701 4160 910 4226 gularis.
940 4174 1007 4211 an
1035 4160 1321 4226 reperiatur
1347 4159 1530 4224 aliquis
1554 4158 1763 4209 unionis
1781 4160 1966 4210 modus
1992 4163 2042 4213 ei

704 4232 1000 4283 consimilis.

641 4304 835 4365 Qutest.
861 4307 907 4355 3.
940 4306 1121 4358 Utrum
1152 4304 1235 4355 illa
1258 4304 1426 4355 unitas
1460 4306 1711 4368 quantum
1730 4302 1804 4369 ad„
1826 4305 2043 4368 gradum

703 4376 916 4428 excellat
938 4390 1119 4427 omnes
1146 4376 1365 4427 unitates
1390 4379 1607 4426 creatas.

640 4447 785 4498 Drsr.
817 4460 913 4500 vn.

640 4518 901 4582 Expositio
927 4522 1114 4569 textus.

640 4594 766 4645 Aur.
796 4607 833 4646 1.
869 4594 1060 4655 Quaest.
1087 4599 1132 4645 1.
1163 4595 1343 4646 Utrum
1365 4591 1450 4644 illa
1490 4592 1855 4660 propositiosit
1878 4607 2041 4650 vera:

704 4681 732 4713 α
755 4666 892 4717 Deus
914 4670 992 4717 est
1016 4667 1196 4717 homo.
1215 4683 1243 4714 u

640 4735 831 4796 Quaest.
860 4742 902 4787 2.
934 4739 1111 4789 Utrum
1137 4738 1252 4790 hoec
1277 4737 1344 4788 sit
1372 4737 1688 4789 admittenda
1709 4751 1768 4788 e«
1786 4739 1922 4790 Deus
1942 4739 2046 4792 fac-

701 4812 783 4859 tus
801 4814 881 4861 est
906 4809 1085 4861 homo.
1106 4825 1137 4858 s

640 4880 829 4940 Quaest.
861 4881 909 4931 3.
941 4883 1121 4932 Utrum
1154 4881 1267 4933 haec
1304 4881 1371 4931 sit
1412 4880 1747 4932 concedenda
1774 4895 1788 4933 :
1818 4898 1848 4931 α
1874 4882 2042 4935 Homo

700 4956 780 5002 est
808 4951 973 5002 tactus
1001 4954 1156 5004 Deus.
1179 4969 1206 5001 s

636 5024 766 5073 Aur.
797 5035 860 5074 ιι.
895 5024 1086 5083 Quaest.
1114 5029 1159 5077 1.
1184 5026 1368 5076 Utrum
1396 5023 1531 5075 filius
1567 5024 1662 5077 Dei
1693 5024 1762 5077 sit
1784 5026 2046 5092 pradesti-

697 5098 865 5146 natus.

639 5166 832 5226 Quaest.
860 5169 907 5219 2.
932 5169 1115 5220 Utrum
1132 5168 1217 5219 illa
1230 5168 1297 5219 sit
1311 5182 1433 5221 vera
1453 5184 1467 5219 z
1491 5168 1687 5221 «Filius
1708 5170 1801 5222 Dei
1818 5170 2045 5237 predes-

699 5239 889 5289 tinatus
916 5244 993 5291 est
1019 5253 1132 5292 esse
1160 5241 1337 5293 homo.
1365 5258 1393 5290 »ι

639 5309 832 5370 Quoest.
864 5312 910 5362 3.
945 5313 1125 5363 Utrum
1170 5313 1256 5363 illa
1301 5314 1368 5364 sit
1405 5313 1734 5368 concedenda
1773 5332 1788 5367 z
1829 5317 2044 5370 «Homo

697 5380 1088 5442 praedestinatus
1114 5388 1194 5436 est
1218 5398 1330 5439 esse
1353 5385 1485 5439 filius
1510 5386 1624 5440 Dei.
1645 5403 1675 5438 »

638 5456 786 5508 Disr.
816 5464 934 5504 vin.

639 5522 904 5597 Expositio
929 5526 1118 5576 textus.

2084 864 2172 912 103

2085 935 2172 984 105

2090 1149 2178 1199 106

2094 1294 2182 1345 109

2094 1439 2175 1487 111

2092 1511 2183 1559 112

2096 1582 2182 1630 116

2096 1721 2184 1772 118

2097 1866 2182 1914 121

2097 2008 2188 2057 122

2100 2153 2187 2203 123

2102 2291 2217 2345 125'

2102 2369 2190 2417 126

2102 2510 2188 2560 127

2102 2654 2191 2705 129

2103 2871 2186 2920 131

2101 3015 2189 3064 131

2101 3158 2191 3208 136

2103 3231 2191 3279 138

2100 3304 2189 3351 143

2102 3375 2190 3424 116

2101 3448 2189 3497 117

2083 3592 2187 3641 150

2102 3808 2192 3857 152

2105 4024 2193 4075 155

2105 4238 2196 4290 157

2105 4383 2194 4432 160

2106 4455 2196 4503 162

2107 4525 2197 4575 165

2108 4674 2198 4723 168

2109 4818 2199 4867 172

2109 4957 2199 5008 171

2110 5102 2197 5153 175

2112 5246 2199 5297 178

2110 5389 2200 5441 179

2112 5462 2202 5514 182

2112 5532 2202 5589 183

2082 510 2343 578 INDEX.

2278 648 2405 699 Aur.
2454 659 2496 698 1.
2530 647 2722 707 Quaest.
2767 649 2818 697 1.
2860 648 3043 699 Utrum
3070 647 3186 697 haec
3209 646 3275 697 sit
3301 645 3675 697 concedenda:

2343 719 2569 771 «Divina
2599 724 2780 770 natura
2817 724 2895 770 est
2921 721 2986 771 de
3017 720 3227 785 Virgine
3250 723 3370 769 nata
3406 735 3435 766 a

2280 792 2468 852 Quaest.
2509 795 2557 843 2.
2601 793 2780 844 Utrum
2806 791 2951 842 nasci
2978 792 3043 843 de
3080 791 3288 856 Virgine
3320 803 3444 840 vere
3479 790 3676 843 dicatur

2343 866 2406 915 de
2426 869 2605 916 natura
2629 870 2905 929 assumpta.

2283 938 2473 997 Quaest.
2512 940 2561 987 3.
2600 939 2781 990 Utrum
2806 938 2964 989 homo
2998 935 3253 987 veraciter
3281 935 3479 988 dicatur
3504 935 3570 986 de
3597 935 3677 985 di-

2345 1009 2467 1059 vina
2487 1012 2689 1059 natura.

2286 1083 2408 1133 Aur.
2442 1093 2499 1132 11.
2524 1083 2715 1142 Quaest.
2754 1085 2799 1131 1.
2830 1082 3011 1133 Utrum
3033 1079 3426 1132 concedendum
3441 1079 3507 1130 sit
3534 1079 3682 1131 Chri·

2326 1160 2483 1204 stum
2510 1155 2587 1204 bis
2605 1158 2780 1204 natum
2800 1166 2931 1204 esse.

2289 1227 2476 1286 Quoest.
2502 1229 2550 1276 2.
2572 1227 2753 1276 Utrum
2779 1225 2832 1274 in
2862 1224 3064 1276 Christo
3087 1223 3189 1274 siut
3207 1223 3474 1273 filiationes
3500 1222 3632 1273 dum.

2289 1300 2481 1362 Quoest.
2508 1299 2557 1346 3.
2587 1299 2769 1349 Utrum
2797 1296 3028 1347 Christus
3054 1295 3119 1346 sit
3144 1294 3277 1344 iilius
3318 1293 3561 1344 naturalis
3600 1307 3685 1343 ra-

2350 1369 2489 1419 tione
2531 1368 2796 1433 utriusque
2833 1367 3138 1432 nativitatis,
3165 1365 3401 1417 videlicet
3428 1371 3688 1430 tempora·

2350 1441 2430 1502 lis,
2457 1444 2509 1491 et
2533 1443 2762 1491 aeteruae.

2292 1515 2436 1564 Drsr.
2463 1524 2533 1563 11.

2294 1583 2552 1649 Expositio
2572 1585 2757 1634 textus.

2293 1659 2417 1706 Aur.
2435 1655 2675 1714 1.Quaest.
2707 1660 2755 1703 1.
2784 1655 2964 1705 Utrum
2992 1651 3157 1703 cultus
3174 1649 3339 1702 latriae
3366 1650 3433 1700 sit
3451 1648 3693 1701 exhiben-

2356 1727 2452 1776 dus
2476 1725 2808 1783 humanitati.
2836 1725 2943 1775 sive
2977 1723 3117 1775 carni
3145 1721 3350 1774 Christi.

2295 1800 2486 1859 Quaest.
2506 1801 2553 1849 2.
2572 1799 2754 1850 Utrum
2775 1796 2939 1847 cultus
2957 1796 3116 1846 latria
3146 1792 3379 1846 exhiheri
3400 1792 3586 1843 debeat
3600 1791 3726 1842 ima·

2359 1869 2466 1935 gini
2495 1870 2699 1920 Christi.

2297 1942 2469 2001 Quoest
2494 1943 2543 1991 3.
2574 1942 2756 1992 Utrum
2783 1939 2945 1991 cultus
2980 1938 3141 1989 latria
3168 1936 3321 1989 Matri
3355 1935 3469 2001 ejus
3512 1934 3698 1985 debeat

2359 2012 2607 2062 exhiberi.

2298 2085 2547 2145 Quaesm.
2563 2085 2745 2136 Utrum
2769 2082 2933 2133 cultus
2953 2080 3113 2133 latriae
3137 2080 3202 2132 sit
3227 2079 3546 2133 exhibendus
3560 2079 3703 2130 cruci

2361 2156 2565 2207 Christi.

2298 2229 2486 2289 Quoest.
2529 2231 2577 2278 5.
2622 2227 2804 2278 Utrum
2851 2224 2999 2276 latria
3042 2223 3332 2275 exhibenda
3353 2223 3418 2274 sit
3444 2222 3694 2274 memhris

2360 2298 2565 2351 Christi.

2299 2372 2484 2432 Quaest.
2504 2375 2551 2422 6.
2576 2372 2755 2423 Utrum
2779 2369 2943 2420 cultus
2955 2370 3116 2420 latriae
3134 2368 3296 2433 possit
3309 2366 3544 2419 exhiheri
3562 2366 3705 2418 Chri-

2360 2443 2424 2493 sti
2451 2441 2745 2493 adversario
2773 2441 2884 2492 sine
2906 2445 3139 2505 peccato.

2305 2516 2423 2564 Aur.
2453 2525 2511 2564 ιι.

2300 2584 2490 2643 Qumst.
2518 2590 2563 2635 1.
2588 2585 2771 2635 Utrum
2803 2581 2952 2633 latria
2972 2583 3038 2633 sit
3062 2583 3116 2633 in
3145 2594 3335 2647 genere
3356 2580 3577 2632 virtutis.

2299 2656 2489 2716 Quoest.
2521 2658 2569 2707 2.
2609 2657 2792 2708 Utrum
2829 2654 2978 2705 iatria
3014 2655 3080 2706 sit
3114 2655 3274 2705 virtus
3313 2651 3589 2718 generalis,
3621 2650 3705 2703 vel

2361 2728 2613 2792 specialis.

2300 2800 2491 2859 Quaest.
2528 2802 2576 2850 3.
2622 2800 2804 2851 Utrum
2845 2796 2994 2849 latria
3027 2797 3093 2848 sit
3122 2797 3287 2848 virtus
3314 2794 3604 2860 cardinalis,
3631 2809 3703 2845 an

2360 2871 2664 2937 theologica.

2300 2943 2488 3004 Quaesi.
2516 2948 2563 2996 1.
2599 2945 2782 2995 Utrum
2808 2941 2957 2994 latria
2976 2940 3043 2993 sit
3068 2940 3228 2992 virtus
3256 2938 3492 2990 distincta
3516 2953 3549 2990 a
3573 2937 3732 2990 dulia.

2299 3018 2444 3066 Disr.
2475 3030 2529 3065 x.

2302 3087 2564 3152 Expositio
2596 3090 2784 3139 textus.

2299 3162 2425 3212 Αιιτ.
2470 3174 2508 3212 1.
2556 3163 2747 3220 Quaest.
2779 3164 2826 3211 1.
2874 3158 3056 3209 Utrum
3098 3157 3213 3208 haec
3241 3154 3308 3206 sit
3339 3152 3657 3205 admittenda
3680 3167 3694 3205 ε

2364 3250 2391 3281 α
2408 3232 2635 3283 Christus
2657 3231 2940 3281 secundum
2967 3230 3105 3294 quod
3128 3229 3285 3279 homo
3313 3232 3392 3278 est
3412 3228 3605 3277 Deus.»

2301 3305 2489 3365 Quaest.
2518 3308 2566 3356 2.
2592 3304 2773 3355 Utrum
2809 3302 2895 3353 illa
2921 3302 2987 3353 sit
3013 3314 3136 3351 vera
3172 3314 3187 3349 τ
3216 3315 3244 3348 α
3263 3299 3493 3350 Christus
3517 3311 3703 3348 secun·

2360 3376 2483 3426 dum
2502 3376 2639 3440 quod
2666 3375 2824 3425 homo
2854 3377 2932 3424 est
2956 3385 3235 3437 persona.»

2298 3448 2487 3508 Quaest.
2516 3452 2564 3498 3.
2594 3449 2777 3500 Utrum
2805 3447 2902 3496 ista
2929 3446 2995 3496 sit
3028 3459 3152 3495 vera
3180 3458 3193 3494 ε
3218 3460 3246 3491 α
3264 3443 3495 3496 Christus
3514 3454 3700 3493 secun-

2360 3520 2482 3570 dum
2505 3520 2643 3583 quod
2672 3518 2831 3568 homo
2856 3523 2934 3568 est
2959 3516 3295 3568 individuum.
3313 3531 3341 3562 u

2299 3590 2423 3640 Αιιτ.
2458 3603 2520 3642 11.
2549 3592 2737 3650 Quaest.
2772 3595 2818 3640 1.
2847 3591 3030 3641 Utrum
3052 3586 3224 3639 filiatio
3246 3585 3538 3651 adoptionis
3560 3585 3627 3636 sit
3645 3584 3702 3636 in

2366 3663 2587 3714 Christo.

2298 3736 2491 3797 Quaest.
2535 3738 2584 3785 2.
2644 3737 2827 3787 Utrum
2865 3732 3040 3784 filiatio
3083 3732 3375 3798 adoptionis
3426 3730 3704 3783 conveniat

2361 3807 2511 3859 nohis
2539 3821 2630 3871 per
2656 3808 2932 3858 Christum.

2299 3880 2492 3940 Quaest.
2520 3882 2567 3931 3.
2600 3881 2777 3932 Utrum
2810 3877 2986 3928 filiatio
3026 3876 3317 3941 adoptionis
3351 3876 3419 3927 sit
3456 3874 3704 3927 in·nohis

2359 3965 2453 4015 per
2478 3949 2915 4015 comparationem
2939 3949 3005 3999 ad
3032 3949 3307 4001 Christum.

2298 4023 2448 4074 D1sr.
2479 4034 2553 4074 ιι.

2298 4094 2560 4159 Expositio
2593 4096 2782 4145 textus.

2299 4170 2424 4217 Aur.
2469 4178 2511 4217 1.
2551 4166 2743 4226 Quaest.
2780 4169 2825 4217 1.
2861 4167 3046 4218 Utrum
3085 4162 3468 4229 praedestinatio
3514 4158 3704 4212 Christi

2360 4241 2425 4290 sit
2447 4245 2635 4289 nostrae
2662 4237 3105 4301 praedestinationi
3134 4236 3431 4287 conformis.

2300 4312 2489 4371 Quaest.
2529 4313 2576 4360 2.
2615 4311 2796 4361 Utrum
2822 4309 3204 4374 praedestinatio
3244 4305 3430 4358 Christi
3461 4309 3701 4368 respectu

2360 4388 2550 4433 nostras
2577 4380 3041 4447 praedestinationis
3066 4381 3133 4430 sit
3156 4379 3325 4429 torma
3374 4376 3701 4438 exemplaris.

2301 4456 2488 4515 Quaest.
2535 4457 2583 4503 3.
2636 4455 2821 4505 Utrum
2858 4453 2909 4503 in
2942 4450 3389 4516 praedestinatione
3417 4448 3606 4500 Christi
3626 4461 3707 4498 re·

2362 4531 2539 4592 spectu
2567 4529 2758 4577 nostrae
2784 4524 2850 4575 sit
2874 4538 2996 4574 verat
3030 4524 3159 4574 ratio
3189 4519 3513 4572 causalitatis.

2303 4600 2425 4650 Aur.
2479 4612 2539 4651 11.
2583 4598 2776 4658 Quoest.
2824 4601 2870 4648 1.
2904 4597 3087 4647 Utrum
3109 4595 3221 4645 haec
3241 4593 3309 4643 sit
3330 4589 3698 4643 concedenda:

2366 4686 2395 4718 α
2421 4670 2649 4721 Christus
2688 4673 2767 4719 est
2799 4674 3053 4719 creatura.
3083 4683 3111 4715 s

2303 4743 2492 4803 Quaest.
2537 4745 2586 4792 2.
2627 4742 2807 4792 Utrum
2858 4740 2972 4790 hoec
3023 4739 3089 4789 sit
3133 4735 3503 4788 concedenda:
3530 4749 3560 4782 α
3598 4734 3703 4784 Iste

2362 4814 2521 4864 homo
2547 4811 2761 4876 incoepit
2782 4825 2894 4862 esse
2919 4811 3165 4873 Christus,
3192 4826 3221 4857 a
3251 4806 3454 4859 Christo
3490 4806 3703 4857 demon-

2365 4890 2546 4937 strato.

2304 4961 2496 5020 Quaest.
2534 4959 2583 5008 3.
2625 4958 2807 5009 Utrum
2832 4956 2950 5006 hoec
2985 4953 3054 5005 sit
3078 4951 3453 5006 concedenda:
3485 4951 3703 5003 «Homo

2365 5028 2579 5094 incoepit
2594 5042 2708 5079 esse
2736 5029 2890 5093 Deus.
2909 5042 2938 5075 n

2305 5106 2449 5154 Drsr.
2481 5113 2581 5152 xu.

2306 5173 2566 5236 Expositio
2593 5174 2781 5223 textus.

2302 5249 2429 5299 Aur.
2463 5259 2500 5296 1.
2537 5244 2727 5303 Quiest.
2760 5248 2806 5293 1.
2834 5243 3019 5294 Utrum
3043 5238 3273 5291 decuerit
3294 5235 3482 5289 Filium
3510 5234 3604 5287 Dei
3626 5249 3704 5286 as-

2364 5329 2567 5365 sumere
2607 5314 2884 5365 humanam
2909 5317 3147 5363 naturam
3172 5312 3238 5362 de
3263 5321 3436 5361 massa
3453 5308 3706 5374 perditio-

2362 5388 2465 5450 nis,
2491 5387 2601 5439 sive
2626 5387 2692 5437 de
2712 5399 2902 5451 genere
2932 5383 3113 5436 Adam.

2303 5460 2496 5522 Quoest.
2525 5462 2573 5510 2.
2605 5460 2788 5511 Utrum
2817 5469 3106 5523 congruum
3129 5453 3307 5515 hustet
3321 5452 3511 5519 :ipsum
3537 5451 3704 5505 Adam

3742 720 3833 771 ¹84

3746 864 3834 914 186

3745 1007 3832 1058 188

3748 1152 3837 1201 189

3745 1222 3837 1273 192

3748 1437 3838 1486 ist

3754 1507 3840 1557 196

3753 1579 3841 1628 197

3756 1721 3841 1771 199

3756 1864 3846 1914 202

3757 2007 3846 2056 201

3760 2150 3850 2203 206

3763 2297 3851 2346 208

3762 2440 3851 2487 210

3762 2509 3853 2559 212

3763 2580 3852 2630 213

3763 2723 3850 2774 211

3761 5095 3859 5145 259

3765 5166 3856 5216 ξ

3763 5381 3855 5433 261
