4185 6288
1293 465 1688 548 msTstfxvl.
1731 462 1921 530 ΛΒΤ.
1969 463 2018 526 1.
2060 458 2368 540 QUAES'r.
2412 462 2462 527 1.

296 626 437 672 sum
464 608 719 673 videtur
736 607 966 685 dicere,
996 624 1147 671 cum
1174 605 1327 671 dicit
1350 603 1523 685 quod
1550 601 1839 667 Christus

298 715 376 780 de
406 715 591 780 tertio
627 717 798 779 statu
824 713 1170 796 assumpsit
1193 708 1656 795 plenitudinem
1683 724 1841 789 gra·

298 822 441 901 tiae3
469 823 625 905 quia
650 823 859 904 gratia
880 839 1014 885 non
1045 818 1372 904 perficitur
1398 815 1523 879 nisi
1557 834 1669 897 per
1697 813 1841 895 glo-

298 934 456 997 riam
477 982 498 1013 ,
535 936 727 1016 juxta
767 932 925 998 illud
969 932 1139 1015 quod
1200 929 1351 994 dicit
1392 926 1731 1010 Apostolus
1761 937 1777 970 ¹
1817 944 1835 989 :

303 1040 455 1105 Cum
487 1043 747 1109 ,venerit
791 1040 965 1123 quod
985 1039 1341 1122 perfectum
1362 1042 1473 1115 est,
1504 1033 1842 1102 evacuabi-

300 1154 405 1214 tur
433 1147 609 1231 quod
634 1163 720 1214 ea·
741 1155 929 1231 parte
964 1154 1083 1215 est.
1118 1146 1291 1227 Ergo
1321 1143 1650 1229 plenitudo
1681 1159 1842 1224 gra-

300 1256 403 1320 tiae
457 1274 591 1321 non
645 1255 766 1319 fuit
816 1257 1143 1337 assumpta
1192 1250 1546 1318 secundum
1603 1253 1841 1314 statum

300 1363 446 1441 viae,
470 1363 583 1426 sed
604 1362 959 1427 secundum
984 1364 1221 1426 statum
1246 1359 1494 1443 patriae.

380 1468 569 1552 Resp.
627 1468 978 1535 Dicendum
1036 1467 1207 1551 quod
1270 1467 1376 1531 ille
1443 1463 1844 1548 quadruplex

299 1580 501 1641 status
544 1575 762 1640 reduci
800 1575 992 1640 habet
1037 1575 1118 1640 ad
1142 1574 1483 1657 duplicem.
1512 1570 1649 1637 Sub
1674 1576 1844 1635 statu

297 1685 471 1750 enim
494 1685 621 1750 viae
649 1683 1283 1767 comprehenduntur
1310 1685 1438 1745 tres
1463 1683 1685 1757 status,
1716 1677 1844 1742 sci-

298 1792 441 1857 licet
477 1791 861 1857 innocentiae
887 1838 905 1868 ,
951 1794 1204 1855 naturae
1248 1789 1445 1872 lapsae
1471 1836 1491 1865 ,
1540 1790 1603 1851 et
1645 1788 1847 1850 status

299 1900 420 1965 sub
457 1900 604 1980 lege
631 1898 880 1980 gratiae.
914 1897 1061 1962 Illos
1095 1901 1311 1961 autem
1339 1897 1617 1978 quatuor
1644 1897 1845 1956 status

299 2011 635 2071 enumerat
675 2005 977 2087 Magister
1001 2004 1083 2069 ad
1113 2005 1425 2086 majorem
1469 1998 1847 2065 declaratio-

303 2132 453 2179 nem
503 2113 945 2178 conditionum
972 2111 1173 2195 ipsius
1198 2115 1447 2175 naturae
1472 2111 1841 2188 assumptas.

301 2222 399 2285 Ad
426 2220 587 2285 illud
613 2220 786 2304 quod
813 2219 1134 2303 objicitur,
1159 2217 1332 2301 quod
1353 2215 1682 2298 plenitudo
1703 2231 1849 2295 gra-

302 2330 409 2393 tiae
435 2346 568 2393 non
594 2327 869 2392 habetur
893 2326 1015 2390 nisi
1041 2322 1397 2389 oecundum
1438 2326 1677 2386 statum
1704 2319 1850 2402 glo-

301 2436 416 2500 riae
432 2484 456 2514 ,
497 2435 844 2500 dicendum
894 2432 1063 2516 quod
1103 2435 1199 2497 est
1240 2428 1568 2514 plenitudo
1619 2426 1847 2509 gratias

303 2544 408 2608 vel
452 2542 845 2624 simpliciter,
889 2541 993 2606 vel
1033 2542 1327 2622 respectu
1356 2534 1568 2619 operis
1595 2534 1853 2598 merito·

304 2651 382 2715 rii
412 2673 429 2715 ι
458 2649 789 2734 plenitudo
831 2647 1058 2731 gratiae
1102 2644 1471 2729 simpliciter
1506 2644 1744 2724 spectat
1768 2639 1850 2704 ad

305 2762 547 2823 statum
573 2756 823 2840 gloriae,
860 2755 1025 2820 sicut
1049 2753 1150 2835 obj
1158 2752 1267 2817 icit
1291 2774 1309 2830 ;
1345 2747 1675 2833 plenitudo
1694 2764 1850 2812 vero

301 2868 596 2949 respectu
636 2864 847 2948 operis
887 2861 1195 2927 meritorii
1240 2862 1478 2942 spectat
1499 2855 1580 2920 ad
1605 2856 1845 2919 statum

303 2975 453 3041 viae.
498 2973 577 3039 Et
609 2974 688 3039 de
712 2973 834 3037 hac
861 2968 1162 3051 intelligit
1189 2965 1493 3049 Magister
1526 2966 1589 3029 in
1616 2963 1848 3039 littera,

305 3081 472 3146 sicut
498 3083 672 3165 patet
695 3082 933 3164 aperte,
964 3080 1086 3142 etc.

725 3291 1282 3367 ARTICULUS
1335 3292 1393 3362 1.

389 3488 490 3552 Ad
518 3484 1004 3568 intelligentiam
1044 3482 1246 3566 hujus
1276 3481 1472 3566 partis
1497 3479 1719 3544 incidit
1750 3479 1857 3543 hic

312 3593 586 3678 quaestio
613 3592 691 3656 de
716 3590 1007 3675 passione
1032 3589 1267 3654 doloris
1294 3588 1363 3652 in
1383 3587 1666 3652 Christo:
1692 3586 1859 3651 circa

314 3720 512 3786 quam
552 3698 982 3784 principaliter
1018 3699 1403 3781 quaeruntur
1447 3694 1575 3760 duo
1602 3717 1619 3759 :
1651 3694 1859 3777 primo

315 3809 492 3873 enim
528 3805 984 3890 inquirendum
1033 3808 1128 3870 est
1155 3804 1233 3868 de
1260 3803 1553 3887 passione
1582 3802 1820 3868 doloris
1837 3850 1857 3881 ,

316 3919 511 3999 prout
548 3914 805 3998 respicit
847 3913 1131 3978 animam
1168 3916 1230 3976 et
1268 3929 1526 3976 carnem
1561 3928 1861 3975 commu-

319 4024 524 4102 niter;
554 4022 834 4087 secundo
865 4038 1047 4100 ver0,
1074 4022 1266 4104 prout
1296 4018 1550 4101 respicit
1577 4018 1862 4081 animam

319 4130 696 4216 specialiter.
733 4128 908 4194 Circa
947 4127 1232 4211 primum
1276 4128 1654 4209 quaeruntur
1687 4123 1859 4188 tria:

323 4240 531 4323 primo
563 4237 876 4320 quaeritur
903 4236 981 4301 de
1002 4234 1235 4300 doloris
1252 4224 1557 4311 veritate;
1584 4230 1864 4296 secundo

323 4347 403 4412 de
433 4346 670 4412 doloris
705 4343 1078 4422 acerbitate;
1108 4341 1294 4407 tertio
1317 4340 1397 4406 de
1424 4338 1699 4417 dolendi,
1728 4336 1865 4402 sive

323 4452 605 4538 patiendi
632 4451 1025 4518 necessitate.

873 4629 1232 4712 QUAESTlo
1275 4629 1324 4695 1.

460 4740 561 4861 An:
586 4805 649 4860 in
676 4802 887 4862 cru-isto
911 4802 1082 4871 mei-it
1106 4814 1236 4857 vera
1258 4801 1442 4872 passio
1470 4797 1670 4857 doloris
1698 4802 1737 4851 ¹.

124 4981 303 5032 ruam.
409 4966 636 5035 Utrum
662 4967 733 5030 in
772 4964 1023 5030 Christo
1061 4961 1255 5026 fuerit
1294 4977 1449 5026 vera
1493 4960 1705 5045 passio
1749 4960 1869 5026 do·

332 5078 518 5158 loris3
556 5082 620 5142 et
645 5073 819 5159 quod
846 5075 960 5150 sic,
994 5071 1249 5136 videtur
1274 5071 1344 5134 ⁸:
1381 5068 1684 5138 Vidimus
1726 5085 1866 5137 eum

402 5240 607 5297 ¹1Cor.‚
628 5236 846 5296 1111,10.
865 5234 955 5271 -2
975 5234 1056 5297 Cf.
1079 5235 1131 5285 S.
1150 5232 1330 5283 Thom.
1350 5248 1403 5296 p.
1420 5234 1505 5294 lli,
1522 5248 1573 5297 q.
1596 5244 1681 5296 xv,
1703 5237 1800 5283 art.
1821 5234 1869 5294 ὃς

338 5318 388 5361 vt
425 5312 483 5361 lll
521 5312 680 5369 Seni„
714 5308 831 5357 dist.
864 5317 946 5368 xv,
982 5320 1031 5370 q.
1057 5317 1133 5368 11,
1160 5306 1258 5354 art..
1286 5307 1344 5367 3,
1368 5318 1415 5369 q.
1450 5316 1495 5367 13
1525 5304 1661 5354 etde
1693 5304 1870 5367 Ver-it„

339 5401 385 5446 q.
419 5394 557 5445 xxm,
598 5386 692 5431 art.
726 5381 783 5441 85
828 5381 879 5425 el
911 5375 1082 5438 opusc.
1122 5375 1207 5437 ΙΙΙ,
1237 5388 1282 5423 c.
1324 5386 1620 5438 ccxxxvl113
1657 5376 1871 5436 scotus,

342 5456 404 5504 nl
444 5457 601 5516 Sene„
634 5452 754 5502 dist.
780 5459 868 5510 xv,
896 5462 947 5511 q.
977 5458 1028 5510 1;
1059 5445 1307 5508 Durand.,
1334 5446 1400 5495 ΙΙΙ
1430 5445 1590 5509 Sene„
1617 5447 1735 5497 dist.
1765 5459 1865 5509 xv,

3372 465 3491 531 329

1950 597 2378 664 novissimum
2428 599 2716 665 virorum
2733 647 2754 680 ,
2802 602 3020 667 virum
3072 599 3390 680 dolorum,
3441 606 3500 667 et

1947 706 2255 771 scientem
2309 705 2780 785 infirmitatem.
2837 706 2963 772 Sed
3025 710 3270 773 constat
3328 705 3502 790 quod

1949 830 2083 876 non
2110 812 2411 893 intelligit
2437 812 2752 897 Propheta
2794 815 2873 880 de
2913 814 3173 879 scientia
3201 813 3537 897 simplicis.

1949 918 2194 983 notitiae
2240 941 2254 981 :
2304 936 2463 1000 ergo
2509 920 2811 1001 intelligit
2867 920 2946 985 de
3009 921 3270 985 scientia
3312 939 3502 1002 expe-

1948 1026 2197 1091 rientiae
2233 1045 2250 1090 ι
2287 1043 2446 1108 ergo
2491 1044 2643 1092 vere
2686 1030 2991 1111 expertus
3037 1030 3133 1092 aet
3176 1027 3500 1110 passiones
3577 1043 3579 1046 ’

1950 1132 2208 1197 doloris.

2032 1239 2192 1304 Item
2221 1240 2288 1302 in
2314 1257 2584 1322 persona
2604 1242 2747 1322 ejus
2770 1240 3002 1305 dicitur
3028 1240 3097 1305 in
3135 1239 3387 1305 Psalmo
3414 1245 3438 1280 ⁶
3472 1263 3489 1305 z

1950 1346 2083 1429 Eoo
2111 1363 2252 1412 sum
2278 1362 2527 1429 pauper
2553 1356 2612 1413 et
2638 1347 2875 1414 dolens.
2900 1349 3024 1413 Sed
3043 1347 3326 1414 Christus
3345 1366 3495 1414 vere

1951 1454 2075 1519 fuit
2098 1474 2341 1539 pauper
2375 1460 2438 1520 et
2465 1456 2795 1521 mendicus
2822 1457 3253 1540 temporaliter
3293 1477 3309 1521 ε
3341 1474 3500 1538 ergo

1953 1579 2108 1627 vero
2135 1561 2350 1626 dolore
2375 1562 2496 1626 fuit
2516 1563 2807 1628 afflictus.
2993 1583 2998 1589 ·

2034 1668 2214 1748 Item,
2265 1669 2482 1733 anima
2534 1673 2876 1754 conjuncta
2922 1671 3173 1755 corpori
3220 1669 3502 1754 passibili

1952 1795 2105 1841 vere
2161 1775 2350 1855 dolet,
2401 1793 2664 1860 corpore
2713 1779 2987 1860 patiente
3039 1800 3058 1844 ι
3119 1778 3228 1843 sed
3286 1778 3506 1843 anima

1954 1881 2183 1946 Christi
2201 1883 2429 1963 juncta
2455 1883 2578 1947 fuit
2602 1885 2817 1964 carni,
2870 1904 3021 1968 quae
3067 1904 3201 1949 non
3255 1889 3503 1950 tantum

1957 1988 2296 2072 passibilis,
2327 1988 2460 2054 imo
2480 1989 2671 2054 etiam
2693 2009 2879 2074 passa
2903 2013 2920 2056 :
2952 2010 3108 2074 ergo
3133 2010 3362 2057 verum
3388 1992 3502 2060 do·-

1957 2097 2158 2162 lorem
2188 2097 2311 2162 fuit
2335 2115 2649 2180 perpessa.

2036 2203 2219 2283 Item,
2252 2204 2589 2269 satisfactio
2617 2206 2779 2269 tacta
2804 2208 2900 2271 est
2935 2225 3053 2288 per
3092 2224 3350 2290 poenam
3388 2207 3504 2271 do-

1956 2310 2113 2375 loris
2181 2332 2197 2374 :
2268 2311 2378 2376 sed
2449 2310 2738 2376 Christus
2810 2314 3119 2378 veraciter
3186 2314 3503 2389 satisfecit,

1957 2417 2111 2500 quia
2136 2417 2159 2452 ⁸
2185 2433 2327 2482 vere
2375 2416 2715 2499 lanquores
2759 2425 3011 2486 nostros
3047 2421 3186 2502 ipse
3236 2420 3421 2499 tulit,
3451 2426 3509 2486 et

1957 2523 2204 2591 dolores
2229 2529 2478 2592 nostros
2504 2527 2641 2607 ipse
2664 2528 2948 2607 portavit
2968 2547 2992 2590 .·
3013 2544 3171 2609 ergo
3197 2528 3510 2594 veraciter

1957 2630 2185 2695 doluit.

2040 2738 2223 2816 Item,
2270 2758 2403 2805 non
2442 2744 2538 2804 est
2578 2759 2894 2822 magnum
2930 2742 3084 2824 quid
3124 2741 3359 2809 habere
3391 2763 3508 2828 pa-

1957 2847 2251 2911 tientiam
2277 2846 2348 2910 in
2372 2846 2481 2911 illa
2504 2847 2813 2930 passione,
2850 2867 3000 2932 quae
3038 2850 3292 2915 nullum
3317 2851 3511 2917 infert

1960 2953 2245 3019 dolorem
2306 2977 2324 3019 ε
2390 2954 2499 3019 sed
2568 2955 2874 3037 patientia
2923 2956 3157 3022 Christi
3228 2958 3508 3024 multum

1961 3061 2444 3127 commendatur
2470 3061 2541 3126 in
2569 3062 2907 3128 tolerantia
2922 3064 3297 3149 passionum
3317 3083 3509 3149 :ergo

1962 3170 2216 3235 videtur
2259 3169 2433 3253 quod
2490 3160 2777 3237 Christus
2829 3191 3062 3239 verum
3112 3173 3397 3239 dolorem
3445 3174 3513 3237 in

1962 3277 2301 3361 semetipso
2329 3278 2728 3360 persenserit.

2046 3384 2227 3465 ltem,
2259 3389 2371 3450 aut
2385 3403 2548 3477 ‚vere
2575 3386 2934 3469 patiebatur
2981 3391 3044 3452 et
3087 3387 3369 3465 dolebat,
3397 3392 3516 3453 aut

1965 3510 2098 3557 non
2130 3515 2146 3556 ι
2179 3492 2234 3556 si
2256 3511 2430 3573 vere,
2461 3492 2551 3557 sic
2583 3494 2788 3559 habeo
2826 3494 3262 3577 propositum;
3302 3495 3517 3558 sinon

1966 3616 2119 3663 vere
2140 3598 2523 3682 patiebatur,
2550 3603 2614 3664 et
2641 3601 2976 3667 videbatur
3024 3601 3152 3684 pati
3165 3648 3184 3680 ,
3227 3618 3384 3683 ergo
3413 3618 3515 3665 se-

1966 3705 2237 3771 ducebat
2262 3708 2479 3772 oculos
2505 3709 2923 3792 spectantium
2949 3708 3022 3773 in
3049 3726 3168 3773 sua
3195 3707 3514 3791 passione,

1965 3813 2108 3896 pari
2144 3814 2389 3907 ratione
2442 3818 2503 3879 et
2545 3815 2615 3878 in
2646 3816 2930 3898 qualibet
2960 3816 3086 3879 alia
3124 3834 3240 3880 sua
3287 3832 3516 3898 opera-

1967 3919 2175 4000 tione;
2268 3925 2332 3986 et
2415 3921 2471 3986 si
2560 3921 2714 4002 hoc,
2801 3926 3012 3988 totum
3092 3922 3517 4005 Evangelium

1971 4030 2067 4090 est
2103 4025 2506 4093 mendacium
2521 4075 2540 4109 ,
2586 4032 2651 4094 et
2699 4031 2841 4112 ejus
2875 4030 3181 4095 miracula
3223 4028 3409 4107 falsa,
3456 4032 3520 4091 et

1971 4132 2130 4198 fides
2163 4134 2507 4200 christiana
2541 4136 2754 4201 inanis
2791 4155 2906 4220 per
2949 4138 3167 4203 omnia
3201 4156 3219 4201 ε
3262 4136 3318 4201 si
3356 4153 3517 4217 ergo

1971 4240 2351 4323 hujusmodi
2377 4245 2530 4308 sunt
2550 4244 2707 4317 falsa
2730 4248 2794 4310 et
2818 4264 3106 4324 erronea,
3136 4249 3350 4325 restat,
3393 4255 3516 4312 etc.

2052 4348 2178 4414 Sed
2205 4354 2425 4416 contra
2455 4372 2472 4416 ε
2504 4357 2565 4416 1.
2590 4350 2897 4435 HilariuS,
2942 4353 3020 4419 de
3065 4354 3386 4421 Trinitate
3431 4360 3453 4395 ⁸
3490 4376 3517 4419 .·

1982 4480 2014 4518 «ι
2040 4456 2257 4523 Virtus
2269 4459 2551 4542 corporis
2567 4460 2706 4526 sine
2717 4480 2910 4526 sensu
2926 4478 3132 4544 poenae
3153 4462 3288 4526 vim
3307 4479 3516 4545 poenae

1972 4564 2044 4627 in
2083 4582 2153 4630 se
2178 4565 2585 4631 desaevientis
2615 4568 2882 4651 excepit.
2916 4589 2948 4627 a
2980 4567 3104 4633 Sed
3128 4584 3322 4633 verus
3338 4569 3521 4634 dolor

1973 4691 2108 4737 non
2135 4677 2231 4737 est
2256 4674 2392 4738 sine
2429 4691 2624 4738 sensu
2663 4692 2873 4758 poenae
2910 4696 2927 4738 ε
2959 4692 3117 4756 ergo
3160 4675 3228 4739 in
3274 4674 3521 4747 Christo

1974 4797 2106 4844 non
2133 4780 2253 4844 t'uit
2277 4798 2472 4846 verus
2496 4780 2697 4845 dolor.

2054 4892 2118 4952 2.
2144 4886 2303 4952 Item
2329 4886 2665 4971 Dionysius
2678 4888 2756 4953 de
2777 4888 3017 4953 Joanne
3042 4887 3522 4971 Evangelista⁷z

1985 5020 2018 5059 α
2070 4994 2252 5060 Absit
2293 4999 2369 5060 ut
2422 5014 2546 5079 ego
2591 4996 2681 5060 ita
2730 4996 3047 5063 insaniam
3067 5047 3089 5078 ,
3144 5001 3216 5063 ut
3268 4997 3521 5063 credam

1979 5173 2028 5223 q.
2062 5171 2113 5221 13
2145 5157 2433 5221 Stephanus
2458 5156 2666 5217 Brulel’.,
2691 5158 2752 5208 ΙΙΙ
2778 5157 2938 5219 sent..
2961 5159 3081 5209 dist.
3102 5170 3218 5221 xv1,
3244 5174 3294 5224 q.
3321 5171 3362 5211 1·
3389 5161 3525 5212 Mar-

1983 5199 3534 5356 „⁸⁶-m5-253351215’32

1987 5373 2187 5433 Triuia,
2202 5372 2288 5423 lib.
2321 5374 2383 5436 Χ,
2407 5387 2461 5423 n.
2492 5375 2631 5421 23.-
2650 5374 2670 5408 ⁷
2687 5374 2839 5423 Dion.
2864 5376 3051 5437 Areop.
3071 5373 3142 5424 ad
3152 5376 3296 5425 Joan.
3315 5378 3531 5440 Evanq„

1984 5444 2139 5507 Epist.
2166 5444 2279 5507 ult„
2308 5457 2419 5508 quae
2446 5442 2621 5507 incipit
2645 5460 2664 5493 .-
2691 5444 2869 5496 Saluto
2894 5449 2942 5495 te
2969 5445 3201 5497 Sanctam
3228 5450 3468 5500 animm.

3545 4417 3612 4461 Ad
3628 4427 3732 4472 opp.
