4185 6288
360 2845 567 2890 Fundam.

606 504 728 568 390

606 636 969 719 plenissime
988 633 1325 711 habitavit,
1343 633 1511 698 sicut
1525 632 1650 698 fuit
1659 632 1878 698 anima
1895 631 2149 699 Christi.

685 748 747 808 5.
771 742 870 809 Ad
896 741 1056 808 illud
1074 740 1582 824 quodobjicitur,
1609 741 1782 824 quod
1800 740 1961 806 illud
1978 740 2154 824 quod

605 852 768 915 inest
795 870 835 915 a
863 849 1215 934 primordio
1239 847 1639 926 conditionis,
1670 848 1834 912 inest
1866 846 2148 928 aliunde,

604 956 947 1022 dicendum
969 956 1142 1039 quod
1167 956 1225 1020 si
1249 955 1647 1038 intelligatur
1673 955 1833 1019 illud
1858 955 2147 1038 praecise,

602 1064 691 1130 ita
716 1064 889 1148 quod
915 1064 1134 1130 anima
1161 1064 1388 1130 Christi
1403 1082 1471 1129 se
1487 1063 1721 1128 habeat
1744 1062 2151 1127 solummodo

603 1190 715 1255 per
742 1172 1009 1237 modum
1036 1170 1457 1254 suscipientis„
1485 1175 1550 1235 et
1575 1170 1758 1236 nullo
1783 1171 1976 1237 modo
2001 1187 2148 1235 coo-

600 1279 904 1362 perantis,
928 1297 1064 1345 non
1087 1278 1281 1344 habet
1309 1278 1646 1344 veritatem
1681 1301 1698 1344 :
1733 1279 1942 1362 potuit
1974 1279 2149 1343 enim

601 1386 721 1470 ipsi
749 1387 985 1453 animae
1011 1387 1173 1464 dari,
1203 1391 1277 1452 ut
1304 1389 1756 1469 cooperaretur
1780 1385 1908 1450 Deo
1933 1385 2152 1451 statim

600 1511 753 1558 eum
779 1493 923 1573 fuit,
962 1498 1026 1559 et
1063 1493 1156 1558 ita
1180 1494 1353 1575 quod
1377 1492 1618 1576 aliquid
1654 1491 1920 1557 haberet
1952 1491 2022 1555 in
2051 1510 2146 1572 se,

598 1601 771 1683 quod
796 1619 927 1666 non
952 1606 1208 1667 tantum
1220 1605 1383 1666 esset
1406 1599 1685 1681 aliunde,
1705 1618 1935 1666 verum
1953 1599 2148 1666 etiam

599 1726 638 1772 a
684 1726 754 1773 se
800 1727 820 1772 ε
859 1712 923 1773 et
952 1708 1048 1772 sic
1093 1708 1300 1792 potuit
1338 1725 1477 1772 esse
1502 1707 1571 1772 in
1604 1710 1752 1772 actu
1774 1706 2052 1787 virtutis,
2083 1712 2151 1773 et

598 1815 902 1881 exercitio
922 1816 1156 1881 meriti.
1186 1814 1253 1880 Si
1280 1815 1425 1898 quis
1449 1832 1610 1897 ergo
1644 1814 1800 1880 velit
1831 1815 2148 1882 sustinere

597 1922 772 1986 hunc
798 1923 1066 1988 modum
1088 1922 1361 1999 dicendi,
1408 1940 1546 1988 non
1585 1923 1838 1987 videtur
1865 1923 2146 1990 multum

596 2028 854 2095 deviare
884 2049 924 2095 a
947 2030 1386 2113 probabilitate
1416 2029 1705 2110 rationis,
1729 2048 1848 2094 nec
1873 2030 2066 2096 etiam
2105 2050 2146 2098 a

597 2137 827 2220 pietate
855 2138 1027 2216 fidei,
1057 2157 1228 2221 quae,
1270 2143 1512 2222 quanto
1552 2139 1701 2223 plus
1741 2142 1978 2222 potest,
2024 2139 2145 2223 ipsi

597 2245 844 2311 Christo
874 2245 1101 2327 gratiae
1127 2250 1194 2311 et
1218 2244 1484 2312 honoris
1508 2246 1818 2311 attribuit.

1090 2464 1504 2545 QUAESTIO
1543 2464 1633 2529 11.

597 2630 692 2689 An
720 2630 961 2689 Christus
996 2630 1251 2687 merua-it
1285 2628 1505 2702 aliquid
1529 2633 1655 2702 post
1690 2631 2080 2702 conceptionem
2101 2631 2143 2687 ¹.

678 2789 907 2856 Utrum
933 2788 1219 2856 Christus
1237 2789 1479 2872 aliquid
1500 2789 1805 2854 meruerit
1831 2794 1973 2874 post
1989 2809 2145 2856 con-

597 2900 992 2981 ceptionem,
1034 2902 1099 2963 et
1140 2897 1312 2980 quod
1351 2897 1463 2977 sic,
1487 2897 1743 2962 videtur
1785 2904 1810 2941 ⁸
1858 2921 1874 2963 t
1909 2899 2149 2966 Humi-

596 3005 790 3073 liavit
832 3005 1245 3087 semetipsum
1315 3020 1511 3087 usque
1582 3003 1674 3069 ad
1731 3010 2015 3072 mortem.
2067 3005 2150 3072 Et

598 3115 786 3197 post:
820 3111 1083 3196 Propter
1107 3111 1280 3196 quod
1307 3117 1365 3180 et
1391 3116 1557 3180 Deus
1584 3112 1900 3182 exaltavit
1934 3113 2144 3194 illum,

598 3228 717 3290 etc.
748 3223 871 3290 Sed
894 3224 1225 3289 humilitas
1248 3243 1383 3289 non
1406 3227 1500 3289 est
1510 3243 1703 3290 causa
1721 3224 2146 3301 exaltationis,

599 3330 725 3396 nisi
767 3349 885 3414 per
913 3331 1179 3398 modum
1215 3333 1425 3396 meriti
1471 3350 1490 3396 t
1541 3332 1596 3396 si
1635 3349 1796 3412 ergo
1831 3331 1972 3396 haec
2027 3330 2152 3396 fuit

599 3442 745 3524 post
768 3441 1243 3523 conceptionem
1261 3490 1279 3520 ‚
1311 3457 1471 3522 ergo
1498 3439 1787 3505 Christus
1816 3444 1960 3523 post
1993 3457 2148 3505 con-

600 3548 956 3632 ceptionem
981 3547 1223 3631 aliquid
1250 3547 1507 3612 meruit.

682 3655 841 3722 Item
883 3656 1319 3738 Augustinus,
1364 3657 1642 3719 tractans
1678 3652 1837 3718 illud
1871 3655 2151 3720 verbum

601 3763 1029 3848 praemissum,
1057 3763 1148 3828 ait
1171 3764 1244 3804 ⁸·
1228 3785 1311 3827 ,α
1340 3761 1683 3829 Humilitas
1721 3760 2022 3826 claritatis
2055 3765 2154 3826 est

603 3872 930 3953 meritum,
961 3871 1212 3936 claritas
1228 3870 1711 3936 humilitatisest
1726 3868 2091 3952 praemium.
2111 3888 2144 3928 ι

604 3977 673 4046 Si
703 3997 861 4062 ergo
887 3978 1250 4044 humiliatio
1289 3979 1363 4042 in
1388 3977 1633 4042 Christo
1666 3976 2005 4041 subsecuta
2028 3974 2154 4039 fuit

603 4087 812 4171 ipsam
851 4086 1325 4169 conceptionem
1340 4132 1359 4163 ,
1420 4084 1772 4151 necessario
1814 4083 2008 4150 etiam
2042 4100 2153 4149 se-

604 4195 829 4279 quitur
862 4194 1035 4277 quod
1076 4192 1384 4258 meruerit
1420 4195 1760 4276 postquam
1809 4194 2154 4275 conceptus

603 4302 814 4367 fuerit.

687 4407 870 4488 Item,
900 4405 969 4473 in
999 4405 1161 4472 libro
1202 4404 1280 4471 de
1306 4404 1544 4489 repulia
1587 4403 1771 4486 fidei,
1802 4406 2037 4474 Mereri
2064 4406 2156 4473 ita

545 4483 579 4524 ‘⁵
607 4515 921 4583 diffinitur
963 4532 982 4580 ε
1022 4513 1250 4581 Meteri
1280 4513 1454 4596 apud
1492 4512 1697 4579 Deum
1732 4512 1984 4592 dicitur,
2035 4513 2154 4598 qui

607 4624 783 4690 nulla
808 4622 1176 4690 necessitate
1221 4621 1589 4705 compulsus
1629 4621 1753 4687 hoc
1782 4622 1952 4701 facit,
1980 4622 2154 4706 quod

605 4730 809 4797 tacere
832 4730 1037 4796 debet.
1078 4751 1109 4789 ι
1166 4726 1291 4793 Sed
1334 4729 1457 4793 hoc
1495 4728 1642 4794 tecit
1686 4728 1971 4795 Christus
2011 4733 2155 4813 post

606 4856 792 4904 suam
823 4836 1300 4920 conceptionem
1347 4855 1365 4901 t
1403 4854 1563 4921 ergo
1590 4836 1762 4921 apud
1787 4836 1993 4905 Deum
2020 4854 2153 4903 me-

607 4949 848 5118 rultem
864 5068 1061 5136 opera
1077 5050 1305 5117 Christi
1322 5052 1584 5118 fuerunt
1597 5051 1800 5117 multo
1811 5049 2150 5130 nobiliora,

607 5177 806 5243 quam
842 5166 996 5226 sunt
1032 5159 1265 5226 merita
1302 5158 1580 5226 aliorum
1615 5162 1986 5225 sanctorum
2039 5178 2056 5223 z
2097 5156 2153 5222 si

676 5356 693 5391 ¹
712 5356 793 5419 Cf.
813 5355 955 5407 Alex.
973 5354 1169 5417 Aleum,
1187 5370 1241 5420 p.
1266 5355 1352 5413 ΙΙΙ,
1372 5370 1421 5420 q.
1436 5367 1563 5418 xvn,
1582 5357 1775 5407 memb.
1793 5340 1847 5419 t';
1865 5358 1918 5409 S.
1943 5355 2147 5419 Thom„

612 5444 665 5494 p.
696 5429 850 5494 lll,q.
876 5441 986 5488 xrx,
1006 5433 1101 5478 art.
1132 5432 1179 5489 33
1205 5433 1257 5477 et
1279 5429 1338 5477 ιΙΙ
1370 5430 1658 5489 Sene.,dist.
1676 5440 1894 5493 xv1n,q.
1922 5441 1957 5489 1,
1979 5434 2075 5479 art.
2099 5433 2147 5493 2;

608 5503 662 5552 et
685 5499 748 5549 de
770 5499 945 5560 Ver-it„
982 5513 1033 5564 q.
1065 5509 1153 5549 ιιι
1175 5534 1191 5560 ,
1216 5502 1312 5549 art.
1340 5501 1399 5562 73
1426 5500 1730 5561 Richardus,
1749 5500 1813 5552 lll
1843 5500 2003 5562 Sene„
2026 5500 2147 5552 dist.

1692 494 2317 565 SENTENTIARUM
2356 496 2505 566 [AB.
2550 498 2658 564 111.

2259 651 2419 716 ergo
2455 652 2651 718 opera
2689 635 2972 702 aliorum
3014 640 3387 702 sanctorum
3429 640 3583 701 sunt
3608 637 3811 719 digna

2258 742 2673 809 retributione
2690 789 2707 821 ,
2768 742 3021 809 videtur
3070 743 3243 828 quod
3310 743 3516 809 multo
3578 744 3812 809 fortius

2259 865 2452 932 opera
2481 850 2714 916 Christi
2762 874 2778 917 ε
2824 869 2984 934 ergo
3009 851 3265 919 videtur
3302 852 3476 937 quod
3517 851 3811 918 Christus

2258 958 2431 1041 apud
2458 958 2661 1025 Deum
2686 960 3015 1025 meruerit.

2339 1065 2521 1147 ltem,
2550 1066 2604 1129 si
2630 1085 2762 1131 non
2789 1067 3028 1132 meruit
3052 1065 3225 1149 apud
3243 1065 3447 1132 Deum
3469 1069 3808 1150 postquam

2258 1177 2600 1257 conceptus
2642 1174 2764 1238 tuit
2782 1222 2801 1255 ,
2851 1191 3012 1256 ergo
3053 1174 3312 1239 videtur
3356 1172 3529 1255 quod
3574 1173 3811 1240 frustra

2258 1279 2387 1345 Deo
2413 1282 2699 1360 servirit,
2746 1285 2811 1347 et
2851 1282 3023 1365 quod
3062 1282 3297 1346 frustra
3323 1280 3472 1346 fecit
3497 1280 3808 1364 quidquid

2256 1387 2405 1453 fecit
2447 1392 2591 1471 post
2633 1388 3112 1472 conceptionem
3159 1409 3176 1454 ι
3223 1388 3282 1452 si
3328 1405 3490 1470 ergo
3540 1388 3664 1454 hoc
3710 1395 3808 1455 est

2257 1495 2536 1578 impium
2560 1496 2793 1575 dicere,
2823 1514 3077 1561 necesse
3099 1499 3195 1562 est
3239 1495 3441 1561 Deum
3471 1499 3614 1579 post
3641 1514 3802 1562 con-

2254 1603 2611 1686 ceptionem
2635 1602 2877 1687 aliquid
2896 1604 3225 1669 meruisse.

2334 1708 2457 1775 Sed
2484 1713 2704 1776 contra
2734 1733 2752 1777 z
2784 1716 2845 1776 1.
2891 1710 3123 1778 Meteri
3161 1714 3256 1776 est
3293 1710 3498 1778 facere
3529 1728 3693 1794 opus
3717 1711 3797 1777 de

2253 1838 2492 1903 genere
2530 1820 2948 1885 laudabilium
2983 1841 2999 1885 ε
3032 1819 3160 1884 sed·
3191 1819 3471 1903 potentia
3503 1818 3797 1884 determi-

2251 1931 2403 1992 nata
2427 1928 2506 1992 ad
2554 1946 2765 1993 unum
2820 1932 3075 1993 tantum
3127 1946 3263 1994 non
3315 1928 3507 1992 babet
3542 1927 3797 1994 laudem

2251 2035 2322 2100 in
2351 2039 2499 2100 actu
2528 2035 2724 2113 illius,
2755 2034 2923 2114 sicut
2945 2039 3119 2119 patet
3141 2035 3213 2100 in
3237 2035 3544 2100 omnibus
3571 2039 3797 2119 poten·

2252 2143 2357 2207 tiis
2404 2142 2803 2208 naturalibus
2861 2164 2879 2208 :
2941 2142 3051 2208 sed
3118 2142 3396 2208 liberum
3460 2141 3801 2206 arbitrium

2254 2249 2483 2316 Christi
2521 2250 2602 2314 ab
2657 2250 2795 2332 ipsa
2843 2251 3255 2334 conceptione
3305 2249 3799 2316 determinatum

2252 2361 2374 2425 fuit
2396 2360 2476 2424 ad
2504 2378 2669 2443 opus
2690 2360 2935 2425 bonum
2963 2381 2979 2425 ε
3013 2377 3173 2442 ergo
3215 2377 3350 2423 non
3390 2359 3600 2442 potuit
3624 2358 3801 2425 exire

2252 2468 2321 2532 in
2346 2485 2508 2550 opus
2534 2467 2613 2533 de
2638 2485 2880 2549 genere
2907 2466 3353 2545 laudabilium,
3392 2483 3512 2531 nec
3542 2465 3616 2529 in
3640 2471 3804 2549 opus

2254 2575 2685 2642 meritorium.

2332 2684 2396 2748 2.
2428 2683 2586 2748 Item
2609 2683 2842 2749 mereri
2860 2689 2956 2749 est
2980 2701 3144 2766 opus
3168 2682 3683 2748 remuneratione
3710 2682 3805 2748 di·

2255 2810 2465 2874 gnum
2499 2815 2516 2858 2
2550 2792 2660 2857 sed
2685 2790 2962 2856 liberum
2997 2790 3336 2855 arbitrium
3362 2792 3500 2872 jam
3526 2789 3805 2854 existens

2255 2900 2323 2963 in
2349 2902 2518 2964 statu
2545 2899 3102 2974 remunerationis,
3121 2900 3263 2980 jam
3292 2915 3428 2962 non
3465 2897 3613 2961 facit
3643 2915 3806 2979 opus

2258 3005 2548 3070 ulteriori
2577 3005 3099 3071 remuneratione
3124 3006 3423 3088 dignum,
3445 3004 3607 3069 sicut
3634 3006 3806 3087 patet

2256 3115 2326 3178 in
2362 3114 2566 3179 beatis
2609 3136 2625 3180 ε
2673 3113 2782 3179 sed
2826 3111 2951 3178 tale
2985 3112 3108 3178 ruit
3146 3111 3425 3178 liberum
3464 3110 3804 3177 arbitrium

2257 3221 2509 3299 Christi,
2539 3241 2690 3288 cum
2717 3225 2880 3286 esset
2904 3220 2973 3284 in
3001 3223 3172 3284 statu
3206 3218 3751 3303 comprehensoris
3781 3240 3798 3284 ι

2257 3348 2416 3412 ergo
2443 3329 2695 3395 videtur
2731 3327 2903 3410 quod
2932 3331 3074 3410 post
3103 3327 3577 3412 conceptionem
3616 3344 3800 3391 suam

2259 3417 2420 3501 niliil
2456 3437 2722 3503 omnino
2743 3433 2974 3501 mereri
3009 3435 3306 3517 potuerit.

2337 3550 2399 3610 4.
2429 3544 2587 3610 Item
2607 3543 2921 3633 quidquid
2939 3546 3246 3622 meretur,
3262 3540 3512 3625 proficit
3531 3541 3600 3605 in
3620 3540 3807 3606 bonis

2259 3651 2494 3717 animae
2510 3699 2530 3732 ,
2581 3651 2816 3717 scilicet
2863 3651 2935 3715 in
2994 3650 3205 3732 gratia
3256 3653 3320 3713 et
3369 3649 3578 3731 gloria
3627 3671 3643 3713 z
3696 3649 3807 3715 sed

2260 3758 2548 3823 Christus
2597 3777 2730 3823 non
2782 3758 2990 3842 potuit
3043 3757 3350 3841 proficere
3402 3773 3604 3838 supra
3647 3754 3807 3821 illud

2261 3867 2435 3950 quod
2459 3867 2700 3950 accepit
2725 3866 2793 3930 in
2828 3864 3239 3947 conceptione
3270 3885 3287 3927 ι
3331 3880 3490 3946 ergo
3530 3881 3661 3927 non
3703 3861 3801 3926 vi·

2260 3973 2448 4039 detur
2489 3975 2661 4056 quod
2699 3975 2841 4056 post
2884 3971 3360 4054 conceptionem
3411 3969 3642 4034 mereri
3683 3986 3806 4053 po-

2261 4083 2476 4147 tuerit.

2342 4195 2405 4255 4.
2456 4188 2613 4254 Item
2656 4187 3051 4271 quicumque
3095 4187 3378 4251 meretur
3414 4182 3679 4267 aliquid,
3726 4182 3806 4249 de

2263 4314 2395 4362 non
2424 4314 2542 4361 suo
2568 4295 2718 4361 facit
2742 4312 2936 4359 suum
2959 4311 3077 4376 per
3102 4309 3266 4375 opus
3310 4294 3375 4356 et
3399 4290 3806 4374 obsequium,

2263 4406 2424 4473 etde
2449 4423 2549 4483 eo,
2578 4403 2753 4486 quod
2778 4405 2873 4468 est
2912 4400 3035 4469 sibi
3080 4398 3474 4478 indebitum,
3507 4397 3657 4461 facit
3693 4397 3806 4462 de-

2265 4514 2474 4579 bitum
2506 4534 2523 4578 :
2574 4510 2684 4575 sed
2727 4508 3011 4576 Christus
3044 4506 3207 4571 nihil
3246 4505 3453 4588 potuit
3489 4505 3694 4568 facere
3727 4503 3808 4568 de

2263 4623 2543 4689 indebito
2591 4619 2900 4697 debitum,
2950 4621 3014 4682 et
3069 4615 3148 4681 de
3191 4632 3324 4681 non
3377 4630 3495 4679 suo
3535 4630 3731 4677 suum
3785 4636 3804 4679 ς

2262 4730 2482 4796 omnia
2505 4729 2679 4794 enim
2704 4745 2822 4793 sua
2841 4729 3024 4791 erant
3062 4740 3176 4807 per
3219 4720 3499 4804 gratiam
3537 4738 3811 4804 concep-

2263 4838 2473 4917 tionis,
2503 4836 2668 4900 sicut
2701 4834 2834 4917 ipse
2857 4834 3122 4898 testatur
3147 4836 3218 4871 ⁴·

2261 4952 2471 5013 82mt:
2497 4961 2654 5026 ergo
2697 4959 2832 5007 non
2867 4939 3120 5007 videtur
3162 4937 3338 5022 quod
3374 4939 3515 5019 post
3546 4952 3811 5019 concep-

2261 5053 2508 5119 tionem
2535 5049 2774 5134 aliquid
2801 5047 3128 5114 meruerit.

2345 5165 2405 5226 5.
2436 5157 2627 5238 Item,
2656 5156 2828 5240 quod
2854 5154 3079 5222 eodem
3105 5150 3296 5218 modo
3320 5165 3391 5215 se
3415 5148 3608 5215 habet
3631 5166 3810 5215 nunc

2267 5364 2607 5417 xv111‚q.111·,
2631 5346 3034 5414 8ιερὴ.Βι-ιι1εῐ.,
3061 5345 3126 5396 lll
3153 5344 3311 5406 Sene„
3341 5344 3457 5394 dist.
3490 5354 3638 5405 xvm,
3660 5356 3710 5406 q.
3742 5354 3802 5393 11.

2263 5454 2324 5465 -
2345 5427 2366 5463 ¹
2386 5425 2600 5491 Plutip„
2621 5434 2682 5486 11,
2700 5425 2751 5484 8,
2773 5420 2920 5471 9.·-⁸
2939 5422 3092 5487 Aug„
3118 5418 3171 5473 in
3195 5417 3362 5479 leam,
3387 5418 3532 5473 tract.
3551 5426 3653 5477 etv,
3676 5427 3729 5463 n.
3750 5417 3800 5465 3.

2266 5525 2326 5537 -—
2342 5499 2364 5533 δ
2386 5498 2555 5561 loen„
2582 5506 2712 5555 xvu,
2734 5496 2810 5544 50.

3856 1718 3926 1761 Ad
3950 1732 4073 1776 opp.

3204 4830 3496 4896 .Omm'a
3523 4834 3640 4895 tua
3665 4844 3810 4899 mea
3869 4892 3874 4895 ,
