4185 6288
1524 485 1905 558 ms‘rmcr.
1947 489 2112 559 xm.
3289 500 3411 563 m

245 637 527 699 88881818
555 627 766 718 gratis
806 626 985 713 data,
1025 624 1326 695 Christus
1359 633 1503 694 erat
1538 625 1798 718 sepiens
1834 626 2202 697 secundum
2246 628 2539 698 animam
2570 654 2589 716 ;
2624 629 2990 699 seeundum
3016 629 3231 700 Deum
3254 651 3413 702 vero

244 747 491 838 sapiens
516 753 657 814 erat
684 743 1005 838 sapientia
1027 750 1301 828 aeterna,
1338 763 1487 834 quae
1529 740 1709 811 Deus
1738 750 1859 812 est.
1896 743 1978 811 Et
2018 742 2212 830 sicut,
2247 744 2320 813 in
2356 752 2683 837 quantum
2720 754 2819 814 est
2844 746 3044 833 Deus,
3074 745 3292 816 bonus
3318 752 3417 815 est

242 861 524 931 bonitate
551 860 869 946 naturali,
897 881 1047 952 quae
1098 859 1237 951 ipse
1281 865 1403 944 est,
1450 866 1517 926 et
1549 857 1773 949 justus
1805 859 2066 950 justitia
2116 860 2432 947 naturali,
2472 884 2624 955 quae
2665 862 2804 954 ipse
2845 868 2990 946 est3
3039 861 3132 930 ita
3155 860 3416 953 sapiens

243 978 556 1070 sapientia
581 975 896 1062 naturali,
927 998 1075 1068 quae
1112 974 1251 1066 ipse
1296 983 1414 1042 est.
1471 973 1714 1043 Anima
1750 996 1908 1045 vero
1954 975 2121 1067 ejus,
2164 975 2334 1046 sicut
2372 976 2547 1047 bona
2571 984 2668 1046 est
2705 985 2770 1047 et
2795 977 2977 1069 justa
2994 976 3285 1046 bonitate
3316 977 3417 1045 vel

237 1094 488 1185 justitia
513 1093 721 1184 gratis
749 1092 923 1179 data,
953 1114 1107 1184 quas
1131 1091 1292 1184 ipse,
1336 1089 1443 1159 vel
1486 1089 1651 1183 ipsa,
1703 1112 1838 1160 non
1878 1098 2021 1161 est:
2073 1092 2167 1161 ita
2211 1099 2308 1161 est
2350 1094 2608 1186 sapiens
2650 1094 2969 1187 sapientia
3007 1094 3210 1184 gratis
3239 1091 3416 1180 data,

242 1233 382 1303 quae
420 1211 568 1303 ipsa
609 1232 745 1279 non
799 1216 917 1277 aet.
974 1208 1059 1276 Et
1105 1208 1259 1276 licet
1310 1206 1576 1297 gemina
1625 1207 1698 1275 in
1751 1206 2010 1278 Christo
2064 1208 2150 1277 sit
2200 1209 2544 1302 sapientia,
2602 1233 2740 1280 una
2791 1218 3009 1279 tamen
3063 1209 3423 1302 eademque

242 1350 515 1419 persona
542 1333 664 1412 881,
695 1348 847 1418 quae
885 1324 958 1393 in
1003 1330 1331 1418 quantum
1374 1323 1549 1393 Deus
1592 1332 1712 1412 est,
1761 1331 1825 1393 et
1867 1325 1938 1392 in
1973 1332 2301 1417 quantum
2348 1333 2589 1396 natura
2631 1326 2859 1396 divina
2897 1333 3017 1414 est,
3047 1326 3305 1420 sapiens
3329 1331 3428 1398 est

241 1443 555 1535 sapientia
582 1441 900 1531 ingenita,
948 1440 1193 1509 scilicet
1234 1439 1555 1533 sapientia
1595 1448 1864 1528 aeterna,
1915 1463 2063 1534 quae
2106 1450 2203 1511 est
2240 1441 2462 1524 Pater,
2500 1450 2564 1512 et
2609 1443 2955 1536 sapientia,
2983 1466 3134 1536 quas
3168 1465 3305 1514 non
3330 1448 3427 1512 est

245 1559 562 1646 ingenita,
617 1580 766 1650 quae
814 1555 1190 1626 communis
1241 1565 1337 1625 aet
1393 1556 1603 1625 tribus
1653 1558 1997 1649 personis;
2054 1580 2189 1628 non
2246 1565 2466 1627 tamen
2522 1558 2791 1648 gemina
2843 1558 3213 1651 sapientia:
3271 1558 3433 1652 quia

243 1697 374 1744 non
395 1685 493 1744 oet
517 1675 653 1743 alia
688 1681 753 1742 et
794 1673 926 1742 alia
967 1671 1314 1767 sapientia,
1358 1673 1679 1764 sapientia
1722 1673 2040 1763 ingenita,
2089 1696 2238 1766 quaa
2273 1682 2533 1744 tantum
2582 1675 2783 1744 Pater
2824 1683 2944 1761 est,
2990 1683 3056 1744 et
3086 1675 3432 1767 sapientia,

244 1814 388 1884 quae
409 1789 856 1861 communiter
907 1790 1104 1859 Pater
1151 1798 1273 1875 est,
1324 1796 1390 1858 et
1426 1788 1668 1873 Filius,
1728 1796 1793 1858 et
1847 1789 2135 1881 Spiritus
2185 1798 2470 1860 sanctus.
2528 1790 2605 1859 In
2658 1799 2986 1882 quantum
3024 1813 3182 1861 vero
3207 1791 3435 1864 eadem

244 1931 519 2000 persona
549 1916 648 1978 est
677 1906 903 1992 homo,
930 1907 999 1976 id
1027 1914 1149 1992 est,
1181 1907 1546 1976 secundum
1587 1906 1926 1976 hominem
1964 1916 2329 1998 acceptum,
2370 1908 2477 1977 vel
2506 1906 2577 1975 in
2606 1913 2932 1999 quantum
2958 1914 3057 1977 est
3082 1907 3442 1978 subsistens

245 2048 323 2093 ex
347 2025 576 2093 anima
602 2031 668 2092 et
709 2045 928 2109 earne,
972 2023 1232 2114 sapiens
1274 2031 1371 2092 est
1410 2022 1731 2115 sapientia
1773 2024 2085 2113 gratuita.
2141 2022 2415 2116 Sapiens
2463 2045 2622 2113 ergo
2668 2031 2763 2092 est
2806 2023 3103 2094 hnmano
3148 2046 3347 2093 sensu
3373 2031 3440 2093 et

245 2139 497 2210 divino.

329 2258 458 2326 Sed
488 2281 573 2327 ex
599 2282 736 2350 qua
758 2281 955 2328 causa
997 2258 1179 2328 illius
1216 2257 1375 2327 dicti
1413 2256 1876 2347 intelligentia,
1915 2256 2206 2326 scilicet:
2249 2283 2286 2323 α
2316 2258 2566 2328 Sensus
2591 2257 2975 2353 proficiebat
2999 2258 3357 2344 humanus,
3391 2281 3430 2324 »
3494 2281 3678 2336 onom.
3750 2237 3760 2252 ⁸

246 2375 637 2446 assumenda
659 2382 755 2444 est
781 2380 812 2444 ‘t
854 2376 1095 2466 Aperte
1136 2375 1312 2443 enim
1360 2374 1625 2443 videtur
1662 2373 2106 2444 Ambrosius
2085 2396 2391 2462 innuere,
2434 2375 2615 2467 quod
2653 2376 3014 2446 secundum
3060 2374 3430 2444 humanum
3459 2346 3684 2466 ἰζέῗᾞ

245 2515 511 2561 8888818
543 2491 844 2561 Christus
869 2491 1238 2582 profecerit,
1284 2498 1351 2560 et
1383 2490 1564 2583 quod
1607 2489 1888 2560 infantia
1933 2491 2075 2582 ejus
2121 2513 2353 2583 expers
2396 2488 2788 2582 cognitionis
2831 2490 3058 2578 fuerit,
3088 2498 3153 2560 et
3177 2496 3429 2583 patrem
3458 2473 3670 2580 ¹22¹,ss

245 2618 308 2678 et
332 2620 615 2678 matrem
641 2608 1090 2697 ignoraverit.
1124 2607 1302 2700 quod
1329 2629 1451 2676 nec
1471 2607 1754 2676 Ecclesia
1796 2605 2050 2699 mcipit,
2097 2628 2220 2676 888
2260 2608 2609 2699 praemissae
2644 2607 3059 2678 auctoritates
3082 2606 3432 2700 patiuntur
3468 2600 3665 2707 ¹5:⁸3⁵ss

246 2729 332 2794 818
360 2724 671 2814 intelligi.
705 2723 834 2793 Sed
867 2725 959 2793 ita
993 2746 1147 2793 sane
1189 2731 1399 2816 potest
1434 2724 1664 2817 accipi,
1700 2729 1778 2791 ut
1816 2730 2144 2816 quantum
2184 2723 2268 2792 ad
2307 2725 2530 2794 visum
2565 2723 2941 2810 hominum,
2983 2732 3048 2792 et
3070 2723 3175 2792 sui
3201 2743 3431 2792 sensus
3490 2737 3653 2768 mm·-

248 2841 710 2927 ostensionem,
766 2839 1065 2910 Christus
1120 2839 1464 2932 profecisse
1533 2838 1812 2909 dicatur.
1886 2838 2275 2910 Proficiebat
2333 2862 2493 2931 ergo
2561 2839 2896 2911 humanus
2946 2861 3176 2909 sensus
3226 2839 3297 2906 in
3350 2859 3429 2906 eo

248 2958 610 3028 secundum
638 2956 1099 3043 ostensionem,
1142 2962 1206 3025 et
1252 2955 1536 3025 aliorum
1580 2955 1928 3025 hominum
1970 2956 2373 3049 opinionem.
2416 2955 2517 3026 Ita
2558 2956 2755 3026 etiam
2781 2964 3035 3049 petrem
3061 2964 3126 3025 et
3154 2964 3430 3028 matrem

250 3074 489 3146 dicitur
511 3075 847 3165 ignorasse
874 3073 943 3141 in
969 3072 1273 3159 infantia,
1305 3072 1463 3166 quia
1488 3071 1583 3141 ita
1606 3094 1675 3141 88
1702 3071 1983 3144 habebat
2004 3081 2070 3141 et
2095 3073 2388 3164 gerebat,
2418 3095 2493 3143 88
2517 3073 2577 3143 81
2605 3072 2962 3165 agnitionis
2984 3094 3215 3166 expers
3233 3079 3424 3144 esset.

615 3297 1029 3366 EXPOSITIO
1068 3295 1398 3364 TEXTUS.

242 3475 491 3527 Praeterea
512 3471 786 3525 sciendum
807 3473 887 3522 est
903 3468 1159 3521 Christum
1187 3466 1468 3519 secundum
1495 3466 1779 3521 hominem.

315 3630 529 3711 Supra
554 3627 694 3708 egit
744 3623 1049 3706 Magister
1100 3623 1178 3687 de
1227 3622 1517 3687 humana
1550 3625 1784 3686 natura

243 3741 569 3819 assumpta
604 3753 646 3799 a
680 3732 929 3799 Christo
968 3734 1285 3814 quantum
1338 3729 1419 3793 ad
1473 3727 1784 3794 conditio-

244 3849 657 3912 uemnaturae
678 3863 696 3919 ;
718 3839 926 3905 181188
941 3855 1097 3903 vero
1124 3840 1302 3920 parte
1322 3835 1785 3918 agitdeeadem

247 3956 557 4036 quantum
585 3950 667 4014 88
692 3944 1154 4032 plenitudinem
1194 3943 1421 4025 gratiss
1442 3946 1507 4007 et
1531 3941 1781 4026 sapien·

247 4058 367 4125 tiae.
423 4056 748 4124 Dividitur
771 4056 988 4125 autem
1019 4069 1166 4134 pers
1212 4051 1333 4115 ista
1373 4049 1442 4114 in
1486 4049 1667 4129 duas,
1714 4048 1785 4114 in

248 4184 522 4251 quarum
547 4163 758 4247 prima
783 4160 923 4244 agit
948 4160 1027 4224 de
1050 4156 1449 4243 plenitudine
1475 4156 1702 4239 gratiae
1722 4160 1786 4221 et

247 4276 571 4360 sapientiae
620 4272 973 4351 simu13in
1023 4268 1299 4336 88811888
1339 4284 1496 4334 vero
1538 4267 1784 4351 specia-

249 4386 444 4451 eiliter
468 4384 548 4449 de
573 4379 972 4467 plenitudine
1009 4376 1312 4455 scientim,
1335 4375 1482 4441 dist.
1508 4394 1643 4441 nv.
1658 4375 1783 4442 Hic

246 4494 448 4576 quoeri
495 4505 658 4574 opus
698 4494 824 4568 est,
861 4503 1008 4554 eum
1063 4484 1290 4551 anima
1334 4482 1611 4562 Christi,
1660 4489 1781 4549 etc.

250 4599 459 4664 Prima
508 4614 656 4681 pars
689 4596 760 4660 18
794 4594 956 4659 8888
994 4591 1346 4667 dividitur,
1383 4594 1453 4654 in
1505 4607 1784 4673 quarum

249 4709 456 4792 prima
481 4703 862 4771 determinat
883 4700 1217 4766 veritatem
1235 4716 1253 4778 ;
1285 4696 1355 4761 18
1377 4696 1657 4762 8888888
1680 4714 1787 4761 re-

252 4818 465 4880 movet
503 4810 971 4879 dubitationem
998 4806 1133 4871 sive
1158 4804 1445 4870 dissolvit
1477 4803 1786 4886 objectio-

250 4941 437 5003 nem,
487 4937 639 5004 quae
711 4917 967 4984 videtur
1017 4912 1281 4985 veritati
1350 4911 1786 4976 determinatas

743 5025 964 5091 ‚Huic
992 5027 1204 5090 autem
1229 5020 1562 5089 semaraioe
1603 5018 1786 5086 vide-

253 5263 579 5311 remanere
617 5243 703 5308 oh
741 5198 1163 5315 brevitatem3
1194 5234 1305 5300 sed
1331 5234 1609 5300 secunda
1643 5251 1791 5318 pars

251 5357 450 5436 putea
489 5352 684 5418 dividi
720 5347 1206 5427 intrespartes,
1237 5344 1310 5407 18
1344 5342 1791 5427 quarumpri-

255 5478 359 5526 ma
396 5460 694 5546 Magister
729 5451 1021 5522 dissolvit
1045 5501 1063 5531 ,
1093 5456 1156 5517 et
1182 5450 1476 5533 explanat
1504 5449 1812 5516 auctori--

1894 3303 2086 3365 tatem
2114 3299 2474 3383 Evangelii,
2494 3317 2644 3384 qum
2658 3301 2977 3367 conti-aria
2998 3299 3252 3366 videtur
3262 3315 3435 3383 prae-

1891 3393 2326 3458 determinatae
2370 3394 2654 3474 veritati3
2709 3394 2776 3458 in
2830 3394 3111 3459 secunda
3143 3410 3299 3458 vero
3325 3410 3439 3475 op-

1892 3502 2073 3584 ponit
2105 3506 2327 3567 contra
2361 3520 2550 3568 suam
2595 3501 2978 3567 solutionem
3004 3504 3070 3565 et
3088 3499 3438 3583 expositio-

1891 3627 2043 3674 nem
2072 3626 2189 3693 per
2222 3607 2665 3674 auctoritatem
2698 3606 3043 3685 Ambrosii,
3084 3605 3173 3671 ibi
3207 3627 3225 3672 :
3254 3605 3436 3675 Alibi

1893 3723 2106 3784 tamen
2174 3718 2487 3801 scriptum
2546 3717 2869 3799 reperitur
2886 3764 2907 3794 ,
2951 3718 3072 3780 etc.
3131 3713 3205 3779 In
3250 3714 3437 3779 tertia

1894 3842 2071 3905 vero,
2100 3828 2165 3889 et
2182 3824 2415 3890 ultima
2434 3822 2812 3889 determinat
2832 3820 3107 3905 qualiter
3132 3819 3436 3904 [ιι-8181818

1894 3931 2216 3997 Ambrosii
2234 3932 2433 3997 verba
2443 3949 2595 3997 sane
2625 3934 2690 3995 et
2715 3929 2820 4013 pie
2847 3931 3113 4012 possunt
3134 3927 3430 4009 intelligi,

1892 4038 2021 4104 ihi:
2051 4039 2202 4106 Hoee
2223 4045 2439 4106 autem
2463 4038 2652 4106 verba
2681 4036 3025 4116 Ambrosii,
3044 4046 3165 4101 818.
3194 4033 3434 4101 Subdi-

1893 4143 2171 4211 visiones
2214 4152 2432 4212 autem
2471 4145 2754 4231 partium
2796 4144 2948 4210 satis
2973 4144 3241 4227 possunt
3263 4139 3433 4207 trahi

1893 4269 1978 4317 ex
2002 4252 2237 4333 littera,
2263 4259 2382 4321 818.

2558 4448 2697 4495 DUB·
2735 4447 2782 4492 1.

1895 4577 1982 4631 ille
2025 4581 2105 4631 est
2132 4580 2288 4642 caput
2322 4578 2376 4628 in
2403 4590 2508 4642 quo
2545 4577 2668 4627 sunt
2694 4587 2878 4626 omnes
2902 4585 3116 4638 sensus,
3160 4573 3215 4626 18
3244 4573 3433 4626 unctis

2328 4662 2454 4699 vero
2480 4646 2625 4713 quasi
2650 4646 2792 4698 solus
2815 4647 3001 4696 tactus.

1974 4803 2206 4869 contra
2235 4820 2252 4862 ε
2284 4799 2630 4882 Origenes,
2669 4813 2861 4880 super
2887 4798 3277 4876 Iaviucm,
3300 4796 3436 4863 dis-

1894 4909 2139 4993 tinguit
2179 4909 2467 4992 quinque
2515 4923 2739 4972 sensus
2783 4903 3144 4987 spirituales
3190 4920 3433 4969 corres-

1895 5018 2244 5102 pondentes
2269 5016 2557 5100 quinque
2592 5011 3054 5096 corporalibus;
3083 5016 3150 5076 et
3192 5011 3432 5078 ibidem

1895 5125 2048 5190 dicit
2095 5123 2269 5207 quod
2309 5138 2534 5187 omnes
2570 5119 2664 5184 illi
2697 5136 2924 5187 sensus
2961 5121 3117 5185 sunt
3164 5119 3234 5183 in
3277 5119 3438 5185 viris

1896 5231 2130 5297 sanctis
2183 5233 2247 5295 et
2296 5226 2732 5312 spiritualibus
2788 5245 2805 5289 :
2861 5242 3021 5308 ergo
3079 5226 3245 5291 male
3286 5226 3439 5291 81811

1898 5339 2069 5424 quod
2110 5339 2183 5402 in
2232 5335 2467 5402 sanctis
2522 5337 2619 5401 est
2658 5333 2832 5400 solus
2881 5337 3108 5399 tactus.
3151 5333 3310 5399 Item
3366 5334 3438 5403 in

1897 5445 2336 5531 spiritualibus
2394 5445 2601 5509 tactus
2637 5445 2734 5508 est
2769 5459 2997 5513 sensus
3051 5442 3323 5509 nobilior
3373 5443 3441 5515 et
