4185 6288
1303 479 1500 548 msr.
1543 480 1672 547 xx,
1720 442 1901 548 ΛΒΤ.
1947 475 1998 547 1.
2040 477 2341 557 QnAEsr.
2381 480 2488 545 111.

312 613 512 699 quirit
564 614 1053 681 satisfactionem
1104 618 1185 681 ab
1235 616 1526 682 humano
1578 632 1817 699 genere
1840 661 1860 693 ,

313 727 427 788 aut
452 722 723 806 requirit
747 742 865 806 pro
888 726 1165 807 utroque
1180 773 1202 804 ‚
1232 727 1345 788 aut
1373 742 1490 808 pro
1516 723 1716 788 altero
1742 722 1866 785 ho-

313 848 464 894 rum
496 853 511 894 :
546 830 600 893 si
628 849 744 913 pro
772 834 1079 932 utroque,
1115 832 1381 914 planum
1418 835 1514 894 est
1541 830 1712 912 quod
1737 828 1859 892 im·

316 936 613 1020 possibile
641 940 738 1000 est
761 936 1045 1019 aliquam
1074 956 1305 1021 puram
1337 941 1694 1001 creaturam
1737 934 1865 998 Deo

314 1044 674 1109 satisfacere
701 1063 819 1128 pro
843 1045 1134 1109 humano
1160 1062 1422 1126 genere,
1446 1061 1563 1126 pro
1589 1060 1666 1106 eo
1692 1042 1865 1125 quod

316 1155 449 1216 tam
477 1152 697 1234 gravis
738 1157 833 1216 est
875 1152 1117 1234 injuria
1143 1170 1290 1234 quae
1319 1152 1590 1216 infertur
1626 1149 1753 1214 Deo
1782 1148 1864 1212 ob

315 1260 912 1325 excellentissimam
991 1262 1135 1342 eJus
1201 1260 1581 1341 dignitatem
1606 1305 1624 1337 ,
1695 1255 1866 1339 quod

317 1366 497 1432 nulla
548 1385 713 1450 pura
763 1370 1055 1431 creatura
1116 1370 1319 1449 potest
1383 1380 1867 1447 recompensare

317 1473 561 1557 aliquid
587 1475 648 1538 ei
672 1474 943 1557 aequale.
975 1473 1044 1538 Si
1083 1492 1239 1538 vero
1275 1472 1481 1554 exigit
1515 1470 1634 1534 sihi
1677 1470 1866 1535 satis·

317 1580 655 1645 factionem
681 1582 759 1646 de
788 1581 923 1646 solo
954 1581 1213 1659 damno,
1243 1578 1658 1644 condonando
1684 1578 1774 1661 inj
1783 1596 1867 1642 u·-

315 1688 502 1768 riam‚
525 1707 643 1753 nec
670 1688 762 1752 sic
789 1692 994 1770 potest
1017 1706 1133 1771 pro
1154 1691 1287 1752 toto
1319 1704 1556 1767 genere
1576 1684 1867 1748 humano

313 1796 673 1860 satisfacere
716 1795 933 1879 aliqua
977 1814 1142 1879 pura
1177 1799 1470 1859 creatura
1501 1814 1516 1858 ε
1552 1797 1666 1857 aut
1691 1791 1866 1857 enim

314 1901 426 1965 illa
446 1920 611 1984 pura
636 1906 932 1967 creatura
956 1905 1124 1966 esset
1149 1901 1379 1979 homo,
1409 1902 1522 1964 aut
1548 1916 1679 1962 non
1706 1900 1871 1961 esset

314 2007 513 2074 homo
552 2032 567 2074 ε
597 2010 650 2074 si
694 2010 891 2075 homo
908 2058 926 2087 ,
973 2027 1125 2074 cum
1172 2008 1390 2073 nullus
1426 2023 1629 2089 purus
1672 2004 1868 2068 homo

315 2117 512 2197 possit
551 2116 940 2199 aequivalere
973 2116 1090 2181 toti
1116 2114 1340 2198 generi
1367 2114 1689 2189 humano,
1724 2110 1869 2173 talis

316 2222 535 2301 hom0,
568 2223 892 2289 offerendo
920 2224 1203 2308 seipsum
1229 2222 1381 2299 De0,
1408 2236 1748 2303 nunquam
1776 2235 1871 2280 re-

272 2413 276 2417 ·
316 2336 758 2414 compensaret
800 2331 1134 2408 damnum,
1186 2328 1358 2413 quod
1401 2327 1607 2391 Adam
1652 2325 1871 2389 intulit

317 2438 788 2521 corrumpendo
835 2442 1043 2503 totum
1095 2455 1304 2518 genus
1358 2435 1771 2512 humanum;
1817 2434 1870 2497 si

317 2548 485 2609 esset
509 2563 641 2608 non
684 2544 913 2624 homo,
944 2563 1062 2609 nec
1090 2544 1178 2608 sic
1210 2542 1421 2608 adhuc
1447 2547 1657 2626 posset
1683 2541 1870 2606 dam-

318 2670 484 2716 num
530 2669 1043 2734 recompensare,
1073 2651 1129 2714 si
1155 2669 1322 2733 pura
1350 2654 1645 2714 creatura
1670 2654 1866 2729 esset3

318 2763 435 2824 aut
471 2759 526 2823 si
558 2764 798 2842 posset,
829 2777 961 2824 non
1001 2764 1219 2823 tamen
1264 2758 1684 2834 satisfaceret,
1717 2758 1874 2840 quia

320 2866 402 2931 ad
453 2866 610 2932 illud
654 2885 863 2949 genus
904 2870 1141 2949 spectat
1181 2866 1520 2930 satisfactio
1543 2914 1561 2941 ,
1590 2864 1671 2929 ad
1698 2864 1872 2948 quod

317 2974 626 3058 spectavit
677 2974 1123 3057 transgressio.
1170 2973 1304 3038 Aut
1348 2973 1408 3036 si
1450 2973 1575 3037 hoc
1621 2977 1869 3056 posset,

319 3099 454 3147 non
495 3088 713 3149 tamen
751 3083 1021 3164 deceret,
1053 3100 1128 3148 eo
1174 3081 1352 3166 quod
1399 3084 1698 3147 naturam
1741 3080 1870 3143 hu-

320 3208 582 3255 manam
628 3189 698 3253 in
758 3194 996 3255 statum
1040 3190 1386 3273 pristinum
1430 3206 1561 3253 non
1612 3206 1875 3253 revoca-

320 3300 468 3362 ret:
500 3301 663 3362 esset
702 3296 880 3362 enim
915 3314 999 3360 ex
1029 3297 1153 3361 hoc
1179 3297 1464 3380 subjecta
1504 3296 1612 3360 alii
1651 3295 1875 3377 generi

320 3408 653 3470 creaturae.
686 3402 765 3469 Et
794 3422 878 3468 ex
904 3404 1030 3468 hoc
1065 3404 1363 3484 habetur,
1411 3404 1584 3488 quod
1613 3420 1744 3467 non
1771 3421 1877 3466 so-

322 3514 465 3578 lum
505 3531 670 3596 pura
705 3515 998 3577 creatura
1038 3528 1173 3575 non
1214 3515 1428 3594 pomt
1469 3509 1597 3575 Deo
1627 3509 1871 3574 satisfa-

328 3637 475 3684 cere
492 3667 516 3699 ,
560 3620 615 3683 si
665 3622 831 3683 esset
872 3617 1133 3683 alterius
1179 3617 1479 3699 generis3
1526 3617 1636 3682 sed
1683 3618 1876 3682 etiam

326 3746 471 3808 nec,
502 3728 554 3791 si
581 3731 744 3792 esset
767 3746 807 3791 a
837 3726 963 3792 Deo
991 3730 1349 3809 assumpta,
1383 3726 1773 3805 conveniret,
1807 3728 1879 3789 ut

328 3857 452 3923 pro
493 3840 782 3903 humano
831 3854 1068 3918 genere
1114 3836 1514 3901 satisfaceret.
1571 3835 1648 3900 Et
1697 3835 1838 3900 ideo
1851 3881 1874 3915 ‚

329 3966 485 4013 cum
514 3965 677 4031 pura
700 3950 994 4010 creatura
1018 3963 1152 4010 non
1176 3949 1396 4030 posset}
1429 3962 1546 4027 pro
1589 3947 1721 4008 toto
1762 3962 1880 4025 ge-

329 4072 487 4120 nere
511 4055 800 4119 humano
828 4054 1214 4133 satisfacere,
1244 4071 1363 4117 nec
1389 4051 1648 4117 alterius
1678 4069 1881 4133 gene-

330 4164 425 4228 ris
453 4167 811 4228 creaturam
838 4162 1086 4227 deceret
1117 4160 1197 4225 ad
1222 4160 1345 4224 hoc
1382 4157 1658 4236 assumi,
1683 4176 1880 4240 opor-

331 4272 460 4338 tuit
489 4275 564 4336 ut
605 4289 882 4355 persona
911 4267 1358 4334 satisfacientis
1403 4272 1565 4332 esset
1604 4266 1774 4331 Deus
1819 4271 1883 4330 et

331 4379 554 4448 homo.
599 4377 1022 4444 Concedendae
1065 4379 1221 4441 sunt
1266 4393 1424 4457 ergo
1460 4373 1737 4438 rationes
1774 4391 1875 4438 os-

333 4487 697 4567 tendentes,
728 4486 898 4570 quod
924 4484 1105 4550 nulla
1136 4501 1300 4567 pura
1340 4485 1633 4547 creatura
1675 4485 1885 4564 posset

332 4596 691 4662 satisfacere
712 4614 829 4678 pro
855 4599 987 4659 toto
1014 4611 1255 4676 genere
1279 4592 1592 4656 humano.
1717 4643 1720 4650 .

419 4710 480 4768 1.
510 4704 607 4769 Ad
635 4702 792 4767 illud
827 4700 1001 4784 quod
1041 4699 1341 4782 objicitur
1368 4699 1436 4761 in
1466 4696 1879 4786 contrarium,

333 4813 512 4897 quod
536 4831 701 4897 pura
725 4813 1019 4876 creatura
1047 4808 1257 4892 potuit
1282 4810 1488 4871 totum
1521 4822 1729 4887 genus
1754 4805 1881 4868 hu-

333 4937 604 4986 manum
630 4919 918 4998 inficere,
947 4916 1289 4981 dicendum
1314 4914 1485 4997 quod
1513 4930 1648 4978 non
1672 4917 1768 4977 est
1791 4912 1885 4976 si-

335 5027 523 5106 mile,
553 5026 708 5109 quia
738 5023 955 5105 aliqua
981 5039 1145 5105 pura
1184 5024 1476 5085 creatura
1516 5020 1720 5104 potuit
1749 5038 1886 5086 esse

332 5134 732 5219 principium
781 5130 976 5194 totius
1027 5128 1283 5210 generis
1336 5128 1609 5194 humani
1655 5147 1886 5193 secun-

333 5244 498 5310 dum
546 5240 1070 5327 propagationem
1115 5238 1435 5303 carnalem
1454 5286 1476 5317 ,
1527 5257 1643 5321 per
1688 5256 1914 5323 quam,

335 5369 548 5434 genus
572 5351 938 5414 humanum
973 5344 1407 5429 corrumpitur
1447 5350 1511 5410 et
1551 5345 1882 5423 inficitur;

338 5459 451 5526 sed
477 5457 657 5523 nulla
686 5473 852 5538 pura
879 5456 1171 5518 creatura
1213 5454 1424 5535 potuit
1459 5472 1599 5520 esse
1642 5454 1888 5537 princi·-

3396 481 3510 547 bal

1968 614 2152 697 pium
2196 615 2390 679 totius
2423 615 2680 697 generis
2719 614 2989 683 humani
3033 618 3388 683 secundum
3416 636 3520 682 re-

1970 723 2453 803 generationem
2482 723 2901 806 spiritualem.

2051 835 2113 893 2.
2151 830 2249 895 Ad
2275 830 2434 895 illud
2459 831 2629 914 quod
2658 831 2988 914 objicitur,
3018 833 3190 916 quod
3215 851 3346 898 non
3376 834 3522 917 plus

1971 936 2259 1017 exigitur
2285 937 2355 1000 iu
2386 939 2556 1019 justa
2595 956 2817 1021 poena,
2864 958 3066 1022 quam
3110 939 3524 1005 commissum

1971 1047 2066 1107 est
2087 1043 2159 1107 in
2185 1044 2372 1127 culpa
2393 1093 2411 1122 ,
2457 1045 2796 1111 dicendum
2835 1045 3006 1129 quod
3034 1048 3222 1131 culpa
3259 1066 3392 1112 non
3418 1065 3522 1112 so·

1971 1150 2114 1215 lum
2164 1155 2565 1233 aggravatur
2615 1170 2697 1216 ex
2738 1158 2918 1235 parte
2967 1155 3344 1219 conditionis
3382 1172 3525 1237 pec-

1972 1258 2193 1337 cantis,
2225 1258 2332 1322 sed
2363 1258 2559 1322 etiam
2585 1277 2670 1324 ex
2692 1265 2872 1342 parte
2898 1264 3040 1344 ejus
3065 1263 3135 1325 in
3163 1280 3358 1345 quem
3387 1280 3525 1345 pec-

1972 1370 2156 1430 catur
2185 1385 2202 1430 ε
2235 1372 2300 1430 et
2322 1366 2470 1431 licet
2494 1385 2764 1450 peccans
2790 1368 2984 1433 fuerit
3016 1387 3182 1452 pura
3208 1373 3520 1450 creatura,

1974 1472 2080 1536 ille
2107 1477 2354 1552 tamen,
2385 1474 2456 1538 in
2481 1492 2675 1556 quem
2703 1475 3021 1555 peccavit,
3064 1476 3184 1539 fuit
3215 1474 3469 1541 Creator
3504 1500 3519 1541 ε

1972 1576 2116 1643 ideo
2146 1597 2295 1644 cum
2320 1581 2607 1663 exigitur
2644 1581 2815 1664 quod
2846 1582 3232 1648 satisfaciens
3270 1603 3404 1649 non
3447 1585 3529 1649 sit

1973 1705 2139 1769 pura
2164 1694 2476 1768 creatura,
2508 1689 2632 1752 hoc
2656 1707 2789 1753 non
2816 1693 2911 1755 est
2940 1708 3140 1773 supra
3166 1690 3327 1755 illud
3354 1691 3527 1775 quod

1975 1795 2392 1859 commissum
2418 1801 2511 1859 est
2539 1796 2609 1860 in
2626 1795 2814 1879 culpa
2841 1819 2855 1861 :
2881 1800 3131 1880 oportet
3156 1797 3331 1862 enim
3355 1800 3529 1882 quod

1976 1920 2246 1984 persona
2286 1902 2693 1981 satisfacien3‚
2734 1922 2850 1985 pro
2900 1905 3136 1986 peccati
3184 1905 3525 1988 gravitate,

1975 2009 2314 2073 satisfaciat
2339 2009 2691 2074 secundum
2725 2028 2948 2075 omues
2978 2011 3392 2093 conditioneS,
3423 2032 3530 2077 se-

1975 2116 2265 2180 cundum
2293 2135 2454 2199 quas
2475 2115 2669 2181 habet
2695 2118 3068 2199 aggravari.
3268 2110 3273 2113 ’

2059 2227 2118 2286 3.
2152 2223 2250 2287 Ad
2278 2223 2434 2287 illud
2462 2221 2634 2306 quod
2660 2224 2959 2307 objicitur
2975 2274 2993 2306 ,
3027 2228 3199 2308 quod
3240 2226 3531 2293 diabolus

1969 2330 2144 2411 juste
2170 2330 2384 2394 amisit
2407 2347 2617 2410 genus
2642 2330 3029 2411 humanum,
3061 2333 3214 2416 quia
3247 2335 3531 2400 extendit

1978 2455 2245 2501 manum
2275 2437 2343 2499 in
2372 2456 2524 2501 eum
2547 2485 2566 2516 ,
2597 2438 2665 2500 in
2691 2457 2886 2521 quem
2926 2457 3061 2505 non
3088 2440 3360 2507 habebat
3379 2446 3525 2527 jus,

1978 2543 2318 2609 dicendum
2346 2545 2519 2627 quod
2544 2545 2615 2608 in
2652 2544 2777 2609 hoc
2811 2564 2947 2609 uon
2977 2548 3360 2631 exprimitur
3387 2551 3528 2616 suf-

1977 2651 2198 2715 ficiens
2239 2651 2401 2715 ratio
2447 2651 2917 2731 satisfactionis,
2957 2654 3065 2718 sed
3106 2656 3337 2721 modus
3376 2658 3529 2723 vin-

1981 2759 2166 2823 cendi
2212 2759 2558 2823 diabolum.
2612 2758 2690 2824 Et
2732 2760 2894 2824 bene
2937 2779 3169 2828 verum
3221 2769 3317 2828 est
3358 2765 3531 2848 quod

1981 2866 2197 2950 aliqua
2225 2884 2389 2950 pura
2415 2870 2709 2931 creatura
2723 2867 3041 2933 ‘innocens
3066 2870 3373 2953 potuisset
3399 2872 3532 2937 dia·

1981 2972 2205 3037 bolum
2240 2972 2534 3052 vincere3
2573 2973 2685 3037 sed
2720 2978 2938 3039 tamen
2985 2994 3067 3040 ex
3106 2975 3230 3041 hoc
3266 2996 3397 3043 non
3431 2998 3533 3043 se-

1982 3080 2225 3164 quitur,
2256 3079 2426 3163 quod
2452 3080 2761 3163 potuisset
2787 3079 2914 3146 Deo
2941 3083 3320 3151 satisfacere.
3349 3084 3518 3151 Lon·

1981 3206 2066 3270 ge
2102 3189 2274 3252 enim
2302 3189 2448 3271 plus
2472 3192 2569 3253 est
2602 3207 3087 3273 recompensare
3127 3192 3256 3257 Deo
3289 3192 3532 3259 illatam

1983 3295 2289 3379 injuriam
2309 3345 2326 3376 ,
2377 3316 2574 3380 quam
2623 3296 2881 3364 vincere
2931 3298 3306 3364 diabolicam
3355 3300 3529 3365 frau-

1983 3405 2156 3470 dem.

2065 3517 2125 3576 4.
2159 3511 2256 3576 Ad
2281 3511 2439 3576 illud
2465 3511 2638 3595 quod
2655 3511 2976 3594 objicitur,
3002 3512 3174 3594 quod
3198 3513 3342 3596 plus
3367 3514 3534 3580 Deus

1986 3622 2209 3701 pensat
2255 3620 2540 3684 animam
2576 3618 2769 3702 justi,
2812 3636 3011 3703 quam
3057 3620 3305 3684 animas
3347 3621 3537 3686 innu-

1987 3725 2391 3791 merabilium
2460 3730 2906 3809 peccatorum,
2955 3725 3294 3791 dicendum
3364 3728 3536 3811 quod

1990 3835 2156 3897 Deus
2182 3833 2833 3915 recompensationem
2858 3833 2929 3897 in
2960 3833 3379 3899 satisfactione
3405 3855 3536 3901 non

1988 3941 2221 4025 quaerit
2259 3940 2339 4005 de
2377 3958 2611 4022 genere
2649 3940 2938 4005 humano
2974 3942 3324 4007 secundum
3364 3942 3536 4026 quod

1990 4054 2085 4116 est
2136 4050 2207 4113 in
2260 4053 2430 4114 statu
2484 4049 2762 4132 peccati;
2811 4048 2919 4114 sed
2963 4050 3317 4115 secundum
3364 4049 3537 4135 quod

1988 4157 2238 4236 fuisset,
2269 4156 2483 4221 sinon
2512 4160 2828 4239 peccasset
2858 4178 2875 4221 ι
2906 4159 2969 4221 et
3008 4155 3132 4221 hoc
3172 4157 3361 4223 modo
3388 4159 3538 4223 nul-

1990 4264 2119 4330 lius
2163 4263 2310 4349 puri
2353 4264 2635 4328 hominis
2672 4263 2873 4327 vitam
2914 4262 3083 4328 Deus
3132 4268 3382 4330 tantum
3423 4285 3539 4349 ap·

1992 4372 2331 4456 pretiatur,
2362 4371 2528 4436 sicut
2554 4375 2754 4436 totam
2781 4371 3263 4453 generationem
3305 4369 3540 4439 huma-

1991 4499 2169 4547 nam.

2074 4596 2136 4657 ὅ.
2188 4591 2287 4656 Ad
2327 4590 2483 4654 illud
2529 4587 2704 4671 quod
2750 4588 3069 4671 quaeritur
3085 4635 3108 4669 ‚
3158 4589 3211 4653 si
3256 4589 3542 4658 Christus

1991 4700 2214 4764 fuisset
2266 4696 2400 4762 sola
2437 4714 2603 4779 pura
2647 4698 2953 4775 creatura,
2994 4700 3218 4762 utrum
3264 4699 3543 4766 moriens

1993 4806 2317 4872 introisset
2340 4805 2411 4868 in
2436 4802 2669 4867 coelum
2683 4848 2700 4879 ‚
2731 4802 3073 4868 dicendum
3101 4805 3272 4888 quod
3300 4807 3428 4886 sic;
3460 4825 3542 4873 ex

1994 4915 2119 4980 hoc
2144 4918 2362 4978 tamen
2389 4929 2521 4976 non
2544 4909 2861 4993 sequitur,
2893 4912 3063 4994 quod
3089 4913 3178 4976 sic
3205 4915 3544 4981 meruisset

1988 5024 2213 5106 januae
2257 5019 2673 5104 apertionem,
2725 5017 2880 5101 quia
2927 5018 3161 5083 coelum
3208 5039 3542 5106 nunquam

1995 5131 2204 5196 fuerat
2231 5128 2351 5191 sihi
2380 5125 2691 5205 clausum,
2710 5123 2834 5189 hoc
2861 5127 3186 5209 supposito
3212 5129 3383 5211 quod
3410 5145 3542 5197 non

1995 5236 2329 5302 habuisset
2387 5231 2628 5317 peccati
2694 5231 3028 5313 originalis
3088 5238 3361 5303 reatum.
3417 5239 3542 5303 Alii

1996 5363 2151 5411 vero
2168 5392 2187 5424 ,
2235 5342 2348 5426 qui
2398 5343 2652 5405 reatum
2696 5341 2935 5423 peccati
2973 5341 3308 5425 originalis
3350 5344 3544 5412 habe-

1998 5453 2187 5531 bant,
2232 5453 2488 5534 propter
2530 5447 2654 5512 hoc
2696 5464 2831 5512 non
2876 5447 3144 5514 fuissent
3188 5450 3257 5514 in
3302 5452 3537 5520 coelum
