4185 6288
474 1008 665 1064 Improb.

720 434 837 496 376

1263 662 1618 744 QUAESTIO
1661 664 1709 729 1.

1020 832 1115 890 An
1140 828 1375 888 decuerit
1399 830 1667 888 Christum
1696 841 1847 885 orare
1873 827 1915 885 ¹.

793 993 1022 1060 Utrum
1055 990 1334 1056 decuerit
1375 988 1699 1054 Christum
1725 1005 1947 1065 orare;
1991 993 2055 1052 et
2080 989 2253 1071 quod

715 1101 825 1181 sic,
867 1099 1123 1165 videtur
1143 1103 1166 1139 ⁸
1197 1120 1213 1162 ε
1249 1098 1484 1164 Exivit
1518 1097 1595 1162 in
1629 1100 1900 1162 montem
1935 1111 2149 1174 orare,
2192 1101 2255 1163 et

718 1214 856 1276 erat
891 1212 1269 1290 pernoctans
1296 1207 1370 1272 in
1396 1205 1684 1272 oratione
1717 1204 1854 1270 Dei.
1890 1202 2013 1268 Sed
2040 1201 2254 1268 Chris-

715 1321 825 1383 tus
860 1315 1023 1378 nihil
1062 1312 1228 1390 fecit,
1278 1311 1398 1375 nisi
1439 1311 1612 1393 quod
1656 1311 1866 1394 ipsum
1910 1309 2192 1376 decuerit
2233 1332 2249 1374 ε

719 1440 877 1504 ergo
897 1420 1281 1487 conveniens
1303 1417 1424 1482 fuit
1448 1417 1660 1500 ipsum
1689 1435 1893 1482 orare.

802 1530 959 1596 Item
973 1577 991 1608 ,
1021 1528 1125 1593 cui
1167 1526 1463 1610 competit
1499 1525 1877 1590 sacrificium
1905 1523 2136 1590 offerre
2150 1572 2168 1602 ,
2196 1523 2258 1589 ei

722 1635 1021 1719 competit
1065 1652 1294 1699 orare:
1325 1632 1435 1697 sed
1480 1630 1725 1697 Christo
1762 1631 2044 1695 maxime
2082 1649 2257 1695 com-

722 1744 972 1828 petebat
1015 1740 1248 1806 oblatio
1293 1738 1580 1803 sacrificii
1620 1755 1736 1821 pro
1778 1737 1979 1802 salute
2004 1738 2259 1820 generis

724 1848 991 1915 humani
1011 1866 1029 1912 z
1059 1865 1215 1930 ergo
1240 1845 1301 1912 ei
1326 1846 1607 1911 maxime
1633 1845 2027 1927 competebat
2051 1862 2257 1910 orare.

805 1950 962 2017 Item
990 1951 1150 2015 nulli
1177 1949 1389 2031 magis
1413 1947 1717 2030 competit
1738 1965 1950 2027 orare,
1978 1966 2175 2031 quam
2200 1947 2259 2013 ei

725 2059 840 2143 qui
882 2062 981 2123 est
1022 2056 1304 2140 pontifex
1344 2058 1410 2120 et
1448 2054 1736 2119 sacerdos
1777 2075 1792 2118 ε
1822 2054 1933 2119 sed
1977 2054 2262 2120 Christus

726 2167 849 2237 fuit
892 2164 1175 2249 pontifex
1217 2168 1281 2227 et
1321 2161 1642 2238 sacerdos,
1685 2162 2037 2227 secundum
2087 2162 2262 2245 quod

672 2341 682 2354 ,
726 2272 955 2339 dicitur
981 2271 1072 2338 ad
1098 2271 1385 2339 Hebraeos
1405 2275 1427 2310 ⁸
1455 2289 1480 2331 .-
1509 2286 1667 2352 ergo
1692 2270 1746 2334 ei
1778 2269 2060 2334 maxime
2085 2288 2260 2336 com-

496 3462 565 3506 Ad
601 3475 705 3519 opp.

725 2380 975 2464 petebat
996 2378 1219 2444 oratio.

807 2486 987 2567 Item,
1016 2488 1217 2552 oratio
1243 2486 1521 2552 maxime
1546 2488 1784 2569 spectat
1809 2485 1889 2551 ad
1926 2485 2261 2570 perfectio·

727 2614 876 2662 nem
896 2597 1047 2661 vitae
1074 2595 1576 2678 contemplativae
1608 2615 1623 2658 z
1655 2596 1766 2660 sed
1805 2595 2015 2661 decuit
2049 2594 2259 2660 Chris-

727 2707 867 2770 tum
896 2703 1130 2768 habere
1171 2703 1617 2785 perfectionem
1655 2702 1725 2767 in
1762 2706 2036 2785 utraque
2078 2703 2213 2768 vita
2243 2722 2260 2764 ε

726 2830 907 2895 ergO,
936 2814 1054 2875 etc.

806 2918 994 2996 Item,
1042 2917 1297 2983 nullum
1342 2917 1518 2982 decet
1554 2919 1763 3000 magis
1806 2935 1989 2983 orare
2003 2967 2021 2998 ,
2067 2936 2264 3002 quam

729 3045 879 3092 eum
905 3027 1022 3109 qui
1047 3029 1141 3091 est
1166 3025 1403 3107 dignus
1427 3025 1754 3104 exaudiri,
1781 3029 1844 3090 et
1870 3025 2116 3090 facilius
2144 3045 2264 3108 po-

730 3138 850 3201 test
874 3135 1211 3217 impetrare
1242 3156 1256 3197 :
1288 3134 1399 3199 sed
1421 3133 1635 3199 nullus
1659 3137 1754 3199 est
1780 3133 2034 3216 dignior
2062 3153 2266 3200 exau-

732 3242 988 3321 ditione,
1018 3260 1213 3325 quam
1241 3242 1522 3307 Christus
1556 3261 1574 3307 z
1606 3260 1763 3324 ergo
1800 3242 2055 3307 videtur
2094 3242 2266 3326 quod

732 3350 854 3415 sibi
877 3349 1157 3415 maxime
1183 3352 1482 3415 convenit
1505 3351 1806 3415 orationis
1829 3369 2005 3415 usus.

812 3456 934 3521 Sed
960 3461 1174 3521 contra
1217 3475 1236 3521 :
1280 3461 1340 3520 1.
1395 3456 1821 3538 Augustinus,
1872 3459 1961 3524 De
2013 3458 2268 3541 Correp-

733 3566 900 3633 tione
928 3571 988 3633 et
1020 3566 1246 3633 Gratia
1274 3587 1296 3627 .·
1335 3589 1366 3626 α
1392 3564 1590 3631 Nemo
1627 3566 1783 3648 petit
1807 3566 1889 3629 ab
1916 3568 2063 3647 alio,
2095 3568 2265 3650 quod

731 3691 845 3756 per
872 3691 939 3737 se
965 3676 1167 3756 potest
1206 3672 1490 3755 implere.
1521 3696 1550 3733 n
1587 3671 1708 3738 Sed
1739 3673 2024 3738 Christus
2050 3674 2266 3739 omnia

730 3783 975 3862 poterat
1009 3797 1122 3863 per
1158 3797 1227 3842 se
1256 3801 1272 3843 ε
1305 3796 1463 3861 ergo
1500 3779 1665 3844 nihil
1706 3780 1970 3845 debebat
2015 3780 2096 3844 ab
2140 3780 2265 3846 alio

729 3891 941 3970 petere
972 3909 987 3951 ε
1022 3905 1179 3968 ergo
1204 3904 1322 3951 nec
1344 3904 1548 3951 orare.

811 4000 873 4061 2.
905 3994 1085 4073 ltem,
1112 3994 1312 4059 oratio
1340 3999 1431 4058 est
1466 3996 1645 4059 actus
1686 4011 1973 4076 personae
2005 3976 2284 4060 inierio-‘

730 4102 823 4166 ris
862 4105 1147 4184 respectu
1189 4104 1331 4185 ejus
1372 4119 1567 4184 quem
1611 4105 1748 4166 orat
1792 4123 1807 4165 :
1849 4101 1957 4166 sed
1997 4120 2267 4184 persona

732 4208 960 4274 Christi
995 4213 1090 4274 est
1125 4208 1394 4291 aequalis
1435 4208 1605 4272 Patri
1636 4231 1651 4273 ι
1682 4226 1839 4290 ergo
1882 4227 2016 4274 non
2057 4210 2267 4276 decuit

733 4314 1051 4384 Christum
1076 4317 1429 4381 orationem
1454 4316 1718 4380 fundere
1745 4318 1825 4382 ad
1853 4318 2075 4384 Deum.

812 4428 872 4491 3.
916 4423 1096 4503 Item,
1143 4423 1342 4488 oratio
1388 4428 1483 4487 est
1505 4428 1527 4462 ⁸
1576 4440 1870 4489 ascensus
1912 4426 2267 4494 intellectus

732 4531 801 4596 in
829 4530 1067 4596 Deum:
1097 4530 1208 4594 sed
1234 4530 1583 4595 intellectus
1603 4529 1830 4596 Christi
1857 4549 2109 4616 semper
2132 4539 2269 4601 erat

734 4658 992 4704 sursum
1018 4686 1036 4716 ,
1084 4639 1248 4703 sicut
1303 4638 1430 4703 Deo
1480 4638 1698 4703 unitus
1748 4644 1812 4704 et
1857 4641 1925 4704 in
1963 4644 2267 4710 continuo

733 4746 1049 4812 fmitionis
1074 4750 1223 4811 actu
1251 4763 1446 4829 :ergo
1466 4763 1597 4810 non
1621 4745 1876 4813 videtur
1898 4752 2069 4832 quod
2097 4769 2266 4817 com-

732 4859 971 4939 peteret
995 4854 1056 4918 ei
1083 4871 1237 4917 usus
1261 4853 1585 4918 orationis,

813 4966 875 5025 4.
930 4960 1090 5024 Item
1143 4958 1414 5025 indivisa
1456 4963 1609 5023 sunt
1650 4978 1841 5044 opera
1883 4961 2205 5030 Trinitatis
2244 4988 2260 5031 ε

734 5085 892 5149 ergo
925 5066 1206 5149 impletio
1245 5066 1623 5149 petitionum
1668 5074 1904 5151 spectat
1947 5071 2027 5136 ad
2065 5076 2265 5138 totam

800 5192 820 5227 ¹
840 5192 922 5255 Cf.
955 5192 1099 5242 Alex.
1119 5190 1338 5255 Alensis,
1365 5205 1418 5255 p.
1437 5191 1527 5255 111,
1555 5205 1604 5256 q.
1631 5203 1739 5256 xw,
1762 5193 1953 5246 memb.
1983 5198 2038 5259 13
2066 5198 2123 5248 S.
2146 5199 2263 5264 Th„

735 5281 790 5331 p.
822 5266 907 5330 ΙΙΙ,
935 5281 986 5330 q.
1015 5278 1125 5330 xxx,
1152 5270 1247 5318 art.
1278 5270 1298 5316 1
1314 5282 1331 5328 ,-
1352 5269 1405 5317 et
1430 5268 1494 5317 ΙΙΙ
1521 5269 1680 5330 sent„
1713 5269 1830 5318 dist.
1865 5281 1995 5336 xm,
2022 5287 2075 5336 q.
2102 5284 2142 5337 1,
2164 5278 2259 5326 art.

737 5340 766 5389 ³
796 5340 848 5388 et
876 5342 936 5401 45
974 5337 1281 5398 Richardus,
1311 5339 1377 5389 III
1414 5340 1574 5389 Sent..
1606 5340 1723 5393 dist.
1754 5352 1883 5402 xvn,
1911 5346 1991 5393 art
2045 5346 2074 5393 2
2125 5359 2158 5409 q
2203 5358 2258 5396 1·

1995 5380 2007 5392 ⁶
2077 5381 2096 5409 1
2164 5382 2177 5394 “
2243 5383 2260 5410 1

738 5408 1021 5473 Stephanus
1036 5409 1248 5472 Brulet„
1265 5410 1329 5460 ΙΙΙ
1346 5410 1627 5476 Seni-,dist
1639 5422 1771 5476 xvu,
1786 5425 1836 5480 q.
1855 5413 2258 5481 1v5Guil.voril.,

1881 424 2519 495 Summuranum
2554 425 2704 492 Lm.
2748 425 2856 493 111.

2358 558 2777 628 Trinitatem:
2814 579 2973 643 ergo
3015 561 3129 643 qui
3171 561 3327 644 petit
3363 559 3603 643 aliquid
3647 559 3729 626 ab
3763 577 3902 626 una

2356 686 2646 750 persona,
2676 669 2832 753 petit
2857 672 2923 733 et
2942 669 3024 733 ab
3050 667 3349 733 omnibus
3380 690 3396 732 z
3431 667 3541 733 sed
3563 685 3696 734 non
3721 667 3903 733 decet

2357 776 2676 843 Christum
2709 780 2923 861 petere
2959 776 3200 860 aliquid
3237 795 3278 840 a
3316 794 3428 856 se;
3475 776 3695 842 nullus
3720 778 3899 842 enim

2356 885 2632 968 seipsum
2655 888 2814 963 orat,
2835 884 2938 948 vel
2963 882 3120 966 petit
3139 881 3378 965 aliquid
3396 899 3436 945 a
3457 881 3664 964 seipso
3692 901 3711 945 ι
3735 898 3899 964 ergo

2357 1009 2490 1055 non
2514 991 2765 1056 videtur
2790 989 2961 1074 quod
2999 989 3283 1055 decuerit
3301 988 3545 1072 aliquid
3572 988 3898 1053 Christum

2359 1117 2398 1161 a
2424 1096 2607 1163 Patre
2635 1115 2749 1180 per
2775 1097 3127 1163 orationem
3151 1097 3516 1180 impetrare.

2439 1207 2500 1268 5.
2536 1203 2692 1269 Item
2736 1203 3032 1269 voluntas
3059 1201 3288 1268 Christi
3310 1202 3593 1268 hominis
3626 1205 3762 1266 erat
3788 1219 3905 1283 per

2360 1311 2577 1376 omnia
2611 1311 2951 1376 conformis
2965 1310 3280 1377 voluntati
3299 1308 3502 1374 Patris
3523 1331 3540 1388 ;
3565 1326 3724 1391 ergo
3737 1308 3904 1371 nihil

2361 1418 2610 1500 petebat
2641 1464 2659 1495 ,
2702 1417 2822 1482 nisi
2868 1417 3040 1500 quod
3083 1417 3318 1482 sciebat
3377 1414 3629 1480 Patrem
3675 1413 3841 1478 velle
3881 1433 3897 1474 z

2361 1541 2520 1606 ergo
2564 1523 2809 1588 etiamsi
2836 1542 2966 1588 non
2993 1526 3254 1607 peteret,
3282 1522 3699 1587 nihilominus
3725 1518 3904 1603 quod

2363 1634 2653 1717 petebat,
2704 1633 3076 1717 impleretur
3115 1654 3130 1696 :
3168 1650 3327 1714 ergo
3372 1632 3605 1697 trustra
3651 1629 3907 1712 petebat

2364 1740 2604 1823 aliquid
2645 1764 2659 1804 :
2700 1741 2809 1805 sed
2856 1740 3017 1805 nihil
3057 1740 3268 1805 decuit
3305 1737 3629 1804 Christum
3666 1736 3905 1800 frustra

2363 1847 2566 1912 facere
2594 1869 2609 1910 ι
2640 1865 2798 1929 ergo
2818 1865 2951 1912 non
2976 1846 3187 1911 decuit
3206 1844 3529 1910 Christum
3559 1857 3767 1907 orare.

2902 2092 3351 2162 CONCLUSIO.

2369 2255 2636 2314 Christum
2677 2254 2852 2311 decuit
2886 2268 3041 2311 orare
3076 2256 3301 2326 propter
3346 2253 3594 2309 meritum
3618 2291 3633 2320 ,
3680 2256 3910 2324 propter

2439 2344 2766 2417 exemplum,
2820 2347 3042 2415 propter
3089 2344 3341 2399 veritatis
3396 2344 3800 2411 oruamentum,
3857 2345 3910 2399 et

2433 2437 2660 2507 propter
2691 2434 2946 2503 officium.

2451 2599 2635 2683 Resp.
2665 2599 2747 2665 ad
2768 2618 2910 2682 arg.
2942 2598 3291 2664 Dicendum
3313 2598 3485 2681 quod
3510 2597 3749 2679 absque
3781 2596 3905 2661 du-

2369 2709 2474 2774 bio
2517 2707 2745 2773 decens
2781 2706 2900 2773 fuit
2941 2706 3262 2772 Christum
3288 2723 3493 2782 orare,
3524 2702 3808 2768 maxime
3833 2702 3902 2766 in

2368 2820 2590 2885 diebus
2630 2819 2836 2883 carnis
2874 2835 3034 2883 suae.
3069 2816 3248 2881 Ratio
3274 2818 3492 2880 autem
3516 2815 3716 2897 hujus
3741 2832 3903 2878 con-

2371 2926 2674 2991 decentiae
2701 2927 2905 3008 potest
2936 2922 3252 3005 assignari
3276 2920 3696 3004 quadruplex,
3725 2919 3904 2986 vide-

2371 3033 2515 3097 licet
2580 3037 2840 3116 propter
2904 3030 3206 3095 meritum
3240 3076 3258 3106 ,
3326 3031 3582 3111 propter
3651 3026 3904 3093 virtutis

2372 3140 2741 3223 exemplum
2767 3188 2786 3219 ,
2815 3141 3072 3223 propter
3099 3135 3382 3203 veritatis
3420 3138 3901 3217 argumentum,

2374 3254 2437 3314 et
2463 3252 2717 3331 propter
2740 3246 3024 3311 officium
3041 3244 3450 3327 explendum.
3483 3242 3744 3325 Propter
3771 3260 3902 3306 me-

2370 3357 2573 3421 ritum
2596 3403 2615 3434 ,
2665 3353 2817 3437 quia
2854 3372 2972 3417 sua
3014 3351 3316 3434 petitione
3373 3353 3437 3414 et
3487 3349 3904 3432 postulatione

2372 3462 2657 3528 merebat
2712 3460 2893 3526 nobis
2912 3508 2931 3539 ,
2979 3459 3091 3542 qui
3133 3457 3349 3549 minus
3386 3456 3599 3521 idonei
3647 3474 3903 3521 eramus

2373 3571 2452 3635 ad
2484 3570 2945 3651 susceptionem
2987 3566 3443 3631 beneficiorum
3470 3563 3604 3629 Dei.
3643 3563 3904 3646 Propter

2373 3677 2761 3759 exemplum,
2787 3678 2861 3739 ut
2886 3672 3119 3738 scilicet
3142 3671 3480 3753 discipulos
3506 3688 3675 3749 suos,
3707 3674 3771 3735 et
3796 3688 3904 3752 per

2373 3805 2764 3870 consequens
2808 3786 2965 3850 alios
3007 3783 3307 3849 invitaret
3331 3782 3412 3847 ad
3436 3782 3737 3846 orationis
3765 3786 3901 3847 stu-

2373 3899 2573 3975 dium,
2605 3897 2676 3960 in
2701 3896 2887 3977 cuius
2916 3891 3214 3958 exercitio
3252 3890 3533 3955 maxime
3567 3893 3903 3972 superatur

2372 4004 2818 4069 adversarius:
2854 4004 3110 4083 propter
3134 3997 3302 4081 quod
3330 3997 3643 4063 Dominus
3662 3997 3905 4061 dicebat

2372 4109 2742 4193 discipuhs‘:
2757 4106 3030 4191 Vigilate
3043 4109 3101 4171 et
3117 4109 3309 4181 orate,
3326 4113 3396 4169 ut
3412 4119 3544 4170 mm
3560 4104 3822 4170 intretis
3831 4104 3903 4169 in

2373 4218 2806 4287 tentationem.
2835 4214 3096 4297 Propter
3115 4211 3400 4276 veritatis
3422 4215 3896 4292 argumentum,

2373 4332 2446 4392 ut
2482 4324 2835 4391 ostenderet
2861 4338 2929 4386 se
2957 4337 3186 4385 verum
3219 4317 3573 4397 hominem,
3603 4321 3667 4381 et
3692 4334 3842 4382 vere
3863 4333 3903 4378 a

2374 4433 2500 4499 Deo
2538 4431 2844 4507 missum;
2896 4428 3154 4510 propter
3204 4424 3377 4507 quod
3415 4423 3649 4488 dixisse
3702 4423 3898 4487 refer-

2373 4546 2518 4606 tur⁸
2537 4539 2615 4621 (α)
2642 4559 2657 4601 2
2687 4535 2944 4604 Gratias
2963 4548 3083 4616 aao
3115 4531 3259 4609 tibi,
3280 4532 3572 4610 Domine,
3599 4530 3898 4614 quoniam

2375 4646 2627 4714 audisti
2670 4660 2817 4710 me:
2845 4656 2953 4725 eqo
2980 4644 3196 4707 autem
3246 4638 3550 4718 sciebam,
3599 4639 3898 4721 quoniam

2373 4773 2471 4821 me
2515 4767 2757 4836 semper
2803 4748 2999 4817 audis
3055 4767 3082 4810 .-
3136 4745 3249 4814 sed
3297 4750 3556 4829 propter
3600 4745 3896 4828 populum

2373 4864 2596 4939 istm,
2625 4862 2740 4942 qui
2755 4858 3147 4936 circumstat,
3176 4853 3353 4933 dixi,
3380 4860 3454 4923 ut
3475 4850 3895 4933 creamuqma

2375 4976 2448 5038 tu
2494 4985 2589 5035 me
2619 4966 2884 5033 misisti.
2915 4962 3176 5045 Propter
3202 4960 3518 5040 officium,
3544 4960 3696 5043 quia
3722 4955 3891 5021 Chri-

2373 5084 2510 5144 stus
2529 5076 2803 5141 habebat
2826 5071 3205 5153 dignitatem
3227 5068 3583 5149 sacerdotis,
3614 5071 3677 5133 et
3701 5062 3893 5149 ponti·

2374 5206 2438 5256 ΙΙΙ
2477 5204 2633 5263 Sent„
2662 5201 2778 5250 dist.
2807 5208 2934 5257 xvn,
2955 5210 3008 5260 q.
3035 5207 3086 5257 13
3125 5192 3276 5244 Gabr.
3309 5192 3454 5255 niel„
3492 5194 3558 5244 ΙΙΙ
3596 5193 3753 5250 Sene„
3777 5188 3884 5238 dist.

2371 5287 2499 5337 xvn,
2528 5287 2578 5337 q.
2610 5285 2648 5336 1,
2675 5274 2772 5334 art,
2795 5270 2843 5330 3,
2871 5266 2994 5317 dub.
3025 5276 3083 5317 ιι.
3108 5289 3170 5301 --
3196 5264 3371 5328 ¹Luc„
3400 5275 3473 5327 vr,
3507 5263 3701 5316 12.—⁸
3726 5258 3886 5318 Hebr„

2370 5357 2423 5411 v,
2452 5349 2500 5406 5,
2526 5347 2574 5395 6.
2596 5368 2655 5380 —
2681 5341 2703 5376 ⁸
2731 5341 2963 5391 Damasc.
2990 5335 3051 5385 de
3072 5333 3185 5385 Fid.
3205 5334 3362 5398 orm„
3382 5334 3470 5385 lib.
3493 5335 3580 5396 III,
3603 5349 3650 5383 c.
3670 5342 3810 5383 xxxv.
3828 5353 3886 5364 —

2370 5418 2393 5454 ⁸
2408 5415 2612 5478 natta..
2631 5422 2776 5474 xxvi,
2794 5412 2936 5462 u.-
2953 5407 2976 5440 ⁸
2996 5407 3162 5467 loon„
3185 5416 3260 5469 xx,
3272 5403 3681 5470 ‘taz-(aul.
3693 5401 3880 5454 dicitur.
