4185 6288
1291 462 1487 530 ms'r.
1528 463 1606 529 n.
1650 463 1834 531 ΛΒΤ.
1882 465 1930 532 1.
1969 466 2276 546 QUAEST.
2324 469 2402 536 11.

238 597 391 672 tum,
423 593 833 678 intelligitur
866 597 951 662 de
989 597 1284 663 distantia
1318 617 1433 682 per
1468 618 1791 666 recessum

243 702 313 763 ab
345 702 747 785 equalitate,
782 710 849 769 et
882 706 1358 789 participatione
1387 713 1649 774 aeternae
1679 728 1797 774 na·

244 812 433 872 turae:
468 811 633 891 quia
663 811 836 875 nihil
862 813 1214 878 univocum
1253 822 1347 879 aet
1373 819 1683 882 creaturae
1715 818 1793 883 ad

248 913 621 992 Creatorem,
654 918 729 982 in
765 920 946 984 nullo
980 921 1157 985 enim
1194 927 1484 987 creatura
1519 925 1794 989 Creatori

244 1027 435 1103 potest
465 1026 726 1107 aequari
758 1048 775 1089 ι
811 1027 920 1091 sed
962 1046 1094 1092 non
1128 1029 1319 1093 habet
1356 1030 1688 1095 veritatem
1716 1032 1796 1097 de

244 1130 532 1196 distantia
572 1152 730 1215 quae
775 1135 1129 1200 attenditur
1169 1154 1283 1218 per
1325 1138 1794 1219 oppositionem

244 1238 323 1301 ad
366 1241 884 1306 convenientiam
926 1243 1280 1308 secundum
1323 1245 1637 1311 rationem
1686 1265 1795 1311 or-

245 1345 407 1408 dinis
430 1351 494 1410 et
518 1347 938 1413 imitationis:
971 1369 1125 1414 nam
1149 1352 1477 1416 rationalis
1503 1357 1796 1419 creatura

246 1457 610 1521 immediate
646 1459 716 1522 in
742 1458 943 1524 Deum
971 1462 1324 1539 ordinatur,
1354 1467 1418 1527 et
1443 1465 1797 1547 expressis-

247 1563 406 1628 sime
434 1565 604 1629 inter
629 1572 952 1631 creaturas
986 1568 1192 1633 Deum
1220 1570 1507 1635 imitatur
1539 1593 1553 1636 ε
1586 1577 1651 1637 et
1684 1591 1793 1637 ra-

252 1673 420 1737 tione
457 1673 658 1756 hujus
697 1674 1172 1741 assimilationis
1210 1681 1273 1741 et
1305 1679 1792 1761 convenientiae,

248 1779 440 1845 habet
483 1782 798 1846 rationem
847 1782 1180 1864 imaginis,
1226 1789 1289 1848 et
1325 1787 1794 1867 congruitatem

253 1892 540 1969 respectu
561 1888 800 1952 divinae
822 1890 1102 1955 unionis.

337 1999 397 2058 3.
441 1995 539 2059 Ad
564 1994 724 2059 illud
753 1996 926 2077 quod
954 1998 1332 2081 opponitur,
1380 2001 1554 2083 quod
1577 2001 1793 2067 incar-

257 2102 431 2166 natio
455 2103 602 2166 facit
625 2101 706 2167 ad
732 2104 1221 2186 completionem
1243 2108 1554 2191 universi,
1589 2109 1796 2176 dicen-

260 2208 415 2273 dum
445 2211 611 2293 quod
636 2211 760 2276 hoc
796 2212 1060 2277 accidit:
1090 2217 1307 2279 tamen
1331 2219 1795 2299 congruentius

263 2317 409 2381 tacit
433 2320 510 2384 ad
538 2321 1082 2405 complementum
1107 2322 1390 2387 universi
1417 2322 1488 2388 in
1508 2343 1795 2410 assump-

268 2425 433 2491 tione
452 2430 861 2497 nobilissimae
880 2435 1216 2512 creaturae,
1241 2451 1438 2514 quam
1458 2435 1748 2500 omnium
1773 2457 1788 2501 ε

274 2536 557 2614 quoniam
582 2539 930 2604 multitudo
958 2539 1148 2604 babet
1173 2540 1391 2604 reduci
1420 2542 1502 2605 ad
1533 2542 1792 2626 aliquod

279 2658 484 2721 unum,
510 2645 675 2709 sicut
693 2647 775 2711 ad
798 2647 1379 2728 complementum:
1414 2650 1569 2732 quia
1592 2654 1795 2714 status

280 2754 367 2811 est
387 2750 446 2813 in
469 2753 712 2818 unitate
738 2754 974 2835 magis,
1003 2773 1200 2836 quam
1217 2755 1285 2819 in
1313 2756 1747 2822 multitudine.

354 2862 405 2921 4.
445 2859 536 2924 Ad
570 2861 730 2926 illud
771 2862 946 2944 quod
981 2862 1317 2943 oincitur,
1364 2864 1538 2947 quod
1585 2865 1794 2946 magis

282 2965 632 3031 assimilatur
660 2968 1046 3033 universum
1072 2973 1279 3035 totum
1302 3016 1320 3048 ,
1359 2988 1557 3054 quam
1594 2974 1791 3037 ratio-

284 3071 422 3133 nalis
439 3079 741 3153 creatura,
771 3074 1116 3139 dicendum
1138 3077 1311 3160 quod
1341 3078 1675 3142 assimilari
1702 3079 1795 3144 di-

285 3177 425 3244 citnr
458 3181 790 3265 dupliciter
822 3206 837 3246 ε
887 3184 1204 3250 intensive
1227 3232 1244 3263 ,
1295 3185 1400 3250 vel
1440 3187 1789 3253 extensive.

281 3282 352 3347 Et
369 3290 677 3354 extensive
706 3308 937 3354 verum
960 3295 1057 3354 est
1094 3292 1267 3374 quod
1296 3293 1508 3374 magis
1542 3294 1788 3358 assimi-

277 3392 427 3457 latur
459 3399 697 3463 mundo
739 3397 1090 3480 archetypo
1109 3446 1128 3476 ,
1182 3397 1318 3462 sive
1360 3398 1489 3463 Deo
1508 3446 1529 3479 ,
1587 3403 1797 3484 major

273 3503 550 3584 mundus,
579 3523 778 3587 quam
808 3505 1042 3585 minor,
1069 3506 1203 3571 sive
1230 3507 1613 3572 universitas
1638 3513 1791 3588 tota,

268 3627 453 3691 quam
486 3612 811 3678 rationalis
845 3601 1168 3678 creatura.¹
1204 3613 1585 3692 Qualitative
1601 3664 1619 3696 ,
1658 3618 1794 3682 sive

264 3717 559 3784 intensive
577 3766 594 3796 ‚
635 3723 734 3784 est
757 3739 794 3783 e
817 3738 1128 3784 converso
1147 3769 1165 3798 ,
1200 3726 1458 3805 propter
1484 3742 1794 3806 magnam

264 3826 616 3892 distantiam
643 3828 1017 3911 aliquarum
1039 3830 1319 3912 partium
1341 3833 1482 3913 ejus
1502 3879 1519 3910 ‚
1554 3832 1622 3896 in
1645 3834 1795 3916 qui-

265 3937 380 4002 bus
428 3940 660 4004 relucet
701 3940 922 4006 divina
972 3941 1219 4006 bonitas
1268 3941 1346 4006 de
1391 3942 1751 4027 longinquo
1775 3993 1792 4023 ‚

268 4045 419 4111 sicut
444 4045 510 4109 in
537 4046 836 4129 vestigio.

340 4159 399 4217 5.
431 4153 524 4218 Ad
547 4155 704 4219 illud
733 4154 910 4238 quod
946 4156 1327 4238 opponitur,
1372 4157 1546 4239 quod
1589 4159 1798 4241 magis

272 4257 690 4323 manifestatur
713 4258 934 4324 divina
955 4259 1227 4339 bonitas,
1254 4260 1563 4342 sapientia
1589 4266 1652 4326 et
1678 4280 1794 4344 po·

272 4366 490 4445 tmtia,
527 4367 580 4429 si
606 4371 961 4432 assumeret
988 4355 1367 4433 universum
1389 4415 1407 4445 ‚
1455 4368 1797 4434 dicendum

272 4473 428 4556 quod
455 4474 682 4538 falsum
715 4480 847 4556 est;
895 4475 1050 4559 quia
1087 4475 1293 4540 facere
1334 4493 1451 4559 per
1486 4477 1800 4541 unionem

269 4580 429 4665 quod
457 4583 670 4647 asinus
698 4583 882 4647 fieret
926 4582 1093 4647 Deus
1112 4630 1130 4662 ,
1174 4583 1278 4648 vel
1323 4584 1584 4667 aliquod
1621 4585 1799 4649 aliud

266 4689 537 4769 brutum,
558 4690 771 4773 potius
786 4689 1114 4755 dedeceret
1133 4690 1424 4756 divinam
1440 4694 1793 4776 potentiam

263 4803 323 4862 et
348 4796 713 4878 sapientiam
732 4846 750 4876 ,
798 4815 996 4880 quam
1039 4798 1531 4863 commendaret.
1566 4798 1799 4865 Facere

262 4909 475 4969 autem
503 4906 671 4987 quod
698 4906 898 4970 bomo
924 4905 1005 4969 sit
1030 4905 1227 4986 Deus,
1254 4906 1325 4971 in
1351 4907 1529 4972 nullo
1555 4911 1798 4991 praeju-

265 5012 441 5091 dicat,
473 5031 591 5076 nec
614 5013 941 5096 potentias,
972 5031 1091 5078 nec
1118 5014 1472 5096 sapientiae,
1501 5033 1652 5080 cum
1677 5016 1798 5082 ho·

326 5177 343 5212 ¹
372 5174 516 5225 Alex.
539 5174 731 5225 Alensis
759 5189 838 5237 ‚p.
873 5176 959 5237 ΙΙΙ,
985 5189 1038 5240 q.
1071 5186 1128 5238 11,
1159 5176 1353 5226 memb.
1384 5180 1445 5240 63
1470 5178 1523 5228 S.
1547 5177 1797 5242 Thomas,

268 5246 814 5372 {ilvffl'gssfjj
846 5251 897 5368 eet
920 5247 1795 5384 1¹2-Sgsshdiissfissl'iiqseitmdssff

265 5403 320 5458 u,
342 5405 394 5456 p.
424 5403 462 5454 1,
496 5403 550 5455 q.
578 5401 639 5441 in
647 5405 667 5453 3
694 5390 1013 5452 menardus,
1043 5391 1110 5440 ΙΙΙ
1140 5391 1303 5453 Seni„
1332 5389 1452 5444 dist.
1496 5401 1564 5453 ιι,
1602 5404 1656 5456 q.
1696 5403 1795 5455 1113

265 5467 434 5519 nmm.
461 5469 698 5531 argent„
729 5466 793 5517 ΙΙΙ
818 5466 978 5530 Seni„
1008 5465 1201 5530 dictu,
1228 5480 1279 5530 q.
1308 5478 1362 5531 1,
1388 5468 1486 5518 art.
1516 5471 1573 5531 ¹3
1597 5468 1790 5520 Mersit.

3369 481 3446 541 37

1905 622 2011 669 mo
2037 609 2228 669 natus
2249 606 2331 670 sit
2357 606 2520 671 effici
2554 607 2899 673 deiformis.
2945 609 3074 676 Nec
3096 611 3267 677 valet
3292 610 3451 676 illud

1902 712 2071 795 quod
2089 713 2329 795 objicit,
2349 714 2523 796 quod
2542 714 2753 796 magis
2773 716 3216 783 manifestatur
3231 718 3452 784 diviua

1903 822 2184 901 potentia
2210 827 2273 885 et
2296 822 2605 903 sapientia
2637 822 2704 886 in
2732 824 3092 889 conditione
3127 825 3450 890 universi-

1903 928 2071 1004 tatis,
2095 946 2293 1010 quam
2316 930 2384 992 in
2404 929 2764 994 conditione
2781 931 2967 1013 alicuj
2979 951 3054 996 us
3072 952 3209 998 suae
3228 935 3447 1016 partis,

1904 1052 2021 1116 pro
2041 1053 2118 1099 eo
2143 1036 2314 1117 quod
2338 1036 2515 1101 decet
2542 1036 2824 1101 divinam
2849 1040 3225 1121 sapientiam
3253 1045 3316 1104 et
3346 1058 3452 1122 po-

1904 1142 2166 1206 tentiam
2210 1161 2341 1206 non
2365 1144 2575 1208 solum
2615 1144 2963 1228 producere
2991 1146 3069 1210 ad
3095 1165 3231 1211 esse
3267 1166 3452 1211 crea-

1902 1253 2080 1313 turas
2100 1250 2309 1331 magis
2322 1250 2584 1329 nobiles,
2607 1252 2715 1315 sed
2731 1253 2923 1316 etiam
2946 1253 3160 1319 minus
3175 1254 3449 1319 nobiles:

1902 1359 1967 1419 et
1991 1356 2134 1420 ideo
2161 1360 2295 1421 tam
2323 1358 2390 1420 in
2413 1357 2548 1437 bis,
2579 1378 2777 1442 quam
2812 1361 2880 1423 in
2907 1361 3031 1425 illis
3052 1409 3070 1439 ,
3118 1380 3450 1426 commen-

1904 1462 2116 1541 datur3
2146 1469 2211 1527 et
2244 1465 2453 1547 magis
2486 1467 2925 1531 manifestatur
2949 1469 3014 1532 in
3044 1469 3341 1533 omnibus
3366 1468 3454 1533 si-

1903 1568 2076 1646 mul,
2112 1588 2310 1652 quam
2336 1571 2404 1635 in
2427 1572 2644 1655 aliqua
2666 1591 2894 1638 earum
2921 1593 3035 1657 per
3063 1593 3172 1641 se:
3207 1594 3338 1640 non
3364 1575 3454 1641 sic

1903 1680 2120 1741 autem
2146 1682 2241 1742 est
2266 1678 2346 1743 de
2373 1680 2829 1763 assumptione,
2861 1682 3026 1747 sicut
3054 1682 3269 1747 visum
3290 1686 3406 1749 est.

2435 1988 2799 2069 QUAESTIO
2842 1992 2921 2059 ll.

1906 2180 1997 2236 An
2017 2182 2397 2252 conumeratus
2419 2182 2593 2250 tuerit
2620 2187 2879 2240 naturam
2906 2186 3242 2257 anaeticum,
3264 2191 3454 2261 potius

2140 2270 2946 2341 quammoenanam,assumia
2978 2273 3217 2331 Verbo¹.

1982 2427 2211 2494 Utrum
2250 2433 2459 2513 major
2497 2432 2578 2496 sit
2621 2432 2990 2514 congruitas
3024 2434 3104 2498 ad
3140 2435 3444 2501 unionem

1904 2537 1971 2601 in
1999 2536 2288 2602 humana
2325 2543 2556 2603 natura
2577 2588 2596 2618 ,
2645 2558 2842 2622 quam
2874 2541 2943 2603 in
2978 2539 3250 2621 ange10,
3297 2560 3381 2606 an
3409 2560 3445 2606 e

1901 2664 2250 2725 converso;
2296 2652 2360 2711 et
2394 2646 2569 2729 quod
2596 2649 2803 2727 major
2829 2648 3004 2712 sitin
3028 2648 3258 2729 angelo
3276 2696 3296 2727 ‚
3339 2648 3442 2713 vi-

1902 2753 2128 2817 detur:
2161 2755 2328 2820 Deus
2354 2755 2635 2835 spiritus
2658 2761 2774 2833 est,
2803 2755 2964 2818 sicut
2991 2755 3225 2820 dicitur
3243 2760 3302 2819 ¹:
3336 2774 3443 2819 er-

1900 2878 1989 2941 go
2020 2865 2312 2924 creatura
2328 2909 2345 2938 ‚
2376 2879 2525 2942 quae
2558 2860 2701 2943 plus
2724 2860 2915 2925 habet
2939 2861 3017 2926 de
3043 2862 3287 2926 ratione
3313 2862 3446 2945 spi·

1901 2967 2291 3045 ritualitatis‚
2322 2968 2467 3051 plus
2492 2968 2790 3033 convenit
2816 2988 2967 3033 cum
2995 2968 3123 3034 Deo
3155 2991 3171 3034 ε
3202 2974 3268 3034 et
3298 2988 3446 3053 quae

1903 3074 2052 3159 plus
2076 3076 2381 3141 convenit
2409 3094 2557 3140 cum
2587 3076 2715 3141 Deo
2733 3123 2750 3157 ,
2781 3076 2924 3161 plus
2951 3080 3048 3142 est
3085 3077 3350 3141 unibilis
3378 3078 3447 3142 in

1903 3182 2216 3247 unitatem
2256 3200 2578 3265 personae:
2611 3201 2761 3272 cum
2788 3202 2949 3266 ergo
2982 3189 3215 3249 natura
3243 3203 3446 3268 ange-

1904 3292 2026 3356 lica
2070 3293 2153 3356 sit
2203 3293 2591 3376 spiritualior
2642 3311 2837 3375 quam
2884 3293 3173 3359 humana
3194 3343 3212 3375 ,
3262 3295 3448 3360 vide-

1903 3403 2032 3476 tur,
2061 3403 2183 3464 etc.
2795 3491 2800 3492 γ

1983 3511 2043 3570 2.
2076 3507 2237 3571 Item
2267 3511 2501 3572 natura
2521 3511 2878 3590 assumpta,
2907 3526 2986 3572 eo
3014 3507 3152 3589 ipso
3179 3526 3309 3590 quo
3339 3526 3449 3572 as-

1903 3621 2161 3698 sumpta
2189 3622 2319 3696 est,
2352 3617 2627 3680 exaltata
2648 3622 2754 3680 est·
2768 3634 2961 3699 super
2981 3621 3241 3680 caeteras
3272 3635 3447 3682 crea-

1904 3727 2121 3789 turas:
2152 3725 2264 3789 sed
2290 3729 2531 3806 quanto
2561 3727 2853 3789 creatura
2878 3728 2973 3788 est
3007 3723 3446 3806 excellentior,

1904 3834 2082 3894 tanto
2104 3835 2200 3895 est
2224 3831 2509 3895 idoneior
2530 3830 2797 3896 exaltari
2823 3852 2839 3896 z
2867 3848 3024 3913 ergo
3050 3849 3199 3894 cum
3220 3836 3453 3897 natura

1904 3938 2198 4019 angelica
2204 3939 2228 4019 j
2239 3957 2352 4002 ure
2366 3939 2608 4003 caeteris
2621 3941 3064 4022 anteponatur,
3074 3940 3269 4020 juxta
3280 3938 3447 4022 quod

1906 4044 2057 4110 dicit
2086 4045 2437 4110 Richardus
2455 4046 2533 4111 de
2564 4047 2794 4111 Sancto
2820 4044 3110 4111 Victore:
3149 4069 3180 4108 α
3199 4045 3343 4129 Ipsa
3358 4051 3454 4112 est

1905 4155 2103 4219 totius
2140 4153 2570 4219 universitatis
2621 4156 2855 4236 caput:
2891 4174 2923 4214 ι»
2986 4152 3242 4219 videtur
3281 4153 3454 4237 quod

1908 4261 2119 4343 magis
2150 4261 2380 4326 decens
2405 4262 2596 4325 fuerit
2620 4261 2826 4345 ipsam
2853 4260 3061 4341 uniri,
3095 4279 3293 4345 quam
3322 4260 3454 4327 hu-

1910 4387 2171 4433 manam
2197 4377 2520 4432 naturam.

1989 4481 2050 4540 3.
2081 4477 2242 4541 Item
2269 4479 2500 4540 natura
2519 4474 2814 4558 angelica
2843 4492 3025 4558 passa
3046 4478 3141 4540 est
3168 4476 3452 4557 ruinam,

1907 4589 1972 4649 et
2002 4583 2073 4648 in
2117 4583 2362 4647 malum
2406 4582 2651 4665 culpae,
2700 4586 2761 4646 et
2805 4583 2873 4645 in
2917 4581 3163 4646 malum
3202 4600 3451 4666 poenae:

1909 4709 2066 4773 ergo
2094 4690 2149 4753 si
2174 4690 2397 4756 divina
2415 4688 2846 4753 misericordia
2868 4688 3308 4754 condescendit
3342 4689 3455 4755 mi·

1909 4799 2095 4863 seriae
2113 4847 2131 4877 ‚
2192 4801 2255 4862 et
2309 4798 2623 4878 majorem
2672 4794 3132 4859 abundantiam
3178 4796 3456 4862 miserim

1910 4905 2208 4974 convenit
2236 4904 2494 4988 reperiri
2534 4904 2602 4967 in
2637 4902 2926 4984 angelica
2951 4904 3186 4967 natura
3207 4950 3225 4980 ,
3256 4921 3455 4985 quam

1909 5017 1978 5080 in
2018 5015 2343 5090 humana,
2390 5011 2648 5076 videtur
2686 5010 2860 5092 quod
2908 5011 3117 5091 major
3156 5010 3239 5074 sit
3277 5011 3346 5075 in
3380 5030 3456 5077 ea

1912 5124 2284 5207 congruitas
2310 5122 2386 5186 ad
2413 5119 2740 5199 unionem,
2773 5136 2971 5201 quam
2996 5119 3064 5182 in
3089 5119 3399 5185 humana.

1914 5258 2153 5320 luguen„
2219 5250 2283 5300 ΙΙΙ
2330 5248 2494 5308 Sent„
2521 5261 2573 5311 q.
2599 5257 2670 5308 11,
2701 5249 2796 5296 art.
2829 5250 2886 5307 ¹3
2921 5245 3211 5308 Stephanus
3245 5246 3454 5311 Brules„

1915 5329 1979 5378 ΙΙΙ
2002 5328 2167 5384 Sene„
2194 5323 2309 5373 dist.
2342 5333 2399 5384 11,
2423 5334 2476 5384 q.
2509 5331 2546 5370 11
2556 5332 2573 5380 ;
2605 5319 2759 5369 Gabr.
2791 5317 2939 5380 Biel.‚
2962 5319 3027 5368 ΙΙΙ
3057 5318 3218 5381 δοκι,
3248 5318 3455 5377 dist.11‚

1913 5414 1965 5464 q.
1990 5409 2010 5448 1
2029 5433 2046 5458 ,
2077 5396 2200 5446 dub.
2225 5404 2294 5455 ης
2319 5391 2449 5442 Guil.
2476 5389 2660 5453 Voril„
2685 5391 2748 5440 ΙΙΙ
2781 5390 2945 5452 Sem„
2971 5389 3089 5439 dist.
3131 5402 3204 5453 11,
3243 5403 3296 5454 q.
3321 5396 3369 5439 1.
3394 5413 3455 5426 —

1911 5471 1934 5506 ⁸
1961 5470 2133 5527 loon..
2159 5477 2233 5530 xv,
2258 5465 2336 5515 24.

3482 2473 3550 2517 Ad
3568 2485 3672 2530 opp.
