4185 6288
704 511 745 570 6
1813 494 2433 563 SENTENTlamJM
2473 493 2622 558 ΜΒ.
2669 493 2775 559 Ill.

704 642 980 707 finierat.
1011 642 1192 707 Unde
1211 690 1229 719 ‚
1265 654 1459 724 super
1492 640 1653 704 illud
1681 642 1699 676 ¹
1734 659 1752 703 ε
1797 638 1883 704 At
1918 636 2035 702 ubi
2067 636 2253 701 venit

702 749 1039 834 plenitudo
1078 751 1378 832 temporis
1396 798 1415 827 ,
1449 746 1664 812 Glossa
1704 770 1720 811 :
1778 770 1810 808 α
1852 745 2252 827 Completum

706 864 804 923 est
823 863 1097 942 tempus,
1128 857 1301 940 quod
1340 856 1729 940 praeflnierat
1756 853 1963 932 Pater,
1994 851 2252 935 quando

705 967 984 1032 mitteret
998 964 1236 1029 Filium
1256 980 1471 1028 suum.
1492 985 1522 1022 n
1545 963 1688 1026 Alia
1705 962 1867 1026 ratio
1880 964 1975 1026 oet
1992 966 2253 1045 propter

703 1073 1169 1156 impletionem}
1187 1070 1625 1153 promissionis
1643 1115 1664 1146 ‚
1716 1067 1869 1152 quia
1908 1067 2013 1133 ille
2067 1067 2253 1132 nobis

703 1180 890 1245 datus
915 1183 1032 1258 est,
1063 1178 1178 1262 qui
1206 1178 1412 1242 fuerat
1437 1170 1877 1260 repro'missus.
1909 1174 2110 1252 Unde,
2141 1194 2251 1239 su«

702 1306 818 1372 per
843 1288 911 1353 ¹:
945 1287 1209 1354 Plenum
1245 1286 1475 1368 qratiae
1516 1291 1577 1350 et
1615 1285 1909 1351 veritatis
1928 1331 1947 1363 ‚
1991 1281 2246 1349 Glom:

712 1416 744 1455 α
766 1392 984 1471 Quoad
1012 1392 1443 1477 impletionem
1469 1392 1953 1476 promissorum.
1979 1412 2012 1451 ι
2040 1389 2253 1455 Tertia

704 1502 869 1566 ratio
894 1506 992 1566 est
1014 1505 1334 1585 quantum
1361 1501 1442 1565 ad
1481 1499 1971 1584 completionem
2003 1501 2251 1582 figura-

703 1627 891 1689 rum,
927 1608 1079 1692 quia
1107 1609 1179 1673 in
1220 1606 1448 1671 Christi
1476 1606 1758 1672 adventu
1801 1607 2039 1689 flgurae
2077 1607 2205 1671 illae
2230 1656 2247 1685 ‚

703 1735 852 1801 quae
898 1720 1081 1781 erant
1129 1716 1197 1779 in
1242 1714 1449 1780 Veteri
1494 1713 1895 1780 Testamento
1913 1763 1930 1794 ,
1970 1716 2250 1798 impletae

704 1830 856 1889 sunt
890 1826 1154 1890 veritate
1181 1827 1243 1890 ⁸:
1276 1826 1421 1893 Non
1450 1829 1602 1893 veni
1628 1827 1821 1910 leqem
1854 1828 2113 1907 solvere,
2141 1827 2254 1894 aed

704 1934 1072 2017 adimplere.
1104 1932 1342 2011 Quarta
1364 1935 1524 2000 ratio
1555 1940 1650 1999 est
1683 1941 1937 2019 propter
1966 1937 2250 2020 plenitu-

703 2043 919 2108 dinem
961 2043 1212 2125 gratiae,
1239 2061 1388 2126 quae
1413 2043 1534 2108 fuit
1559 2042 1628 2107 in
1654 2034 1921 2126 Christo,
1957 2063 2107 2130 quae
2130 2046 2254 2110 fuit

703 2151 1088 2235 principium
1117 2151 1413 2215 omnium
1442 2150 1944 2235 plenitudinum.
1976 2154 2245 2234 Undey:

704 2261 787 2325 In
818 2260 1069 2327 Christo
1096 2258 1351 2327 habitat
1380 2259 1592 2326 omnis
1624 2261 1955 2343 plenitudo
1993 2261 2249 2330 divini-

705 2369 866 2436 tatis
894 2366 1333 2451 corporaliter.
1364 2366 1597 2446 Quinta
1625 2368 1809 2448 ratio,
1836 2372 2098 2453 propter
2123 2369 2251 2454 ple-

706 2474 1066 2539 nitudinem
1093 2474 1553 2557 generationis;
1586 2476 1738 2559 quia
1759 2525 1777 2557 ,
1808 2494 1957 2541 cum
1983 2478 2064 2541 sit
2088 2495 2253 2561 qua-

706 2580 979 2665 druplex
1005 2583 1234 2647 modus
1249 2582 1680 2664 generationis
1712 2605 1726 2648 :
1755 2584 1965 2667 prima
1990 2586 2251 2669 quidem

709 2708 827 2757 nec
853 2690 931 2755 de
958 2691 1099 2756 viro
1116 2739 1136 2768 ‚
1176 2707 1296 2754 nec
1318 2691 1397 2755 de
1437 2689 1709 2755 muliere
1727 2739 1745 2771 ,
1774 2690 1885 2756 sed
1915 2690 1994 2757 de
2032 2696 2204 2758 terra
2229 2714 2245 2774 ;

706 2798 1010 2875 secunda,
1038 2797 1327 2863 mulieris
1355 2798 1435 2863 de
1460 2798 1597 2863 solo
1624 2798 1804 2878 viro;
1849 2799 2038 2864 tertia
2067 2818 2247 2879 vero,

708 2905 905 2990 prolis
936 2904 1013 2970 de
1044 2904 1188 2970 viro
1213 2910 1279 2970 et
1310 2904 1607 2985 muliere;
1638 2908 1868 2989 quarta
1893 2924 2049 2972 vero
2068 2955 2085 2986 ‚
2124 2908 2251 2973 viri

708 3016 786 3081 de
812 3015 946 3080 sola
965 3014 1236 3081 muliere
1268 3035 1286 3081 z
1315 3015 1436 3081 ista
1450 3019 1677 3099 quarta
1692 3021 1786 3081 est
1809 3023 2253 3083 consummata

708 3124 778 3190 in
807 3122 1036 3190 Christi
1065 3123 1521 3190 incarnatione.
1549 3123 1744 3190 Sexta
1759 3142 1915 3191 vero
1942 3126 2106 3193 ratio
2133 3129 2248 3210 est,

710 3234 863 3318 quia
886 3238 1141 3317 tempus
1168 3233 1623 3298 incarnationis
1645 3237 1739 3299 oet
1763 3238 2016 3319 tempus
2052 3239 2250 3301 sextae

709 3341 913 3409 aetatis
931 3389 949 3418 ‚
985 3342 1056 3408 in
1080 3360 1209 3425 qua
1235 3341 1495 3424 quidem
1522 3343 1617 3406 est
1640 3340 1968 3424 plenitudo
2005 3345 2068 3405 et
2103 3360 2249 3425 per-

708 3452 823 3515 fect
833 3451 917 3531 io,
949 3454 1043 3531 ut,
1066 3450 1231 3514 sicut
1258 3448 1542 3514 mundus
1563 3448 1632 3513 in
1657 3453 1839 3513 sexto
1860 3449 1962 3513 die
1988 3453 2082 3513 est
2104 3467 2252 3514 con—

707 3560 1102 3639 summatus„
1131 3557 1313 3621 sicin
1350 3559 1530 3622 sexta
1557 3560 1744 3621 aetate
1771 3557 1853 3621 sit
1877 3560 2246 3640 reparatus:

706 3666 795 3730 ita
826 3665 998 3749 quod
1024 3664 1233 3750 prima
1260 3668 1415 3730 aetas
1449 3665 1572 3730 mit
1597 3665 1680 3730 ah
1706 3663 1910 3729 Adam
1934 3682 2143 3747 usque
2171 3667 2249 3729 ad

707 3772 839 3838 Noe
849 3791 872 3855 3
911 3774 1186 3839 secunda
1204 3822 1222 3854 ,
1270 3792 1309 3838 a
1349 3772 1483 3839 Noe
1522 3790 1729 3856 usque
1762 3773 1842 3837 ad
1883 3772 2245 3854 Abraham3

703 3886 909 3966 tertia,
926 3885 1008 3951 ab
1024 3871 1347 3950 Abraham
1367 3904 1570 3969 usque
1587 3886 1666 3950 ad
1683 3883 1945 3969 Moysen
1960 3908 1976 3965 ;
1994 3890 2244 3969 quarta,

701 4013 741 4059 a
772 3991 988 4078 Moyse
1022 4012 1228 4076 usque
1267 3991 1348 4059 ad
1389 3993 1617 4074 David;
1666 3994 1884 4077 quinta
1908 4043 1926 4076 ,
1968 4013 2007 4058 a
2049 3993 2243 4060 David

699 4119 907 4184 usque
941 4100 1021 4165 ad
1049 4098 1408 4182 Christum3
1442 4103 1619 4164 sexta
1639 4148 1658 4180 ‚
1702 4119 1741 4164 a
1768 4099 2013 4167 Christo
2040 4120 2247 4184 usque

699 4208 782 4273 ad
829 4208 1048 4273 ssnem.
1097 4205 1213 4270 His
1258 4225 1418 4290 ergo
1459 4226 1573 4272 sex
1616 4208 1969 4272 rationibus
2005 4208 2247 4286 vdicitur

698 4314 952 4395 tempus
972 4311 1428 4376 incarnationis
1450 4316 1705 4396 tempus
1727 4312 2161 4396 plenitudinis

775 4419 874 4486 Ad
918 4419 1080 4486 illud
1117 4437 1275 4502 ergo
1322 4419 1391 4485 in
1426 4420 1821 4485 contrarium
1836 4470 1855 4500 ‚
1899 4423 2071 4505 quod
2111 4441 2243 4487 non

696 4532 791 4595 est
835 4528 1164 4612 plenitudo
1191 4546 1399 4612 usque
1432 4528 1514 4593 ad
1556 4527 1835 4611 gloriam
1855 4578 1873 4610 ,
1904 4529 2242 4596 dicendum

698 4637 871 4722 quod
896 4640 990 4702 est
1016 4635 1343 4721 plenitudo
1371 4635 1625 4718 gratias,
1654 4641 1718 4702 et
1742 4638 2071 4722 plenitudo
2098 4639 2239 4722 glo·

694 4744 810 4810 riae
840 4765 858 4811 ε
890 4749 953 4811 et
979 4744 1106 4810 illae
1142 4741 1291 4810 duae
1320 4744 1597 4810 rationes
1623 4745 1974 4829 procedunt
2000 4747 2077 4811 de
2107 4747 2240 4830 ple-

697 4853 989 4917 nitudine
1029 4852 1298 4934 gloriae3
1347 4851 1690 4918 auctoritas
1717 4858 1930 4918 autem
1961 4854 2243 4938 Apostoli

698 4959 1083 5043 intelligitur
1122 4959 1201 5024 de
1247 4959 1640 5043 plenitudine
1685 4961 1934 5042 gratiae.
1978 4960 2242 5046 Propter

694 5069 868 5155 quod
901 5069 1176 5134 notanda
1197 5072 1293 5133 est
1326 5067 1621 5151 quaedam
1649 5067 1963 5134 distinctio
1991 5071 2069 5135 de
2105 5072 2239 5154 ple—

756 5249 782 5289 ‘2
813 5250 950 5314 Gal„
984 5261 1060 5315 iv,
1089 5252 1136 5302 4.
1159 5276 1214 5287 —
1236 5249 1439 5314 Ἰοαη.,
1468 5264 1506 5316 1,
1542 5254 1694 5304 ¹4.-
1719 5252 1744 5289 ⁸
1768 5251 1973 5318 unuh„
2000 5265 2053 5317 v,
2078 5258 2155 5304 17.
2177 5282 2239 5293 —

692 5326 715 5363 ⁸
744 5324 932 5377 Coton.
959 5336 1019 5388 u,
1061 5326 1110 5374 9.
1137 5347 1192 5358 -
1230 5321 1255 5357 ⁸
1301 5323 1447 5388 Gen„
1478 5335 1548 5388 11,
1595 5327 1642 5376 2.
1680 5325 1782 5363 —⁸
1807 5326 1885 5376 Pe.
1924 5337 2068 5388 xx1v,
2107 5331 2238 5377 ¹.—

758 5427 820 5492 (a)
848 5425 998 5491 Vulg.
1046 5425 1109 5475 Ut
1138 5426 1496 5489 requiescerent
1522 5426 1682 5477 adhuc
1719 5430 1917 5494 tempus
1958 5427 2233 5492 moderant,

694 5497 851 5550 donec
870 5497 1233 5564 compleantur.

2363 629 2654 696 nitudine
2686 652 2703 695 ε
2733 631 2906 715 quod
2946 632 3246 716 quaedam
3288 637 3385 698 est
3420 633 3749 718 plenitudo
3787 652 3908 699 na-

2365 740 2552 814 turae,
2577 738 2878 820 quaedam
2901 740 3154 822 gratiae,
3175 741 3475 823 quaedam
3494 741 3741 823 gloriae.
3772 739 3908 806 Ple-

2363 842 2590 909 nitudo
2634 848 2884 910 naturae
2930 847 2997 910 in
3044 847 3286 930 duplici
3335 853 3431 913 est
3479 848 3836 914 differentia
3881 871 3897 912 ε

2363 951 2572 1035 prima
2609 958 2926 1035 quantum
2972 955 3050 1019 ad
3091 973 3231 1020 rem
3267 956 3336 1020 in
3380 957 3739 1021 conditione
3760 1005 3778 1036 ,
3829 956 3908 1021 de

2361 1076 2492 1142 qua
2510 1065 2573 1124 ⁸:
2607 1061 2956 1144 complevit
2979 1063 3146 1129 Deus
3171 1063 3279 1131 die
3307 1069 3486 1131 sexto
3504 1079 3665 1147 opus
3685 1080 3905 1132 suum:

2362 1168 2643 1232 secunda
2683 1173 3000 1253 quantum
3042 1171 3121 1235 ad
3160 1184 3382 1236 rerum
3427 1170 3908 1254 multiplicatio-

2364 1291 2512 1338 nem
2535 1323 2554 1353 ,
2597 1275 2675 1341 de
2712 1293 2845 1359 qua
2873 1279 2897 1314 ⁸
2934 1298 2950 1341 z
2991 1280 3253 1345 Domini
3291 1284 3385 1347 est
3421 1284 3637 1359 terra,
3676 1283 3738 1347 et
3771 1279 3911 1361 ple-

2361 1381 2593 1449 nitudo
2644 1382 2809 1463 eius.
2853 1382 3156 1450 Similiter
3197 1390 3264 1450 et
3307 1385 3635 1470 plenitudo
3681 1387 3910 1467 gratiae

2362 1488 2604 1572 duplex
2628 1494 2773 1554 est:
2814 1492 3109 1574 quaedam
3139 1492 3209 1556 in
3237 1494 3460 1577 capite,
3489 1496 3555 1557 et
3578 1492 3658 1557 de
3684 1492 3805 1556 hac
3828 1500 3851 1534 ⁷
3887 1512 3906 1557 ε

2364 1596 2635 1663 Plenum
2681 1601 2915 1681 qratiae
2968 1609 3028 1668 et
3077 1602 3376 1668 veritatis
3398 1620 3427 1680 ,·
3477 1600 3774 1684 quaedam
3839 1600 3911 1665 in

2366 1705 2668 1769 membris
2685 1754 2703 1786 ‚
2736 1706 2905 1771 etde
2948 1707 3069 1772 hac
3102 1713 3128 1749 ⁸
3178 1729 3194 1772 ε
3235 1707 3480 1790 Repleti
3503 1713 3656 1774 sunt
3693 1723 3912 1774 omnes

2365 1810 2618 1893 Spiritu
2673 1820 2894 1881 sancto
2906 1835 2935 1894 ‚·
2972 1820 3035 1879 et
3059 1816 3084 1851 ⁰
3135 1836 3151 1879 z
3195 1814 3539 1897 Proposuit
3586 1815 3662 1879 in
3710 1831 3778 1881 eo
3836 1816 3912 1880 in

2361 1918 2843 2000 dispensatione
2876 1921 3313 2003 plenitudinis
3352 1928 3704 2004 temporum
3720 1971 3740 2001 ‚
3783 1926 3906 1986 etc.

2361 2025 2664 2092 Similiter
2703 2029 3029 2112 plenitudo
3067 2029 3293 2111 gloriae
3332 2029 3570 2114 duplex
3604 2032 3702 2094 est
3743 2050 3760 2093 ε
3802 2030 3907 2094 vel

2360 2138 2677 2218 quantum
2701 2137 2783 2202 ad
2805 2155 3153 2203 numerum
3180 2137 3549 2217 electorum,
3580 2138 3660 2202 de
3682 2136 3804 2201 hac
3820 2138 3906 2202 ¹⁰:

2364 2239 2682 2309 sustinete
2733 2245 2814 2327 (α)
2863 2244 3185 2313 modicum
3227 2253 3477 2327 tempus
3496 2295 3518 2326 ,
3548 2244 3741 2312 donec
3777 2248 3910 2311 im-

2359 2350 2636 2431 plentur,
2664 2356 2819 2432 etc.;
2852 2358 2968 2419 aut
2988 2359 3304 2437 quantum
3328 2355 3410 2420 ad
3439 2355 3910 2438 perceptionem

2360 2461 2750 2524 aeternorum
2768 2461 3082 2527 honorum
3103 2463 3145 2499 ¹²
3169 2484 3184 2527 ε
3207 2462 3288 2526 In
3296 2462 3704 2545 plenitudine
3723 2476 3911 2528 sanc·

2361 2567 2570 2631 torum
2594 2566 2872 2636 detentio
2900 2582 3063 2636 mea.

3007 2800 3144 2846 mm.
3184 2799 3252 2844 11.

2851 2935 3061 2987 Factum
3090 2949 3155 2988 ex
3190 2935 3420 2988 muliere.

2440 3116 2669 3185 Contra
2699 3138 2718 3184 ε
2769 3120 2844 3186 ln
2872 3118 3173 3205 Symbolo
3213 3120 3452 3204 legitur
3496 3141 3512 3184 ε
3559 3119 3865 3187 Genitum
3886 3168 3905 3198 ,

2359 3243 2488 3294 non
2515 3228 2785 3310 factum,
2817 3233 2936 3294 etc.
2967 3228 3149 3311 item,
3188 3228 3244 3293 si
3283 3228 3363 3293 de
3388 3226 3660 3292 muliere
3701 3226 3909 3292 factus

2358 3341 2474 3415 est,
2502 3355 2635 3403 non
2663 3337 2918 3404 videtur
2946 3339 3118 3423 quod
3145 3337 3378 3403 mulier
3402 3337 3483 3402 sit
3506 3339 3650 3421 ejus
3675 3342 3904 3417 mater,

2358 3446 2467 3510 sed
2492 3446 2704 3511 solum
2722 3447 2988 3512 materia
3013 3467 3030 3511 ε
3054 3450 3313 3531 propter
3330 3445 3487 3531 quid
3510 3464 3669 3527 ergo
3688 3444 3902 3527 magis

2358 3553 2507 3617 dicit
2533 3555 2797 3636 sacuam,
2826 3574 3021 3638 quam
3049 3557 3381 3640 penitam?

2437 3663 2622 3746 Resp.
2659 3662 3006 3730 Dicendum
3035 3664 3206 3749 quod
3235 3663 3520 3728 Christus
3549 3661 3906 3728 secundum

2356 3775 2654 3836 naturam
2684 3771 2968 3836 divinam
2994 3773 3080 3836 ita
3118 3776 3214 3837 est
3249 3771 3541 3853 genitus,
3571 3769 3744 3854 quod
3769 3788 3906 3836 non

2355 3878 2558 3944 factus
2580 3928 2597 3958 ,
2652 3879 2805 3963 quia
2851 3897 2980 3944 non
3029 3884 3125 3944 est
3177 3885 3495 3958 creatura3
3546 3878 3906 3945 secundum

2356 3986 2706 4051 humanam
2728 4003 2907 4066 vero,
2939 3989 3028 4052 ita
3054 3992 3147 4052 est
3170 3989 3453 4070 genitus,
3479 3988 3653 4071 quod
3671 3990 3900 4070 sactus,

2360 4093 2514 4176 quia
2540 4098 2880 4177 conceptus
2901 4095 3022 4160 fuit
3046 4114 3085 4160 a
3101 4097 3378 4178 virgine,
3399 4096 3665 4161 faciente
3680 4096 3899 4162 divina

2354 4202 2614 4267 virtute.
2651 4202 2869 4281 Qualis
2896 4207 3110 4268 autem
3138 4197 3411 4286 virginis
3435 4205 3630 4269 fuerit
3654 4206 3864 4270 virtus
3882 4256 3900 4287 ,

2353 4310 2474 4374 hoc
2520 4311 2751 4376 melius
2792 4310 3298 4388 manifestabitur
3339 4307 3481 4377 loco
3516 4314 3695 4379 suo”
3736 4333 3753 4380 ε
3786 4333 3904 4397 per

2352 4419 2473 4484 hoc
2500 4423 2717 4483 autem
2753 4419 2926 4503 quod
2958 4418 3198 4484 dictum
3230 4425 3346 4497 est,
3378 4425 3549 4503 patet
3573 4425 3904 4506 responsio

2352 4526 2430 4593 ad
2458 4528 2724 4610 objecta.

2988 4772 3126 4818 mm.
3168 4771 3260 4817 111.

2874 4910 3085 4961 Factum
3112 4907 3207 4958 sub
3234 4908 3365 4975 lege.

2427 5043 2681 5122 Contra,
2720 5041 2873 5125 quia
2899 5041 3131 5106 dicitur
3156 5041 3202 5078 ¹⁸
3230 5058 3248 5105 ι
3279 5041 3459 5110 sueto
3486 5056 3616 5111 non
3657 5055 3753 5116 est
3785 5043 3899 5116 lea·

2342 5156 2562 5236 posita
2605 5172 2628 5213 .·
2670 5153 2723 5216 si
2765 5163 2923 5234 ergo
2964 5150 3247 5216 Christus
3283 5153 3678 5233 ,iustissimus
3710 5165 3850 5224 erat
3869 5209 3888 5241 ‚

2342 5359 2549 5422 '¹Joan.,
2579 5370 2634 5422 1,
2663 5360 2741 5408 ¹⁴.
2779 5381 2838 5394 —
2873 5356 3051 5417 ⁸Act.,
3078 5368 3143 5420 n,
3175 5359 3306 5408 4.—
3330 5359 3353 5395 θ
3383 5359 3584 5425 Ερὴεε.,
3636 5373 3687 5425 ι,
3730 5366 3891 5415 10...-

2345 5433 2389 5470 ‘0
2406 5431 2580 5495 apoc„
2601 5442 2674 5493 vi,
2703 5432 2784 5481 u.
2813 5451 2873 5466 --
2893 5425 2936 5464 ¹‘¹
2963 5417 3141 5490 teeti„
3162 5439 3308 5493 xxiv,
3328 5431 3473 5482 ³6.-
3505 5434 3549 5467 ¹²
3574 5433 3734 5498 Iup-n,
3765 5436 3884 5492 dist,

2345 5512 2413 5572 w,
2443 5508 2539 5558 art.
2567 5515 2642 5565 11,
2667 5515 2719 5569 q.
2747 5502 2942 5567 1,2‚‘8,
2970 5504 3016 5553 4.
3043 5527 3106 5541 —
3137 5502 3176 5538 Β
3204 5503 3222 5554 l
3250 5502 3397 5568 Tim.‚
3424 5515 3461 5564 1,
3495 5506 3543 5556 9.
