4185 6288
1208 490 1404 559 nis-r.
1450 489 1526 555 11.
1576 484 1760 553 aar.
1807 483 1857 549 1.
1898 483 2203 563 QnAEs‘r.
2251 486 2297 553 ι.
3282 502 3363 569 35

213 633 448 707 humani,
482 629 838 695 ministerii
863 628 1163 712 angelici,
1190 634 1253 692 et
1278 628 1494 710 lapsus
1519 640 1717 705 ange-
1818 623 2086 701 natura,
2132 640 2331 705 quam
2379 624 2448 689 in
2490 628 2762 710 angelo;
2812 632 2999 696 tertio
3050 637 3368 718 quaeritur

215 740 289 803 liei
310 738 712 803 restaurandi.
739 736 924 815 Quod
940 735 1172 800 dicitur
1192 735 1272 800 de
1289 733 1520 817 gratia,
1542 730 1715 815 quod
1820 733 2047 794 utrum
2086 731 2297 827 major
2332 732 2414 797 sit
2451 737 2821 818 congruitas
2851 740 2932 804 ad
2961 743 3266 809 unionem
3296 745 3367 811 in

214 865 311 911 non
330 847 397 910 fit
427 864 540 930 per
577 844 956 927 angelicum
998 841 1458 918 ministerium3
1492 843 1585 905 est
1611 837 1715 903 di-

214 955 437 1018 cendum
461 954 634 1036 quod
665 952 883 1034 gratia
905 950 1270 1015 infunditur
1292 967 1406 1032 per
1432 947 1719 1011 ministe-

213 1061 343 1124 rium
364 1061 754 1138 humanum,
783 1065 846 1125 et
869 1077 985 1142 per
1011 1058 1281 1123 verbum
1310 1057 1712 1121 humanum:

214 1168 292 1231 sed
333 1169 708 1245 incar-nstin,
762 1185 909 1250 quae
954 1170 1048 1232 ost
1089 1163 1479 1248 principium
1519 1163 1719 1227 totius

213 1275 640 1355 glorificationis
660 1325 681 1355 ‚
740 1292 872 1339 non
937 1290 1052 1356 per
1106 1272 1439 1336 hominem
1494 1270 1718 1336 debuit

212 1382 477 1458 nuntiari,
508 1382 620 1447 sed
648 1381 868 1464 potius
907 1397 1022 1462 per
1054 1377 1388 1461 angelum.
1427 1377 1522 1442 Ad
1560 1377 1717 1441 illud

210 1488 343 1568 quod
360 1488 720 1571 opponitur,
739 1486 913 1569 quod
933 1484 1352 1569 propinquior
1367 1489 1505 1549 erat
1519 1482 1718 1566 Virgo

210 1592 369 1658 Maria
391 1594 511 1659 Deo
530 1642 548 1671 ,
589 1613 797 1677 quam
828 1593 1140 1676 Angelus,
1168 1592 1515 1657 dicendum
1542 1591 1716 1674 quod

213 1722 397 1767 verum
430 1709 523 1767 ast
560 1709 888 1787 quantum
931 1702 1013 1766 ad
1053 1702 1330 1784 gratiam
1358 1701 1681 1766 electionis
1697 1750 1714 1777 ,

211 1810 295 1873 sed
310 1830 425 1876 non
451 1818 777 1895 quantum
805 1811 885 1876 ad
914 1810 1191 1891 gratiam
1212 1810 1721 1892 comprehensio-

211 1918 305 1981 nis.
330 1920 416 1983 Ad
442 1920 596 1985 illud
624 1921 806 2003 quod
834 1919 1201 2002 opponitur,
1233 1918 1313 1983 de
1338 1937 1470 2002 quo
1497 1919 1721 1984 ordine

210 2024 323 2104 fuit,
361 2028 698 2092 dicendum
750 2027 923 2109 quod
965 2026 1374 2108 probabiliter
1416 2026 1716 2104 creditur,

211 2134 348 2213 quod
381 2135 494 2198 fuit
535 2135 615 2199 de
670 2134 901 2199 ordine
945 2133 1519 2215 archangelorum,
1556 2134 1722 2199 sicut

213 2241 348 2303 canit
362 2240 647 2306 Ecclesia.
681 2241 865 2307 Unde
891 2241 948 2305 si
975 2241 1222 2305 dicatur
1253 2240 1502 2306 Gabriel
1527 2241 1721 2306 fuisse

211 2362 459 2410 summus
484 2349 649 2412 inter
674 2348 948 2430 angelos
964 2395 982 2425 ‚
1027 2347 1149 2412 hoc
1175 2364 1306 2411 non
1334 2347 1722 2429 intelligitur

214 2448 275 2512 de
306 2455 515 2535 angelo
559 2457 926 2520 secundum
968 2455 1139 2537 quod
1185 2461 1282 2520 oet
1320 2473 1559 2519 nomen
1597 2473 1723 2519 na-

218 2558 367 2636 turae,
391 2562 492 2626 sed
518 2564 883 2628 secundum
904 2563 1077 2646 quod
1098 2569 1193 2628 est
1213 2581 1454 2629 nomen
1475 2563 1719 2642 nuntii,

217 2668 266 2725 et
298 2669 630 2734 secundum
674 2672 851 2753 quod
892 2672 973 2735 ad
1016 2671 1373 2736 nuntianda
1407 2671 1724 2736 exteriora

219 2777 572 2856 progreditur
595 2798 618 2843 :
654 2784 717 2844 et
746 2779 867 2843 hoc
892 2778 1057 2841 nihil
1091 2779 1379 2862 impedit,
1411 2779 1569 2862 quin
1598 2777 1725 2844 Ga-

220 2881 345 2949 briel
360 2889 505 2953 scire
523 2890 811 2972 potuerit
836 2891 1215 2973 mysterium
1238 2892 1719 2968 incanmtionis,

222 2994 271 3053 et
298 2992 388 3057 alii
424 2997 645 3079 angeli
680 3002 972 3080 poterant
1012 2998 1337 3079 ignorare.
1371 2997 1484 3064 Vel
1514 3004 1726 3083 posset

221 3095 316 3163 dici
345 3104 501 3184 quod
537 3103 882 3170 inferiores
917 3105 1133 3188 angeli
1158 3106 1443 3171 scierunt
1486 3111 1726 3191 myste-

221 3204 355 3271 rium
375 3209 854 3291 incarnationis,
879 3213 987 3278 sed
1010 3215 1389 3297 quaerebant
1406 3215 1725 3299 profunda

220 3311 381 3379 divini
412 3319 706 3384 consilii:
744 3323 809 3384 et
837 3320 964 3385 hoc
1009 3320 1239 3387 melius
1276 3326 1724 3405 cognoverunt

222 3426 331 3498 post
355 3422 483 3488 Filii
511 3425 971 3490 exaltationem
1002 3431 1068 3491 et
1092 3429 1381 3494 veritatis
1409 3430 1721 3512 praedica-

220 3524 446 3610 tionem,
493 3533 738 3615 quibus
776 3534 1074 3616 explicita
1102 3539 1168 3599 et
1200 3537 1599 3603 manifestata
1627 3542 1724 3602 est

223 3635 588 3704 multiformis
612 3637 727 3704 Dei
751 3640 1083 3723 sapientia.

645 3857 1137 3928 ARTICULUS
1182 3860 1237 3927 Ι.

280 4028 360 4094 Ad
404 4032 896 4115 intelligentiam
945 4035 1143 4119 hujus
1180 4037 1379 4120 partis
1429 4039 1724 4108 incidunt

226 4140 559 4217 questiones
584 4143 753 4208 circa
783 4145 927 4208 tria.
958 4141 1036 4208 Et
1062 4147 1376 4227 quaeritnr
1401 4149 1613 4231 primo
1642 4150 1723 4218 de

226 4249 406 4312 natura
431 4254 756 4333 assumpta
784 4256 1105 4332 quantum
1143 4252 1224 4317 ad
1258 4253 1519 4319 unionis
1563 4274 1721 4321 con-

228 4355 555 4438 gruitatem3
600 4359 885 4424 secundo
932 4361 1246 4443 quaeritur
1284 4369 1602 4446 quantum
1640 4367 1722 4434 ad

226 4469 455 4542 partium
479 4470 958 4553 integritatem
994 4472 1180 4537 tertio
1216 4492 1371 4540 vero
1404 4480 1723 4559 quaeritur

227 4583 487 4654 quantum
515 4581 598 4646 ad
625 4581 1080 4664 dispositionis,
1108 4584 1244 4649 sive
1269 4587 1465 4652 medii
1501 4607 1724 4656 neces-

223 4680 448 4753 sitatem.
505 4688 685 4754 Circa
748 4691 1035 4773 primum
1098 4699 1482 4776 quaeruntur
1543 4699 1667 4764 tria
1699 4723 1715 4764 :

220 4791 391 4868 pn'mo
415 4797 730 4879 quaeritur
756 4801 980 4862 utrum
1010 4802 1216 4881 major
1240 4801 1320 4866 sit
1345 4805 1721 4886 congruitas

220 4896 283 4961 ad
317 4903 602 4969 unionem
646 4904 717 4968 in
761 4905 1056 4970 rationali
1102 4911 1354 4989 natura,
1405 4929 1606 4993 quam
1650 4914 1719 4978 in

219 5005 324 5070 toto
376 5011 703 5091 nnivers03
775 5013 1053 5078 secundo
1115 5017 1433 5097 quaeritur
1495 5024 1718 5086 utrum

219 5115 389 5195 maior
404 5118 485 5183 sit
504 5120 876 5202 congruitas
902 5120 983 5185 ad
1006 5122 1312 5187 unionem
1336 5124 1408 5188 in
1429 5125 1719 5194 humana

269 5236 285 5269 ¹
308 5237 380 5302 Cs.
407 5242 686 5295 Alexander
711 5244 946 5310 Alensiffi
973 5259 1028 5308 p.
1050 5247 1139 5311 ΙΙΙ,
1167 5261 1220 5311 q.
1247 5260 1305 5307 11,
1336 5250 1529 5302 memb.
1566 5256 1591 5303 '1
1612 5269 1628 5316 ς
1660 5257 1715 5308 S.

220 5301 390 5374 Thom„
418 5327 467 5377 p.
497 5315 589 5379 ΙΙΙ,
632 5330 685 5381 q.
727 5328 814 5381 xv,
849 5321 945 5366 art.
979 5322 1036 5379 l;
1078 5323 1128 5368 et
1168 5320 1235 5369 ln
1292 5320 1452 5382 Seni„
1495 5324 1612 5376 dist.
1647 5340 1714 5394 11,

223 5391 262 5444 q-
282 5393 433 5446 1,art.
463 5394 518 5454 ις
546 5395 597 5442 et
617 5392 704 5457 ln,
724 5393 907 5442 eontra
933 5391 1103 5455 Genu,
1131 5409 1178 5445 c.
1208 5405 1310 5459 ινς
1339 5398 1507 5463 AEgid.
1546 5405 1716 5470 Rom„

224 5447 275 5503 ΠΙ
296 5455 435 5521 Seni„
461 5461 573 5513 dist.
595 5474 657 5528 11,
676 5478 729 5530 q.
758 5475 815 5529 1;
844 5462 1156 5530 aichardus,
1188 5469 1256 5518 ln
1315 5468 1476 5534 Seni„
1496 5473 1616 5527 dist.
1645 5488 1716 5541 υ,

1822 839 1953 901 tota
1976 837 2206 920 specie,
2241 857 2440 922 quam
2468 843 2533 906 in
2566 861 2699 909 uno
2729 845 3082 913 individuo.

2349 1082 2707 1160 QUAESTIO
2753 1087 2801 1153 1.

1825 1241 1916 1297 An
1944 1242 2121 1313 mnjor
2144 1246 2221 1300 cit
2256 1250 2565 1319 conyruitos
2591 1248 2677 1306 'od
2718 1252 2968 1309 unionem
3002 1256 3065 1311 in
3102 1258 3373 1315 rationali

2070 1338 2352 1401 creatura,
2380 1353 2544 1409 quam
2570 1341 2633 1396 in
2654 1344 2765 1397 toto
2805 1347 3057 1401 universo
3084 1343 3125 1403 ¹.

1906 1490 2135 1558 Utrum
2172 1498 2381 1580 major
2414 1499 2496 1562 sit
2534 1504 2908 1584 congruitas
2939 1505 3019 1570 ad
3058 1508 3372 1576 unionem
3402 1541 3615 1588 rum..

1824 1598 1894 1663 in
1915 1601 2210 1667 rationali
2241 1610 2534 1670 creatura
2563 1627 2760 1692 quam
2799 1611 2866 1676 in
2890 1616 3023 1679 toto
3045 1616 3371 1697 universo,

1825 1724 1909 1770 an
1932 1726 1968 1772 e
1995 1711 2342 1790 contrario;
2368 1718 2434 1777 et
2458 1715 2629 1797 quod
2661 1721 2870 1801 major
2895 1720 2981 1785 sit
3004 1724 3378 1806 congruitas

1826 1815 1896 1878 in
1940 1817 2232 1881 rationali
2275 1824 2528 1902 natura,
2574 1823 2832 1891 videtur
2875 1849 2891 1892 ε
2939 1829 3172 1911 primo,
3222 1834 3380 1916 quia

1828 1919 1993 1986 Deus
2018 1926 2362 2009 assumpsit
2388 1929 2590 1994 solam
2620 1933 3001 2000 rationalem
3021 1941 3323 2003 naturam
3350 1960 3370 2006 ε

1826 2027 1879 2091 si
1917 2046 2076 2111 ergo
2115 2030 2282 2097 Deus
2324 2053 2578 2119 semper
2611 2037 2756 2103 facit
2798 2042 2972 2124 quod
3008 2044 3242 2109 melius
3284 2050 3383 2111 est

1826 2139 1890 2200 et
1919 2138 2128 2218 magis
2158 2159 2551 2225 congruum,
2583 2146 2836 2212 videtur
2862 2150 3036 2232 quod
3066 2155 3275 2235 major
3300 2154 3383 2219 sit

1827 2245 2202 2325 congruitas
2227 2247 2296 2312 in
2321 2250 2612 2317 rationali
2643 2259 2895 2337 natura,
2926 2276 3122 2341 quam
3150 2260 3222 2325 in
3250 2264 3384 2326 tota

1827 2351 2129 2416 machina
2158 2356 2509 2422 mundana.

1910 2457 2068 2524 Item
2096 2466 2329 2527 natura
2357 2471 2569 2531 creata
2597 2473 2926 2553 assumpta
2950 2477 3046 2536 est
3069 2472 3141 2537 in
3168 2474 3384 2541 unita-

1828 2572 1959 2634 tem
1998 2589 2290 2654 personae
2320 2595 2336 2639 z
2382 2580 2448 2640 et
2484 2578 2658 2660 quod
2697 2581 2908 2661 magis
2949 2581 3252 2648 idoneum
3286 2591 3384 2651 est

1828 2678 1909 2741 ad
1961 2679 2275 2746 unitatem
2329 2686 2730 2765 personalem
2748 2733 2767 2765 ,
2817 2689 3032 2771 magis
3074 2689 3382 2757 idoneum

1828 2785 2029 2850 estad
2054 2788 2580 2871 assumptionem.
2617 2791 2685 2857 Si
2717 2811 2876 2876 ergo
2909 2795 3194 2878 dignitas
3228 2817 3375 2882 per·

1828 2892 2066 2956 sonalis
2110 2911 2242 2959 non
2286 2901 2381 2960 est
2424 2897 2550 2962 nisi
2599 2899 2667 2963 in
2718 2905 3013 2967 creatura
3057 2904 3377 2986 rationali,

1828 2999 2086 3065 videtur
2102 3003 2275 3085 quod
2293 3004 2468 3069 illam
2488 3005 2690 3072 solam
2713 3010 2996 3076 maxime
3012 3029 3380 3095 congruum

1826 3106 1911 3173 sit
1936 3109 2129 3175 uniri.

1910 3215 2068 3282 Item
2109 3220 2321 3301 gratia
2357 3221 2616 3287 unionis
2649 3227 2746 3288 est
2783 3228 3016 3309 major,
3054 3246 3253 3312 quam
3299 3232 3384 3295 sit

1826 3639 1985 3704 tiam
2011 3642 2094 3706 ad
2120 3643 2452 3709 unionem.

1908 3746 2070 3812 Item
2097 3752 2306 3814 totum
2331 3751 2710 3818 universum
2735 3755 2977 3821 rachim
2999 3761 3094 3824 est
3122 3764 3381 3844 propter

1827 3859 2189 3920 creaturam
2215 3858 2592 3924 rationalem
2624 3880 2641 3925 z
2670 3879 2829 3943 ergo
2856 3864 3181 3931 rationalis
3203 3884 3379 3933 crea-

1827 3964 1975 4026 tura
2000 3962 2411 4030 excellentior
2434 3971 2530 4031 est
2552 3969 2854 4035 omnibus
2877 3970 3018 4036 aliis
3042 3976 3373 4055 creaturis,

1826 4087 1977 4153 quae
1999 4074 2152 4135 sunt
2173 4072 2252 4136 de
2275 4074 2723 4141 constitutione
2750 4077 3039 4144 universi
3064 4095 3084 4146 t
3110 4099 3268 4164 ergo
3294 4084 3375 4148 ad

1827 4176 2031 4243 Deum
2085 4179 2297 4259 magis
2347 4182 2587 4247 accedit
2627 4206 2644 4249 t
2692 4188 2757 4249 et
2803 4187 2974 4270 quod
3032 4190 3245 4273 magis
3294 4191 3376 4257 ad

1826 4282 2031 4350 Deum
2086 4286 2360 4364 accedit,
2416 4290 2628 4372 magis
2679 4296 2779 4357 est
2832 4312 3197 4377 congruum
3246 4296 3376 4364 Deo

1827 4392 2004 4457 uniri
2032 4415 2048 4457 ε
2080 4411 2262 4475 ergo,
2293 4398 2412 4459 etc.

1909 4499 2067 4564 ltem
2090 4500 2470 4566 universum
2491 4506 2702 4569 totum
2724 4525 2858 4573 non
2880 4509 3111 4574 dicitur
3131 4510 3370 4590 factum

1826 4604 1907 4669 ad
1934 4604 2042 4670 Dei
2074 4606 2432 4689 imaginem
2459 4612 2523 4673 et
2556 4609 3066 4694 similitudinem,
3103 4614 3212 4679 sed
3238 4616 3373 4680 sola

1825 4713 2153 4779 rationalis
2179 4719 2471 4781 creatura
2500 4737 2519 4781 ε
2560 4717 2668 4782 sed
2708 4719 2927 4802 imago
2964 4721 3115 4787 dicit
3143 4721 3369 4788 simili-

1824 4821 2115 4886 tudinem
2140 4841 2545 4906 expressam:
2572 4842 2730 4907 ergo
2756 4826 2925 4892 inter
2949 4847 3174 4895 omnes
3202 4849 3373 4898 crea-

1826 4933 2004 4993 turas
2029 4929 2165 4994 sola
2197 4931 2522 4995 rationalis
2558 4937 2845 4999 creatura
2880 4937 3243 5018 expressius
3265 4958 3368 5004 as-

1825 5034 2144 5101 similatur
2191 5034 2318 5101 Deo
2358 5059 2375 5101 :
2414 5037 2521 5102 sed
2574 5037 2747 5103 istud
2802 5041 3010 5106 solum
3063 5045 3161 5108 est
3208 5063 3366 5111 con-

1824 5159 2069 5224 gruum
2109 5142 2190 5205 ad
2230 5142 2536 5208 unionem
2581 5162 2733 5222 cum
2767 5145 2917 5228 De0,
2963 5149 3136 5232 quod
3175 5150 3370 5219 habet

1824 5349 1876 5400 q.
1902 5347 1975 5399 1v;
2003 5336 2188 5387 Thom.
2221 5339 2450 5402 Argent„
2494 5339 2557 5389 ΙΙΙ
2591 5339 2752 5402 Sent„
2781 5342 2898 5396 dist.
2927 5355 2982 5409 ιι,
3017 5359 3071 5410 q.
3102 5359 3149 5412 1,
3173 5354 3270 5402 art.
3298 5354 3319 5402 1
3346 5368 3364 5416 3

1824 5409 2114 5473 Stephanus
2144 5409 2350 5474 Brulet„
2384 5412 2448 5462 ΙΙΙ
2473 5411 2635 5473 Sena,
2665 5413 2781 5466 dist.
2802 5426 2862 5480 ιι,
2883 5429 2937 5481 q.
2968 5421 2990 5468 1
3011 5433 3030 5481 3
3059 5419 3213 5472 Gabr.
3239 5422 3370 5490 Rieu

1823 5481 1892 5532 ΙΙΙ
1920 5481 2079 5540 Sent„
2099 5479 2217 5533 dist.
2247 5493 2314 5546 11,
2336 5496 2389 5549 q.
2411 5497 2448 5536 1.
