4185 6288
606 1035 662 1077 ,αἱ

435 1155 454 1168 .
517 1032 718 1145 m·
754 1116 908 1180 tiam
952 1121 1048 1180 est
1081 1116 1471 1193 notandum,
1521 1113 1695 1196 quod
1739 1112 2080 1194 praedictus
2111 1111 2289 1190 ord0,

528 3391 688 3449 Opinio

526 3456 697 3500 Doctor-

757 447 880 510 660

1307 615 1758 682 CONCLUSIO.

801 759 1101 816 Charilam
1138 757 1326 813 ordine
1368 756 1642 812 domestici
1681 758 1742 810 in
1786 755 2070 812 dilectione
2111 758 2248 827 ipsis

1131 846 1404 902 extrancis
1426 849 1552 901 sunt
1572 843 1920 916 proeferendi.

837 1007 1020 1090 Resp.
1047 1007 1126 1072 ad
1154 1025 1295 1089 arg.
1328 1007 1422 1078 Ad
1443 1006 1897 1089 praedictorum
1940 1003 2297 1084 intelligen-

748 1223 862 1306 qni
907 1222 1275 1304 assignatur
1324 1220 1673 1286 secundum
1713 1220 1830 1283 has
1880 1218 2290 1298 differentias,

746 1347 896 1412 quae
918 1333 1068 1393 sunt
1095 1329 1553 1411 propinquum,
1583 1329 1648 1390 et
1673 1330 2018 1404 remotum,
2049 1325 2291 1389 domes-

745 1438 969 1514 ticum,
1014 1441 1079 1499 et
1110 1437 1516 1511 extraneum,
1547 1452 1588 1496 a
1630 1433 2014 1515 quibusdam
2060 1433 2293 1497 dicitur

745 1561 879 1607 esse
930 1542 1130 1624 ipsius
1184 1541 1532 1604 dilectionis
1580 1539 1924 1613 naturalis:
1970 1539 2291 1603 charitatis

745 1653 960 1712 autem
980 1666 1113 1712 non
1140 1652 1253 1725 est,
1283 1648 1401 1710 nisi
1422 1646 1786 1710 tolerantis:
1818 1647 2088 1709 sustinet
2113 1648 2289 1709 enim

745 1756 1020 1820 charitas
1046 1756 1113 1818 in
1140 1755 1269 1831 via,
1297 1772 1447 1818 cum
1490 1754 1572 1816 sit
1612 1753 1999 1834 imperfecta,
2044 1754 2289 1835 imper-

742 1862 1076 1926 fectionem
1104 1861 1305 1943 ipsius
1333 1867 1606 1925 naturae.
1639 1859 1816 1923 Unde
1851 1860 1913 1922 hi
1944 1859 2290 1925 voluerunt

742 1969 951 2033 dicere
976 1968 1150 2050 quod
1193 1968 1348 2032 ordo
1375 1966 1697 2030 charitatis
1715 2015 1730 2043 ,
1762 1965 1876 2047 qui
1906 1967 2205 2047 competit
2230 1968 2289 2030 ei

742 2077 1095 2142 secundum
1134 2095 1236 2154 se,
1296 2074 1642 2139 attenditur
1693 2092 1886 2156 penes
1928 2076 2139 2153 majus
2174 2074 2285 2137 bo·

742 2201 928 2263 num,
945 2188 1009 2248 et
1026 2183 1241 2247 minus
1260 2182 1528 2256 bonum,
1553 2199 1684 2245 non
1703 2186 1916 2244 autem
1936 2180 2287 2243 secundum

685 2361 697 2376 ‚
743 2289 1200 2373 propinquum,
1248 2292 1313 2352 et
1359 2294 1700 2353 remotum.
1752 2287 1874 2352 Sed
1911 2287 2015 2352 hic
2060 2290 2311 2353 modus

742 2397 989 2463 dicendi
1018 2415 1148 2461 non
1176 2396 1430 2459 videtur
1463 2395 1846 2459 concordare
1879 2395 2090 2458 verbis
2130 2396 2288 2459 Am-

740 2504 958 2585 brosii,
984 2522 1103 2569 nec
1128 2503 1321 2568 etiam
1346 2502 1558 2566 verbis
1585 2500 1892 2581 Magistri.
1925 2499 2089 2565 Nam
2130 2502 2285 2565 Am-

741 2610 994 2675 brosius
1020 2611 1308 2675 ordinem
1333 2609 1509 2673 hune
1534 2609 1821 2689 assignat
1846 2609 1913 2670 in
1942 2609 2079 2691 ipsa
2108 2609 2289 2673 dilec-

740 2720 913 2783 tione
939 2717 1243 2799 gratuita,
1273 2716 1352 2781 de
1377 2734 1505 2798 qua
1532 2715 1686 2779 dicit
1710 2734 1939 2797 sponsa
1974 2716 2041 2778 in
2073 2716 2287 2780 Canti-

741 2825 868 2888 εἰς·
895 2842 912 2886 t
942 2823 1315 2890 Introduxit
1338 2839 1433 2887 mc
1458 2838 1580 2888 νεα·
1598 2824 1672 2887 in
1691 2823 1906 2888 cellam
1930 2825 2282 2902 vinariam,

741 2931 1075 2998 ordinavit
1104 2933 1177 2996 in
1216 2947 1312 2995 me
1340 2930 1739 2997 charitatem.
1773 2930 1850 2994 Et
1891 2929 2192 3012 Magister
2217 2932 2288 2995 in

742 3038 1052 3121 principio
1079 3037 1499 3101 dictinctionis
1525 3037 1695 3114 dicit,
1725 3037 1895 3119 quod
1932 3041 2149 3119 peccat
2174 3038 2286 3121 qui

742 3151 1126 3230 praepostere
1153 3144 1311 3225 agit,
1339 3150 1401 3208 et
1428 3144 1601 3207 hunc
1617 3144 1904 3208 ordinem
1935 3147 2240 3226 pervertit
2267 3168 2282 3209 :

742 3255 912 3337 quod
940 3272 1070 3318 non
1101 3258 1284 3331 esset,
1326 3252 1378 3315 si
1406 3251 1548 3316 talis
1574 3252 1730 3316 ordo
1753 3251 2153 3317 solummodo
2182 3273 2287 3318 es-

742 3368 837 3426 set
889 3361 1217 3425 charitatis
1262 3360 1423 3424 sicut
1467 3360 1811 3423 tolerantie.
1875 3359 1949 3423 Et
1999 3361 2142 3425 ideo
2196 3365 2289 3425 est

743 3468 906 3533 alius
932 3468 1160 3532 modus
1186 3466 1455 3546 dicendi,
1486 3467 1657 3546 quod
1689 3467 1845 3530 ordo
1870 3466 1983 3548 qui
2014 3468 2283 3532 attendi-

742 3580 849 3640 tur
879 3592 1071 3659 penes
1096 3573 1426 3658 praedictas
1445 3558 1855 3651 differentias,
1877 3592 2006 3637 non
2034 3578 2285 3639 tantum

743 3686 838 3747 est
889 3681 1094 3765 ipsius
1145 3679 1465 3744 charitatis
1520 3679 1686 3742 sit-ut
1751 3679 2077 3744 tolerantis
2104 3729 2124 3760 ,
2177 3681 2287 3746 sed

744 3788 938 3853 etiam
979 3792 1074 3853 est
1135 3786 1337 3870 ipsius
1367 3832 1385 3865 ,
1457 3785 1624 3850 sicut
1684 3785 2037 3866 reguiantis
2096 3793 2288 3850 natu-

743 3912 907 3975 ram,
960 3900 1022 3960 et
1064 3894 1125 3961 ei
1173 3891 1597 3957 consonantis.
1638 3892 1819 3969 Quod
1858 3893 2031 3956 enim
2080 3894 2287 3976 primo

743 4000 1098 4083 diligantur
1144 4000 1509 4084 propinqui,
1565 4017 1762 4081 quam
1807 3999 2117 4077 extranei,
2167 4000 2288 4064 hoc

743 4125 875 4173 non
920 4113 1016 4174 est
1057 4114 1307 4174 naturae
1347 4106 1746 4184 inordinatae,
1798 4106 1906 4170 sed
1953 4107 2163 4188 potius
2210 4109 2288 4172 de

744 4215 965 4281 ordine
993 4221 1266 4281 naturae.
1301 4213 1479 4279 Sicut
1496 4213 1669 4277 enim
1693 4213 1870 4296 prius
1899 4217 2139 4277 tactum
2166 4220 2284 4292 est,

745 4329 957 4388 rectus
977 4323 1134 4389 ordo
1159 4320 1514 4387 diffusionis
1541 4325 1657 4399 est,
1695 4330 1768 4384 ut
1795 4321 1974 4403 prius
2001 4339 2290 4386 commu-

743 4429 992 4495 nicetur
1042 4429 1504 4514 propinquiori,
1554 4433 1617 4493 et
1659 4428 1885 4492 deinde
1933 4428 2282 4494 remotiori.

745 4538 1061 4615 Quoniam
1106 4556 1266 4620 ergo
1303 4538 1577 4602 charitas
1618 4543 1862 4601 rectum
1916 4538 2209 4602 ordinem
2249 4558 2288 4603 a

743 4650 977 4709 natura
1015 4663 1149 4709 non
1188 4645 1414 4722 aufert,
1458 4644 1609 4708 hinc
1651 4649 1745 4708 est
1791 4644 1963 4726 quod
2013 4645 2287 4710 charitas

730 4751 1206 4837 >superveniens
1224 4750 1408 4814 illum
1430 4750 1716 4814 ordinem
1738 4756 1986 4815 naturae
2015 4753 2283 4835 perficit,

740 4867 804 4925 et
834 4859 1216 4944 perficiendo
1244 4858 1478 4922 dicitur
1490 4857 1714 4922 eodem
1731 4857 1955 4921 ordine
1976 4858 2283 4938 ordinari,

744 4984 879 5030 non
905 4965 1060 5048 quia
1086 4964 1243 5029 ordo
1269 4963 1377 5027 ille
1416 4969 1731 5046 competat
1766 4964 1891 5028 sibi
1928 4966 2284 5029 secundum

738 5091 829 5152 se,
862 5072 974 5138 sed
1013 5072 1168 5155 quia
1208 5072 1509 5153 competit
1554 5072 1615 5136 ei
1655 5072 1898 5136 ratione
1938 5078 2189 5137 naturae
2214 5074 2285 5137 in

737 5198 868 5262 qua
892 5184 1008 5245 est.
1055 5177 1319 5261 Propter
1353 5178 1524 5259 quod
1572 5179 2064 5260 attendendum,
2113 5182 2284 5262 quod

736 5288 976 5369 duplex
1008 5287 1167 5352 ordo
1206 5288 1553 5352 attenditur
1595 5288 1663 5351 in
1704 5287 2033 5353 charitate.
2081 5286 2280 5366 Unus,

801 5415 817 5447 ⁸
844 5412 1013 5474 Cat„
1043 5420 1101 5474 ιι,
1132 5412 1185 5466 t.

1877 436 2501 506 SENTENTIARUM
2540 439 2691 507 LIB.
2738 442 2845 507 ΙΙΙ.

2405 576 2519 658 qui
2546 577 2607 640 ei
2647 579 2947 661 competit
2976 580 3334 645 secundum
3359 581 3635 664 seipsam
3676 606 3693 646 :
3732 587 3795 647 et
3830 583 3935 648 iste

2405 684 2561 748 ordo
2588 686 2935 750 attenditur
2968 705 3164 769 penoe
3188 688 3465 766 bonum,
3497 693 3561 752 et
3601 690 3811 770 magis
3834 690 3934 754 bo-

2404 808 2589 871 num,
2619 797 2683 856 et
2727 794 3008 857 maxime
3045 794 3312 859 bonum.
3353 794 3532 860 Unde
3574 796 3849 860 charitas
3870 797 3935 860 de

2402 916 2471 961 se
2522 901 2732 981 magis
2786 905 3003 965 movet
3056 902 3135 963 ad
3205 903 3560 966 amandum
3626 904 3932 985 spiritum,

2402 1023 2600 1087 quam
2656 1025 2925 1089 corpus;
2975 1011 3037 1071 et
3086 1007 3289 1072 Deum
3341 1027 3711 1088 summum,
3756 1030 3934 1092 quam

2401 1112 2700 1194 spiritum
2728 1121 3038 1179 creatum.
3087 1115 3270 1179 Alius
3294 1134 3451 1179 vero
3486 1122 3583 1180 est
3620 1117 3798 1196 orde,
3837 1118 3935 1200 qui

2401 1220 2700 1301 competit
2717 1221 2774 1284 ei
2803 1221 3046 1285 ratione
3068 1225 3318 1285 naturae
3345 1223 3686 1286 substratae
3712 1246 3728 1285 :
3758 1227 3821 1286 et
3847 1224 3936 1286 hic

2400 1326 2746 1390 attenditur
2778 1326 3129 1391 secundum
3172 1328 3563 1392 differentias
3600 1329 3757 1408 haS,
3806 1349 3935 1413 quae

2399 1438 2552 1497 sunt
2579 1435 2911 1517 proprium
2948 1439 3012 1498 et
3046 1436 3354 1515 alienum,
3405 1438 3846 1520 propinquum
3883 1446 3935 1502 et

2398 1546 2798 1604 extraneum.
2817 1541 3098 1606 Affectus
3116 1544 3289 1607 enim
3316 1545 3646 1608 charitatis
3669 1546 3932 1609 subster-

2398 1647 2499 1710 nit
2524 1647 2645 1710 sibi
2676 1649 2973 1712 assectum
3000 1654 3270 1728 naturae,
3305 1654 3370 1713 et
3396 1649 3583 1713 illum
3612 1652 3854 1732 perficit
3879 1658 3935 1715 et

2397 1754 2589 1834 regit,
2618 1755 2970 1818 secundum
2998 1755 3154 1818 illud
3180 1755 3349 1837 quod
3377 1756 3572 1819 habet
3606 1757 3677 1819 in
3712 1776 3782 1821 se
3807 1777 3936 1821 rec-

2397 1860 2711 1924 titudinis,
2732 1861 3217 1925 Concedendum
3246 1867 3339 1925 est
3361 1880 3520 1944 ergo
3538 1864 3714 1945 quod
3733 1884 3936 1929 secun·

2396 1966 2553 2031 dum
2598 1968 2887 2032 ordinem
2946 1969 3269 2032 charitatis
3322 1970 3654 2034 domestici
3707 1991 3934 2054 praepo·

2396 2077 2589 2141 nendi
2615 2083 2764 2140 sunt
2799 2078 3143 2141 extraneis
3185 2077 3481 2143 Rationes
3521 2087 3777 2160 autem,
3803 2099 3932 2164 quae

2396 2181 2518 2246 hoc
2539 2183 2900 2262 ostendunt,
2930 2184 3350 2249 concedenda}
3371 2191 3544 2250 sunt.

2477 2293 2537 2351 1.
2569 2289 2664 2354 Ad
2695 2288 2853 2354 illud
2872 2289 3041 2371 quod
3060 2290 3384 2370 objicitur,
3405 2292 3575 2373 quod
3606 2292 3677 2355 in
3703 2293 3935 2356 Christo

2393 2391 2543 2458 Jesu
2570 2413 2702 2459 non
2743 2401 2838 2459 est
2880 2396 3195 2461 distinctio
3243 2399 3509 2462 masculi
3550 2401 3616 2462 et
3666 2399 3932 2474 feminae,

2394 2501 2526 2566 imo
2591 2520 2812 2566 omnes
2875 2521 3083 2567 unum
3135 2503 3203 2565 in
3254 2503 3499 2568 Christo
3520 2554 3540 2583 ,
3602 2505 3934 2570 dicendum

2393 2609 2565 2690 quod
2592 2609 2932 2692 Apostolus
2956 2628 3067 2691 per
3106 2610 3225 2674 hoc
3261 2630 3394 2675 non
3420 2613 3562 2676 vult
3601 2614 3931 2678 excludere

2395 2715 2900 2794 distinctionem,
2947 2723 3010 2781 et
3059 2718 3381 2798 gradum,
3428 2724 3493 2784 et
3540 2723 3835 2787 ordinem
3875 2724 3935 2784 in

2398 2824 2703 2887 membris
2726 2823 2986 2901 Christi;
3020 2823 3129 2886 sed
3158 2843 3270 2905 per
3295 2825 3419 2889 hoc
3445 2827 3585 2890 vult
3613 2829 3935 2893 ostendere

2396 2931 2566 3011 quod
2596 2930 2664 2993 in
2706 2930 2881 2994 omni
2919 2949 3100 3007 sexu,
3157 2936 3221 2994 et
3275 2935 3482 3009 aetate,
3528 2940 3593 2996 et
3641 2935 3721 2998 de
3774 2937 3936 3000 omni

2396 3038 2754 3102 conditione
2781 3038 3054 3119 quisque
3082 3044 3287 3118 potest
3308 3057 3422 3119 per
3450 3040 3774 3105 Christum
3805 3063 3937 3125 per-

2397 3146 2619 3208 venire
2654 3142 2732 3207 ad
2779 3142 3073 3221 salutem,
3120 3144 3210 3208 ita
3238 3144 3410 3226 quod
3458 3146 3679 3210 nullus
3728 3149 3941 3212 exclu-

2395 3250 2643 3315 dendus
2672 3254 2767 3314 est
2792 3268 2830 3313 a
2857 3249 2983 3314 fide
3014 3272 3029 3313 ε
3062 3255 3126 3315 et
3152 3257 3485 3334 propterea
3530 3270 3616 3315 ex
3654 3252 3780 3316 hoc
3818 3272 3941 3317 non

2395 3359 2687 3437 habetur,
2710 3359 2881 3441 quod
2910 3358 3183 3423 charitas
3210 3359 3277 3422 in
3307 3359 3631 3440 diligendo
3658 3364 3941 3427 membra

2397 3465 2623 3529 Christi
2652 3485 2783 3530 non
2806 3470 3015 3529 servet
3042 3466 3352 3530 ordinem.

2476 3576 2536 3635 2.
2569 3572 2664 3635 Ad
2707 3571 2864 3635 illud
2907 3572 3082 3653 quod
3120 3571 3419 3652 objicitur
3454 3572 3531 3637 de
3574 3575 3941 3638 auctoritate

2396 3676 2766 3759 Augustini,
2827 3677 2905 3743 de
2949 3676 3114 3744 Vera
3161 3675 3514 3760 Religion&
3570 3681 3941 3762 responderi

2396 3789 2600 3867 potest
2625 3784 2799 3867 quod
2822 3785 2999 3848 illam
3021 3785 3461 3849 auctoritatem
3489 3785 3624 3868 ipse
3646 3791 3941 3851 retractat

2395 3892 2465 3956 in
2504 3893 2672 3957 libro
2716 3893 3283 3959 Retractationum.
3330 3892 3531 3957 Aliter
3577 3894 3776 3958 etiam
3825 3914 3943 3978 po-

2397 4003 2518 4064 test
2537 4000 2684 4076 dici,
2730 3998 2903 4081 quod
2930 3998 3337 4079 Augustinus
3385 4017 3514 4063 non
3540 4001 3688 4066 vult
3728 4022 3945 4067 remo-

2399 4125 2548 4173 vere
2604 4128 2644 4172 a
2693 4106 2997 4172 charitate
3049 4107 3619 4171 considerationem
3686 4110 3941 4176 illarum

2397 4214 2834 4278 conditionum
2885 4212 3288 4296 simplicium
3329 4214 3438 4278 sed
3473 4214 3598 4279 hoc
3653 4216 3796 4282 vult
3848 4218 3947 4281 di-

2397 4341 2539 4387 cere
2568 4371 2586 4401 ,
2641 4321 2811 4405 quod
2863 4320 3136 4385 charitas
3184 4320 3323 4384 illas
3372 4322 3768 4388 conditiones
3814 4344 3942 4388 non

2397 4428 2750 4493 considerat
2772 4427 2980 4510 primo
3008 4431 3072 4492 et
3090 4427 3549 4510 principaliter,
3580 4431 3936 4497 secundum

2398 4535 2569 4619 quod
2596 4553 2779 4599 amor
2803 4535 3109 4599 naturalis
3136 4541 3200 4599 et
3227 4536 3497 4600 carnalis
3529 4558 3547 4600 ε
3579 4543 3643 4601 et
3678 4539 3802 4603 hoc
3829 4559 3943 4623 pa-

2397 4648 2486 4708 tet
2538 4663 2651 4726 per
2696 4642 2876 4722 illud,
2923 4642 3095 4725 quod
3149 4644 3487 4725 subjungit
3538 4667 3556 4708 ε
3618 4670 3651 4708 c
3705 4647 3943 4713 Amare

2396 4752 2568 4816 enim
2599 4751 2669 4815 in
2695 4749 2955 4813 homine
2979 4748 3152 4831 quod
3176 4749 3348 4813 filius
3372 4756 3487 4830 est,
3517 4752 3643 4817 hoc
3684 4773 3821 4819 non
3850 4761 3943 4820 aet

2396 4859 2463 4922 in
2504 4876 2580 4922 eo
2628 4875 2845 4920 amare
2893 4856 3063 4938 quod
3117 4856 3199 4919 ad
3241 4856 3439 4920 Deum
3487 4862 3789 4942 pertinet,
3833 4863 3940 4928 sed

2395 4968 2564 5050 quod
2597 4966 2868 5049 pertinet
2901 4964 2980 5028 ad
3019 4982 3130 5027 se:
3163 4985 3195 5023 n
3246 4970 3492 5030 constat
3523 4968 3701 5049 quod
3737 4969 3819 5033 de
3865 4988 3943 5035 eo

2394 5075 2731 5155 intelligit,
2792 5073 2906 5155 qui
2961 5072 3171 5154 diligit
3217 5074 3652 5157 principaliter
3705 5077 3940 5157 fitium,

2395 5182 2548 5265 quia
2574 5187 2668 5245 est
2692 5181 2774 5243 ab
2799 5197 2877 5244 eo
2904 5181 3201 5261 genitus,
3230 5199 3359 5244 non
3389 5182 3545 5263 quia
3582 5187 3682 5247 est
3718 5184 3804 5248 ad
3833 5185 3944 5250 Dei

2392 5290 2748 5373 imaginem
2778 5289 3000 5354 factus.
3044 5287 3123 5354 Et
3159 5294 3493 5374 propterea
3534 5310 3623 5357 ex
3661 5294 3943 5359 auctori·

2395 5404 2523 5464 tate
2544 5398 2655 5463 illa
2674 5416 2806 5462 non
2826 5397 3101 5463 habetur
3127 5397 3299 5480 quod
3326 5415 3523 5481 penes
3546 5398 3695 5465 illas
3716 5403 3939 5467 eondi-
