4185 6288
760 471 880 532 532

754 601 1138 668 illuminatio
1184 601 1371 680 fldei3
1441 601 1574 666 imo
1618 600 1802 667 valde
1852 602 1948 667 est
1997 618 2148 665 cum
2191 598 2299 665 illa

754 710 1239 795 pernecessaria.
1291 708 1370 775 Et
1412 709 1609 793 hujus
1657 710 1923 792 signum
1965 712 2096 785 est,
2140 707 2297 790 quia

756 817 902 883 licet
921 818 1119 901 aliqui
1138 818 1501 900 philosophi
1520 818 1598 882 de
1629 815 1756 882 Deo
1779 815 2076 881 sciverint
2095 815 2297 902 multa

750 930 911 990 'vera
928 973 945 1003 ‚
990 928 1208 988 tamen
1233 924 1390 1007 quia
1417 925 1540 988 ssde
1566 925 1911 988 caruerunt
1929 969 1946 998 ‚
1976 921 2043 984 in
2074 920 2296 984 multis

755 1037 1154 1111 erraverunt,
1177 1031 1280 1097 vel
1297 1032 1485 1096 etiam
1501 1031 1881 1096 defecerunt.
1906 1027 2105 1107 Unde,
2132 1028 2297 1092 sicut

754 1133 823 1198 in
845 1135 1348 1217 praecedentibus
1374 1135 1616 1199 dictum
1644 1138 1773 1213 est,
1802 1132 1975 1215 quod
2003 1132 2160 1196 fides
2186 1148 2294 1212 po-

755 1242 875 1304 test
912 1245 1079 1305 stare
1119 1259 1269 1306 cum
1313 1241 1559 1306 visione
1603 1239 1949 1319 exteriori,
1987 1238 2144 1321 quia
2185 1237 2295 1301 illa

754 1346 947 1412 habet
969 1351 1374 1431 conjunctam
1398 1349 1723 1413 latentiam
1758 1348 1922 1412 circa
1957 1363 2294 1429 personam

756 1454 983 1520 Christi
1006 1478 1024 1520 ι
1046 1458 1136 1521 sic
1161 1451 1649 1539 intelligendum
1677 1459 1772 1521 est
1798 1456 1965 1519 circa
1992 1453 2291 1519 habitum

754 1562 944 1644 fidei,
992 1568 1055 1628 et
1102 1565 1294 1629 talem
1341 1564 1607 1631 modum
1653 1563 1887 1629 sciendi
1931 1562 2104 1645 quod
2144 1578 2288 1644 pos-

756 1677 908 1736 sunt
933 1676 952 1710 ¹
976 1691 1044 1736 se
1085 1672 1279 1737 simul
1304 1672 1375 1736 in
1407 1672 1665 1751 eodem,
1697 1675 1759 1736 et
1797 1673 2087 1753 respectu
2117 1671 2292 1750 eJus·

755 1778 900 1843 dem
925 1780 1225 1862 compati,
1248 1780 1544 1862 quamvis
1565 1796 1698 1842 non
1720 1778 2076 1843 secundum
2097 1775 2290 1841 idem.

757 1885 935 1952 Unde
974 1888 1388 1954 concedendae
1427 1891 1580 1953 sunt
1624 1887 1939 1966 rationes,
1972 1902 2121 1968 quae
2146 1887 2296 1950 sunt

756 1997 836 2062 ad
861 2001 1106 2080 partem
1135 1997 1345 2062 istam.

837 2111 896 2169 1.
930 2103 1029 2169 Ad
1056 2104 1213 2169 illud
1240 2121 1394 2170 vero
1440 2101 1610 2186 quod
1653 2101 1861 2185 primo
1899 2100 2196 2182 objicitur
2226 2100 2295 2163 in

757 2212 1148 2277 contrarium
1166 2259 1188 2292 ,
1220 2210 1393 2294 quod
1421 2210 1696 2274 charitas
1734 2227 1866 2273 non
1912 2207 2295 2291 compatitur

757 2339 824 2385 se
851 2338 1000 2385 cum
1025 2319 1354 2384 dilectione
1381 2336 1528 2401 quae
1555 2316 1990 2400 principaliter
2016 2314 2297 2381 adhaeret

757 2429 863 2494 alii
889 2428 1019 2508 rei;
1049 2427 1417 2511 responderi
1458 2430 1663 2511 potest
1698 2425 1866 2509 quod
1909 2443 2041 2489 non
2085 2428 2182 2489 est
2206 2425 2296 2489 si-

756 2535 907 2600 mile
926 2584 948 2615 ,
978 2536 1131 2619 quia
1161 2552 1378 2598 amare
1405 2534 1608 2598 Deum
1646 2537 1907 2617 propter
1931 2535 2294 2597 creaturam

755 2641 1031 2707 finaliter
1046 2691 1062 2721 ,
1093 2642 1367 2725 pertinet
1392 2640 1472 2704 ad
1499 2657 1783 2704 amorem
1811 2639 2112 2722 iniquum
2137 2642 2202 2703 et
2225 2638 2297 2703 li·

754 2749 1143 2829 bidinosum,
1165 2749 1278 2831 qui
1297 2748 1489 2812 habet
1508 2746 2003 2830 repugnantiam
2024 2745 2106 2810 ad
2126 2763 2297 2809 amo-

754 2875 893 2920 rem
921 2861 1188 2922 rectum.
1219 2856 1341 2921 Sed
1378 2856 1685 2921 assentire
1728 2854 1919 2919 alicui
1956 2871 2112 2920 vero
2138 2871 2293 2936 pro-

754 2965 904 3029 bato
955 2966 1213 3048 propter
1260 2965 1576 3029 rationem
1626 2963 2001 3046 probantem
2020 3010 2039 3042 ,
2104 2962 2296 3026 dum-

754 3073 946 3138 modo
970 3072 1167 3137 illatio
1205 3072 1286 3136 sit
1326 3091 1479 3138 vera
1502 3075 1566 3136 et
1591 3071 1944 3136 necessaria
1962 3118 1980 3151 ,
2010 3086 2130 3134 nec
2173 3070 2297 3134 hoc

754 3180 906 3246 dicit
948 3184 1278 3265 peccatum
1306 3230 1324 3262 ,
1354 3200 1472 3247 nec
1514 3198 1799 3247 errorem
1831 3201 1848 3245 ι
1877 3184 1942 3244 et
1981 3180 2125 3244 ideo
2165 3196 2295 3244 non

757 3289 847 3353 sic
870 3289 1062 3354 habet
1077 3289 1577 3372 repugnantiam
1595 3289 1676 3353 ad
1701 3288 1897 3352 fldem
1918 3305 1935 3351 ε
1959 3291 2299 3370 propterea

753 3414 888 3462 non
924 3402 1021 3463 est
1061 3397 1292 3462 simile.
1323 3396 1447 3461 Sed
1496 3396 1707 3461 adhuc
1741 3395 1902 3459 illud
1935 3413 2068 3459 non
2109 3395 2298 3460 solvit

752 3506 972 3589 plene,
1002 3506 1155 3588 quia
1194 3504 1505 3588 quidquid
1546 3505 1628 3569 sit
1670 3504 1748 3569 de
1793 3503 2099 3567 charitate
2120 3550 2138 3582 ,
2168 3503 2296 3569 duo

751 3613 877 3678 ista
912 3631 1043 3677 non
1069 3612 1370 3681 videntur
1407 3612 1603 3676 simul
1648 3630 1717 3676 se
1760 3628 1943 3694 posse
1981 3612 2256 3694 compati
2275 3658 2294 3691 ,

755 3721 928 3804 quod
958 3720 1194 3803 aliquis
1223 3721 1524 3785 assentiat
1550 3718 1803 3785 veritati
1830 3718 2083 3784 creditae
2108 3737 2297 3802 prop-

754 3832 853 3893 ter
892 3847 991 3908 se,
1021 3834 1085 3893 et
1126 3827 1301 3912 quod
1347 3826 1648 3892 assentiat
1695 3827 1754 3891 ei
1798 3831 2056 3910 propter
2100 3826 2292 3891 aliud.

757 3935 1027 4019 Propter
1053 3936 1225 4019 quod
1253 3935 1638 4014 notandum,
1672 3935 1844 4017 quod
1872 3935 2011 3999 haec
2038 3952 2295 4017 praepo-

757 4043 903 4109 sitio
921 4094 940 4124 ,
962 4050 1224 4126 propter
1246 4090 1264 4123 ,
1296 4041 1630 4125 dupliciter
1655 4043 1862 4123 potest
1887 4039 2085 4124 accipi
2117 4062 2134 4103 ε
2167 4056 2296 4104 uno

757 4150 983 4230 mode,
1031 4153 1226 4234 prout
1277 4154 1454 4215 notat
1506 4167 1765 4214 causam
1815 4148 2074 4212 finalem
2100 4168 2116 4226 ;
2170 4145 2296 4211 alio

757 4260 949 4325 modo
965 4307 983 4338 ,
1011 4262 1205 4343 prout
1244 4259 1394 4324 dicit
1433 4259 1743 4323 rationem
1792 4262 2179 4323 moventem.
2226 4253 2297 4319 Si

759 4369 953 4450 prout
977 4365 1127 4432 dicit
1160 4384 1419 4433 causam
1444 4367 1703 4430 finalem
1721 4413 1743 4446 ,
1788 4366 1878 4429 sic
1919 4383 2054 4430 non
2095 4365 2301 4447 potest

759 4492 964 4541 unum
1006 4480 1070 4541 et
1111 4475 1280 4540 idem
1325 4475 1498 4540 credi
1537 4478 1795 4559 propter
1822 4492 1891 4538 se
1899 4519 1924 4553 ,
1952 4478 2015 4537 et
2041 4475 2299 4555 propter

762 4583 935 4650 aliud
958 4605 975 4664 ;
1009 4583 1172 4649 sicut
1198 4583 1400 4647 amari
1426 4601 1556 4647 non
1583 4585 1786 4665 potest
1820 4585 2079 4665 propter
2100 4598 2168 4643 se
2192 4627 2210 4658 ‚
2238 4581 2303 4643 et

761 4696 1020 4775 propter
1044 4690 1237 4755 aliud.
1264 4689 1331 4755 Si
1357 4689 1526 4754 dicat
1552 4690 1860 4753 rationem
1887 4692 2256 4752 moventem
2279 4736 2296 4767 ,

763 4818 912 4864 cum
946 4799 1160 4881 plures
1191 4798 1431 4881 possint
1465 4814 1603 4861 esse
1650 4796 1926 4861 rationes
1969 4800 2302 4861 moventes

763 4907 845 4971 ad
870 4906 1345 4970 assentiendum
1384 4906 1500 4970 uni
1540 4907 1603 4970 et
1627 4905 1833 4970 eidem
1853 4953 1873 4984 ‚
1906 4904 2073 4968 sicut
2097 4906 2302 4987 potest

762 5033 897 5080 una
922 5014 1241 5078 conclusio
1270 5012 1525 5095 probari
1551 5032 1667 5096 per
1695 5031 1954 5077 causam
1985 5014 2050 5077 et
2072 5028 2187 5094 per
2210 5010 2304 5074 ef-

763 5121 1022 5200 fectum,
1055 5124 1257 5205 potest
1282 5121 1473 5186 etiam
1501 5120 1757 5204 probari
1779 5138 1893 5203 per
1922 5118 2165 5202 aliquid
2199 5135 2306 5182 ex·

765 5228 1100 5308 trinsecus,
1119 5232 1184 5293 et
1200 5246 1316 5310 per
1341 5227 1581 5311 aliquid
1600 5228 2013 5294 intrinsecus:
2047 5226 2138 5291 sic
2169 5243 2307 5291 non

766 5339 863 5401 est
879 5334 1332 5399 inconveniens
1349 5335 1522 5418 quod
1540 5334 1769 5417 aliquis
1792 5334 2092 5400 assentiat
2118 5334 2305 5399 alicui

833 5467 853 5503 ¹
875 5470 930 5519 S.
954 5465 1161 5523 Thoai„
1182 5465 1309 5524 ll-n,
1333 5478 1383 5525 q.
1411 5477 1447 5526 ι,
1469 5469 1562 5515 art.
1584 5468 1634 5527 4,
1659 5468 1801 5515 tenet
1828 5466 2120 5529 oppositum
2137 5480 2153 5528 3
2171 5466 2307 5515 simi-

1856 462 2477 531 SENTENTIARUM
2519 463 2668 531 ΠΒ.
2716 464 2825 529 111.

2410 600 2659 666 veritati
2687 602 2943 683 propter
2975 617 3043 663 se
3063 647 3081 680 ‚
3110 603 3174 664 et
3203 604 3459 683 propter
3484 602 3666 669 aliud
3682 651 3704 687 ,
3733 605 3930 672 diver-

2406 707 2492 770 sis
2545 710 2762 771 tamen
2812 706 3133 772 habitibus
3183 711 3248 771 et
3304 709 3929 776 considerationibus.

2403 807 2525 874 Sed
2551 828 2670 873 nec
2708 809 2870 874 illud
2895 807 3105 874 adhuc
3128 809 3313 891 plene
3348 811 3573 891 solvit,
3615 815 3767 895 quia
3790 814 3936 878 dici-

2405 920 2510 980 tur
2543 915 2715 998 quod
2759 915 3057 980 dixerunt
3099 914 3482 980 Samaritani
3513 920 3834 984 credentes
3864 922 3886 955 ⁸
3918 943 3933 985 ε

2401 1023 2544 1089 Iam
2583 1039 2712 1089 non
2742 1030 3009 1105 propter
3055 1023 3312 1090 verbum
3353 1032 3541 1092 tuum
3586 1027 3934 1108 credimini,

2402 1131 2572 1214 quod
2617 1135 2713 1195 est
2738 1131 3012 1196 verbum
3051 1132 3202 1197 fidei
3231 1153 3246 1197 :
3274 1138 3337 1197 et
3361 1133 3450 1198 ita
3489 1134 3747 1200 videtur
3774 1137 3938 1219 quod

2401 1256 2699 1303 assensus
2721 1238 2871 1304 fidei
2896 1258 3027 1304 non
3050 1241 3481 1322 compatiatur
3499 1261 3722 1307 secum
3744 1262 3941 1307 assen-

2401 1365 2549 1411 sum
2571 1346 2870 1427 scientiae‚
2899 1348 3012 1429 qui
3038 1348 3471 1432 principaliter
3505 1351 3806 1417 innititur
3833 1371 3938 1416 ra-

2402 1454 2582 1519 tioni.
2640 1453 2721 1518 Et
2774 1457 3107 1538 propterea
3151 1456 3378 1521 volunt
3429 1458 3631 1542 aliqui
3684 1460 3893 1525 dicere
3919 1509 3937 1540 ,

2402 1563 2573 1645 quod
2600 1563 2715 1627 etsi
2740 1580 2868 1627 non
2895 1562 3151 1628 tollatur
3188 1566 3472 1647 cognitio
3498 1572 3818 1650 quantum
3860 1569 3938 1634 ad

2400 1670 2715 1749 habitum,
2738 1669 2982 1735 tollitur
3004 1675 3218 1736 tamen
3246 1678 3567 1755 quantum
3585 1676 3669 1740 ad
3692 1680 3936 1741 actum:

2401 1777 2553 1859 quia
2592 1795 2724 1841 non
2763 1778 2956 1842 habet
2989 1781 3130 1861 jam
3175 1779 3344 1844 illius
3375 1800 3607 1862 usum,
3647 1802 3768 1847 nec
3806 1802 3939 1848 mo·

2401 1890 2564 1951 tum.
2601 1884 2776 1950 lstud
2819 1888 3039 1950 tamen
3081 1879 3215 1952 non
3253 1892 3502 1971 oportet
3544 1889 3755 1953 dicere
3770 1937 3789 1968 ,
3832 1908 3942 1954 nec

2401 1992 2656 2059 videtur
2679 2011 2815 2057 esse
2842 1994 3230 2060 conveniens
3256 1996 3431 2078 quod
3458 1996 3693 2081 aliquis
3719 1997 3943 2062 habeat

2401 2098 2696 2163 habitum
2712 2147 2730 2179 ,
2758 2101 2822 2163 et
2845 2118 2979 2166 non
3006 2102 3201 2184 possit
3226 2101 3463 2167 habere
3490 2123 3709 2184 usum,
3742 2105 3939 2170 maxi-

2401 2225 2507 2272 me
2548 2224 2701 2271 cum
2738 2225 2870 2272 non
2900 2207 3130 2273 habeat
3156 2210 3505 2291 potentiam
3537 2210 3811 2292 ligatam
3837 2228 3942 2293 per

2402 2313 2659 2396 aliquod
2687 2315 3242 2397 impedimentum.
3277 2314 3358 2383 Et
3382 2322 3724 2399 propterea
3748 2320 3943 2400 potest

2402 2421 2560 2499 dici,
2592 2421 2764 2504 quod
2807 2422 3067 2505 quando
3112 2423 3345 2505 aliquis
3380 2429 3476 2487 est
3517 2424 3716 2488 simul
3746 2426 3944 2489 sciens

2401 2532 2466 2592 et
2491 2528 2752 2593 credens
2775 2576 2793 2607 ‚
2829 2530 3004 2612 quod
3048 2529 3306 2594 habitus
3349 2531 3498 2594 fidei
3543 2535 3719 2596 tenet
3761 2533 3832 2596 in
3875 2551 3945 2595 eo

2401 2636 2828 2719 principatum
2861 2657 2877 2702 :
2908 2642 2973 2700 et
3012 2637 3156 2701 ideo
3199 2637 3311 2700 tali
3346 2656 3614 2702 assensu
3662 2639 3814 2704 fidei
3842 2659 3946 2703 as-

2389 2743 2593 2806 ‘sentit
2615 2743 2739 2826 ipsi
2765 2744 3022 2809 veritati
3052 2749 3314 2827 propter
3330 2764 3428 2826 se,
3460 2745 3550 2810 ita
3577 2746 3751 2828 quod
3765 2762 3947 2830 prop-

2403 2862 2494 2922 ter
2521 2855 2670 2919 dicit
2708 2855 3022 2919 rationem
3061 2855 3490 2938 principaliter
3538 2857 3754 2940 ipsum
3801 2877 3940 2922 mo-

2402 2966 2683 3028 ventem.
2713 2961 2996 3027 Assensu
3022 2962 3215 3027 etiam
3248 2963 3526 3028 scientias
3555 2966 3823 3029 assentit
3858 2965 3945 3031 ei-

2402 3070 2547 3135 dem
2576 3075 2834 3158 propter
2861 3071 3211 3151 rationem,
3242 3071 3332 3136 ita
3356 3073 3530 3156 quod
3542 3081 3806 3156 propter
3822 3094 3946 3140 non

2401 3182 2552 3248 dicit
2586 3183 2899 3247 rationem
2945 3182 3376 3266 principaliter
3416 3184 3634 3267 ipsum
3675 3204 3942 3253 moven-

2402 3293 2555 3353 tem.
2587 3290 2899 3369 Quamvis
2945 3294 3165 3356 autem
3207 3308 3340 3356 non
3390 3292 3591 3373 possit
3630 3312 3842 3357 unum
3888 3298 3949 3357 et

2403 3398 2571 3462 idem
2598 3398 2852 3463 credere
2879 3402 3135 3482 propter
3163 3417 3231 3463 se
3257 3401 3321 3463 et
3346 3403 3610 3482 propter
3635 3400 3837 3483 aliud,
3865 3402 3950 3465 ita

2404 3505 2577 3588 quod
2605 3506 2699 3569 sic
2735 3510 2799 3570 et
2847 3506 2938 3569 sic
2980 3506 3191 3571 credat
3230 3507 3705 3590 principantem
3737 3516 3953 3576 tamen

2404 3617 2660 3697 propter
2687 3631 2755 3677 se
2781 3613 3236 3696 principaliter,
3257 3618 3321 3679 et
3349 3620 3611 3698 propter
3635 3617 3814 3683 aliud
3832 3619 3950 3683 mi-

2405 3739 2530 3785 nus
2557 3721 2990 3804 principaliter
3031 3721 3195 3788 bene
3247 3729 3513 3804 possunt
3562 3743 3635 3789 se
3675 3726 3949 3810 compati

2405 3829 2485 3892 ad
2512 3828 2789 3894 invicem
2810 3877 2830 3909 ,
2871 3828 2962 3892 ita
3014 3829 3185 3912 quod
3213 3848 3422 3894 unum
3449 3831 3533 3895 sit
3564 3833 3946 3917 principale,

2404 3940 2469 4000 et
2510 3935 2686 4000 aliud
2729 3935 2810 4000 sit
2855 3937 3286 4002 subserviens.
3337 3937 3517 4004 Unde
3545 3940 3707 4006 illud
3730 3991 3746 4019 ‚
3779 3941 3950 4025 quod

2403 4039 2705 4108 dixerunt
2731 4043 2953 4109 fideles
2984 4063 3000 4107 ε
3029 4045 3174 4112 Iam
3197 4062 3329 4113 non
3353 4054 3618 4130 propter
3639 4049 3944 4132 loquelam

2405 4158 2584 4218 tuam
2610 4152 2951 4234 credimus,
2981 4153 3475 4235 intelligendum
3504 4161 3601 4221 est
3620 4159 3951 4241 principa·

2404 4259 2568 4325 liter.
2603 4259 2682 4325 Et
2710 4278 2825 4343 per
2850 4261 2973 4328 hoc
3007 4266 3181 4344 patet
3204 4265 3534 4347 responsio
3559 4265 3643 4331 ad
3666 4266 3950 4350 primum

2405 4371 2892 4449 argumentum.

2487 4479 2547 4539 2.
2581 4474 2681 4539 Ad
2704 4474 2863 4540 illud
2894 4475 3064 4559 quod
3108 4476 3408 4560 objicitur
3445 4478 3527 4543 de
3562 4479 3814 4547 visione
3838 4500 3947 4566 pa·

2406 4581 2575 4662 triae,
2606 4583 2780 4666 quod
2804 4582 2971 4648 tollit
2987 4583 3183 4648 fidem
3205 4632 3224 4665 ,
3254 4584 3599 4650 dicendum
3620 4587 3800 4670 quod
3827 4606 3952 4654 non

2407 4694 2503 4755 est
2541 4689 2781 4770 simile,
2824 4691 2977 4773 quia
3022 4709 3172 4755 cum
3215 4709 3475 4756 omnem
3513 4694 3817 4760 excludat
3863 4696 3954 4761 la-

2407 4798 2673 4862 tentiam
2689 4847 2706 4878 ,
2735 4799 2874 4880 jam
2899 4798 3237 4863 credulitas
3262 4800 3413 4863 fidei
3438 4818 3575 4865 non
3616 4805 3712 4866 est
3737 4818 3952 4867 neces-

2408 4904 2612 4985 saria;
2642 4923 2776 4970 non
2822 4906 2912 4971 sic
2952 4911 3169 4971 autem
3206 4911 3302 4971 est
3350 4906 3429 4971 de
3472 4908 3781 4989 scientia,
3809 4927 3955 4993 quae

2408 5013 2682 5079 habetur
2708 5033 2823 5097 per
2846 5015 3159 5081 rationem
3183 5032 3335 5080 cum
3358 5016 3439 5096 (a)
3459 5017 3955 5085 manuductione

2409 5121 2924 5189 ratiocinationi&

2492 5232 2551 5294 3.
2596 5229 2695 5295 Ad
2740 5230 2900 5298 illud
2943 5230 3116 5315 quod
3155 5230 3499 5314 objicitur,
3540 5231 3717 5322 quod
3750 5231 3954 5298 sciens

2410 5388 2526 5441 liter
2552 5392 2752 5455 Scotus,
2775 5392 2875 5457 hic;
2894 5393 2985 5444 sed
3004 5393 3284 5443 concordat
3308 5393 3556 5459 Durand„
3586 5408 3694 5460 q.1‚
3723 5400 3816 5449 art.
3846 5399 3950 5447 2.-

2410 5467 2433 5499 ¹
2453 5467 2595 5517 Joan.
2626 5478 2696 5529 w,
2717 5470 2794 5517 42.
2823 5494 2885 5505 —
2903 5468 2974 5532 (α)
2995 5468 3080 5518 ΔΙ.
3104 5467 3237 5516 deest
3254 5481 3390 5517 cum.
3452 5476 3460 5483 ·
