4185 6288
653 579 811 643 tiam
871 577 1151 661 potuerit
1200 576 1556 641 satisfacere
1604 592 1722 658 pro
1778 578 1913 639 toto
1965 591 2205 655 genere

654 685 965 752 humano.

734 799 795 858 2.
829 791 1010 871 Item,
1044 809 1176 856 non
1201 790 1347 875 plus
1372 788 1661 870 exigitur
1698 787 1765 851 in
1784 790 1961 870 justa
1991 805 2202 870 poena‚

654 917 851 982 quam
878 899 1292 964 commissum
1329 899 1425 961 est
1454 896 1523 958 in
1549 893 1738 977 culpa
1769 913 1787 958 t
1816 893 1868 957 si
1895 912 2054 976 ergo
2097 912 2209 977 ge-

653 1023 778 1071 nus
819 1005 1183 1071 humanum
1229 1005 1481 1088 lapsum
1525 1003 1647 1067 fuit
1689 1022 1804 1086 per
1845 1006 2208 1084 transgres-

653 1114 901 1179 sionem
939 1131 1115 1197 purae
1155 1116 1464 1177 creaturae
1484 1162 1502 1191 ,
1535 1110 1790 1175 videtur
1833 1110 2006 1193 quod
2044 1129 2207 1192 pura

654 1225 947 1287 creatura
982 1220 1259 1304 potuerit
1288 1210 1644 1284 satisfacere
1668 1237 1785 1302 pro
1815 1237 2052 1300 genere
2077 1218 2202 1283 hu·

656 1346 873 1392 mano.

736 1439 796 1499 3.
830 1433 1018 1510 Item,
1049 1431 1339 1497 diabolus
1355 1434 1530 1514 juste
1558 1431 1831 1515 perdidit
1853 1449 2064 1512 genus
2089 1429 2209 1495 hu·

655 1560 957 1621 manum,
988 1540 1144 1624 quia
1168 1539 1453 1604 extendit
1487 1558 1755 1604 manum
1786 1556 1974 1603 suam
2004 1538 2074 1601 in
2100 1538 2207 1601 in-

654 1653 991 1714 nocentem
1026 1669 1044 1713 :
1074 1665 1234 1729 ergo
1280 1648 1335 1710 si
1361 1647 1572 1730 potuit
1610 1666 1748 1711 esse
1787 1646 2004 1728 aliqua
2045 1664 2208 1729 pura

653 1761 946 1821 creatura
970 1754 1236 1820 omnino
1276 1753 1616 1833 innocens,
1649 1770 1796 1836 quae
1841 1770 1910 1816 se
1935 1771 2053 1835 pro
2098 1771 2206 1816 sa-

652 1862 786 1927 lute
814 1861 1074 1943 generis
1101 1858 1371 1924 humani
1412 1863 1795 1941 exponeret,
1827 1862 1890 1922 et
1916 1857 2208 1922 diabolus

655 1986 925 2033 manum
968 1967 1038 2030 in
1087 1984 1232 2031 eam
1278 1966 1686 2045 extenderet,
1735 1965 1990 2031 videtur
2036 1965 2208 2047 quod

654 2075 871 2159 aliqua
895 2093 1058 2158 pura
1080 2077 1372 2138 creatura
1395 2072 1710 2138 redimere
1741 2073 2050 2155 potuisset
2088 2089 2209 2153 ge-

653 2202 782 2248 nus
809 2184 1173 2247 humanum
1213 2181 1291 2246 de
1319 2179 1630 2245 diabolica
1658 2183 1994 2263 potestate,
2027 2183 2091 2244 et
2120 2178 2210 2242 ita

654 2290 1017 2355 satisfacere
1040 2306 1159 2373 pro
1184 2288 1431 2353 eodem.

734 2402 794 2460 4.
836 2396 1030 2475 Item,
1061 2395 1205 2479 plus
1255 2397 1484 2478 pensat
1523 2393 1690 2457 Deus
1719 2393 1918 2456 vitam
1963 2395 2030 2455 et
2066 2391 2206 2455 ani-

655 2524 830 2570 mam
866 2507 1061 2571 unius
1084 2504 1268 2586 justi,
1321 2521 1519 2585 quam
1566 2502 1766 2566 vitam
1816 2505 1881 2565 et
1921 2500 2206 2565 animam

653 2610 1222 2678 innumerabilium
1265 2613 1670 2694 peccatorum
1718 2629 1734 2673 ε
1788 2608 1840 2672 si
1886 2625 2047 2689 ergo
2086 2606 2204 2670 ali-

653 2738 784 2802 qua
806 2737 972 2802 pura
995 2722 1287 2782 creatura
1306 2718 1614 2781 innocens
1654 2719 1719 2781 et
1744 2718 1959 2779 sancta
1983 2733 2053 2780 se
2082 2714 2207 2778 Deo

654 2834 719 2894 et
742 2829 914 2894 Patri
939 2828 1269 2893 obtulisset
1295 2847 1412 2912 pro
1439 2826 1876 2909 peccatoribus
1902 2825 2204 2903 hostiam,

654 2936 817 3001 facta
838 2942 1002 3001 esset
1026 2934 1534 3023 recompensatio
1554 2935 1735 3016 justa
1770 2956 1786 2996 ε
1817 2950 1978 3013 ergo
2007 2936 2072 2996 et
2100 2949 2207 2996 sa-

653 3045 925 3110 tisfactio
953 3045 1188 3110 debita.

736 3157 797 3216 5.
837 3151 1021 3232 Item,
1055 3159 1190 3219 esto
1229 3154 1401 3238 quod
1447 3152 1737 3219 Christus
1780 3150 2008 3215 fuisset
2046 3166 2210 3231 pura

655 3266 946 3327 creatura
961 3309 980 3340 ,
1010 3265 1075 3326 et
1109 3265 1406 3327 mortuus
1433 3261 1659 3326 fuisset
1683 3259 1753 3322 in
1794 3274 1982 3322 cruce
1996 3304 2014 3334 ,
2045 3255 2211 3319 sicut

657 3374 953 3435 mortuus
976 3370 1129 3447 fuit,
1170 3387 1394 3451 quaero
1424 3373 1579 3432 tunc
1606 3384 1690 3430 an
1718 3364 1946 3428 fuisset
1987 3362 2211 3427 deten-

655 3481 762 3543 tus
812 3478 885 3542 in
935 3476 1176 3556 limbo,
1233 3494 1320 3539 an
1372 3476 1562 3539 non?
1607 3472 1865 3538 Constat
1915 3469 2091 3553 quod
2141 3467 2210 3530 in

654 3583 854 3649 limbo
883 3584 1177 3650 detentus
1204 3601 1338 3647 non
1364 3582 1619 3661 fuisset,
1647 3579 1802 3662 quia
1826 3595 1959 3643 non
1982 3575 2213 3641 habuit

655 3697 907 3759 reatum
957 3690 1195 3776 peccati
1259 3689 1596 3772 originalis
1648 3711 1663 3752 :
1707 3704 1867 3768 ergo
1913 3690 2209 3769 apertum

654 3801 874 3866 fuisset
914 3801 976 3865 ei
1018 3798 1254 3863 coelum
1288 3820 1304 3862 ε
1337 3797 1682 3861 meruisset
1717 3812 1877 3875 ergo
1921 3792 2211 3859 Christus

657 3908 1052 3993 apertionem
1092 3910 1335 3990 januae.
1382 3903 1449 3969 Si
1490 3920 1649 3985 ergo
1675 3904 1877 3984 J'anua
1914 3919 2047 3965 non
2087 3902 2205 3965 ha-

656 4016 798 4082 buit
821 4015 1054 4100 aperiri
1086 4014 1212 4078 nisi
1238 4030 1352 4096 per
1379 4010 1803 4075 sufficientem
1831 4007 2209 4072 satisfactio-

654 4143 830 4204 nem,
863 4123 1118 4190 videtur
1143 4119 1317 4204 quod
1340 4136 1506 4202 pura
1535 4120 1826 4181 creatura
1852 4114 2210 4180 satisfacere

655 4233 960 4317 potuisset
986 4248 1103 4313 pro
1127 4231 1261 4293 toto
1288 4243 1527 4308 genere
1554 4224 1866 4288 humano.

417 4359 624 4406 rum..
737 4339 860 4405 Sed
908 4342 1130 4403 contra
1175 4358 1191 4400 :
1230 4333 1298 4399 Si
1330 4351 1493 4418 pura
1526 4334 1822 4395 creatura
1865 4333 2050 4410 esset,
2098 4334 2212 4395 aut

654 4450 818 4514 esset
854 4444 1073 4522 homo,
1105 4446 1220 4507 aut
1253 4458 1387 4505 non
1425 4440 1646 4504 homo.
1697 4437 1766 4504 Si
1806 4441 1968 4502 esset
2005 4455 2210 4521 purus

654 4555 852 4620 homo
866 4601 886 4634 ,
915 4570 1078 4635 ergo
1109 4552 1274 4616 esset
1300 4551 1591 4632 peccator
1616 4550 1683 4610 et
1720 4545 1966 4610 debitor
2001 4564 2018 4609 ε
2048 4562 2209 4627 ergo

655 4681 787 4729 non
814 4661 1120 4747 potuisset
1143 4675 1279 4723 esse
1307 4654 1620 4720 mediator
1655 4656 1719 4717 et
1743 4652 2205 4731 reconciliator,

657 4791 808 4839 cum
850 4771 985 4855 ipse
1024 4767 1343 4848 indigeret
1383 4760 1917 4827 reconciliatione.
1946 4758 2017 4824 Si
2044 4764 2209 4823 esset

657 4899 791 4946 non
816 4877 1036 4956 homo,
1067 4874 1179 4939 sed
1212 4889 1329 4956 pro
1353 4869 1619 4934 homine
1644 4885 1777 4931 non
1801 4866 1989 4932 debet
2018 4866 2208 4932 satis-

655 4991 860 5053 facere
895 4984 1021 5050 nisi
1045 4983 1244 5046 homo
1257 5027 1277 5059 ,
1318 4977 1472 5061 quia
1495 4976 1576 5040 ad
1604 4993 1758 5040 eum
1806 4974 2078 5058 pertinet
2103 4992 2206 5039 sa-

656 5094 947 5172 tisfactio,
994 5090 1065 5154 in
1106 5105 1237 5171 quo
1277 5085 1402 5150 fuit
1444 5082 1868 5165 transgressio
1906 5104 1923 5145 z
1954 5099 2115 5163 ergo
2153 5081 2208 5145 si

657 5219 776 5266 nec
797 5217 1002 5283 purus
1029 5197 1250 5272 homo,
1274 5211 1394 5257 nec
1420 5211 1551 5257 non
1575 5191 1771 5257 homo
1799 5190 2007 5273 potuit
2031 5188 2208 5253 satis·

722 5347 741 5380 ¹
770 5347 915 5395 Hanc
952 5341 1207 5395 rationem
1250 5336 1482 5402 infringit
1507 5339 1725 5403 scotus,
1772 5336 1894 5388 dist.
1928 5346 2020 5386 x1x
2041 5373 2058 5399 ,
2085 5334 2159 5384 ibi
2189 5349 2204 5384 :

721 5440 792 5506 (ει)
812 5438 937 5492 Goet.
966 5435 1087 5485 edit.
1119 5435 1305 5497 potest.
1325 5458 1388 5470 —
1414 5431 1482 5499 (ὁ)
1513 5431 1831 5481 transmittit.

1769 444 2392 514 SENTENTIARUM
2437 447 2584 513 LIB.
2626 447 2732 513 111.

2315 573 2519 638 facere
2570 593 2688 657 pro
2743 578 2878 640 toto
2925 593 3162 657 genere
3220 575 3508 639 humano
3526 622 3547 655 ‚
3606 572 3864 638 videtur

2314 681 2488 763 quod
2513 681 2690 747 nulla
2713 701 2877 765 pura
2902 688 3193 748 creatura
3223 682 3519 766 potuerit.

2396 787 2553 853 Item
2574 796 2594 832 ¹
2610 844 2632 868 ,
2663 791 2999 855 satisfactio
3028 790 3212 855 debet
3247 789 3719 873 proportionari
3763 789 3865 853 of-

2315 895 2509 960 fensae
2548 902 2613 961 et
2651 899 2907 982 injuriae
2960 922 2975 963 z
3021 899 3128 963 sed
3171 902 3348 962 tanta
3385 900 3482 961 est
3522 896 3765 961 offensa
3802 902 3867 961 et

2314 1002 2574 1085 injuria,
2606 1011 2885 1088 quantus
2928 1012 3023 1071 est
3064 1006 3170 1070 ille
3213 1005 3319 1069 cui
3363 1004 3684 1067 infertur:
3715 1021 3864 1066 cum

2315 1127 2475 1192 ergo
2526 1111 2691 1176 Deus
2734 1114 2816 1177 sit
2861 1114 3183 1194 infinituS,
3230 1112 3475 1177 offensa
3518 1116 3582 1175 ct
3626 1110 3868 1192 injuria

2314 1217 2423 1282 Dei
2450 1223 2546 1282 est
2565 1220 2816 1285 infinita
2846 1245 2860 1287 :
2893 1222 2999 1286 sed
3029 1220 3211 1285 nulla
3237 1223 3550 1298 creatura,
3577 1236 3697 1282 nec
3723 1219 3867 1300 ejus

2314 1327 2620 1408 operatio,
2653 1332 2750 1392 est
2771 1327 3022 1393 infinita
3058 1351 3074 1393 ι
3105 1346 3265 1410 ergo
3290 1325 3469 1392 nulla
3498 1345 3661 1409 pura
3688 1344 3866 1390 crea-

2315 1434 2460 1494 tura
2494 1436 2699 1513 potest
2728 1435 3086 1499 satisfacere
3112 1451 3231 1517 pro
3258 1433 3503 1499 offensa
3529 1437 3593 1497 et
3622 1433 3711 1514 inj
3720 1432 3867 1497 uria

2314 1537 2441 1603 Deo
2489 1540 2656 1606 illata
2706 1565 2721 1606 z
2769 1543 2881 1607 sed
2925 1543 3069 1607 talis
3112 1542 3232 1607 fuit
3274 1542 3513 1624 injuria
3554 1540 3748 1616 Adae,
3801 1545 3865 1604 et

2315 1648 2695 1728 posteritatis
2747 1666 2916 1730 suae,
2970 1650 3120 1733 quia
3166 1649 3369 1713 Deum
3415 1648 3800 1730 contempsit
3843 1671 3859 1709 ε

2313 1771 2495 1836 erg0,
2524 1760 2643 1820 etc.

2396 1863 2553 1927 Item
2597 1865 2816 1929 nullus
2853 1866 3185 1947 satisfacit,
3230 1866 3353 1929 nisi
3382 1865 3676 1929 restituat
3713 1870 3865 1927 tan-

2314 1974 2487 2047 tum,
2544 1977 2608 2035 et
2651 1972 2959 2055 amplius,
3011 1977 3327 2055 quantum
3374 1971 3641 2036 abstulit
3687 1994 3701 2035 :
3752 1971 3863 2035 sed

2313 2077 2494 2142 nulla
2524 2096 2689 2160 pura
2726 2083 3017 2144 creatura
3050 2080 3211 2144 valet
3236 2083 3446 2144 totum
3487 2098 3696 2161 genus
3735 2080 3865 2143 hu·-

2314 2203 2607 2262 manum,
2637 2187 2810 2268 quod
2840 2205 2955 2269 per
2980 2191 3312 2269 peccatum
3339 2189 3496 2253 Adae
3525 2187 3645 2251 fuit
3670 2205 3709 2250 a
3735 2185 3864 2250 Deo

2320 2292 2745 2357 substractum
2763 2343 2781 2373 ,
2830 2294 3163 2359 restituere
3208 2318 3224 2358 ι
3273 2314 3433 2377 ergo
3478 2294 3657 2359 nulla
3700 2311 3862 2376 pura

2313 2406 2603 2465 creatura
2622 2404 2828 2484 potest
2851 2401 3208 2466 satisfacere
3232 2421 3348 2486 pro
3376 2403 3538 2485 ipso.

2396 2505 2554 2597 Item
2570 2557 2588 2588 ,
2649 2508 2870 2572 nullus
2938 2515 3148 2593 posset
3198 2510 3276 2592 (a)
3337 2510 3695 2575 satisfacere
3743 2530 3860 2595 pro

2313 2615 2490 2678 omni
2514 2614 2801 2694 homine,
2825 2616 2945 2680 nisi
2974 2621 3188 2700 posset
3213 2617 3484 2681 influere
3509 2618 3578 2680 in
3602 2635 3859 2681 omnem

2314 2720 2642 2786 hominem
2699 2724 3012 2805 justitiam
3039 2772 3056 2802 ,
3103 2725 3266 2789 sicut
3333 2724 3585 2807 primus
3634 2744 3862 2808 parens

2314 2830 2669 2893 transmisit
2681 2829 2757 2912 (b)
2775 2830 3030 2913 culpam
3051 2854 3064 2895 ε
3081 2831 3189 2895 sed
3204 2832 3384 2896 nulla
3396 2850 3560 2915 pura
3574 2837 3862 2897 creatura

2315 2940 2522 3019 potest
2550 2937 2657 3002 alii
2694 2938 2967 3003 influere
2984 2938 3303 3021 justitiam
3325 2987 3345 3020 ,
3377 2940 3480 3003 vel
3519 2939 3670 3005 dare
3702 2958 3861 3021 gra-

2314 3044 2503 3126 tiam,
2546 3046 2711 3111 sicut
2745 3047 2814 3110 in
2848 3046 3058 3131 primo
3094 3046 3260 3112 libro
3280 3054 3305 3088 ¹
3330 3048 3452 3113 fuit
3479 3052 3800 3113 ostensum
3837 3069 3856 3114 t

2316 3170 2474 3234 ergo
2521 3154 2700 3218 nulla
2733 3173 2900 3237 pura
2942 3159 3235 3220 creatura
3278 3159 3481 3238 potest
3510 3155 3860 3220 satisfacere

2317 3278 2437 3342 pro
2466 3265 2598 3327 toto
2623 3280 2861 3344 genere
2883 3262 3195 3327 humano.

2401 3368 2591 3447 Item,
2620 3387 2752 3434 non
2778 3370 2997 3434 minus
3026 3369 3391 3451 obligamur
3423 3370 3547 3433 Deo
3583 3386 3704 3452 pro
3744 3370 3859 3433 be·-

2318 3478 2545 3541 neflcio
2602 3477 3010 3542 recreationis
3032 3524 3049 3554 ,
3104 3495 3303 3560 quam
3369 3495 3487 3559 pro
3554 3476 3861 3541 beneflcio

2317 3584 2652 3648 creationis
2683 3606 2699 3649 ε
2729 3584 2783 3647 si
2807 3573 2967 3666 ergo
2992 3603 3156 3668 pura
3184 3587 3476 3648 creatura
3502 3600 3712 3664 genus
3740 3583 3863 3647 hu-

2317 3708 2583 3755 manum
2608 3690 2999 3772 redemisset,
3028 3696 3281 3756 tantum
3307 3707 3595 3755 essemus
3621 3692 3681 3755 ei
3705 3690 3864 3755 ohli-

2314 3796 2451 3878 gati
2472 3845 2489 3876 ,
2538 3802 2851 3881 quantum
2894 3803 3110 3864 nostro
3152 3798 3428 3863 Creatori
3460 3816 3478 3861 τ
3509 3815 3670 3880 ergo
3712 3803 3862 3862 tan-

2316 3907 2457 3968 tum
2504 3909 2874 3970 teneremur
2917 3905 3185 3987 diligere
3229 3909 3611 3984 creaturam,
3654 3924 3863 3988 quan·

2316 4014 2456 4075 tum
2485 4011 2844 4077 Creatorem
2879 4035 2895 4077 :
2926 4012 2979 4076 si
3009 4030 3168 4094 ergo
3206 4012 3599 4096 impossihile
3624 4017 3720 4076 est
3743 4029 3863 4076 nos

2316 4118 2397 4182 ad
2458 4119 2581 4183 hoc
2637 4119 2913 4201 obligari
2935 4167 2953 4199 ,
3009 4119 3400 4202 impossibile
3460 4120 3582 4183 fuit
3630 4136 3861 4203 puram

2317 4231 2678 4292 creaturam
2711 4226 3067 4291 satisfacere
3106 4244 3224 4309 pro
3270 4230 3403 4291 toto
3446 4243 3684 4307 genere
3729 4227 3864 4290 hu·-

2315 4352 2531 4400 mano.

2822 4461 3347 4552 coN'chsm.

2316 4640 2486 4698 Nulla
2532 4655 2679 4713 pta-a
2727 4644 2976 4698 ercam
3016 4643 3204 4713 potuit
3247 4643 3561 4710 satisfacere
3606 4656 3701 4715 pro
3749 4646 3860 4699 toto

2388 4745 2573 4801 qenere
2605 4729 2873 4796 humano,
2902 4746 3021 4786 cum
3061 4735 3175 4786 tam
3207 4733 3392 4802 qravis
3434 4733 3607 4800 tuem
3646 4731 3859 4803 injuria

2382 4834 2483 4890 per
2502 4823 2779 4890 peccatum
2806 4820 2914 4875 Deo
2940 4820 3128 4876 illata.

2395 4982 2581 5066 Resp.
2615 4983 2696 5047 ad
2730 5001 2871 5065 arg.
2903 4982 3255 5047 Dicendum
3290 4982 3464 5066 quod
3491 4982 3571 5047 de
3606 4982 3861 5047 duobus

2314 5091 2647 5155 consuevit
2681 5092 2820 5155 fieri
2851 5091 3190 5156 satisfactio
3217 5095 3280 5155 et
3312 5091 3556 5173 requiri
3579 5135 3596 5168 ‚
3633 5090 3863 5155 videli-

2313 5201 2413 5263 cet
2437 5199 2514 5264 de
2554 5198 2832 5281 injuria,
2862 5203 2930 5264 et
2953 5199 3210 5264 damno.
3244 5197 3313 5263 Si
3340 5216 3504 5280 ergo
3548 5198 3714 5262 Deus
3750 5216 3862 5263 re-

2316 5359 2503 5411 Contra
2531 5360 2659 5410 hunc
2686 5361 2901 5410 modam.
2924 5361 2977 5412 S.
3004 5361 3226 5411 Thomas
3249 5361 3521 5411 consentit.
3548 5375 3598 5424 p.
3625 5362 3712 5425 Ill,
3743 5377 3793 5425 q.
3822 5373 3862 5422 ι,

2312 5435 2410 5482 art.
2429 5434 2477 5482 2.
2498 5457 2559 5468 —
2585 5432 2608 5466 ¹
2626 5431 2751 5481 Dist.
2779 5442 2886 5494 xlv,
2914 5436 3011 5483 art.
3030 5434 3081 5495 2,
3104 5447 3157 5497 q.
3195 5443 3251 5485 ιι.
