4185 6288
1149 456 1529 525 ms'rmc'r.
1573 456 1730 523 xlv.
1770 454 1952 522 ΛΚΤ.
1998 455 2077 520 11.
2122 456 2421 534 QUAEST.
2469 459 2574 524 ΙΙΙ.

287 595 444 675 quod
497 612 625 658 non
682 594 764 657 sit
827 596 1047 656 natum
1112 594 1410 675 cognosci
1467 592 1548 657 ab
1604 593 1820 657 anima

284 697 535 778 Christi,
585 700 800 764 anima
840 699 1066 764 Christi
1124 699 1316 763 habet
1358 700 1596 784 aliquid
1620 749 1637 776 ‚
1688 718 1818 783 quo

281 804 472 868 facilis
522 809 616 870 est
672 806 751 869 ad
815 808 1327 889 cognoscendum
1391 808 1606 871 omnia
1670 827 1816 891 quae

280 909 551 977 Verbum
603 914 949 996 cognoscit.
1001 913 1078 978 Et
1127 915 1324 997 hujus
1382 916 1643 997 signum
1699 922 1813 994 est,

278 1020 426 1100 quia
465 1021 542 1084 ad
581 1021 705 1085 hoc
745 1021 916 1103 quod
971 1027 1314 1102 cognoscat
1353 1022 1593 1105 aliquid
1645 1024 1817 1106 quod

279 1126 551 1192 Verbum
592 1129 949 1210 cognoscit,
986 1129 1298 1212 quidquid
1335 1130 1493 1194 illud
1534 1131 1636 1210 sit,
1686 1150 1817 1197 non

278 1240 519 1319 opoitet
547 1235 719 1318 quod
749 1238 934 1301 detur
958 1236 1020 1302 ei
1039 1255 1246 1303 novus
1268 1237 1528 1303 habitus
1550 1258 1817 1322 cognos-

278 1344 489 1423 cendi;
520 1344 629 1409 sed
655 1363 847 1409 omne
873 1346 1045 1428 quod
1073 1347 1234 1426 vult,
1279 1349 1344 1411 in
1388 1367 1465 1413 eo
1505 1355 1708 1433 potest
1733 1352 1818 1415 le-

276 1468 447 1532 gere.
507 1451 572 1516 Si
628 1469 784 1533 ergo
841 1457 910 1516 tu
962 1472 1212 1536 quaeras
1265 1455 1341 1520 de
1393 1456 1502 1521 illo
1554 1458 1812 1534 habitu,

276 1561 494 1623 utrum
554 1559 636 1623 sit
701 1560 957 1625 habitus
1013 1561 1270 1640 finitus,
1331 1563 1433 1627 vel
1485 1565 1812 1645 infinitus3

274 1667 783 1749 respondendum
825 1674 951 1748 est,
998 1672 1169 1753 quod
1203 1676 1297 1735 oet
1343 1673 1594 1752 ssnitus;
1628 1675 1818 1739 habet

275 1777 488 1838 tamen
529 1779 885 1857 respectum
927 1777 1008 1842 ad
1051 1778 1302 1842 infinita
1351 1803 1366 1843 ε
1405 1800 1523 1844 nec
1564 1788 1658 1845 est
1697 1783 1818 1846 hoc

276 1880 660 1963 impossibile
717 1902 955 1966 ponere
1003 1885 1071 1948 in
1123 1892 1413 1952 creatura
1470 1912 1483 1952 :
1539 1888 1817 1952 infinitas

274 1990 442 2051 enim
506 1996 912 2072 respectuum
987 2010 1118 2057 non
1188 1995 1365 2076 ponit
1439 1997 1816 2060 infinitatem

276 2097 584 2162 actualem
604 2146 621 2174 ‚
668 2100 832 2164 sicut
877 2119 1010 2164 non
1056 2102 1235 2185 ponit
1279 2104 1816 2185 comparationem

276 2205 534 2269 realem.
578 2207 644 2270 Si
687 2207 927 2272 iterum
972 2227 1226 2291 quaeras
1267 2210 1439 2274 unde
1468 2211 1683 2275 veniat
1709 2211 1818 2275 illa

277 2310 555 2375 infinitas
596 2319 1001 2397 respectuum
1045 2317 1210 2380 circa
1246 2317 1536 2382 habitum
1583 2320 1815 2401 cogni-

276 2417 466 2483 tionis
515 2421 750 2486 animae
798 2424 1064 2505 Christi,
1113 2425 1253 2490 dico
1288 2426 1460 2508 quod
1507 2429 1682 2491 venit
1735 2447 1818 2493 ex

276 2526 602 2593 voluntate
618 2531 855 2612 speculi
878 2531 994 2595 sibi
1020 2533 1208 2609 uniti,
1233 2535 1403 2616 quod
1423 2535 1817 2600 voluntatem

278 2639 639 2717 promptam
704 2637 896 2703 habet
961 2640 1182 2703 omnia
1247 2642 1622 2724 propalandi
1696 2644 1814 2726 ipsi

278 2741 509 2807 animae
551 2742 802 2821 Christi,
833 2764 980 2827 quae
1007 2747 1292 2811 relucent
1316 2749 1382 2812 in
1417 2768 1507 2814 se.
1543 2749 1672 2814 Hoc
1696 2770 1819 2815 au-

281 2853 403 2913 tem
447 2869 583 2915 non
625 2852 774 2940 facit
812 2852 916 2916 alii
957 2855 1225 2918 animae:
1273 2859 1335 2918 et
1381 2856 1523 2920 ideo
1565 2857 1645 2920 de
1687 2858 1822 2922 sola

279 2957 493 3021 anima
520 2957 747 3023 Christi
774 2963 1031 3026 concedi
1059 2968 1263 3045 potest
1306 2969 1369 3028 et
1412 2964 1619 3044 debet,
1650 2968 1820 3049 quod

281 3065 356 3128 sit
375 3067 759 3133 omnisciens
785 3076 1100 3153 quantum
1126 3072 1207 3137 ad
1233 3073 1662 3155 cognitionem
1698 3075 1821 3138 ha-

279 3172 605 3240 bitualem.
681 3177 758 3241 Et
816 3179 1233 3244 concedendae
1297 3187 1449 3245 sunt
1519 3183 1817 3262 rationes,

280 3299 422 3363 quae
447 3285 708 3348 suntad
741 3285 927 3350 istam
954 3292 1222 3369 partem.

360 3398 416 3456 1.
448 3391 549 3454 Ad
588 3392 747 3457 illud
778 3393 946 3475 quod
974 3394 1273 3476 objicitur
1295 3395 1363 3458 in
1391 3396 1783 3459 contrarium
1802 3443 1819 3473 ,

281 3499 448 3580 quod
494 3500 807 3583 quidquid
844 3502 1080 3581 scitur,
1112 3503 1366 3567 scientis
1403 3504 1819 3586 comprehen-

283 3605 459 3671 sione
486 3608 742 3687 finitur,
772 3608 1106 3674 dicendum
1135 3611 1306 3692 quod
1335 3610 1491 3675 illud
1517 3611 1824 3691 intelligi-

284 3717 387 3777 tur
412 3715 492 3779 de
525 3716 750 3780 notitia
774 3717 1041 3797 actuali,
1071 3737 1221 3800 quae
1260 3718 1517 3801 quidem
1546 3720 1826 3782 consistit

284 3822 350 3887 in
375 3824 610 3888 actuali
629 3826 1213 3909 comprehensione,
1243 3827 1412 3908 quod
1435 3826 1730 3890 innuitur
1760 3815 1836 3890 in'

285 3930 419 4013 ipsa
474 3933 870 3997 auctoritate.
922 3932 1009 3998 De
1060 3932 1364 3998 habituali
1422 3938 1639 3998 autem
1694 3953 1826 3999 non

286 4043 551 4121 oportet,
583 4039 755 4122 quod
777 4039 1008 4104 habeat
1033 4041 1366 4105 veritatem
1393 4063 1409 4104 :
1437 4060 1555 4105 nec
1581 4046 1827 4124 oportet

286 4146 492 4211 adhuc
509 4148 680 4231 quod
690 4147 918 4211 habeat
937 4148 1271 4213 veritatem
1280 4149 1357 4213 de
1375 4148 1552 4211 omni
1563 4148 1792 4213 actuali
1805 4197 1823 4228 ,

288 4255 390 4318 sed
421 4255 502 4319 de
543 4273 621 4318 ea
645 4272 796 4337 quae
849 4259 944 4319 est
987 4274 1101 4339 per
1140 4256 1774 4338 comprehensionem
1806 4279 1821 4320 z

290 4361 587 4442 quamvis
614 4362 786 4425 enim
814 4361 981 4427 Deus
1007 4368 1429 4445 cognoscatur
1459 4362 1540 4425 ab
1570 4362 1822 4442 anima,

290 4487 418 4534 non
436 4476 656 4536 tamen
669 4476 914 4555 oportet
927 4472 1099 4554 quod
1116 4472 1196 4536 sit
1212 4473 1436 4537 finitus
1453 4473 1573 4554 ipsi
1592 4473 1828 4537 animae

292 4578 735 4660 cognoscenti3
771 4579 904 4643 imo
936 4579 1305 4661 simpliciter
1334 4584 1428 4643 est
1456 4580 1768 4644 infinitus.

370 4688 431 4747 Ξ.
478 4685 577 4749 Ad
613 4685 772 4750 illud
797 4687 967 4770 quod
993 4688 1320 4770 objicitur,
1348 4689 1520 4772 quod
1548 4688 1831 4770 cognitio

292 4788 474 4855 debet
502 4791 828 4875 adaequari
878 4795 1286 4877 cognoscibili
1304 4843 1321 4873 ,
1353 4799 1522 4877 patet
1568 4814 1833 4878 respon-

294 4896 388 4960 sio
411 4916 528 4979 per
555 4898 708 4963 illud
739 4901 908 4983 quod
936 4902 1176 4966 dictum
1205 4906 1333 4981 est,
1364 4902 1534 4985 quod
1573 4903 1695 4967 hoc
1720 4922 1835 4968 ve-

296 5019 442 5067 rum
482 5010 576 5070 est
611 5007 689 5072 de
728 5008 1089 5089 cognitione
1123 5009 1703 5092 comprehensionis
1723 5058 1742 5089 ,
1772 5014 1835 5074 et

299 5109 377 5174 de
412 5132 486 5177 ea
528 5117 920 5198 cognitione,
947 5137 1095 5201 quae
1128 5121 1276 5181 actu
1306 5117 1555 5200 judicat
1582 5118 1660 5182 de
1705 5121 1835 5181 toto

301 5224 710 5302 cognoscibili
733 5245 750 5305 ;
781 5226 888 5290 tali
914 5232 1127 5291 autem
1157 5227 1346 5291 modo
1374 5227 1792 5307 cognoscendi
1810 5275 1831 5304 ,

302 5346 432 5391 non
495 5332 820 5412 cognoscit
883 5336 1095 5398 anima
1163 5334 1389 5398 Christi
1433 5334 1649 5398 omnia
1689 5352 1835 5416 quae

304 5433 583 5503 Verbum
608 5442 949 5520 cognoscit.

3354 469 3471 528 317

2012 599 2071 656 3.
2106 594 2204 657 Ad
2230 595 2386 661 illud
2413 596 2584 679 quod
2612 597 2935 679 objicitur,
2963 598 3131 680 quod
3163 599 3465 680 cognitio,

1927 719 2124 782 quam
2164 702 2357 768 habet
2394 706 2609 769 anima
2649 705 2878 770 Christi
2899 756 2916 786 ,
2948 710 3042 771 est
3067 708 3246 772 finita
3268 758 3285 788 ,
3313 726 3471 788 ergo

1927 827 2058 873 non
2122 815 2325 893 potest
2386 831 2522 876 esse
2598 814 2998 877 infinitorum
3044 835 3061 893 3
3128 815 3469 879 dicendum

1925 916 2102 998 quod
2146 918 2213 982 in
2263 919 2627 1001 cognitione
2667 922 2900 985 animae
2945 921 3172 985 Christi
3215 927 3310 986 est
3347 923 3468 986 tria

1925 1024 2353 1102 considerare,
2384 1027 2672 1092 videlicet
2708 1029 2909 1110 ipsam
2949 1030 3263 1093 rationem
3304 1048 3467 1109 cog-

1925 1133 2248 1212 noscendi,
2280 1152 2429 1215 quae
2456 1139 2552 1197 est
2576 1135 2785 1217 ipsum
2813 1133 3134 1215 Verbum3
3167 1141 3229 1200 et
3255 1137 3467 1218 ipsum

1926 1238 2220 1303 habitum
2250 1241 2606 1304 secundum
2644 1242 2847 1323 ipsam
2882 1243 3299 1307 substantiam
3345 1244 3468 1307 ha·-

1925 1348 2130 1428 bitus;
2151 1353 2216 1412 et
2242 1353 2595 1431 respectum
2623 1348 2797 1412 illius
2819 1350 3077 1415 habitus
3101 1351 3175 1415 ad
3205 1369 3471 1433 cognos-

1926 1455 2132 1518 cibile.
2163 1454 2310 1519 Dico
2335 1473 2494 1536 ergo
2531 1456 2727 1537 quod,
2757 1459 3055 1538 quamvis
3082 1458 3342 1523 habitus
3365 1459 3471 1523 ille

1925 1562 2006 1623 sit
2031 1562 2273 1642 finitus,
2305 1566 2520 1626 tamen
2546 1562 2707 1626 ratio
2737 1565 3157 1643 cognoscendi
3185 1566 3255 1629 in
3281 1585 3348 1629 se
3374 1567 3471 1629 in·

1925 1668 2109 1732 finita
2131 1674 2249 1746 est,
2281 1673 2344 1733 et
2369 1689 2482 1753 per
2510 1670 2685 1735 illam
2712 1671 2902 1736 habet
2925 1672 3030 1737 ille
3060 1673 3313 1736 habitus
3337 1691 3469 1736 res-

1924 1781 2180 1858 pectum
2209 1778 2288 1840 ad
2316 1778 2570 1841 infinita
2597 1797 2728 1843 non
2766 1780 2834 1842 in
2860 1785 3006 1844 actu
3026 1829 3042 1857 ,
3077 1780 3278 1844 sedin
3305 1781 3473 1863 apti-

1924 1884 2169 1948 tudine.
2202 1884 2278 1947 Et
2310 1885 2432 1949 hoc
2475 1886 2664 1950 modo
2706 1886 2865 1949 nihil
2909 1887 3204 1969 prohibet
3243 1889 3470 1969 cogni-

1925 1993 2165 2056 tionem
2214 1993 2463 2057 ssnitam
2518 2012 2651 2058 esse
2704 2001 2995 2078 respectu
3047 1996 3469 2060 infinitorum.

1926 2098 2022 2162 Ex
2061 2101 2185 2163 hoc
2220 2100 2395 2164 enim
2447 2120 2579 2165 non
2625 2104 2885 2183 ponitur
2931 2103 3147 2184 aliqua
3192 2104 3475 2167 infinitas

1925 2224 2060 2271 esse
2089 2209 2158 2270 in
2184 2212 2474 2272 creatura
2502 2209 2569 2271 in
2595 2214 2774 2289 actu,
2807 2209 2913 2274 sed
2955 2211 3214 2291 ponitur
3256 2215 3474 2274 actua-

1925 2314 2002 2377 lis
2028 2314 2308 2378 infinitas
2334 2316 2542 2379 solum
2573 2316 2638 2379 in
2664 2317 2908 2380 ratione
2942 2317 3389 2397 cognoscendi.

2006 2427 2069 2486 Δ..
2114 2423 2211 2486 Ad
2239 2423 2394 2487 illud
2423 2423 2592 2506 quod
2626 2423 2960 2505 objicitur,
2990 2423 3161 2506 quod
3187 2428 3473 2488 creatum

1925 2547 2053 2594 non
2100 2531 2347 2594 excedit
2389 2530 2544 2595 illud
2572 2534 2853 2594 creatum
2882 2530 3169 2611 ejusdem
3216 2530 3471 2611 generis

1926 2638 1993 2702 in
2039 2638 2400 2718 infinitum,
2453 2638 2794 2702 dicendum
2835 2637 3005 2719 quod
3052 2638 3208 2701 illud
3240 2656 3472 2701 verum

1926 2749 2019 2808 est
2046 2744 2124 2808 de
2152 2744 2258 2807 illo
2288 2763 2580 2824 excessu,
2611 2746 2724 2828 qui
2752 2749 2845 2809 est
2872 2745 2941 2807 in
2972 2733 3348 2826 ipso'creato
3373 2763 3475 2808 se·

1928 2851 2211 2915 cundum
2238 2870 2307 2915 se
2331 2858 2394 2917 et
2417 2852 2732 2930 absolute;
2759 2853 2836 2916 de
2862 2852 2971 2918 illo
3001 2870 3156 2916 vero
3181 2870 3469 2929 excessu,

1927 2960 2039 3042 qui
2067 2964 2165 3024 est
2207 2961 2450 3024 ratione
2493 2960 2810 3024 creatricis
2836 2960 3157 3039 essentiae,
3190 2976 3320 3023 non
3364 2958 3473 3022 ha-

1927 3065 2035 3129 bet
2070 3068 2425 3132 veritatem.
2473 3067 2549 3130 Et
2576 3068 2695 3131 isto
2733 3067 2923 3131 modo
2959 3067 3189 3131 dicitur
3216 3066 3475 3131 scientia

1931 3175 2158 3239 Christi
2193 3177 2261 3239 in
2291 3177 2617 3241 infinitum
2646 3176 2950 3241 excedere
2991 3176 3282 3241 scientias
3326 3177 3477 3240 alia-

1928 3302 2080 3347 rum
2106 3284 2472 3347 animarum
2504 3306 2518 3347 :
2554 3304 2686 3349 non
2715 3285 2866 3366 quia
2892 3284 3115 3349 lumen
3151 3284 3379 3349 Christi
3408 3284 3477 3348 in

1929 3390 2260 3454 infinitum
2305 3392 2386 3454 sit
2431 3393 2641 3473 majus
2683 3392 2751 3454 in
2789 3398 2973 3469 actu,
3016 3411 3213 3475 quam
3253 3392 3477 3455 lumen

1931 3500 2205 3565 aliarum
2255 3503 2672 3579 animarum;
2721 3502 2832 3566 sed
2883 3502 3035 3585 quia
3075 3503 3283 3584 ipsum
3332 3500 3479 3567 Ver-

1930 3608 2090 3672 bum
2140 3613 2455 3674 aeternum
2508 3610 2575 3672 in
2623 3609 2951 3673 infinitum
3006 3610 3367 3691 promptius
3411 3627 3479 3672 se

1931 3715 2193 3779 exhibet
2236 3716 2318 3780 ad
2374 3716 2906 3780 manifestandum
2946 3736 3057 3796 ea,
3109 3733 3257 3799 quae
3300 3716 3373 3779 in
3411 3735 3479 3780 se

1932 3821 2158 3902 habet,
2188 3822 2310 3906 ipsi
2346 3823 2579 3887 animae
2619 3822 2844 3888 Christi
2863 3872 2881 3903 ,
2913 3842 3110 3906 quam
3148 3823 3340 3888 alicui
3370 3823 3479 3886 alii

1934 3936 2194 4000 animae.

2016 4049 2075 4106 5.
2121 4044 2220 4107 Ad
2264 4043 2423 4108 illud
2463 4043 2634 4125 quod
2675 4044 2995 4126 objicitur,
3050 4044 3219 4127 quod
3264 4044 3481 4107 anima

1936 4150 2164 4214 Christi
2219 4169 2347 4215 non
2411 4155 2613 4232 potest
2661 4170 3043 4233 cognoscere
3094 4152 3482 4215 immensita-

1935 4262 2065 4321 tem
2108 4257 2530 4340 limpitudinis
2572 4259 2949 4340 cognitionis
2995 4259 3235 4324 divinae
3257 4306 3276 4338 ,
3321 4276 3481 4339 ergo

1936 4385 2053 4429 nec
2082 4366 2577 4429 immensitatem
2604 4370 2892 4448 respectu
2922 4363 3475 4446 cognoscibilium;

1936 4471 2276 4536 dicendum
2332 4473 2502 4554 quod
2548 4491 2677 4536 non
2729 4477 2824 4536 est
2865 4472 3070 4537 simile
3115 4469 3351 4553 duplici
3402 4487 3483 4531 cx

1937 4597 2132 4642 causa
2160 4601 2190 4649 ,ι
2243 4597 2377 4641 una
2414 4579 2710 4660 quidem,
2761 4578 2913 4661 quia
2950 4578 3166 4641 anima
3214 4575 3476 4654 Christi,

1883 4714 1888 4723 ·
1938 4686 2250 4769 quidquid
2290 4687 2615 4767 cognoscit
2648 4687 2717 4750 in
2742 4686 2968 4749 habitu
3007 4687 3084 4750 de
3111 4685 3248 4767 ipso
3274 4683 3480 4749 Verbo

1938 4798 2204 4869 aetern0‚
2236 4795 2561 4874 cognoscit
2583 4793 2650 4855 in
2677 4797 2824 4856 actu
2844 4841 2861 4869 ‚
2893 4810 3043 4856 cum
3069 4789 3355 4870 cognitio
3395 4792 3483 4871 ip—

1939 4901 2075 4964 sius
2101 4898 2290 4965 Verbi
2321 4901 2391 4963 in
2415 4919 2483 4965 se
2512 4900 2594 4963 sit
2621 4900 2699 4963 de
2736 4900 3009 4963 essentia
3044 4897 3269 4978 gloriae
3305 4919 3319 4960 ε
3352 4915 3481 4961 non

1940 5008 2028 5071 sic
2053 5011 2270 5072 autem
2299 5012 2392 5071 est
2420 5009 2496 5073 de
2527 5007 2895 5087 cognitione
2922 5007 3191 5070 aliarum
3230 5022 3477 5082 rerum,

1940 5132 2088 5198 quae
2154 5114 2439 5178 relucent
2501 5114 2569 5177 in
2625 5111 2853 5177 Verb0.
2910 5112 3224 5177 Praeterea
3265 5112 3481 5195 ipsum

1939 5222 2224 5288 Verbum
2267 5226 2360 5285 est
2398 5222 2767 5298 infinitum3
2806 5227 2870 5285 et
2906 5220 3213 5304 quidquid
3256 5221 3481 5285 intelli·

1945 5333 2126 5412 gitur
2163 5330 2240 5393 de
2276 5328 2482 5395 Verbo
2503 5376 2519 5404 ‚
2566 5332 2770 5392 totum
2815 5334 2910 5392 est
2944 5330 3270 5393 infinitum
3299 5346 3317 5393 t
3351 5348 3480 5394 non

1942 5440 2035 5502 sic
2077 5443 2294 5502 autem
2340 5441 2437 5501 est
2478 5436 2556 5500 de
2596 5437 3129 5517 cognoscibilibus
3175 5437 3441 5500 infinitis
3456 5483 3476 5518 ,
