4185 6288
1373 509 1571 577 DIST.
1615 510 1718 577 lv.
1761 507 1944 575 ΛΒΤ.
1990 508 2068 576 11.
2113 512 2410 591 QUAEST.
2458 517 2505 582 Ι.

365 643 563 728 digni.
598 646 668 712 Si
694 665 856 713 vero
882 648 1231 731 loquamur
1255 647 1333 712 de
1362 647 1670 712 beneflcio
1696 647 1908 710 incar-

364 755 640 819 nationis
677 760 1002 839 quantum
1041 755 1119 820 ad
1161 756 1461 838 temporis
1497 755 1913 818 circumstan-

363 861 542 937 tiam,
574 867 782 945 potest
807 863 1073 928 concedi
1100 864 1339 946 absque
1369 863 1711 941 calumnia,
1743 862 1914 945 quod

364 968 525 1032 adit
543 971 669 1033 sub
690 969 919 1033 merito
937 952 1352 1052 praecedentis
1369 968 1659 1032 Ecclesiae
1680 992 1693 1032 :
1714 969 1913 1033 sancti

363 1077 536 1140 enim
564 1082 776 1159 patroe
795 1077 1306 1158 flagrantissimis
1323 1076 1647 1140 desideriis
1671 1096 1916 1142 merue-

363 1187 515 1247 runt
557 1184 1013 1248 incarnationis
1051 1183 1608 1262 accelerationem,
1641 1183 1706 1246 in
1747 1202 1915 1266 quo-

360 1308 511 1353 rum
546 1309 822 1372 persona
858 1290 1009 1355 dicit
1047 1290 1272 1353 isaias¹
1308 1311 1322 1353 t
1367 1290 1624 1355 Utinam
1665 1289 1917 1356 dirum-

353 1412 544 1478 peres
571 1397 782 1473 coelos,
807 1405 867 1464 et
896 1397 1321 1476 descenderes,
1348 1401 1467 1461 etc.
1503 1396 1579 1462 Et
1604 1398 1695 1461 sic
1719 1402 1911 1481 patet,

363 1505 537 1585 quod
575 1504 1033 1569 incarnationis
1067 1505 1451 1569 beneficium
1483 1510 1798 1588 quantum
1835 1507 1914 1571 ad

364 1613 709 1677 essentiam
766 1632 899 1678 non
943 1615 1107 1678 cadit
1147 1614 1266 1678 sub
1304 1614 1565 1691 merito;
1598 1620 1913 1696 quantum

363 1740 522 1785 vero
558 1721 641 1786 ad
675 1722 977 1804 temporis
1009 1722 1552 1786 circumstantiam
1590 1723 1759 1786 cadit
1795 1723 1917 1786 suh

359 1830 594 1893 merito
640 1834 1007 1893 sanctorum
1056 1835 1345 1912 patrum;
1395 1834 1710 1912 quantum
1762 1848 1916 1893 vero

358 1936 441 1998 ad
481 1936 828 2000 efficaciam
868 1936 1172 2016 mediam,
1212 1938 1488 2019 quodam
1528 1936 1717 2000 modo
1754 1937 1919 2000 cadit

357 2043 481 2107 sub
516 2044 769 2120 merito,
800 2044 1079 2126 quodam
1109 2044 1297 2108 modo
1325 2062 1479 2107 non.
1507 2043 1585 2107 Et
1612 2045 1915 2126 quoniam

355 2150 645 2213 rationes
690 2151 965 2215 inductae
1012 2153 1092 2215 ad
1143 2152 1419 2234 primam
1468 2158 1712 2234 partem
1766 2170 1913 2216 cur-

356 2259 540 2337 runt,
565 2264 886 2340 quantum
914 2260 992 2322 ad
1025 2259 1182 2322 illud
1212 2260 1383 2342 quod
1407 2263 1524 2337 est,
1554 2260 1688 2323 sive
1715 2279 1919 2343 quan-

358 2370 503 2429 tum
548 2367 630 2429 ad
679 2366 1121 2431 excellentiam
1168 2368 1267 2430 sui
1313 2367 1383 2430 in
1427 2385 1524 2447 se,
1576 2368 1918 2432 ostendunt

360 2472 582 2554 ipsum
626 2491 759 2538 non
800 2473 1025 2537 cadere
1069 2475 1189 2538 sub
1234 2475 1462 2538 merito
1508 2475 1919 2557 praecedentis

357 2580 685 2659 Ecclesiae,
716 2582 860 2645 ideo
892 2585 1043 2646 sunt
1069 2582 1507 2646 concedendae.

437 2697 506 2756 1.
537 2692 638 2756 Ad
676 2691 830 2755 illud
870 2692 1045 2775 quod
1083 2691 1292 2774 primo
1327 2691 1625 2774 objicitur
1659 2692 1729 2755 in
1764 2709 1916 2755 con-

363 2799 641 2862 trarium
663 2799 741 2874 de
765 2797 982 2863 Glossa
1007 2797 1281 2863 Psalmi:
1303 2801 1566 2883 Propter
1586 2801 1919 2866 miseriam

369 2909 657 2989 inopum,
699 2915 757 2973 et
798 2910 1105 2991 qemitum
1139 2924 1539 2989 pauperum;
1575 2909 1916 2974 dicendum

375 3014 544 3094 quod
582 3014 688 3078 illa
726 3014 1114 3096 intelligitur
1153 3016 1230 3079 de
1271 3015 1577 3080 beneflcio
1616 3016 1918 3082 incarna-

378 3120 564 3186 tionis
596 3126 912 3205 quantum
939 3121 1020 3187 ad
1054 3122 1399 3188 efficaciam
1427 3128 1659 3188 nostrae
1686 3124 1918 3189 libera-

386 3227 567 3291 tionis
588 3249 624 3294 a
645 3248 854 3312 poena,
881 3229 1048 3293 sicut
1073 3233 1245 3312 patet
1271 3248 1353 3295 ex
1381 3231 1516 3313 ipsa
1539 3230 1752 3295 Glossa
1764 3251 1785 3312 3
1815 3233 1917 3296 vel

401 3342 687 3416 quantum
725 3338 804 3401 ad
840 3336 1360 3401 accelerationem
1394 3339 1720 3421 temporis,
1756 3339 1921 3403 sicut

414 3440 697 3523 colligitur
719 3463 799 3508 ex
824 3444 965 3527 ipsa
989 3443 1220 3509 littera.
1250 3444 1419 3509 Situ
1456 3445 1719 3529 oincias
1746 3447 1917 3529 quod

419 3542 558 3611 Deus
579 3569 703 3616 non
728 3552 913 3616 citius
937 3552 1303 3616 incarnatus
1329 3556 1446 3631 est,
1477 3571 1675 3634 quam
1703 3555 1918 3638 dispo-

424 3663 600 3723 suerat
636 3661 713 3724 ab
757 3665 1001 3727 aeterno
1047 3665 1304 3744 propter
1355 3663 1583 3726 merita
1635 3668 1914 3746 patrum,
1952 3734 1965 3748 ,

426 3762 714 3834 dicendum
738 3771 910 3854 quod
937 3775 1196 3854 propter
1222 3773 1446 3836 merita
1472 3778 1729 3857 patrum
1753 3773 1919 3838 Deus

426 3874 754 3949 praeviderat
796 3896 864 3942 se
910 3878 1412 3943 acceleraturum
1444 3900 1461 3944 z
1505 3885 1570 3945 et
1609 3880 1697 3944 sic
1732 3882 1880 3946 fecit
1897 3930 1914 3959 ,

427 3975 555 4043 sicut
574 3984 961 4062 praeviderat.

488 4084 539 4150 2.
562 4089 649 4153 Ad
672 4091 824 4157 illud
847 4091 1019 4174 quod
1045 4092 1411 4175 opponitur,
1440 4094 1614 4177 quod
1637 4095 1751 4178 qui
1778 4114 1919 4161 me-

429 4193 572 4256 retur
589 4196 939 4281 principale,
967 4203 1249 4263 meretur
1275 4204 1339 4264 et
1360 4202 1804 4284 accessorium,
1827 4203 1920 4267 di-

430 4299 652 4366 cendum
678 4305 842 4386 quod
872 4304 1028 4369 illud
1051 4305 1244 4370 habet
1269 4305 1636 4371 instantiam
1659 4310 1919 4391 quando

426 4400 550 4470 illud
574 4409 980 4474 accessorium
1004 4429 1132 4474 non
1170 4412 1573 4479 solummodo
1604 4420 1921 4500 praeparat

422 4506 484 4571 ad
507 4514 843 4592 praemium,
880 4514 991 4579 sed
1026 4515 1217 4580 etiam
1254 4522 1575 4600 praeparat
1607 4520 1686 4583 ad
1726 4520 1920 4584 meri-

420 4615 550 4680 tum.
575 4618 643 4684 Et
669 4622 973 4704 quoniam
1000 4622 1200 4707 ipsius
1222 4623 1575 4689 incarnatio
1600 4628 1922 4709 praebebat

414 4726 610 4790 sanctis
631 4731 919 4810 patribus
942 4730 1119 4794 viam
1144 4731 1434 4795 merendi
1461 4749 1576 4814 per
1601 4734 1794 4799 fldem
1822 4735 1920 4817 ip-

413 4828 539 4910 sius,
565 4833 707 4900 hinc
733 4840 825 4902 est
855 4837 1024 4921 quod
1050 4838 1161 4902 illa
1193 4839 1542 4922 propositio
1568 4859 1699 4906 non
1728 4841 1920 4907 habet

409 4938 700 5007 veritatem
754 4943 825 5007 in
876 4945 1228 5029 proposito,
1285 4943 1499 5010 Potest
1549 4948 1742 5012 etiam
1792 4950 1920 5013 alio

406 5048 566 5113 modo
595 5051 910 5132 praedictae
937 5053 1247 5119 locutioni
1275 5052 1524 5118 instari.
1564 5053 1709 5120 Non
1744 5057 1919 5122 enim

401 5151 564 5223 habet
598 5161 948 5242 veritatem,
988 5162 1259 5248 quando
1300 5160 1461 5226 illud
1498 5165 1920 5231 accessorium

398 5279 512 5330 non
546 5271 890 5337 necaesafio
915 5273 1210 5340 adhaeret
1253 5268 1596 5355 principali
1631 5293 1648 5338 ε
1690 5277 1756 5337 et
1780 5273 1922 5338 talis

447 5393 464 5428 ¹
485 5396 613 5461 18022,
637 5412 776 5466 uxr,
804 5403 847 5453 t.

3458 524 3564 584 tot

2022 651 2116 710 est
2164 649 2514 716 incarnatio
2565 652 2707 717 Filii
2752 653 2880 718 Dei.
2934 653 3149 718 Potuit
3196 655 3368 719 enim
3409 655 3574 721 Deus

2025 754 2150 820 alio
2198 758 2387 823 modo
2431 777 2639 842 genus
2686 760 3047 826 humanum
3101 762 3459 844 glorificare
3511 769 3575 830 et

2025 864 2293 944 salvare,
2321 885 2518 949 quam
2546 886 2659 951 per
2682 867 2823 932 Filii
2856 869 3358 934 incarnationem
3387 889 3405 934 :
3436 890 3575 954 pro-

2026 975 2165 1054 pter
2193 974 2313 1037 hoc
2346 993 2475 1038 non
2505 977 2815 1059 sequitur,
2849 977 3017 1059 quod
3048 978 3104 1041 si
3133 979 3334 1042 sancti
3367 986 3575 1062 patres

2026 1090 2406 1148 meruerunt
2423 1084 2523 1148 sui
2548 1085 3098 1166 glorificationem,
3124 1086 3295 1168 quod
3320 1106 3574 1152 merue-

2025 1187 2157 1250 rint
2215 1189 2440 1254 Christi
2497 1192 3021 1257 incarnationem.
3089 1191 3305 1257 Posset
3360 1197 3573 1259 tamen

2025 1296 2307 1374 concedi,
2349 1297 2521 1378 quod
2561 1304 2876 1380 quantum
2914 1299 2993 1363 ad
3027 1300 3371 1364 efficaciam
3408 1300 3569 1367 libe-

2026 1400 2294 1464 rationis
2328 1408 2675 1485 potuerunt
2709 1405 2907 1467 sancti
2944 1410 3154 1488 patres
3188 1408 3418 1471 mereri
3457 1408 3574 1473 be·-

2025 1508 2328 1572 nesscium
2369 1510 2860 1591 incarnationis3
2903 1530 3033 1575 non
3070 1517 3283 1577 tamen
3321 1514 3573 1598 simpli-

2024 1617 2201 1694 citer,
2231 1616 2394 1681 sicut
2425 1617 2601 1700 prius
2627 1622 2957 1682 ostensum
2988 1622 3103 1682 est.

2106 1728 2167 1788 3.
2197 1723 2295 1789 Ad
2332 1724 2487 1788 illud
2518 1724 2691 1808 quod
2721 1724 3046 1806 objicitur,
3083 1727 3255 1810 quod
3292 1728 3406 1810 qui
3437 1747 3577 1793 me-

2025 1835 2204 1894 retur
2235 1830 2406 1913 quod
2438 1833 2670 1914 majus,
2707 1836 2991 1895 meretur
3025 1836 3090 1895 et
3121 1833 3292 1915 quod
3335 1834 3572 1914 minus,

2026 1938 2367 2001 dicendum
2405 1939 2578 2020 quod
2613 1939 2918 2021 praedicta
2952 1941 3298 2022 propositio
3329 1941 3577 2006 instan-

2024 2044 2181 2106 tiam
2217 2045 2409 2108 habet
2445 2045 2511 2108 in
2547 2045 2755 2125 gloria
2790 2051 2853 2108 et
2892 2046 3141 2126 gratia;
3182 2048 3335 2130 quia
3373 2047 3580 2129 gloria

2026 2150 2194 2214 cadit
2215 2152 2338 2214 sub
2370 2152 2617 2230 merit0,
2652 2152 2862 2232 gratia
2886 2170 3041 2215 vero
3067 2171 3197 2215 non
3228 2176 3243 2218 :
3272 2153 3360 2215 sic
3388 2158 3452 2217 et
3475 2154 3579 2217 in-

2026 2259 2324 2322 stantiam
2368 2263 2571 2342 potest
2604 2259 2840 2324 habere
2880 2259 2948 2322 in
2981 2261 3322 2342 proposito.
3365 2259 3580 2326 Posset

2027 2366 2220 2430 etiam
2279 2366 2649 2450 responderi
2702 2383 2818 2448 per
2866 2365 3421 2449 interemptionem
3472 2386 3574 2431 as·

2025 2475 2411 2557 sumptionis
2442 2495 2458 2538 :
2494 2493 2643 2538 cum
2673 2473 2848 2538 enim
2877 2473 3145 2537 assumit
3170 2473 3342 2555 quod
3372 2475 3579 2555 major

2025 2586 2120 2647 est
2150 2582 2551 2663 glorificatio,
2582 2600 2781 2664 quam
2814 2580 3190 2659 incarnatiO,
3239 2580 3578 2645 dicendum

2025 2690 2199 2773 quod
2227 2689 2457 2754 salsum
2481 2693 2598 2766 est,
2625 2689 2746 2752 nisi
2776 2687 3155 2770 glorificatio
3180 2687 3580 2771 intelligatur

2026 2816 2179 2862 cum
2218 2796 2789 2881 praesuppoeitione
2820 2795 3297 2873 incarnationis,
3327 2796 3433 2861 vel
3458 2797 3579 2860 nisi

2026 2904 2423 2985 intelligatur
2463 2909 2752 2986 respectu
2797 2903 3069 2985 aliquus
3112 2921 3398 2984 personae
3437 2922 3578 2987 spe·

2027 3010 2226 3086 cialis‚
2259 3016 2479 3093 utpote
2508 3014 2798 3092 respectu
2832 3008 2999 3074 Petri
3035 3010 3140 3074 vel
3177 3008 3356 3074 Pauli
3388 3032 3401 3074 :
3445 3030 3579 3075 me·-

2024 3118 2153 3183 lius
2187 3119 2362 3184 enim
2401 3121 2495 3182 est
2532 3116 2718 3183 Petro
2754 3117 2971 3183 videre
3002 3116 3207 3182 Deum
3242 3116 3309 3182 in
3346 3117 3576 3200 gloria,

2025 3246 2224 3311 quam
2263 3227 2618 3291 humanam
2654 3230 2953 3290 naturam
2988 3244 3029 3290 a
3062 3224 3269 3290 Verbo
3306 3244 3441 3290 esse
3475 3245 3577 3289 as-

2026 3335 2351 3418 sumptam
2383 3356 2398 3400 :
2431 3334 2803 3418 simpliciter
2836 3337 3054 3398 tamen
3089 3334 3410 3416 loquendo
3442 3353 3581 3399 me-

2025 3444 2154 3508 lius
2180 3447 2274 3508 est
2300 3442 2537 3508 Filium
2563 3442 2673 3508 Dei
2710 3442 3054 3522 incarnari,
3090 3460 3287 3524 quam
3316 3441 3579 3506 Petrum

2027 3552 2405 3635 glorificari,
2456 3551 2608 3634 quia
2654 3548 2796 3614 Filii
2845 3549 2957 3614 Dei
3005 3549 3362 3613 incarnatio
3409 3548 3581 3614 valet

2024 3660 2141 3724 toti
2166 3658 2391 3741 generi
2418 3659 2727 3739 humane,
2757 3655 2926 3721 Petri
2953 3656 3334 3737 glorificatio
3359 3660 3576 3721 autem

2027 3768 2151 3831 sibi
2188 3767 2326 3831 soli.
2367 3766 2445 3831 Et
2479 3767 2622 3830 ideo
2655 3783 2788 3829 non
2825 3764 3116 3847 sequitur
3150 3764 3322 3848 quod
3362 3764 3416 3828 si
3456 3764 3609 3830 ali-.

2027 3874 2172 3957 quis
2197 3877 2402 3957 potest
2420 3874 2538 3937 sibi
2562 3872 2794 3937 mereri
2815 3889 3000 3936 suam
3020 3870 3573 3954 glorificationem,

2026 3980 2202 4063 quod
2234 3984 2556 4044 mereatur
2583 3978 2812 4044 Christi
2837 3978 3335 4061 conceptionem.

2107 4094 2171 4154 4.
2206 4088 2305 4153 Ad
2331 4087 2491 4153 illud
2516 4087 2687 4171 quod
2721 4087 3090 4171 opponitur,
3127 4086 3299 4171 quod
3326 4086 3442 4170 qui
3467 4105 3577 4169 pe-

2026 4197 2104 4261 tit
2144 4198 2643 4280 perseveranter,
2683 4193 2786 4277 pie
2824 4199 2886 4257 et
2926 4193 3006 4257 ad
3035 4193 3330 4275 salutem,
3370 4211 3579 4258 mere-

2027 4309 2172 4385 tur;
2210 4304 2547 4369 dicendum
2579 4303 2751 4386 quod
2776 4319 3008 4366 verum
3034 4305 3149 4379 est,
3181 4301 3234 4365 si
3262 4304 3433 4385 petat
3462 4319 3579 4384 pro

2027 4431 2096 4478 se
2128 4436 2143 4477 ε
2183 4413 2293 4476 sed
2326 4412 2545 4476 nullus
2585 4410 2767 4494 petiit
2803 4409 2976 4492 quod
3011 4400 3214 4473 Filius
3249 4408 3358 4473 Dei
3395 4427 3578 4472 assu-

2029 4526 2231 4585 meret
2252 4540 2341 4601 se,
2368 4525 2429 4585 et
2452 4520 2594 4584 ideo
2616 4517 2836 4582 nullus
2857 4517 2984 4581 hoc
3006 4517 3243 4581 meruit
3266 4539 3282 4580 ε
3309 4516 3579 4600 petendo

2029 4633 2244 4693 tamen
2264 4628 2424 4709 aliis,
2441 4627 2856 4692 merebantur
2874 4624 3076 4690 vitam
3096 4628 3405 4689 aeternam
3422 4623 3573 4690 sibi:

2027 4743 2092 4804 et
2108 4738 2250 4804 ideo
2268 4756 2401 4804 non
2418 4737 2811 4801 infructuose
2829 4734 3116 4799 orabant.
3144 4729 3361 4797 Posset
3382 4732 3578 4798 etiam

2028 4847 2154 4912 dici
2207 4846 2380 4929 quod
2432 4845 2644 4910 adhuc
2700 4843 2891 4907 habet
2945 4840 3107 4905 illud
3166 4839 3535 4905 instantiam
3558 4889 3576 4920 ,

2029 4953 2285 5037 quando
2327 4952 2475 5035 quis
2528 4953 2845 5034 quaereret
2883 4968 2924 5014 a
2966 4948 3093 5013 Deo
3137 4947 3580 5014 excellentiam

2031 5060 2257 5145 gloriae
2281 5057 2448 5124 Petri
2472 5081 2487 5123 ε
2509 5058 2621 5142 qui
2646 5061 2807 5122 esset
2832 5073 3051 5140 parvae
3070 5055 3422 5135 charitatis,
3446 5073 3579 5120 non

2027 5169 2153 5236 hoc
2192 5169 2499 5246 meretur,
2544 5165 2698 5246 quia
2735 5164 2878 5242 hoc,
2919 5162 3090 5245 quod
3129 5162 3311 5245 petit,
3352 5162 3581 5226 merita

2027 5294 2148 5342 sua
2174 5273 2419 5339 excedit
2449 5295 2465 5337 :
2496 5290 2611 5355 per
2645 5272 2822 5336 hunc
2856 5270 3121 5336 modum
3148 5270 3217 5334 in
3256 5269 3577 5356 proposito

2031 5388 2234 5470 potest
2256 5381 2557 5448 instantia
2582 5379 2822 5445 inferri.
