4185 6288
872 445 992 504 500

869 574 982 658 qui
1011 573 1205 637 credit
1248 572 1465 634 decem
1505 567 1825 645 articulos,
1871 563 2209 630 dicendum
2239 560 2412 644 quod

868 683 983 746 etsi
1013 680 1349 744 haereticus
1394 676 1622 740 habeat
1663 674 1946 756 aliquam
1992 668 2415 735 illuminatio-

868 808 1018 852 nem
1042 789 1331 868 respectu
1351 783 1611 846 illorum
1651 778 2067 844 articulorum
2106 791 2412 840 verorum

866 916 1027 979 quos
1055 894 1275 967 credit,
1303 896 1367 955 et
1393 892 1674 972 aliquam
1712 887 2106 951 habilitatem
2152 885 2232 949 ad
2272 882 2414 946 illos

868 1004 1230 1079 credendOS,
1262 1001 1370 1063 illa
1397 1004 1612 1062 tamen
1643 996 1938 1059 habilitas
1982 997 2046 1057 et
2075 990 2413 1056 credulitas

865 1136 999 1181 non
1034 1116 1220 1180 debet
1268 1113 1392 1178 dici
1435 1112 1660 1187 virtuS,
1692 1109 1843 1191 quia
1888 1125 2006 1171 nec
2061 1104 2411 1188 potentiam

865 1224 1188 1301 rectificat,
1216 1240 1332 1284 nec
1354 1220 1628 1300 vigorat.
1656 1216 1795 1281 Non
1824 1214 2128 1280 rectificat
2147 1210 2414 1294 potenti-

865 1350 971 1396 am
994 1379 1012 1407 ,
1067 1330 1219 1412 quia
1266 1346 1396 1391 non
1448 1325 1807 1407 captivatur
1859 1319 2217 1384 intellectus
2269 1318 2407 1398 ejus

862 1440 1053 1521 plene
1079 1438 1149 1501 in
1180 1435 1562 1517 obsequium
1591 1431 1879 1497 veritatis
1921 1445 2219 1492 summae.
2263 1422 2409 1488 Non

863 1547 1139 1626 vigurat,
1166 1544 1318 1626 quia
1347 1560 1459 1625 per
1508 1541 1682 1622 illam
1741 1557 1870 1601 non
1900 1535 2143 1617 respuit
2169 1532 2410 1596 falsita-

864 1658 994 1717 tem
1021 1652 1373 1735 oppositam
1401 1648 1674 1713 veritati.
1711 1645 1786 1709 Et
1806 1646 1950 1709 haec
1966 1644 2097 1707 duo
2125 1641 2409 1723 require·

862 1759 1096 1823 bantur
1132 1758 1210 1821 ad
1238 1759 1381 1835 hoc,
1414 1756 1584 1838 quod
1629 1754 1886 1817 habitus
1916 1751 2246 1815 sortiretur
2290 1765 2410 1810 no-

865 1887 1014 1932 men
1037 1872 1099 1930 et
1126 1866 1437 1929 rationem
1462 1862 1738 1926 virtutis,
1770 1860 1911 1923 Non
1941 1859 2029 1920 sic
2073 1860 2290 1919 autem
2317 1857 2412 1917 est

861 1976 939 2039 de
968 1975 1089 2037 fide
1114 1972 1396 2049 informi,
1422 1988 1569 2052 quae
1596 1968 1778 2031 estin
1805 1966 1988 2029 malis
2007 1961 2406 2037 Christianis,

862 2082 1016 2164 quia
1041 2080 1161 2162 ipsi
1192 2081 1544 2142 assentiunt
1570 2080 1632 2139 et
1653 2075 1994 2138 adhaerent
2030 2070 2261 2153 primae
2289 2087 2408 2132 ve-

860 2188 1032 2251 ritati
1069 2192 1323 2268 propter
1349 2204 1437 2264 se,
1470 2189 1533 2247 et
1585 2201 1780 2264 super
1804 2181 2054 2257 omnia,
2107 2179 2196 2241 ita
2233 2175 2407 2259 quod

859 2296 926 2358 in
956 2295 1064 2357 illo
1091 2295 1313 2356 habitu
1340 2297 1433 2355 est
1489 2288 1855 2353 rectificatio
1895 2290 1959 2349 et
1981 2285 2196 2366 vigor,
2227 2286 2291 2346 et
2328 2299 2411 2344 ex

861 2404 980 2467 hoc
1024 2402 1320 2485 quaedam
1365 2399 1680 2483 perfectio.
1715 2396 1891 2460 Unde
1934 2394 2066 2457 sola
2102 2392 2211 2455 illa
2252 2389 2411 2454 fides

860 2511 1151 2575 informis
1175 2510 1362 2573 estin
1393 2526 1626 2588 genere
1661 2504 1943 2581 virtutis,
1973 2521 2105 2584 qua
2131 2500 2410 2563 credun-

858 2626 967 2684 tur
1001 2638 1224 2683 omnes
1251 2616 1524 2694 articuli,
1559 2614 1658 2681 vel
1690 2612 2006 2696 explicite,
2052 2608 2157 2673 vel
2188 2606 2408 2689 impli-

857 2728 999 2805 cite,
1031 2746 1161 2808 qua
1188 2725 1382 2788 etiam
1411 2729 1804 2804 respuuntur
1844 2735 2071 2782 omnes
2110 2732 2359 2779 errores
2388 2735 2403 2776 ε

857 2838 996 2900 haec
1019 2837 1192 2898 enim
1215 2834 1348 2897 sola
1365 2835 1479 2908 est,
1498 2848 1644 2912 quae
1667 2828 1857 2892 habet
1885 2827 1952 2889 in
1970 2844 2037 2889 se
2059 2822 2409 2906 quamdam

860 2944 1302 3025 perfectionem
1332 2937 1722 3025 rectitudinis
1753 2941 1815 2999 et
1842 2933 2109 3015 vigoris

937 3053 997 3112 5.
1024 3048 1121 3112 Ad
1148 3046 1306 3110 illud
1332 3045 1504 3128 quod
1531 3043 1828 3125 objicitur
1851 3042 1928 3104 de
1951 3037 2271 3121 discipulo
2303 3055 2409 3100 as-

857 3158 1164 3223 sentiente
1194 3154 1522 3235 magistro,
1543 3151 1714 3234 quod
1745 3168 1875 3213 non
1906 3148 2151 3228 indiget
2177 3146 2408 3209 habitu

859 3265 1135 3340 virtutiS,
1166 3262 1503 3326 dicendum
1530 3259 1703 3341 quod
1722 3276 1853 3320 non
1878 3260 1973 3319 est
1998 3253 2227 3331 simile,
2249 3252 2410 3335 quia

860 3371 1201 3437 credulitas
1215 3370 1343 3447 illa,
1360 3386 1490 3450 qua
1509 3365 1855 3446 discipulus
1877 3361 2141 3425 assentit
2159 3360 2406 3440 magis-

859 3485 980 3558 tr0,
1014 3480 1101 3542 ita
1130 3480 1335 3561 potest
1358 3494 1492 3538 esse
1521 3475 1628 3539 via
1651 3472 1720 3535 in
1766 3471 2101 3534 falsitatem
2140 3467 2308 3531 sicut
2339 3466 2410 3529 in
2470 3485 2471 3488 ¹

858 3590 1212 3662 veritatem,
1245 3603 1361 3667 pro
1389 3602 1465 3646 eo
1487 3581 1660 3664 quod
1688 3579 1992 3659 magister
2019 3579 2173 3657 ejus
2202 3577 2411 3656 potest

859 3715 1035 3773 vera,
1053 3700 1114 3757 et
1138 3693 1291 3755 falsa
1315 3707 1595 3753 asserere
1629 3710 1644 3751 z
1674 3705 1805 3751 non
1834 3686 1924 3747 sic
1957 3688 2175 3746 autem
2205 3685 2301 3744 est
2332 3681 2411 3744 de

861 3801 1229 3866 credulitate
1256 3817 1383 3880 qua
1417 3799 1563 3879 quis
1589 3794 1848 3857 assentit
1873 3792 2101 3873 primae
2130 3788 2407 3867 veritati,

863 3928 1010 3992 quae
1039 3908 1214 3971 nullo
1245 3907 1432 3969 modo
1457 3910 1657 3986 potest
1687 3921 1822 3967 esse
1851 3903 1960 3964 via
1989 3899 2117 3962 nisi
2147 3898 2216 3960 in
2247 3896 2412 3962 veri-

865 4023 1056 4082 tatem
1071 4021 1132 4079 et
1151 4015 1593 4079 rectitudinem
1610 4032 1626 4074 t
1642 4016 1705 4075 et
1720 4014 1974 4093 propter
1994 4007 2136 4084 hoc,
2157 4006 2303 4086 quia
2326 4000 2408 4084 (α)

865 4126 1199 4189 credulitas
1243 4122 1381 4200 illa,
1420 4139 1547 4202 qua
1587 4116 1934 4196 discipulus
1962 4112 2229 4178 assentit
2265 4128 2413 4173 ma·-

865 4234 1086 4314 gistro,
1120 4231 1196 4294 de
1224 4248 1290 4292 se
1321 4246 1451 4291 non
1478 4233 1573 4289 est
1600 4222 2012 4288 rectificativa
2048 4217 2321 4295 mentis»,
2351 4220 2415 4279 et

870 4339 1226 4416 credulitas,
1257 4353 1388 4418 qua
1415 4332 1804 4398 Christianus
1847 4327 2107 4392 assentit
2136 4324 2287 4402 Deo,
2318 4327 2421 4386 est

871 4450 976 4512 via
1003 4446 1246 4524 salutis,
1273 4446 1361 4508 ita
1384 4440 1555 4525 quod
1583 4439 1761 4502 nullo
1788 4436 1979 4501 modo
2007 4435 2085 4499 de
2130 4452 2197 4496 se
2242 4431 2414 4496 ordi-

869 4561 1060 4618 natur
1088 4554 1164 4618 ad
1188 4550 1583 4634 oppositum;
1615 4546 1677 4607 id
1707 4542 1914 4624 magis
1936 4541 2203 4606 sortitur
2220 4539 2406 4602 ratio-

871 4681 1022 4726 nem
1049 4660 1325 4736 virtum,
1357 4673 1552 4739 quam
1592 4653 1701 4715 illa
1737 4649 2095 4726 credulitas,
2127 4666 2257 4730 qua
2282 4646 2414 4711 dis-

875 4770 1123 4854 cipulus
1141 4766 1397 4832 assentit
1411 4762 1740 4842 magistro,
1752 4774 1900 4840 quae
1919 4755 2179 4839 quidem
2205 4759 2410 4836 potest

876 4897 1010 4944 oese
1036 4875 1268 4942 erroris
1295 4871 1561 4936 occasio,

947 5131 965 5163 ⁸
996 5128 1079 5186 Cs.
1109 5125 1251 5175 Alex.
1277 5121 1511 5180 Mensis„
1532 5133 1582 5183 p.
1617 5118 1710 5179 lll,
1734 5131 1785 5179 q.
1812 5127 1896 5176 vt,
1926 5112 2119 5164 memb.
2139 5114 2197 5172 2,
2228 5114 2279 5159 ct
2306 5109 2422 5159 coll.

885 5209 1104 5256 xxxvm,
1133 5203 1227 5245 arl.
1269 5197 1327 5252 ¹3
1360 5196 1412 5242 S.
1437 5192 1678 5248 ThornaS,
1723 5187 1878 5248 ll-ll‚
1920 5198 1971 5248 q.
2015 5195 2064 5232 vt
2089 5220 2106 5246 ,
2150 5187 2247 5232 art.
2276 5184 2343 5244 25
2374 5184 2426 5230 et

888 5276 946 5323 lll
973 5274 1132 5333 Sent.,
1152 5271 1613 5330 dist.xx111,q.ni,
1639 5266 1734 5313 art.
1751 5267 1813 5324 25
1836 5260 1964 5310 etde
1994 5260 2171 5322 Ver-it,
2192 5271 2244 5321 q.
2267 5268 2425 5319 xvm,

884 5349 979 5394 art.
1008 5347 1065 5403 35
1106 5341 1282 5403 Steph.
1311 5339 1518 5398 Brulet„
1551 5337 1613 5387 ΙΙΙ
1647 5336 1808 5392 seut,
1833 5333 1950 5382 dist.
1987 5341 2142 5391 xxm,
2169 5342 2222 5392 q.
2247 5341 2341 5379 vn.
2365 5354 2426 5366 —

950 5437 1017 5500 (a)
1047 5433 1185 5484 Edit.
1212 5434 1326 5482 Ven.
1351 5447 1467 5496 qua.

1999 421 2621 494 SENTENTIARUM
2660 426 2808 491 [ΑΒ.
2857 426 2965 491 111.

3028 651 3446 731 QUAESTlo
3498 652 3588 717 11.

2556 840 2649 894 An
2673 837 2800 907 fides
2826 838 3079 906 informis
3096 840 3170 893 sit
3191 837 3389 893 donum
3416 836 3685 893 divinitus
3706 838 3932 894 collatum
3947 841 3980 893 ¹.

2600 998 2685 1062 De
2714 999 2839 1063 ssde
2865 998 3124 1061 informi
3152 1002 3473 1080 quantum
3506 998 3587 1063 ad
3611 998 3939 1080 originem
3961 1005 4006 1063 et
4023 1016 4123 1058 run

2517 1107 2831 1188 quaeritur
2855 1110 3076 1170 utrum
3105 1106 3261 1170 fides
3288 1105 3582 1169 informis
3608 1106 3689 1169 sit
3717 1106 3923 1183 infusa,
3947 1125 4006 1168 an

2516 1214 2848 1296 acquisita.
2876 1213 2954 1276 Et
3006 1213 3180 1295 quod
3213 1214 3444 1287 infusa,
3483 1215 3739 1279 videtur
3777 1222 3801 1257 ¹
3844 1235 3860 1276 ι
3905 1216 4009 1280 Alii·

2517 1320 2713 1387 datur
2754 1321 2916 1402 tides
2955 1324 3029 1387 in
3058 1321 3269 1387 eodem
3305 1322 3594 1403 Spiritu,
3626 1328 3745 1386 etc.
3773 1321 3845 1386 Et
3865 1340 4005 1387 oons-

2518 1433 2609 1493 tat
2632 1429 2803 1511 quod
2830 1429 3171 1511 Apostolus
3195 1429 3283 1492 ibi
3312 1428 3603 1511 loquitur
3619 1428 3699 1493 de
3717 1428 3883 1493 donis
3898 1448 4008 1510 gra·

2516 1539 2622 1601 tiae
2652 1538 2854 1619 gratis
2877 1538 3042 1601 datae
3074 1555 3092 1599 t
3124 1554 3284 1617 ergo
3320 1536 3605 1618 loquitur
3644 1535 3724 1600 de
3759 1536 3896 1611 fide,
3916 1537 4008 1599 dr·

2513 1644 2897 1727 cumscripta
2921 1644 3227 1708 charitate
3261 1665 3278 1705 ε
3304 1648 3367 1706 et
3394 1642 3535 1706 haec
3563 1647 3661 1706 est
3690 1643 3836 1706 fides
3854 1643 4009 1705 infor·

2516 1752 2641 1814 mis
2671 1771 2688 1812 2
2719 1770 2877 1833 ergo
2898 1752 3055 1815 fides
3082 1751 3479 1815 informisest
3501 1768 3541 1813 a
3560 1749 3804 1833 Spiritu
3819 1755 4007 1813 sancto.

2594 1864 2753 1927 Item
2779 1864 2847 1926 ⁸:
2880 1865 2966 1929 Si
3007 1863 3282 1928 habuero
3326 1859 3544 1942 fidem,
3578 1864 3681 1927 ita
3720 1866 3791 1927 ut
3822 1866 4010 1926 mont&

2514 1972 2908 2051 transferam
2916 1971 3040 2053 ;ibi
3063 1971 3281 2034 Glossa
3316 1993 3330 2034 z
3372 1993 3404 2029 α
3427 1970 3587 2046 Quae
3614 1970 3773 2034 fides
3814 1968 4013 2033 Deido-

2515 2100 2676 2145 num
2706 2082 2827 2146 dici
2856 2086 3079 2164 potest,
3102 2082 3255 2164 quia
3280 2081 3347 2143 in
3374 2079 3560 2142 malis
3586 2079 3874 2161 quaedam
3887 2078 4013 2141 dona

2518 2187 2624 2251 Dei
2643 2193 2815 2253 sunt.
2835 2212 2866 2247 n
2889 2188 2953 2253 Si
2967 2206 3125 2269 ergo
3143 2188 3251 2251 illa
3266 2193 3361 2252 est
3376 2187 3535 2252 fides
3573 2186 4014 2263 informis,erg0

2514 2296 2670 2359 fides
2698 2296 2988 2359 informis
3016 2299 3111 2359 est
3128 2294 3348 2359 adono
3366 2293 3499 2373 Dei,
3529 2295 3638 2357 vel
3665 2294 3899 2357 donum
3915 2290 4009 2355 Dei.

2594 2404 2752 2469 Item
2779 2404 2839 2467 ⁴:
2869 2405 3013 2470 Non
3042 2403 3376 2485 accepistis
3398 2402 3714 2483 spiritum
3732 2398 4016 2466 servitutis

2514 2513 3147 2590 iterum·in1inwre;
3180 2509 3397 2574 Glossa
3426 2529 3443 2573 ε
3480 2533 3510 2568 α
3538 2509 3654 2573 Est
3694 2509 3877 2572 timor
3909 2523 4017 2568 set-

2514 2619 2659 2683 vilis
2680 2667 2697 2696 ,
2745 2623 2808 2683 et
2861 2619 3068 2683 filialis
3087 2667 3107 2699 ,
3154 2625 3217 2684 et
3268 2623 3539 2699 uterque
3591 2622 3689 2680 est
3736 2635 3775 2678 a
3825 2612 4018 2695 Spiritu

2512 2733 2749 2791 sancto.
2778 2750 2809 2785 n
2870 2726 2937 2791 Si
2963 2745 3123 2808 ergo
3170 2726 3365 2789 timor
3409 2724 3666 2788 servilis
3695 2728 3790 2787 est
3817 2722 4017 2785 donum

2515 2836 2790 2920 Spiritus
2817 2837 3040 2913 sancti,
3089 2840 3153 2899 et
3177 2836 3375 2899 timor
3423 2834 3683 2898 servilis
3737 2833 3926 2899 oritur
3956 2846 4019 2893 ex

2514 2946 2638 3010 fide
2666 2945 2944 3024 informi,
2980 2962 3139 3024 ergo
3161 2943 3318 3007 fides
3351 2942 3652 3007 informis
3702 2947 3797 3007 est
3820 2943 4019 3005 donum

2514 3051 2789 3137 Spiritus
2815 3053 3042 3118 sancti.

2596 3161 2751 3225 Item
2774 3162 3126 3226 secundum
3153 3161 3407 3225 nullum
3440 3159 3765 3239 habitum,
3794 3161 4021 3222 namra-

2513 3270 2641 3333 lem
2685 3270 2788 3333 vel
2841 3268 3232 3352 acquisitum
3254 3316 3273 3346 ,
3347 3267 3640 3332 elevatur
3712 3265 4023 3330 intellectus

2513 3395 2708 3471 supra
2734 3395 2823 3452 se,
2854 3381 2928 3441 ut
2954 3375 3256 3439 assentiat
3300 3375 3525 3457 primae
3560 3373 3820 3437 veritati
3861 3387 4021 3453 prop·

2513 3489 2611 3548 ter
2637 3503 2726 3563 se,
2748 3488 2812 3548 et
2836 3502 3030 3566 super
3051 3482 3300 3547 omnia:
3326 3499 3485 3563 ergo
3504 3481 3776 3545 habitus
3792 3479 3929 3544 fidei
3952 3477 4026 3538 in·

2512 3592 2734 3656 formis
2763 3611 2896 3656 non
2920 3597 3018 3656 est
3062 3591 3430 3672 acquisituS,
3467 3588 3574 3653 vel
3626 3590 3887 3653 innatus
3936 3604 3949 3642 =
3978 3587 4023 3646 et

2515 3705 2609 3763 est
2652 3700 3002 3782 acquisitus
3026 3747 3045 3778 ,
3092 3698 3194 3762 vel
3246 3699 3527 3776 innatuS,
3581 3697 3691 3763 vel
3743 3697 3968 3760 infusus
4008 3709 4022 3752 τ

2516 3825 2674 3888 ergo
2699 3813 2795 3871 est
2819 3808 3072 3871 habitus
3099 3806 3377 3869 infusus,

2598 3915 2755 3979 Item
2781 3914 2955 3995 quod
2983 3917 3184 3996 potest
3209 3913 3282 3975 in
3324 3930 3422 3991 ea,
3465 3929 3620 3994 quae
3668 3913 3827 3975 sunt
3848 3909 4025 3972 contra

2516 4029 2838 4101 naturam,
2859 4039 2977 4085 nec
3002 4025 3097 4084 est
3120 4039 3159 4084 a
3185 4023 3439 4097 natura,
3463 4036 3582 4082 nec
3614 4023 3718 4083 ost
3742 4017 3824 4082 ab
3851 4010 4026 4096 acqui-

2518 4131 2744 4194 sitione
2771 4148 2788 4193 :
2817 4129 2925 4193 sed
2952 4129 3210 4193 habitus
3235 4127 3385 4191 fidei
3421 4126 3724 4190 informis
3766 4126 3950 4208 potest
3979 4118 4027 4179 'm

2520 4239 2829 4302 miracula
2879 4236 3184 4314 facienda,
3241 4235 3404 4298 sicut
3460 4237 3638 4315 patet
3693 4252 3810 4317 per
3856 4230 4028 4295 Evan-

2522 4347 2689 4428 gelia
2714 4346 2737 4381 ⁸
2761 4344 2932 4428 quod
2976 4342 3125 4408 mali
3172 4343 3412 4406 faciunt
3458 4341 3801 4417 miracula,
3844 4343 3903 4403 et
3939 4351 4025 4399 ex·

2523 4471 2734 4535 presse
2762 4453 2997 4517 dicitur
3021 4451 3044 4485 ⁸
3074 4473 3089 4515 ε
3121 4467 3280 4532 ergo
3301 4448 3457 4512 fides
3484 4447 3790 4511 informis
3830 4463 3935 4509 nec
3962 4443 4031 4503 est

2523 4563 2766 4637 innata,
2796 4579 2915 4624 nec
2961 4558 3269 4643 acquisita
3300 4579 3317 4621 t
3348 4556 3648 4640 sequitur
3697 4572 3858 4639 ergo
3897 4545 4030 4635 quod

2525 4669 2605 4733 sit
2632 4670 2862 4733 intusa.
3026 4651 3037 4661 ⁹
4140 4655 4141 4662 '

2606 4775 2725 4840 Sed
2754 4779 2996 4854 contra,
3028 4781 3057 4837 1
3091 4780 3115 4815 ⁷
3148 4797 3164 4837 t
3197 4770 3384 4838 Fides
3414 4780 3509 4838 est
3539 4787 3624 4838 ατ
3648 4769 3890 4837 auditu
3912 4786 3927 4829 t
3949 4756 4030 4826 sed
4057 4775 4141 4822 Μ

2527 4901 2676 4967 quae
2724 4883 3026 4947 novimus
3075 4879 3388 4944 audiendo
3436 4879 3520 4942 ab
3577 4879 3748 4956 aliis,
3780 4876 4031 4941 novimus

2528 5010 2643 5074 per
2668 4989 3151 5073 acquisitionem
3187 5006 3205 5050 ε
3238 4977 3396 5066 erfgo
3420 4987 3475 5048 si
3521 4986 3724 5051 fldem
3768 4984 4032 5048 habemus

2529 5119 2643 5184 per
2692 5098 3005 5178 auditum,
3034 5094 3229 5160 fldem
3282 5094 3597 5158 habemus
3624 5112 3747 5177 per
3800 5084 4031 5173 acquisi-

2531 5208 2795 5272 tionem.

2531 5353 2554 5386 ¹
2581 5350 2755 5415 leon,
2778 5363 2874 5409 xu.
2902 5355 2951 5402 9.
2978 5374 3039 5386 -
3062 5350 3085 5384 ⁸
3113 5349 3134 5398 1
3155 5348 3294 5408 Cor„
3318 5357 3438 5407 xm,
3461 5349 3508 5396 2.
3528 5346 3631 5385 -δ
3659 5347 3825 5409 Rom„
3851 5352 3951 5398 vm,
3979 5336 4031 5385 13.

2534 5449 2591 5466 -
2607 5423 2630 5459 ⁸
2654 5423 2859 5486 unuh„
2877 5424 3065 5487 v11,22.
3094 5447 3149 5457 —
3170 5420 3194 5456 ⁸
3213 5420 3344 5482 Act„
3367 5429 3482 5481 nx,
3514 5419 3592 5469 ¹³.
3614 5444 3674 5457 -
3701 5418 3727 5454 ⁷
3753 5406 4033 5476 non.,x,¹'1·
