4185 6288
695 581 810 648 per
845 564 1167 638 naturam,
1197 560 1357 635 etc.;
1387 556 1729 623 dicendum
1772 556 1944 639 quod
1974 573 2107 622 non
2141 559 2237 623 est

693 671 899 736 simile
930 688 948 733 ε
976 667 1129 751 quia
1167 664 1389 730 filiatio
1414 668 1511 730 est
1546 666 1898 750 proprietas
1922 684 2071 750 quae
2100 683 2237 729 res-

696 777 846 864 picit
904 777 1107 860 ipsam
1157 791 1533 857 personam;
1581 776 1646 837 et
1686 773 1920 838 iterum
1980 772 2236 855 adoptio

696 889 999 973 importat
1038 885 1320 968 aliquam
1364 884 1846 950 extraneitatem
1887 887 1954 949 et
1989 885 2235 967 imper-

696 996 1030 1062 fectionem
1062 1014 1080 1058 t
1109 992 1201 1057 sic
1241 1009 1376 1056 non
1416 995 1510 1055 est
1536 992 1614 1055 de
1641 991 1851 1073 gratia
1885 991 2238 1073 singularis

698 1121 989 1190 personae
1010 1152 1030 1184 ‚
1060 1120 1208 1187 quae
1252 1101 1510 1185 respicit
1560 1101 1762 1186 ipsam
1814 1104 2123 1183 animam,
2175 1107 2240 1168 et

698 1231 831 1279 non
874 1209 1416 1294 imperfectionem
1430 1257 1451 1288 ,
1489 1213 1553 1275 et
1577 1211 2059 1275 extremitatem
2078 1258 2098 1290 ,
2126 1212 2237 1276 sed

701 1318 909 1401 magis
942 1314 1427 1399 completionem
1468 1318 1534 1381 et
1573 1316 2058 1382 deiformitatem
2111 1318 2238 1382 im-

700 1429 950 1513 portat:
983 1427 1049 1490 et
1090 1428 1423 1508 propterea
1465 1424 1714 1488 nullam
1754 1424 2022 1489 omnino
2048 1426 2242 1491 habet

701 1531 1165 1618 oppositionem
1203 1531 1284 1595 ad
1322 1530 1500 1594 illam
1532 1534 1831 1595 aeternam
1858 1532 2240 1615 acceptatio-

701 1658 877 1721 nem,
910 1639 1073 1704 sicut
1093 1638 1347 1722 adoptio
1377 1642 1671 1721 respectu
1694 1637 2022 1704 filiationis
2045 1643 2241 1706 natu-

703 1749 900 1815 ralis:
929 1752 993 1812 et
1019 1747 1164 1812 ideo
1185 1764 1314 1811 non
1341 1750 1437 1810 est
1457 1745 1683 1814 simile.

786 1861 846 1921 3.
903 1854 1003 1919 Ad
1045 1853 1203 1919 illud
1251 1852 1424 1935 quod
1481 1851 1815 1935 objicitur,
1867 1854 2037 1935 quod
2092 1872 2243 1918 cum

706 1963 990 2029 Christus
1020 1961 1104 2027 sit
1126 1961 1314 2039 Deus,
1357 1978 1489 2025 non
1528 1959 1777 2042 indiget
1819 1958 1946 2025 Deo
1987 1959 2243 2024 assimi-

705 2070 848 2150 lari,
871 2069 1213 2135 dicendum
1240 2068 1410 2152 quod
1439 2066 1545 2131 ille
1565 2084 1697 2131 non
1719 2069 1882 2131 esset
1907 2065 2097 2144 Deus,
2121 2067 2245 2132 nisi

709 2196 940 2261 corpus
966 2177 1023 2259 ej
1032 2194 1108 2241 us
1135 2179 1200 2240 et
1221 2174 1440 2238 anima
1465 2175 1900 2237 assumeretur
1923 2191 1964 2237 a
1991 2172 2201 2239 Verbo
2222 2196 2240 2254 ;

709 2303 827 2349 nec
869 2283 1084 2348 anima
1128 2285 1292 2347 esset
1335 2281 1563 2345 idonea
1605 2282 1683 2343 ut
1729 2282 2166 2345 assumeretur
2207 2300 2248 2346 a

708 2390 939 2469 Verb0‚
969 2390 1093 2455 nisi
1120 2391 1279 2454 esset
1306 2386 1628 2452 deiformis
1649 2388 1713 2450 et
1746 2384 1874 2451 Deo
1901 2385 2249 2452 assimilata

710 2501 980 2585 perfecte
1019 2517 1133 2583 per
1159 2497 1433 2581 gratiam
1462 2515 1479 2560 :
1509 2499 1572 2560 et
1598 2494 1742 2559 ideo
1772 2493 1894 2559 hoc
1936 2496 2111 2578 quod
2138 2496 2249 2562 ille

711 2609 908 2674 homo
932 2611 1027 2672 est
1054 2606 1238 2685 Deus,
1264 2603 1752 2686 deiformitatem
1779 2603 2007 2683 gratiae
2027 2609 2090 2668 et
2113 2603 2250 2685 glo-

712 2716 827 2780 riae
870 2732 1002 2779 non
1038 2711 1339 2788 excludit,
1367 2710 1529 2794 quin
1555 2709 1767 2794 potius
1789 2713 2245 2795 praesupponit.

713 2822 794 2888 Et
823 2822 980 2886 situ
1005 2820 1268 2903 ohJic-ias
1293 2819 1371 2884 de
1396 2836 1588 2883 carne
1606 2866 1626 2898 ,
1657 2817 1736 2882 ad
1763 2836 1962 2901 quam
1989 2838 2122 2885 non
2150 2840 2253 2887 re-

714 2929 991 3013 quiritur
1043 2927 1325 3010 gratuita
1375 2925 1700 3009 dispositio
1764 2925 1845 2989 ad
1905 2926 2026 2991 hoc
2081 2931 2252 3011 quod

715 3037 978 3103 uniatur
993 3034 1224 3115 Verbo,
1244 3035 1325 3099 ad
1346 3033 1467 3098 hoc
1492 3033 1613 3098 fuit
1636 3051 1833 3117 supra
1852 3051 2250 3118 responsum,

715 3144 1020 3230 quoniam
1038 3161 1185 3208 caro
1205 3141 1436 3208 habuit
1452 3140 1934 3224 congruentiam
1961 3143 2041 3208 ad
2063 3144 2255 3210 unio-

717 3273 866 3319 nem
909 3272 993 3319 ex
1032 3252 1252 3317 ordine
1292 3251 1395 3315 sui
1433 3250 1514 3314 ad
1556 3250 1862 3315 animam.
1929 3250 2073 3318 Ideo
2124 3273 2255 3319 non

718 3365 965 3447 oportet
1011 3361 1184 3444 quod
1232 3359 1654 3443 dispositionis
1697 3363 2119 3441 congruentia
2145 3384 2253 3430 re-

718 3469 1002 3554 periatur
1038 3468 1250 3551 primo
1297 3468 1367 3530 in
1406 3484 1639 3546 carne;
1680 3466 1791 3532 sed
1825 3469 2061 3534 sufficit
2084 3474 2257 3554 quod

718 3578 800 3643 sit
823 3595 906 3642 ex
931 3581 1110 3660 parte
1135 3577 1392 3647 animae.

799 3693 860 3751 4.
889 3685 987 3751 Ad
1012 3684 1170 3750 illud
1197 3683 1368 3767 quod
1398 3682 1695 3766 objicitur
1720 3684 1798 3747 de
1823 3682 2031 3750 Verbo
2049 3687 2254 3766 unito,

721 3792 892 3874 quod
934 3793 1137 3874 potest
1174 3805 1422 3871 regere,
1458 3788 1797 3852 dicendum
1825 3790 1999 3871 quod
2026 3809 2251 3857 verum

720 3902 816 3964 est
839 3902 1157 3982 quantum
1198 3899 1292 3960 oet
1313 3914 1395 3960 ex
1420 3900 1598 3979 parte
1624 3896 1824 3979 ipsius
1848 3895 2039 3963 Verbi
2065 3899 2255 3980 uniti,

720 4008 830 4072 sed
853 4006 1133 4072 defectus
1156 4009 1248 4070 est
1274 4022 1357 4069 ex
1379 4008 1554 4087 parte
1580 4003 1771 4068 liberi
1797 4004 2063 4082 arbitrii,
2086 4008 2260 4088 quod

722 4113 971 4195 indiget
1013 4111 1223 4177 debita
1255 4110 1662 4193 dispositione
1696 4111 1777 4175 ad
1804 4111 1926 4175 hoc
1950 4113 2122 4194 quod
2155 4131 2256 4179 re-

723 4219 951 4304 gimini
992 4219 1191 4303 ipsius
1228 4216 1418 4283 Verbi
1459 4236 1527 4282 se
1568 4217 1775 4284 valeat
1813 4219 2211 4285 conformare
2239 4244 2254 4286 :

722 4329 967 4411 indiget
1004 4326 1197 4392 etiam
1241 4326 1648 4409 dispositione
1685 4326 1895 4391 debita
1908 4374 1927 4406 ,
1959 4329 2031 4391 ut
2068 4329 2262 4410 possit

725 4437 847 4520 ipsi
886 4434 1094 4501 Verbo
1141 4434 1314 4500 uniri
1341 4434 1413 4498 in
1447 4452 1580 4499 una
1605 4451 1896 4517 persona.
1920 4432 2098 4498 Unde
2122 4435 2262 4500 abs-

725 4562 853 4628 que
902 4541 1097 4609 dubio
1162 4541 1526 4607 deiformior
1574 4545 1668 4606 est
1719 4540 1829 4605 illa
1878 4541 2095 4606 anima
2147 4562 2262 4626 per

724 4650 1184 4718 abundantiam
1226 4649 1453 4732 gratiae
1493 4648 1610 4712 sihi
1653 4649 1864 4714 datam
1882 4698 1901 4729 ,
1944 4669 2143 4733 quam
2183 4652 2265 4716 sit

724 4759 849 4826 alia
878 4762 1169 4824 creatura
1197 4806 1216 4837 ,
1270 4757 1351 4822 ad
1397 4758 1520 4823 hoc
1548 4759 1719 4840 quod
1743 4757 1824 4823 ad
1852 4758 2161 4823 unionem
2182 4760 2265 4824 sit

721 4850 972 4933 idonea.
1017 4866 1115 4931 Ad
1154 4865 1295 4930 haec
1330 4869 1548 4930 autem
1591 4865 2008 4948 intelligenda
2047 4866 2265 4932 valent

722 4973 861 5052 illa,
900 4991 1048 5056 quae
1087 4972 1505 5039 determinata
1545 4976 1698 5038 sunt
1723 4973 1792 5037 in
1817 4974 2031 5058 primo
2053 4974 2216 5039 libro
2242 4982 2260 5017 ¹

722 5080 803 5149 de
833 5080 1157 5150 enaritate
1167 5099 1196 5164 ;
1220 5085 1286 5146 et
1309 5080 1379 5144 in
1406 5080 1685 5146 secundo
1707 5081 1731 5117 ⁸
1759 5080 1836 5148 de
1865 5081 2119 5161 Gratia,
2147 5084 2260 5147 ubi

722 5191 1051 5255 ostensum
1095 5190 1190 5253 est
1239 5205 1386 5272 quae
1428 5187 1800 5254 neccessitas
1817 5237 1834 5268 ‚
1875 5190 1977 5253 vel
2020 5190 2264 5257 utilitas

722 5302 818 5361 est
849 5296 1389 5379 ponereigratiam
1414 5303 1716 5363 creatam.

783 5424 802 5460 ¹
818 5422 946 5477 nist.
963 5433 1094 5476 xvn.
1119 5449 1173 5462 -
1193 5423 1216 5459 ⁸
1233 5422 1360 5476 nist.
1378 5434 1519 5478 xxvx.
1539 5450 1602 5463 —
1618 5423 1644 5460 ⁸
1658 5424 1741 5489 Cf.
1758 5428 1812 5478 S.
1834 5425 2074 5490 Thomas,
2094 5441 2146 5491 p.
2175 5427 2260 5492 111,

1778 417 2402 489 SENTENTIARUM
2440 422 2591 490 Lm.
2636 424 2742 491 111.

2840 646 3245 723 QUAESTIO
3299 652 3386 719 11.

2388 811 2474 867 An
2506 815 2569 869 in
2599 812 2819 872 Christo
2844 820 2921 874 sit
2947 824 3135 890 qratia
3162 827 3359 894 finita,
3389 829 3477 884 vel
3503 832 3758 889 immensa
3781 834 3826 889 ⁸.

2425 971 2650 1038 utrum
2681 975 2748 1040 in
2778 977 3025 1045 christo
3052 983 3132 1047 sit
3156 986 3366 1067 gratia
3394 990 3600 1071 finita,
3630 993 3734 1057 vel
3765 994 3892 1059 im-
3916 1019 4098 1074 1....»

2346 1097 2604 1161 mensa;
2635 1088 2699 1148 et
2725 1087 2900 1168 quod
2923 1087 2993 1153 in
3018 1089 3265 1157 Christo
3291 1095 3482 1160 fuerit
3507 1101 3716 1179 gratia
3738 1102 3883 1167 sine

2345 1207 2684 1271 mensura,
2713 1194 2967 1262 videtur
2989 1201 3082 1265 sic
3101 1202 3124 1237 ⁴
3154 1224 3171 1267 ε
3204 1204 3349 1272 Non
3390 1207 3483 1273 ad
3516 1226 3889 1278 mensuram

2344 1298 2461 1365 dat
2514 1299 2681 1368 Deua
2735 1305 3043 1385 spiritum
3068 1334 3096 1384 ;
3136 1316 3199 1375 et
3253 1314 3660 1396 Augustinus
3707 1319 3883 1402 dicit,

2345 1407 2516 1488 quod
2558 1408 2653 1473 illi
2678 1409 2924 1477 homini
2958 1407 3154 1484 'datus
3191 1423 3285 1485 est
3328 1424 3590 1506 spiritus
3624 1445 3757 1492 non
3801 1428 3888 1493 ad

2348 1526 2748 1579 mensuram:
2776 1519 2884 1582 sed
2911 1522 3082 1602 quod
3106 1529 3282 1589 caret
3306 1545 3609 1594 mensura
3634 1537 3729 1596 est
3753 1532 3888 1596 im-

2347 1635 2647 1684 mensum
2675 1627 2739 1686 et
2765 1624 3136 1694 infinitum:
3166 1650 3347 1714 ergo,
3375 1639 3493 1701 etc.

2428 1732 2490 1791 2.
2538 1726 2696 1794 Item
2735 1730 3034 1816 Magister
3077 1738 3146 1802 in
3184 1739 3487 1809 littera⁸z
3472 1766 3545 1806 ·«
3573 1744 3888 1812 Sanedici
3939 1763 3943 1766 “

2351 2059 2649 2136 potuerit.
2679 2083 2711 2120 υ
2749 2058 2871 2126 Sed
2906 2083 3056 2128 cum
3097 2067 3279 2133 finito
3330 2071 3526 2151 possit
3570 2071 3734 2137 Deus
3762 2074 3887 2138 ali-

2351 2164 2506 2246 quid
2539 2169 2750 2249 maJus
2773 2170 3003 2252 facere,
3031 2175 3285 2240 videtur
3309 2178 3479 2260 quod
3508 2179 3615 2244 ille
3635 2199 3892 2266 accepe-

2354 2272 2439 2337 rit
2462 2275 2739 2354 gratiam
2766 2277 3107 2345 infinitam.

2348 2441 2355 2446 ,
2435 2386 2495 2446 3.
2530 2381 2691 2447 Item
2716 2389 2893 2451 tanta
2913 2393 3011 2452 est
3034 2392 3264 2472 gratia,
3291 2398 3603 2475 quantum
3634 2403 3729 2462 est
3755 2418 3895 2465 me-

2356 2491 2557 2555 ritum
2598 2494 2948 2574 procedens
3012 2516 3095 2562 ex
3151 2499 3288 2583 ipsa
3344 2523 3359 2564 ε
3420 2503 3533 2570 sed
3588 2507 3895 2571 meritum

2358 2597 2587 2663 Christi
2614 2600 2740 2666 fuit
2757 2601 3105 2683 infinitum,
3136 2607 3288 2689 quia
3315 2609 3679 2677 nullatenus
3693 2619 3899 2695 potest

2360 2707 2688 2772 exhauriri
2714 2758 2732 2787 ,
2781 2714 2844 2774 et
2894 2713 3242 2780 suffecisset
3302 2717 3570 2783 infinitis
3617 2721 3899 2787 millibus

2361 2813 2722 2896 hominum,
2752 2819 2916 2884 sicut
2938 2821 3087 2885 dicit
3104 2823 3445 2889 Anselmus
3471 2833 3493 2868 ⁸
3529 2846 3543 2887 t
3576 2845 3736 2910 ergo
3754 2847 3898 2911 gra·

2361 2921 2469 3002 tia,
2503 2942 2617 3006 per
2656 2943 2853 3008 quam
2899 2930 3164 3008 meruit,
3195 2932 3449 2998 videtur
3487 2936 3722 3002 habere
3770 2938 3897 3002 im-

2362 3036 2781 3104 mensitatem.

2444 3152 2505 3211 4.
2555 3150 2744 3230 ltem,
2785 3150 3044 3232 finitum
3083 3171 3217 3219 non
3257 3157 3505 3222 excedit
3545 3158 3715 3226 aliud
3746 3163 3900 3226 fini-

2364 3261 2503 3322 tum
2530 3258 2598 3322 in
2624 3257 2953 3323 infinitum
2981 3260 3050 3325 in
3078 3262 3302 3327 eodem
3326 3282 3563 3346 genere
3597 3289 3611 3329 ε
3643 3268 3695 3331 si
3743 3287 3901 3351 ergo

2367 3364 2577 3446 gratia
2611 3366 2837 3432 Christi
2862 3372 2956 3433 est
2994 3371 3196 3451 finita,
3224 3389 3382 3455 ergo
3407 3376 3901 3457 proportionali-

2364 3477 2462 3538 ter
2496 3475 2744 3540 excedit
2769 3479 3008 3558 gratias
3028 3482 3301 3546 aliorum
3328 3482 3668 3548 hominum
3697 3504 3714 3548 :
3745 3504 3901 3568 ergo

2366 3588 2422 3651 si
2467 3589 2577 3653 alii
2615 3589 2907 3656 homines
2946 3596 3198 3675 possent
3243 3597 3540 3659 continue
3574 3597 3898 3678 proficere,

2369 3700 2622 3766 videtur
2663 3701 2837 3783 quod
2883 3700 3129 3765 Christo
3157 3707 3411 3784 possent
3437 3704 3762 3787 adaequari
3792 3724 3903 3789 per

2369 3813 2666 3895 gratiam,
2698 3817 2762 3878 et
2784 3811 3000 3895 ipsum
3028 3810 3331 3875 excedere
3363 3812 3574 3893 :quod
3607 3813 3660 3876 si
3687 3814 3900 3877 nullus

2369 3937 2657 4003 unquam
2703 3920 2781 3984 ad
2808 3922 2948 4002 ejus
2976 3921 3424 4002 perfectionem
3469 3925 3673 4003 potest
3709 3922 3898 3986 attin-

2369 4046 2524 4109 gere
2541 4076 2558 4107 ,
2613 4031 3206 4110 quantumcumque
3258 4028 3547 4112 proficiat
3575 4078 3593 4108 ,
3652 4029 3900 4094 videtur

2368 4124 2539 4220 quod
2567 4139 2708 4220 ejus
2724 4137 2934 4219 gratia
2959 4137 3042 4201 sit
3064 4137 3399 4201 immensa.

2451 4252 2510 4312 5.
2550 4249 2707 4313 ltem
2744 4250 2919 4312 tanta
2953 4251 3047 4311 est
3073 4248 3282 4329 gratia
3308 4248 3669 4330 disponenS‚
3699 4264 3900 4331 quan-

2370 4361 2512 4421 tum
2554 4360 2649 4421 est
2690 4356 2847 4421 illud
2889 4355 2970 4420 ad
3012 4354 3182 4437 quod
3230 4355 3508 4438 disponit
3553 4356 3896 4421 secundum

2370 4471 2609 4534 rectam
2643 4465 3083 4530 habitudinem
3122 4467 3185 4528 et
3230 4464 3702 4546 proportionem
3739 4486 3755 4528 z
3800 4463 3899 4528 sed

2372 4574 2581 4657 gratia
2620 4572 2793 4637 illius
2850 4571 3133 4637 hominis
3195 4570 3504 4653 disposuit
3556 4570 3769 4654 ipsum
3823 4568 3898 4633 ad

2373 4684 2519 4759 hoc,
2539 4682 2712 4766 quod
2734 4685 2895 4746 esset
2912 4679 3111 4758 Deus;
3141 4681 3369 4761 gratiae
3399 4679 3672 4744 aliorum
3697 4677 3902 4745 homi-

2373 4808 2535 4855 num
2561 4789 2908 4872 disponunt
2931 4786 3009 4853 ad
3037 4788 3182 4867 hoc,
3205 4788 3380 4870 quod
3415 4788 3711 4852 fruantur
3740 4787 3894 4851 Deo:

2374 5003 2426 5054 q.
2458 4999 2548 5053 vu,
2582 4991 2679 5045 art.
2709 4992 2795 5051 113
2824 4990 2875 5037 et
2903 4986 2967 5036 111
3002 4985 3159 5043 Seni„
3188 4985 3305 5036 dist.
3326 4996 3425 5051 ιιι,
3452 4999 3502 5051 q.
3525 4998 3563 5047 1,
3591 4989 3686 5036 art.
3707 4987 3754 5047 2,
3777 4997 3826 5047 q.
3854 4993 3894 5043 ις

2374 5060 2512 5111 etde
2545 5060 2719 5121 vexit„
2752 5073 2801 5123 q.
2839 5068 2988 5122 xx1x,
3016 5062 3110 5109 art.
3140 5057 3170 5105 3
3183 5070 3202 5120 3
3228 5062 3280 5109 et
3308 5059 3483 5121 Oputc.
3528 5058 3615 5121 111,
3645 5072 3691 5108 c.
3723 5064 3894 5113 ccxm

2372 5132 2652 5183 Richardus
2670 5132 2771 5191 ,111
2803 5131 2963 5195 Sent„
2993 5130 3108 5181 dist.
3136 5141 3263 5191 1111,
3292 5145 3344 5195 q.
3371 5141 3435 5193 113
3464 5129 3649 5180 Thom.
3677 5128 3898 5192 Argent..

2376 5206 2443 5255 111
2473 5205 2632 5268 Seni„
2676 5203 2794 5253 dist.
2835 5196 2955 5266 xm,
2992 5216 3045 5265 q.
3081 5213 3131 5265 1,
3160 5205 3253 5251 art.
3287 5203 3344 5265 3;
3385 5201 3671 5265 Stephanus
3702 5195 3895 5252 annet..

2376 5276 2439 5325 111
2471 5275 2629 5337 Seni„
2670 5274 2786 5324 dist.
2816 5286 2912 5336 ιιι,
2937 5286 2989 5338 q.
3023 5272 3190 5323 11.—⁸
3212 5274 3377 5335 Joan„
3402 5284 3485 5336 111,
3519 5274 3597 5323 34.
3617 5300 3679 5311 —
3709 5273 3731 5307 ⁸
3755 5274 3893 5331 Aug..

2373 5349 2427 5397 in
2460 5348 2624 5407 Joan„
2662 5348 2806 5397 tract.
2836 5357 2942 5408 nv,
2973 5359 3027 5396 n.
3060 5349 3136 5395 10.
3166 5368 3246 5409 ,-
3285 5345 3307 5380 ⁸
3345 5345 3596 5409 Anselm„
3635 5344 3737 5396 Cur
3775 5343 3895 5393 Deus

2373 5420 2548 5485 homo,
2575 5418 2664 5470 lib.
2690 5419 2769 5483 11,
2793 5431 2843 5468 c.
2872 5429 2979 5468 nv.
