4185 6288
1267 479 1463 549 DIST.
1505 480 1608 549 lv.
1652 480 1836 548 ΛΒΤ.
1881 481 1964 549 11.
2000 480 2306 561 QUAES'r.
2352 484 2459 550 111.

794 750 1262 822 coNcLleto.

264 911 416 966 Maria
441 918 632 971 merito
660 917 943 989 condique·
968 938 1073 976 non
1105 926 1290 994 potuit
1315 925 1508 980 mereri
1533 924 1806 994 concipere

321 1000 572 1060 Christum
591 1049 611 1070 ,
645 1008 778 1064 licet
809 1014 1014 1067 merito
1041 1016 1262 1083 congrui
1277 1055 1295 1082 ,
1343 1018 1395 1070 et
1438 1029 1506 1070 ea:
1532 1012 1806 1083 diqnitate

316 1099 571 1151 τηεν-κατε.

149 1282 244 1324 ruffi
328 1256 500 1341 Resp.
525 1262 608 1325 ad
637 1282 792 1346 arg.
827 1265 1182 1332 Dicendum
1201 1266 1372 1351 quod
1407 1272 1502 1332 est
1533 1266 1709 1350 loqui
1723 1267 1801 1332 de

110 1349 244 1458 ἓᾌξ
263 1367 466 1432 merito
491 1373 873 1437 secundum
903 1376 1211 1458 triplicem
1238 1374 1514 1456 gradum
1535 1381 1598 1441 et
1625 1376 1796 1440 diss'e·

261 1478 532 1539 rentiam.
564 1478 680 1543 Est
709 1482 896 1546 enim
919 1483 1221 1547 meritum
1249 1483 1546 1563 congrui,
1576 1483 1644 1546 in
1670 1500 1801 1565 quo

262 1588 526 1661 peccator
553 1587 802 1652 dicitur
831 1590 1106 1671 gratiam
1123 1590 1243 1652 sibi
1270 1590 1528 1665 mereri,
1551 1609 1699 1655 cum
1719 1590 1800 1654 ad

265 1692 514 1769 gratiam
543 1714 611 1758 se
642 1697 978 1779 disponit3
1009 1703 1072 1761 et
1108 1702 1201 1761 est
1230 1698 1531 1762 meritum
1574 1697 1795 1779 digni,

262 1814 374 1878 quo
396 1800 631 1865 scilicet
661 1804 770 1866 vir
788 1807 1007 1885 justus
1033 1811 1172 1870 orat
1214 1824 1330 1889 pro
1367 1805 1525 1881 ali0,
1565 1807 1629 1868 et
1662 1823 1795 1869 me-

263 1910 420 1970 retur
444 1912 744 1976 exaudiri
764 1936 782 1991 ;
807 1917 870 1976 et
898 1918 992 1978 est
1016 1916 1315 1980 meritum
1326 1916 1651 1997 condigni,
1670 1935 1799 1998 quo

262 2014 390 2095 quis
409 2035 489 2081 ex
517 2024 702 2084 tanta
732 2022 1044 2086 charitate
1072 2027 1358 2087 meretur
1384 2027 1625 2088 tantam
1654 2024 1793 2105 glo·

262 2121 427 2186 riam.
479 2126 625 2191 Dico
674 2147 841 2211 ergo
891 2131 1064 2212 quod
1110 2132 1294 2196 beata
1349 2129 1546 2213 Virgo
1601 2131 1799 2197 Maria

266 2232 572 2314 concipere
610 2234 858 2301 Filium
905 2237 1017 2301 Dei
1055 2243 1200 2303 ante
1243 2242 1797 2305 annuntiationem

272 2342 547 2405 meruerit
572 2346 815 2409 merito
842 2347 1114 2428 congrui
1144 2396 1161 2426 ,
1193 2346 1498 2430 quoniam
1527 2365 1662 2431 prae
1695 2347 1798 2411 ni-

271 2444 380 2508 mia
401 2467 515 2513 sua
548 2454 872 2534 puritate,
902 2452 1262 2518 humilitate
1303 2458 1368 2518 et
1403 2454 1797 2535 benignitate

274 2549 472 2618 idonea
512 2563 655 2622 erat
694 2564 771 2624 ut
807 2561 1169 2626 efficeretur
1208 2560 1319 2625 Dei
1367 2566 1594 2626 mater.
1648 2560 1797 2627 Post

275 2664 806 2731 annuntiationem
853 2685 1012 2732 vero
1052 2672 1390 2751 postquam
1441 2671 1791 2747 consensit,

280 2771 328 2830 et
377 2769 642 2855 Spiritus
699 2780 958 2840 sanctus
1003 2777 1071 2839 iu
1134 2776 1500 2861 copiositate
1567 2778 1794 2859 gratia!

280 2874 338 2938 in
371 2896 501 2944 eam
546 2882 904 2961 descendit,
956 2900 1088 2947 non
1135 2884 1346 2947 solum
1378 2884 1603 2948 babuit
1638 2905 1793 2950 cou-

285 2986 629 3069 gruitatem,
659 2991 766 3055 sed
820 2996 885 3054 et
942 2992 1318 3073 dignitatem
1374 2998 1436 3056 et
1492 3011 1575 3056 ex
1641 2999 1794 3057 tanc

284 3096 486 3160 meruit
545 3117 676 3165 non
769 3098 981 3163 solum
1045 3099 1277 3163 merito
1335 3100 1788 3180 congruitati3‚

283 3201 372 3263 scd
415 3203 736 3286 dignitatis
789 3207 1203 3286 obumbrari,
1253 3212 1317 3271 et
1373 3208 1791 3290 impraegnari

286 3308 492 3376 virtute
559 3315 884 3378 Altissimi.
962 3313 1088 3379 Sed
1182 3313 1411 3378 merito
1487 3317 1793 3397 condigni

287 3431 398 3479 non
458 3423 654 3503 potuit
695 3423 928 3485 mereri
977 3422 1305 3506 concipere
1349 3421 1589 3487 Filium
1641 3422 1787 3504 Dei,

288 3541 386 3603 pro
425 3546 498 3592 eo
545 3531 714 3612 quod
768 3530 895 3593 hoc
931 3531 1178 3594 excedit
1225 3548 1415 3595 omne
1458 3531 1788 3609 meritum,

288 3633 343 3691 et
370 3634 542 3699 etiam
581 3639 732 3719 quia
780 3641 919 3700 erat
972 3637 1175 3719 ipsius
1227 3638 1437 3701 meriti
1492 3638 1791 3719 gloriosae

291 3736 534 3824 Virginis
562 3747 1074 3813 fundamentum.
1105 3747 1254 3812 Sive
1303 3749 1478 3812 enim
1502 3749 1790 3815 dicamus

294 3845 460 3916 Deum
485 3856 616 3919 fieri
649 3855 1013 3933 bominem,
1059 3855 1194 3920 sive
1233 3856 1518 3921 dicamus
1557 3859 1786 3922 mutie-

295 3973 406 4022 rem
429 3963 554 4026 fieri
580 3968 852 4027 matrem
895 3962 1037 4041 Dei,
1070 3969 1423 4045 utrumque
1460 3966 1555 4027 est
1595 3984 1790 4048 supra

294 4067 510 4147 statum,
538 4071 645 4153 qui
673 4071 941 4135 debetur
983 4073 1293 4134 creaturae
1326 4093 1342 4134 :
1385 4077 1450 4136 et
1485 4073 1630 4138 ideo
1656 4079 1788 4138 tam

297 4168 410 4251 hoc,
436 4195 615 4259 quam
643 4179 823 4257 illud,
850 4179 976 4241 fuit
1000 4179 1414 4260 benignitatis
1441 4183 1504 4244 et
1531 4182 1783 4262 gratiae.

296 4280 356 4348 Et
379 4296 712 4372 propterea,
744 4292 911 4355 sicut
946 4291 1081 4355 dixi
1122 4293 1297 4374 quod
1340 4294 1615 4374 gratiam
1660 4295 1789 4379 pri·

295 4408 441 4460 mam
485 4404 678 4482 potaet
719 4400 956 4465 mereri
1012 4403 1231 4483 justus
1282 4402 1594 4496 peccatori
1660 4419 1789 4465 me-

295 4500 400 4565 rito
453 4507 789 4588 dignitatiS,
841 4525 974 4572 non
1038 4512 1295 4572 tantum
1348 4509 1582 4573 merito
1640 4528 1790 4574 con·

296 4611 456 4689 grui,
493 4615 625 4680 licet
666 4620 884 4700 justus
939 4634 1073 4680 non
1134 4617 1331 4700 possit
1390 4617 1595 4700 ipsam
1654 4619 1786 4700 pri-

294 4733 442 4782 mam
465 4726 720 4803 gratiam
749 4724 986 4789 mereri
1025 4724 1336 4806 peccatori
1373 4725 1602 4789 merito
1636 4743 1784 4789 con·

271 4827 463 4910 digni,
487 4853 561 4899 ne
585 4837 792 4919 gratia
819 4835 1046 4918 perdat
1064 4836 1376 4900 rationem
1403 4835 1663 4916 gratiae3
1694 4836 1787 4901 sic

303 4941 464 5016 potest
483 4945 724 5010 concedi
750 4942 927 5026 quod
957 4943 1139 5006 beata
1167 4942 1365 5024 Virgo
1384 4962 1514 5008 non
1534 4948 1788 5007 tantum

303 5048 482 5112 merito
503 5051 787 5135 congrui,
818 5049 931 5115 sed
960 5050 1187 5113 merito
1213 5050 1539 5132 diguitatis
1555 5052 1790 5116 meruit

303 5159 710 5240 conceptionem
739 5159 889 5225 Filii
928 5156 1074 5234 Dei,
1120 5158 1272 5240 quia
1309 5176 1423 5240 per
1466 5158 1787 5241 copiosam

301 5264 518 5340 gratiam
542 5268 816 5354 Spiritus
845 5266 1051 5330 sancti
1080 5266 1158 5328 ad
1183 5269 1660 5350 conceptionem
1707 5269 1787 5334 il-

295 5366 393 5437 lam
412 5394 525 5444 non
548 5383 759 5449 solum
786 5393 1086 5458 congrua
1103 5424 1123 5455 ,
1153 5375 1264 5440 sed
1288 5380 1354 5441 et
1391 5375 1589 5460 digna
1613 5377 1739 5442 suit
1767 5398 1786 5444 ε

340 5497 429 5564 ¹Cs.
448 5504 493 5558 8.
511 5507 706 5573 Thon„
723 5521 784 5572 p.
807 5502 908 5566 111,
942 5513 997 5564 q.
1016 5511 1076 5565 ιι,
1100 5504 1195 5553 art.
1217 5502 1301 5566 ¹23
1323 5503 1375 5552 et
1402 5503 1469 5554 111
1491 5503 1652 5565 Seni„
1670 5502 1790 5556 dist.

3344 507 3464 570 ¹0³

1913 620 2215 702 quamvis
2239 621 2530 691 eamdem
2550 630 3029 712 conceptionem
3040 634 3233 703 Verbi
3261 637 3465 704 divini

1913 744 2273 810 numquam
2320 733 2626 798 meruerit
2667 734 2909 816 {merito
2975 745 3314 826 condigni,
3381 764 3462 812 ne

1913 836 2169 899 tantum
2214 836 2598 903 beneficium
2644 842 3101 913 incarnationis
3154 851 3296 916 Filii
3357 852 3463 918 Dei

1912 943 2204 1025 perderet
2232 947 2544 1012 rationem
2572 952 2800 1031 gratiae
2829 955 3241 1039 benignitatis
3260 965 3323 1024 et
3335 961 3460 1025 mi·

1910 1051 2296 1116 sericordiae.
2352 1052 2445 1117 Ex
2486 1054 2589 1119 bis
2624 1063 2840 1141 patere
2888 1071 3157 1145 possunt
3183 1066 3462 1132 rationes

1909 1160 1975 1220 et
2010 1157 2448 1240 auctoritates,
2505 1181 2652 1245 quae
2698 1167 2779 1231 ad
2821 1172 3166 1254 utramque
3213 1178 3460 1255 partem

1909 1263 2338 1329 adducuntur.
2373 1265 2535 1332 Nam
2564 1272 2842 1338 rationes
2894 1294 3044 1359 quae
3069 1279 3149 1343 ad
3181 1280 3459 1361 primam

1908 1373 2157 1451 partem
2188 1370 2628 1452 adducuntur,
2661 1385 2933 1444 currunt
2974 1383 3053 1447 de
3098 1385 3327 1451 merito
3363 1405 3461 1452 se-

1909 1476 2195 1541 cundum
2266 1478 2544 1560 primam
2588 1483 2692 1547 vel
2746 1488 3095 1552 secundam
3148 1493 3460 1574 acceptio·

1906 1601 2095 1662 nem3
2140 1586 2417 1651 rationes
2472 1607 2620 1671 quae
2671 1591 2753 1656 ad
2807 1596 3158 1661 secundam
3211 1603 3458 1681 partem

1906 1692 2341 1775 adducuntur,
2370 1702 2640 1763 currunt
2671 1697 2750 1765 de
2780 1702 3009 1768 merito
3055 1707 3241 1772 tertio
3268 1707 3458 1774 modo

1906 1804 2192 1882 accepto.

1991 1914 2047 1971 t.
2079 1907 2177 1972 Ad
2198 1908 2357 1974 illud
2386 1912 2603 1975 tamen
2625 1913 2902 1979 verbum
2922 1917 3091 1999 quod
3122 1917 3459 1989 adducitur

1908 2014 1978 2079 in
2015 2016 2258 2093 littera,
2306 2017 2646 2085 dicendum
2697 2022 2872 2105 quod
2935 2042 3069 2089 non
3113 2027 3458 2109 privantur

1906 2122 2274 2205 simpliciter
2302 2124 2565 2205 merita,
2591 2127 2702 2192 sed
2727 2130 3151 2211 praecedentia
3190 2135 3451 2216 merita,

1905 2234 1970 2295 et
1996 2230 2119 2294 boc
2145 2249 2277 2295 non
2304 2231 2372 2294 in
2400 2250 2833 2318 quocumque,
2864 2237 2972 2303 sed
3003 2238 3074 2302 iu
3105 2248 3338 2306 natura
3359 2260 3456 2307 as-

1901 2344 2187 2423 sumpta,
2220 2340 2376 2424 quia
2400 2360 2527 2406 non
2548 2343 2776 2408 babuit
2802 2346 3030 2412 merita
3042 2348 3122 2412 ad
3145 2350 3455 2416 unionem

1905 2449 2379 2532 praecedentia:
2422 2451 2579 2532 quia
2623 2451 2819 2517 simul
2858 2458 3196 2538 concepta,
3248 2460 3313 2521 et
3349 2476 3455 2524 as-

1901 2561 2160 2639 sumpta
2188 2555 2329 2637 suit,
2357 2562 2423 2622 et
2447 2556 2749 2637 formata,
2776 2559 2939 2626 sicut
2968 2566 3294 2628 ostensum
3331 2565 3454 2630 ruit

1902 2680 2121 2745 supra.
3242 2674 3245 2683 '

1983 2774 2045 2832 Ξ.
2075 2770 2174 2834 Ad
2201 2770 2359 2835 illud
2385 2770 2555 2855 quod
2580 2770 2901 2854 objicitur,
2921 2774 3095 2857 quod
3116 2777 3329 2859 majus
3356 2783 3453 2845 est

1904 2878 2206 2941 meritum
2235 2878 2433 2944 totius
2460 2878 2776 2959 Ecclesiae‚
2806 2900 3006 2964 quam
3021 2882 3301 2966 virginis
3326 2886 3451 2953 Ma-

1903 2983 2017 3048 riae
2036 3032 2053 3062 ,
2085 2983 2209 3048 dici
2254 2987 2460 3066 potest
2505 2986 2676 3068 quod
2715 2987 2878 3052 ratio
2927 2988 3036 3053 illa
3062 3008 3196 3053 non
3236 2993 3443 3073 cogit,

1901 3090 2057 3174 quia
2124 3094 2334 3174 majus
2381 3097 2477 3158 est
2532 3094 2834 3159 meritum
2893 3092 3159 3162 Patrum
3184 3146 3201 3175 ,
3248 3117 3449 3183 quam

1907 3199 2187 3282 Virginis
2215 3203 2571 3281 extensiv03
2607 3221 2727 3267 nec
2750 3211 2964 3269 tamen
2993 3211 3242 3289 oportet
3276 3209 3449 3291 quod

1900 3307 2218 3372 intensive
2243 3355 2259 3384 ,
2292 3309 2445 3391 quia
2471 3310 2652 3375 beata
2680 3310 2879 3394 Virgo
2914 3318 3251 3397 postquam
3276 3364 3296 3394 ,
3338 3334 3451 3381 au-

1900 3416 2304 3481 nuntiatione
2350 3418 2566 3482 audita
2613 3419 2695 3483 ab
2739 3419 3025 3500 Angelo,
3063 3422 3450 3488 sanctificata

1898 3524 2020 3588 suit
2052 3544 2094 3589 a
2135 3524 2378 3609 Spiritu
2421 3532 2638 3591 sancto
2659 3577 2677 3608 ,
2707 3533 2886 3593 tanto
2916 3547 3189 3595 munere
3218 3532 3448 3611 gratias

1899 3635 1994 3695 est
2021 3631 2320 3714 impleta,
2363 3638 2431 3697 ut
2457 3633 2700 3717 aliquid
2733 3635 2934 3716 digne
2962 3642 3172 3719 posset
3211 3639 3450 3702 mereri

1898 3741 2070 3825 quod
2099 3760 2228 3806 non
2258 3747 2514 3825 possent
2533 3760 2758 3807 omnes
2775 3743 2885 3807 alii
2900 3742 3151 3823 Sancti,
3170 3746 3451 3811 siessent

1898 3849 2276 3930 congregati
2305 3847 2524 3913 simul.

1981 3962 2019 4021 3
2058 3961 2123 4022 et
2166 3961 2228 4021 ⁴.
2271 3957 2358 4022 Ad
2387 3956 2512 4021 alia
2548 3974 2683 4020 uon
2724 3960 2974 4039 oportet
3017 3958 3404 4041 respondere
3425 4008 3445 4039 ,

1898 4067 2205 4149 quoniam
2234 4065 2586 4148 procedunt
2600 4064 2952 4129 secundum
2973 4065 3227 4131 tertiam
3242 4067 3441 4147 viam,

1897 4172 2061 4236 sicut
2089 4176 2372 4255 apparet.
2406 4170 2569 4236 Nam
2599 4172 2883 4254 dignitas
2929 4173 3093 4237 nibil
3125 4174 3337 4239 aufert
3370 4175 3447 4238 li-

1897 4279 2243 4344 beralitatis
2286 4280 2514 4362 gratiae
2532 4328 2552 4359 ,
2587 4298 2704 4344 nec
2745 4279 3158 4364 benignitatis
3201 4280 3444 4346 miseri-

1896 4387 2129 4453 cordiae
2161 4388 2342 4453 :imo
2368 4388 2561 4453 simul
2602 4406 2753 4454 cum
2786 4388 2914 4455 illis
2956 4392 3214 4469 manet,
3279 4389 3447 4455 sicut

1898 4494 2177 4561 intuenti
2197 4498 2481 4578 apparet.

2408 4751 2768 4834 QUAESTIO
2809 4753 2919 4819 111.
2980 4759 2985 4764 ’

1897 4911 1994 4968 An
2018 4912 2208 4981 qratia
2235 4911 2297 4966 in
2325 4911 2665 4983 conceptione
2696 4911 2873 4965 teneat
2898 4911 3168 4966 rationem
3188 4911 3446 4984 proprie-

2202 5001 2338 5057 tatis
2372 4999 2676 5068 naturalis,
2706 4999 2795 5056 vel
2819 5001 3079 5069 qramitae
3106 5007 3145 5057 ι.

1977 5158 2193 5224 Tertio
2221 5157 2536 5242 quaeritur
2561 5157 2640 5222 de
2667 5157 2878 5240 gratia
2902 5157 3033 5237 illa,
3067 5176 3213 5242 quae
3239 5158 3444 5223 ruitin
3473 5177 3547 5224 Aa
3562 5190 3667 5236 opp.

1900 5268 2310 5352 conceptione
2339 5267 2407 5330 in
2429 5265 2902 5349 comparatione
2944 5266 3025 5330 ad
3062 5266 3443 5349 dignitatem

1900 5443 1974 5497 w,
2002 5445 2056 5496 q.
2102 5441 2196 5490 111,
2221 5430 2316 5481 art.
2342 5431 2371 5480 2
2391 5443 2416 5495 ‚·
2442 5426 2675 5493 AEgidius
2707 5429 2879 5493 Rom„
2908 5431 2974 5482 111
2992 5431 3153 5495 Sena,
3197 5429 3315 5481 dist.
3346 5439 3439 5494 111,

1899 5517 1954 5569 p.
1982 5504 2071 5568 111,
2099 5517 2150 5568 q.
2183 5500 2569 5566 113Ricbardus,
2593 5502 2663 5552 111
2695 5501 2855 5563 Seni„
2875 5503 2992 5555 dist.
3014 5513 3087 5566 ιν,
3105 5504 3201 5552 art.
3231 5504 3281 5565 3,
3301 5515 3353 5565 q.
3382 5511 3444 5554 ιι.
