4185 6288
691 493 735 539 Χ

694 626 993 694 cordibus
1016 628 1384 695 charitatem
1409 632 1658 696 studeat
1689 631 1983 697 excitare.
2023 631 2183 695 ltem
2211 632 2367 696 adeo
2398 636 2598 700 movet
2623 633 2714 699 ad
2739 632 3152 713 devotionern,
3184 635 3259 699 ut
3281 632 3433 698 hinc
3466 633 3606 716 ejus
3639 634 3860 698 auctor

693 753 837 835 jure
863 731 1220 838 meritoque
1243 755 1468 823 Doctor
1492 755 1760 824 devotus
1786 756 1978 821 fuerit
2005 758 2440 839 nuncupatus.

772 898 804 938 n
838 876 981 944 Non
1009 878 1201 944 etiam
1222 880 1527 962 objeceris
1553 881 1624 945 in
1649 881 1929 965 praefatis
1966 881 2448 945 Commentariis
2484 882 2852 967 apocrypha
2897 883 3211 949 nonnulla
3257 882 3503 962 referri,
3532 901 3608 948 ac
3631 882 3864 966 nequi-

694 1004 841 1070 dem
861 1004 1137 1088 explodi,
1166 1011 1240 1072 ut
1287 1008 1551 1074 omnino
1596 1007 1843 1085 falsam,
1889 1006 2147 1090 Trajani
2184 1007 2585 1090 imperatoris
2633 1026 2716 1073 ex
2753 1009 2972 1073 inferis
3023 1008 3499 1088 liberationem;
3544 1007 3652 1073 hic
3686 1008 3864 1073 enim

695 1128 871 1195 aliud
909 1147 1041 1195 non
1088 1132 1418 1198 conficitur
1440 1181 1457 1212 ,
1504 1151 1699 1216 quam
1757 1131 2222 1199 Bonaventurae
2274 1134 2488 1199 seculo
2516 1152 2647 1200 non
2703 1134 2991 1216 viguisse
3027 1137 3272 1199 tantam
3321 1137 3523 1199 artem
3559 1133 3861 1212 criticam,

696 1255 936 1335 quanta
959 1256 1353 1338 temporibus
1374 1257 1824 1341 posterioribus
1849 1276 1971 1341 ope
2004 1258 2396 1323 detectorum
2437 1260 2729 1325 codicum
2772 1258 2922 1323 Mss.
2953 1258 3254 1324 invaluit.
3287 1258 3432 1325 Non
3458 1277 3663 1343 usque
3709 1258 3866 1323 adeo

698 1381 912 1442 tamen
937 1379 1095 1443 inibi
1117 1380 1239 1446 suit
1262 1376 1489 1465 erpers
1514 1382 1668 1448 artis
1688 1382 1920 1448 criticae
1960 1381 2432 1462 Bonaventura,
2475 1384 2634 1467 quin
2667 1383 3035 1465 agnoverit,
3064 1383 3234 1449 unde
3272 1383 3486 1448 sabula
3510 1383 3868 1467 purgatorii

700 1501 766 1567 S.
794 1500 1042 1569 Patricii
1068 1507 1284 1569 ortum
1300 1505 1619 1587 habuerit,
1648 1526 1721 1572 ac
1739 1507 1898 1590 quin
1921 1511 2325 1591 perspectum
2352 1508 2652 1573 habuerit
2688 1508 3128 1591 apocryphum
3165 1525 3299 1572 esse
3331 1507 3620 1574 libellum
3654 1506 3864 1588 illum,

698 1645 890 1711 quem
926 1629 1318 1695 transtulisse
1344 1630 1572 1696 dicitur
1598 1631 2025 1716 Hieronymus
2045 1682 2063 1711 ,
2092 1634 2173 1701 de
2211 1635 2594 1703 Nativitatoe
2632 1635 2896 1715 Marioe;
2921 1633 3080 1717 quin
3109 1633 3301 1698 etiam
3326 1632 3707 1698 dubitaverit
3734 1633 3757 1669 ¹
3791 1632 3868 1697 de

700 1752 1070 1831 auctoritate
1099 1754 1535 1832 Quaestionum
1564 1758 1721 1823 novi
1755 1763 1817 1824 et
1850 1761 2077 1826 veteris
2116 1759 2501 1827 Testamenti
2528 1760 2649 1824 sub
2676 1759 2939 1824 nomine
2978 1756 3355 1840 Augustini,
3401 1774 3478 1821 eo
3517 1755 3687 1839 quod
3722 1778 3754 1817 ι
3779 1756 3869 1823 ibi

701 1876 905 1942 multa
925 1880 1097 1956 sunt,
1123 1895 1269 1961 quae
1293 1895 1426 1943 non
1449 1878 1746 1945 videntur
1768 1900 1904 1947 esse
1936 1883 2133 1948 verba
2164 1885 2510 1967 Augustini
2544 1892 2599 1964 ²3
2632 1904 2663 1943 υ
2696 1882 3175 1967 laudaveritque
3205 1905 3236 1944 α
3261 1886 3586 1947 auctorem
3617 1880 3763 1946 libri
3789 1881 3869 1950 de

702 2003 940 2069 Anima
951 2008 1009 2070 et
1033 2003 1313 2086 Spiritu,
1335 2005 1469 2073 sive
1496 2005 1686 2072 fuerit
1703 2006 2127 2091 AugustinuS,
2152 2009 2288 2075 sive
2309 2009 2493 2075 alius.
2515 2030 2546 2069 υ
2573 2008 2652 2074 Et
2667 2008 2964 2092 quamvis
2983 2007 3225 2072 librum
3247 2006 3327 2073 de
3356 2002 3870 2073 Hebdomadibus

702 2127 989 2194 retulerit
1017 2128 1137 2193 sub
1163 2129 1425 2195 nomine
1450 2129 1670 2212 Boetii,
1700 2133 1812 2216 qui
1838 2133 2022 2212 liber,
2051 2135 2397 2217 inscriptus
2430 2134 2624 2200 etiam
2649 2135 2728 2201 cle
2754 2132 3139 2210 Paradoxis,
3164 2131 3423 2198 videtur
3449 2132 3661 2214 potius
3685 2129 3871 2194 Alani

705 2253 784 2319 de
809 2252 1103 2319 Maximis
1122 2253 1511 2338 Theologiae,
1540 2262 1616 2323 ut
1639 2258 1849 2341 inquit
1874 2258 2212 2342 Catalogus
2231 2259 2378 2325 Mss.
2399 2260 2654 2342 Angliae
2682 2263 2729 2339 ⁸,
2759 2277 2800 2325 a
2816 2257 3143 2323 Trithenio
3163 2261 3376 2323 tamen
3392 2258 3556 2322 inter
3585 2254 3872 2339 ejusdem

706 2376 909 2444 Boetii
935 2397 1128 2463 opera
1154 2386 1537 2447 recensetur.

787 2523 819 2563 υ
854 2502 1030 2581 Quod
1053 2507 1270 2570 autem
1297 2510 1533 2591 spectat
1557 2506 1996 2573 liberationem
2042 2508 2300 2591 Trajani
2328 2528 2410 2575 ex
2437 2508 2656 2573 inferis
2682 2514 2705 2550 ⁸
2721 2556 2738 2587 ,
2771 2511 2922 2590 (non
2950 2507 3239 2572 absolute
3258 2553 3277 2585 ,
3310 2506 3419 2571 sed
3443 2506 3870 2590 hypothetice,

710 2643 830 2691 nec
856 2626 927 2692 in
952 2646 1142 2695 sensu
1168 2632 1448 2713 proprio,
1477 2633 1586 2697 sed
1613 2632 1840 2713 alien0,
1869 2633 1946 2697 de
1972 2637 2292 2716 praetensa
2319 2632 2690 2716 hujusmodi
2719 2631 3136 2716 liberatione),
3162 2631 3352 2697 fuisse
3377 2630 3663 2697 locutum
3689 2647 3876 2696 sanc-

713 2756 852 2817 tum
889 2752 1215 2821 Doctorem
1260 2775 1391 2822 non
1426 2757 1691 2822 obscure
1730 2756 1979 2823 elicitur
2023 2777 2107 2823 ex
2143 2759 2246 2824 his
2286 2758 2569 2840 ejusdem
2614 2760 2850 2840 verbiS,
2895 2758 3135 2841 quibus
3179 2758 3270 2822 ait
3292 2758 3315 2794 ⁸
3347 2779 3362 2822 ε
3397 2779 3430 2819 c
3460 2754 3529 2821 Si
3556 2755 3745 2821 alicui
3775 2759 3876 2835 (en

588 2929 597 2939 .
713 2878 1121 2962 hypothetica
1143 2883 1284 2966 eJus
1308 2882 1561 2967 locutio)
1593 2902 1883 2969 unquam
1906 2889 2046 2967 post
2070 2888 2343 2950 mortem
2367 2885 2535 2951 dedit
2568 2888 2867 2969 gratiam,
2898 2885 3386 2968 intelligendum
3413 2888 3531 2963 est,
3572 2884 3744 2966 quod
3772 2881 3877 2947 ille

715 3022 848 3070 non
874 3010 1010 3071 erat
1032 3006 1368 3073 damnatus
1390 3027 1506 3092 per
1529 3011 1927 3087 sententiam,
1964 3010 2130 3075 sicut
2166 3010 2409 3093 legitur
2446 3012 2524 3077 de
2549 3010 2823 3095 Trajano
2843 3012 2888 3075 ⁸.
2919 3010 3139 3094 Aliqui
3180 3009 3374 3075 etiam
3418 3008 3625 3074 dicere
3649 3005 3877 3072 volue-

719 3133 871 3196 runt
901 3122 1002 3215 (en
1017 3131 1255 3200 locutio
1279 3133 1349 3198 in
1370 3152 1562 3201 sensu
1588 3134 1816 3216 alieno)
1837 3134 2009 3219 quod
2026 3135 2151 3202 hoc
2177 3137 2588 3221 privilegium
2614 3137 2885 3222 speciale
2911 3137 3054 3218 fuit,
3075 3139 3151 3203 ut
3175 3135 3484 3203 Dominus
3501 3133 3875 3214 ostenderet,

719 3261 1038 3340 quantum
1061 3262 1309 3325 sanctos
1335 3277 1486 3327 suos
1511 3259 1804 3344 diligeret
1833 3279 1852 3325 ε
1879 3282 1910 3322 n
1940 3262 2245 3327 Similiter
2260 3263 2708 3345 intelligendus
2734 3267 2829 3329 est
2850 3262 2916 3329 S.
2951 3263 3177 3330 Doctor
3200 3261 3279 3328 de
3302 3261 3577 3345 Trajano
3602 3259 3879 3325 resusci-

720 3387 851 3449 tato
873 3383 1125 3451 locutus
1153 3388 1476 3470 (Eoeposic.
1506 3388 1578 3452 in
1601 3387 1714 3453 lib.
1749 3386 2135 3471 Sapientiae,
2164 3407 2302 3472 cap.
2326 3388 2417 3471 Π).
2444 3387 2690 3466 Quibus
2717 3388 3031 3470 addimus,
3055 3385 3228 3452 haud
3257 3386 3496 3451 mirum
3522 3403 3679 3464 esse,
3710 3385 3882 3468 quod

724 3511 1169 3580 Bonaventura
1200 3516 1491 3581 eamdem
1517 3514 1972 3598 (liberationem
2010 3532 2094 3580 ex
2133 3514 2367 3594 inferis)
2397 3514 2535 3578 sine
2565 3512 2991 3578 confutatione
3028 3510 3348 3589 retulerit,
3390 3511 3608 3593 utpote
3641 3509 3882 3575 veritus

723 3656 871 3703 cum
898 3637 1079 3704 Pauli
1100 3642 1165 3704 et
1187 3638 1446 3704 Joannis
1470 3638 1882 3705 diaconorum
1916 3640 2354 3706 auctoritatem
2393 3639 2461 3704 in
2509 3638 2664 3706 Vita
2695 3637 2761 3704 S.
2795 3637 3105 3721 Greqorii,
3149 3652 3428 3719 quorum
3470 3633 3649 3711 alter,
3692 3651 3748 3697 c.
3777 3637 3878 3713 27,

723 3762 904 3843 alter,
932 3781 989 3828 c.
1017 3767 1121 3840 24,
1150 3762 1259 3828 lib.
1290 3763 1370 3844 11,
1413 3764 1697 3848 ejusdem
1725 3763 2017 3847 Gregorii
2061 3763 2357 3848 precibus
2393 3763 2735 3829 liberatum
2774 3761 2853 3826 ab
2895 3761 3194 3844 gehenna
3231 3759 3580 3844 Trajanum
3608 3758 3885 3842 impera·-

723 3893 927 3955 torem
968 3888 1302 3972 tradidere,
1332 3893 1473 3955 tum
1495 3890 1848 3956 orationem
1873 3890 1953 3958 de
1979 3892 2072 3958 iis
2098 3891 2215 3976 qui
2245 3892 2321 3958 in
2345 3887 2476 3972 tide
2503 3888 2932 3967 dormierunt,
2958 3886 3129 3970 apud
3155 3885 3222 3951 S.
3268 3884 3580 3951 Joannem
3622 3884 3881 3949 Damas-

724 4031 979 4095 cenum,
1008 4013 1081 4079 in
1101 4032 1252 4098 qua,
1280 4017 1318 4096 ἓ
1342 4018 1442 4094 16,
1466 4015 1793 4081 invenitur
1828 4018 2070 4082 mentio
2094 4015 2353 4099 Trajani
2383 4032 2466 4080 ex
2486 4012 2704 4077 inferis
2732 4011 3000 4077 liberati.
3031 4010 3269 4076 Mirum
3308 4009 3520 4095 potius
3560 4009 3802 4090 fuisset,
3829 4009 3885 4074 si

723 4137 1189 4205 Bonaventurae
1201 4143 1485 4223 tempore
1509 4158 1586 4206 ea
1607 4158 1712 4204 ars
1728 4139 1942 4206 critica
1958 4140 2294 4220 floruisset,
2326 4159 2456 4224 qua
2473 4139 2537 4204 id
2555 4137 2820 4204 omnino
2842 4135 3312 4221 supposititium
3331 4138 3546 4220 postea
3562 4153 3887 4218 agnovere

725 4261 1144 4329 Bellarminus
1158 4312 1176 4345 ,
1218 4262 1455 4329 Natalis
1497 4263 1857 4331 Alexander
1872 4313 1892 4346 ,
1942 4264 2207 4331 Michael
2247 4266 2310 4331 le
2363 4265 2567 4344 Quien
2584 4312 2607 4345 ‚
2638 4262 2977 4330 cardinalis
3013 4260 3460 4328 Lambertinus
3486 4259 3640 4342 (sive
3682 4258 3888 4326 Bene-

725 4386 929 4453 dictus
953 4386 1090 4455 XIV
1115 4387 1333 4472 Papa),
1358 4392 1480 4456 etc.
1513 4409 1530 4456 ε
1561 4390 1843 4456 maxime
1867 4390 2021 4474 quia
2039 4390 2202 4457 illud
2227 4390 2463 4476 ipsum,
2492 4389 2664 4474 quod
2692 4390 2772 4455 de
2796 4385 3169 4470 huiusmodi
3210 4384 3581 4451 liberatione
3621 4402 3706 4451 ex
3747 4385 3890 4450 aliis

723 4515 941 4578 narrat
964 4511 1032 4579 S.
1076 4510 1543 4594 Bonaventura,
1579 4517 1894 4580 memorat
1931 4533 2191 4599 quoque
2233 4515 2300 4581 S.
2345 4515 2623 4582 Thomas
2663 4514 2735 4578 in
2771 4510 3130 4596 Supplem„
3161 4531 3227 4595 q.
3256 4528 3432 4593 Lm,
3461 4513 3582 4576 art.
3616 4512 3682 4592 ὅ,
3707 4508 3883 4588 adin

723 4635 975 4719 quodve
998 4636 1067 4702 in
1088 4635 1213 4702 hoc
1233 4635 1448 4703 locum
1472 4637 1544 4702 D.
1570 4637 1834 4706 Thomae
1846 4638 2038 4706 habet
2063 4639 2339 4706 Joannes
2362 4639 2623 4719 Nicolai,
2653 4638 2970 4704 nimirum
3000 4653 3020 4700 ε
3055 4659 3089 4699 α
3105 4635 3235 4702 Nec
3258 4633 3325 4702 S.
3352 4633 3628 4701 Thomas
3644 4633 3710 4698 id
3733 4634 3892 4699 reci-

724 4759 839 4844 pit,
867 4759 976 4826 sed
997 4762 1260 4846 rejicere
1298 4765 1556 4846 propter
1597 4767 2054 4848 praesumptam
2099 4764 2464 4832 Damasceni
2497 4765 2936 4832 auctoritatem
2976 4761 3225 4843 nolens,
3267 4757 3650 4843 respondere
3688 4758 3893 4824 voluit

725 4885 935 4952 solum
958 4886 1267 4971 quidquid
1305 4887 1534 4972 potuit,
1578 4890 1905 4972 supposita
1945 4889 2145 4974 ipsius
2182 4890 2479 4971 veritate;
2510 4911 2542 4951 υ
2598 4889 2663 4956 S.
2696 4890 2882 4956 etiam
2930 4881 3398 4954 Bonaventurae
3439 4884 3644 4968 aptari
3661 4886 3888 4968 potest.

723 5013 879 5081 Vide
904 5013 991 5079 sis
1008 5012 1177 5079 inter
1204 5013 1391 5083 Vitas
1413 5013 1842 5083 Romanorum
1868 5017 2259 5099 Pontificum
2284 5016 2543 5083 Antonii
2576 5014 2862 5096 Sandini,
2889 5014 3091 5081 vitam
3118 5010 3185 5076 S.
3216 5008 3505 5092 Gregorii
3530 5008 3598 5092 13
3642 5028 3893 5077 necnon

726 5139 1011 5225 ejusdem
1034 5138 1299 5206 Sandini
1320 5138 1811 5225 disputationem
1834 5160 1975 5224 xw,
2003 5137 2156 5227 quae
2193 5147 2291 5210 est
2330 5142 2411 5211 de
2450 5140 2741 5227 precibus
2781 5137 2856 5203 S.
2899 5135 3193 5219 Greqorii
3231 5148 3350 5217 pro
3397 5133 3717 5220 Trnjam;
3738 5135 3893 5204 item

794 5305 897 5353 ¹1n
919 5303 1007 5352 lib.
1040 5303 1128 5366 ΙΙΙ,
1154 5301 1271 5352 dist.
1299 5312 1379 5365 111,
1408 5305 1540 5367 part.
1565 5304 1605 5368 1,
1624 5307 1720 5354 art.
1744 5307 1803 5370 2,
1825 5319 1878 5370 q.
1908 5307 2061 5359 mad
2092 5319 2152 5370 11,
2173 5307 2284 5372 hic,
2311 5323 2363 5373 p.
2398 5309 2489 5368 73,
2517 5305 2617 5356 col.
2647 5307 2693 5355 2.
2717 5328 2777 5339 —
2798 5301 2820 5337 ¹
2842 5302 2897 5354 ln
2925 5300 3120 5361 lib.11,
3145 5298 3263 5350 dist.
3295 5309 3443 5363 mv,
3469 5303 3601 5364 part.
3624 5301 3679 5362 1,
3703 5304 3802 5352 art.
3828 5303 3890 5365 2,

732 5399 788 5450 q.
814 5395 835 5435 ι
857 5382 920 5434 ad
939 5393 980 5444 1,
1005 5383 1133 5434 tom.
1161 5382 1250 5442 111,
1269 5395 1320 5446 p.
1352 5384 1463 5446 166,
1486 5383 1589 5434 col·
1610 5386 1656 5435 2.
1677 5384 1933 5437 -⁸'rom.
1955 5387 1994 5449 1,
2012 5401 2065 5453 p.
2089 5390 2170 5439 94.
2188 5387 2289 5427 -δ
2310 5386 2586 5449 Prode-om„
2613 5383 2701 5436 lib.
2728 5384 2794 5444 ΙΙ,
2812 5395 2859 5434 c.
2881 5392 2984 5435 111.
3007 5394 3061 5430 n.
3092 5382 3142 5432 8.
3160 5378 3259 5418 -ὓ
3282 5377 3526 5444 Sentent„
3547 5378 3635 5435 lib.
3667 5379 3888 5442 lvmin-

734 5475 823 5528 xx,
848 5465 980 5531 part.
1010 5463 1051 5525 1,
1079 5461 1201 5515 dub.
1231 5473 1308 5514 ut.
1326 5486 1384 5500 -
1406 5463 1427 5498 ⁸
1451 5462 1507 5514 ln
1535 5462 1675 5514 Orat.
1703 5462 1763 5514 de
1784 5463 2044 5532 donamus,
2071 5480 2189 5532 quo
2215 5469 2310 5520 sub
2342 5469 2398 5523 s.
2424 5464 2727 5522 Damasceni
2752 5462 2963 5517 nomino
2989 5457 3361 5513 circundatur.
