4185 6288
1278 448 1472 517 DIST.
1518 450 1621 516 lx.
1664 450 1849 517 ΛΒΤ.
1896 450 1973 516 11.
2012 448 2316 528 QUAEST.
2363 450 2465 516 lv.

816 704 1174 785 QUAESTIO
1217 702 1319 771 IV.

456 869 552 925 An
583 868 761 923 latria
786 868 861 922 sit
885 867 1065 921 virtus
1090 863 1358 921 distincta
1384 880 1420 920 a
1448 863 1605 919 dulia
1633 865 1673 916 ¹.

85 1034 144 1075 Aa
160 1047 254 1090 σοι»
372 1027 602 1093 Utrum
625 1026 810 1090 latria
837 1025 920 1088 sit
967 1024 1173 1088 virtus
1215 1024 1506 1088 distincta
1546 1043 1586 1087 a
1629 1022 1838 1102 dulia;

294 1140 354 1200 et
401 1134 574 1219 quod
616 1151 775 1211 non,
832 1130 1086 1197 videtur
1135 1148 1248 1213 per
1296 1129 1455 1194 illud
1510 1128 1746 1194 Psalmi
1767 1131 1791 1165 ¹
1824 1152 1839 1193 :

291 1243 558 1310 Domine
580 1240 749 1306 Deus
783 1254 984 1315 ments,
1010 1239 1086 1303 in
1114 1242 1170 1303 te
1200 1239 1497 1319 speravi;
1524 1236 1738 1301 Glossa
1767 1240 1789 1275 ⁸
1824 1254 1841 1299 :

306 1374 336 1411 α
362 1349 638 1415 Domt'ne
658 1346 950 1410 omnium
979 1362 1093 1426 per
1119 1343 1490 1426 potentiam,
1522 1344 1627 1408 cui
1652 1343 1842 1407 debe-

291 1462 400 1521 tur
435 1454 612 1520 dulia
649 1475 665 1517 2
714 1453 880 1519 Deus
916 1451 1215 1515 omnium
1260 1469 1376 1532 per
1417 1450 1841 1530 creationem,

289 1566 397 1631 cui
419 1565 692 1630 debetur
717 1561 923 1626 latria.
948 1583 980 1620 n
1013 1559 1190 1642 Ergo
1217 1560 1271 1622 si
1289 1557 1557 1623 Domino
1574 1557 1845 1622 Deonon

288 1673 561 1738 debetur
586 1670 709 1734 nisi
738 1688 870 1734 una
900 1668 1140 1751 species
1184 1667 1594 1745 adorationis,
1624 1666 1847 1732 videli-

291 1785 388 1845 cet
427 1779 652 1859 latria3
674 1795 834 1859 ergo
856 1776 1063 1856 latria,
1090 1781 1154 1839 et
1178 1775 1376 1853 dulia,
1403 1793 1534 1839 non
1561 1779 1713 1839 sunt
1753 1774 1848 1840 di-

294 1904 499 1953 versae
518 1883 759 1969 species
788 1883 1063 1948 virtutis.

371 1999 434 2057 2.
462 1993 622 2056 Item
650 1990 871 2056 eadem
890 1993 984 2054 est
1005 1988 1244 2073 species
1267 1989 1545 2066 virtutis,
1568 2007 1699 2072 qua
1715 2007 1847 2054 cre-

299 2102 473 2167 ditur
522 2117 717 2165 omne
749 2098 1173 2178 credendum,
1206 2098 1445 2161 scilicet
1480 2097 1619 2181 ipsa
1643 2097 1844 2162 fides:

301 2227 461 2291 ergo
488 2207 714 2272 eadem
745 2210 841 2271 est
868 2205 1108 2289 species
1156 2204 1432 2283 virtutiS,
1464 2223 1595 2287 qua
1621 2204 1848 2269 colitur

295 2333 489 2380 omne
513 2311 854 2399 colendum
886 2333 901 2375 ε
932 2310 1044 2375 sed
1074 2308 1445 2393 hujusmodi
1471 2313 1622 2374 sunt
1638 2309 1844 2388 latria,

298 2424 363 2484 et
385 2419 568 2485 dulia
599 2440 614 2482 :
646 2436 828 2499 ergo,
863 2421 981 2481 etc.

377 2533 438 2592 3.
483 2527 645 2591 Item
689 2509 909 2589 eadem
958 2528 1055 2588 est
1095 2524 1335 2606 species
1385 2523 1665 2603 virtutis,
1721 2542 1852 2605 qua

296 2640 552 2700 amatur
567 2650 763 2698 omne
783 2631 1157 2710 amandum,
1179 2629 1471 2694 videlicet
1494 2629 1630 2712 ipsa
1647 2630 1846 2694 chari-

298 2747 439 2807 tas:
472 2758 636 2822 ergo
662 2739 886 2804 eadem
924 2739 1165 2802 ratione
1206 2738 1427 2802 eadem
1473 2742 1568 2801 est
1612 2737 1851 2820 species

301 2852 585 2931 virtutiS,
643 2869 772 2933 qua
829 2850 1129 2913 adoratur
1171 2866 1361 2913 omne
1401 2847 1793 2912 adorandum
1827 2868 1844 2912 ε

309 2961 418 3025 sed
447 2957 822 3043 hujusmodi
849 2962 943 3021 est
967 2957 1155 3021 latria
1176 2962 1240 3021 et
1268 2957 1441 3021 dulia
1469 2978 1485 3020 ε
1518 2973 1698 3038 ergo,
1725 2960 1844 3019 etc.

301 3069 368 3134 Si
392 3052 468 3133 tu
493 3068 665 3133 dicas
694 3066 868 3150 quod
895 3084 1026 3130 non
1053 3068 1147 3129 est
1167 3064 1394 3142 simile,
1423 3066 1577 3147 quia
1602 3064 1690 3126 sic
1719 3081 1849 3126 non

307 3183 402 3243 est
428 3196 565 3241 una
585 3177 749 3240 ratio
768 3174 1214 3253 adorabilium,
1238 3173 1399 3237 sicut
1424 3172 1800 3237 amabilium
1826 3193 1843 3248 ;

305 3284 606 3367 objicitur
643 3285 897 3360 contra3
949 3279 1101 3363 quia
1144 3278 1307 3342 sicut
1346 3278 1678 3361 proximus
1717 3295 1849 3341 non

302 3400 396 3458 est
421 3391 739 3457 amandus
765 3390 889 3455 nisi
915 3390 984 3453 in
1010 3392 1323 3471 quantum
1350 3387 1568 3468 imago
1588 3386 1735 3465 Dei3
1763 3388 1850 3451 sic

301 3501 495 3565 etiam
525 3516 660 3564 non
703 3502 798 3562 est
832 3495 1194 3561 adorandus
1213 3544 1233 3574 ‚
1265 3494 1391 3558 nisi
1416 3495 1485 3558 in
1529 3498 1847 3577 quantum

300 3612 393 3672 oet
430 3605 540 3670 Dei
589 3606 813 3685 imago
867 3625 882 3666 ε
931 3620 1090 3683 ergo
1124 3601 1288 3666 sicut
1326 3606 1421 3664 est
1447 3618 1621 3665 unus
1667 3617 1848 3664 amor

303 3713 424 3783 sui,
447 3715 511 3775 et
532 3728 668 3775 suae
693 3707 1016 3790 imaginis»,
1041 3708 1395 3773 secundum
1415 3707 1687 3790 speciem
1708 3729 1725 3786 ;
1759 3708 1848 3772 sic

299 3822 361 3883 et
387 3834 561 3883 unus
581 3816 809 3881 bonor.

376 3930 438 3990 4.
477 3924 637 3989 Item
677 3923 887 4005 magis
927 3926 990 3987 et
1018 3921 1236 3986 minus
1263 3939 1394 3985 non
1418 3921 1847 3987 diversificant

300 4035 574 4118 speciem
604 4056 619 4098 ε
653 4034 760 4098 sed
805 4031 1009 4109 latria,
1038 4035 1099 4095 et
1127 4030 1325 4108 dulia,
1356 4028 1658 4094 differunt
1686 4029 1847 4094 sicut

306 4144 516 4224 major
564 4140 770 4205 honor
796 4187 815 4217 ‚
854 4143 919 4203 et
961 4137 1174 4201 minor
1198 4137 1405 4201 honor
1439 4152 1455 4197 :
1488 4153 1645 4218 ergo
1673 4136 1846 4200 vide-

299 4253 404 4314 tur
441 4248 616 4332 quod
680 4265 813 4312 non
877 4247 1007 4310 sint
1071 4245 1341 4310 diversae
1406 4243 1645 4327 species
1712 4244 1846 4310 vir-

300 4357 476 4422 tutis.

82 4493 273 4541 rm
377 4462 502 4528 Sed
539 4465 758 4526 contra
793 4481 811 4525 z
844 4459 1049 4542 Super
1088 4459 1249 4524 illud
1288 4459 1530 4525 Psalmi
1568 4457 1590 4492 ¹·
1616 4479 1640 4523 .·
1680 4457 1846 4525 Ado-

299 4576 434 4638 rate
484 4556 826 4636 scabellum
875 4567 1109 4649 pedum
1156 4565 1318 4647 effus,
1376 4571 1492 4630 etc.
1513 4613 1530 4642 ,
1582 4565 1839 4630 Glossa:

307 4699 336 4738 ι
365 4676 580 4742 Latria
605 4680 700 4739 est
735 4675 1018 4739 adoratio
1046 4692 1195 4757 quae
1220 4674 1336 4738 soli
1371 4673 1498 4737 Deo
1542 4672 1839 4752 debetur3

298 4789 475 4854 dulia
505 4792 602 4853 est
617 4787 898 4852 adoratio
925 4804 1074 4870 quae
1098 4786 1290 4851 etiam
1321 4789 1630 4851 creaturae
1660 4785 1845 4849 exhi-

297 4898 506 4962 betur.
539 4894 696 4972 Quae
710 4894 871 4958 duas
896 4893 1087 4957 habet
1110 4892 1352 4976 species
1384 4911 1401 4955 ε
1434 4911 1664 4971 unam,
1695 4911 1842 4976 quae

297 5005 644 5070 exhibetur
713 5001 1013 5067 omnibus
1065 5001 1497 5066 indifferenter
1524 5023 1540 5081 ;
1606 5001 1796 5065 aliam
1821 5052 1838 5082 ,

297 5131 443 5196 quae
471 5111 815 5177 exhibetur
854 5109 970 5175 soli
1011 5108 1397 5175 humanitati
1425 5109 1676 5176 Christi.
1703 5132 1734 5170 n
1776 5110 1842 5176 Si

298 5312 331 5362 s
360 5237 1076 5362 ‘elsa-...m
1090 5236 1424 5372 zemat-
1446 5241 1500 5371 ’ἆ
1516 5239 1610 5358 ⁸15.-
1633 5240 1841 5371 essa

297 5382 469 5443 nom„
497 5381 563 5432 ιιι
586 5382 746 5443 sent„
771 5379 889 5430 dist.
910 5390 984 5442 ιι,
1000 5392 1050 5443 q.
1076 5379 1434 5442 1v3nichard„
1458 5380 1522 5429 ιιι
1545 5380 1704 5443 Sena,
1725 5382 1841 5433 dist.

299 5466 378 5520 ιι,
404 5467 458 5519 q.
485 5465 574 5517 1v3
605 5451 783 5518 Steph-
819 5450 1032 5515 Exulet„
1066 5452 1132 5505 lu
1167 5452 1333 5516 sent„
1366 5451 1592 5515 dictu,
1619 5466 1671 5518 q.
1713 5465 1843 5506 x.-

3365 458 3486 521 2¹9

1951 604 2113 668 ergo
2158 586 2337 651 dulia
2369 586 2562 652 habet
2598 587 2760 652 duas
2807 588 3044 670 species
3078 588 3485 665 adorationis,

1950 712 2099 776 quae
2123 697 2429 758 creaturae
2454 693 2785 773 debentur,
2819 695 3020 759 multo
3057 696 3282 761 fortius
3308 696 3493 761 latria

1951 804 2013 865 et
2041 799 2220 864 dulia
2245 818 2395 882 quae
2420 801 2696 866 Creatori
2722 806 2785 866 et
2810 806 3119 866 creaturae
3154 803 3487 880 debentur,

1952 910 2103 970 sunt
2130 906 2364 989 specics
2388 908 2647 972 virtutis
2670 909 2961 974 diversae.

2033 1012 2192 1077 Item
2232 1014 2488 1079 habitus
2527 1015 3039 1081 diversificantur
3068 1033 3182 1099 per
3206 1019 3402 1094 actus,
3431 1020 3495 1079 et

1951 1124 2130 1184 actus
2152 1138 2265 1202 per
2290 1121 2536 1204 objecta
2581 1145 2595 1188 z
2629 1141 2786 1205 ergo
2828 1124 2882 1186 si
2923 1122 3107 1188 latria
3149 1126 3244 1186 est
3282 1122 3494 1185 cultus

1950 1227 2064 1309 qui
2086 1226 2353 1291 debetur
2388 1227 2538 1307 Deo,
2569 1233 2632 1292 et
2657 1229 2833 1294 dulia
2857 1231 3067 1294 cultus
3088 1229 3201 1311 qui
3227 1228 3494 1292 debetur

1951 1336 2261 1396 creaturae
2280 1381 2298 1412 ,
2346 1339 2418 1396 ut
2441 1339 2734 1400 creatura
2759 1341 2876 1415 est,
2905 1337 3157 1401 videtur
3181 1335 3354 1419 quod
3396 1334 3495 1398 la-

1951 1439 2074 1502 tria
2094 1439 2174 1502 sit
2200 1440 2436 1523 species
2461 1442 2719 1506 virtutis
2737 1442 3031 1506 distincta
3057 1460 3096 1506 a
3116 1441 3316 1506 dulia.

2033 1546 2191 1611 Item
2244 1549 2555 1631 sapientia
2606 1553 2671 1614 et
2722 1551 2982 1615 scientia
3041 1554 3195 1613 sunt
3244 1549 3495 1612 diversa

1951 1654 2143 1733 dona,
2174 1656 2528 1720 secundum
2555 1675 2704 1739 quae
2749 1655 3095 1740 dirigimur
3128 1656 3208 1720 ad
3247 1660 3493 1738 tempo-

1951 1760 2111 1824 ralia
2135 1765 2198 1826 et
2225 1766 2464 1826 aeterna
2495 1784 2509 1825 z
2544 1763 2598 1825 si
2623 1781 2780 1845 ergo
2806 1764 2991 1828 latria
3017 1767 3111 1828 est
3137 1763 3345 1826 cultus
3389 1764 3493 1828 de-

1952 1872 2128 1937 bitus
2146 1878 2405 1938 aeternae
2432 1874 2768 1958 majestati,
2804 1880 2867 1938 et
2882 1875 3059 1940 dulia
3075 1874 3284 1938 honor
3312 1879 3375 1938 et
3400 1891 3495 1937 re-
3562 1938 3571 1947 ,

1952 1977 2239 2041 verentia
2266 1977 2478 2041 debita
2515 1981 2823 2042 creaturae
2853 1977 3211 2060 temporali,
3240 1976 3495 2041 videtur

1953 2085 2127 2168 quod
2166 2085 2295 2148 sint
2340 2085 2574 2150 diversi
2629 2085 2890 2150 habitus
2942 2086 3012 2148 in
3055 2103 3292 2167 genere
3356 2085 3493 2148 vir-

1952 2191 2132 2255 tutia.

2036 2297 2218 2378 Item,
2249 2299 2303 2361 si
2327 2316 2441 2381 per
2465 2316 2616 2364 eum
2645 2300 2909 2364 modum
2946 2300 3057 2363 flat
3087 2299 3290 2362 honor
3316 2315 3497 2361 crea-

1954 2411 2141 2485 turae,
2179 2423 2310 2489 quo
2351 2409 2426 2471 fit
2472 2407 2778 2483 Creatori,
2818 2410 2956 2490 jam
2993 2424 3126 2470 non
3159 2407 3282 2470 erit
3323 2411 3501 2471 actus

1954 2514 2233 2591 virtutis,
2263 2514 2371 2577 sed
2401 2515 2612 2596 potius
2638 2513 2799 2578 vitii.
2830 2513 2898 2578 Si
2933 2514 3078 2595 quis
3104 2513 3278 2577 enim
3306 2513 3496 2576 sacri-

1954 2617 2173 2680 ficaret
2225 2616 2494 2695 homini,
2528 2617 2771 2680 crimen
2801 2616 3177 2679 idololatriae
3207 2614 3502 2678 commit-

1955 2726 2135 2802 teret,
2165 2727 2228 2786 et
2275 2723 2748 2806 vituperaretur
2785 2722 2996 2805 potius
3021 2722 3099 2786 de
3124 2722 3499 2799 idololatria,

1954 2848 2155 2913 quam
2207 2829 2760 2894 commendaretur
2805 2830 2885 2893 de
2914 2832 3062 2893 actu
3111 2828 3316 2892 latriae
3340 2875 3358 2904 ,
3398 2826 3504 2890 vel

1955 2939 2147 3003 duliae
2180 2961 2194 3003 z
2227 2956 2387 3020 ergo
2415 2939 2469 3001 si
2520 2938 2851 3003 diversitas
2879 2939 3221 3002 modorum
3246 2939 3317 3001 in
3344 2937 3503 3000 acti-

1955 3047 2079 3111 bus
2106 3048 2423 3111 virtutum
2450 3047 2792 3111 introducit
2817 3047 3251 3111 diversitatem
3278 3047 3347 3110 in
3373 3045 3492 3109 ha·
3589 3107 3593 3116 ,

1955 3154 2213 3235 bitibuS,
2247 3155 2500 3220 videtur
2526 3155 2696 3237 quod
2739 3155 2949 3236 latria,
2979 3160 3042 3219 et
3069 3154 3264 3231 dulia,
3314 3152 3502 3217 diffe-

1955 3268 2102 3327 rant
2116 3264 2405 3345 specissca
2430 3263 2805 3327 differentia.

2462 3506 2986 3577 CONCLUSIO.

1957 3695 2172 3762 Lati-ia,
2204 3695 2256 3748 et
2284 3690 2464 3759 dulia,
2495 3692 2725 3746 virtutes
2751 3687 3021 3744 distinctoe
3043 3693 3198 3759 sunt,
3228 3691 3360 3759 quia
3386 3706 3499 3746 una

2221 3784 2498 3845 creaturae,
2529 3778 2708 3834 altera
2740 3778 2985 3834 Creatori
3012 3777 3247 3834 debetur.

2043 3929 2230 4015 Resp.
2280 3931 2360 3996 ad
2417 3949 2558 4012 arg.
2616 3928 2989 4008 Dicendum,
3045 3930 3125 3993 ad
3180 3929 3503 4011 praedicto·

1955 4057 2107 4103 rum
2144 4037 2632 4119 intelligentiam
2650 4086 2668 4114 ,
2719 4036 2891 4118 quod
2939 4036 3054 4099 etsi
3102 4054 3341 4100 nomen
3396 4037 3499 4101 la-

1956 4149 2101 4213 trice
2146 4145 2500 4210 secundum
2558 4144 3021 4226 Augustinum,
3083 4144 3162 4209 de
3222 4144 3502 4211 civitate

1955 4254 2074 4319 Dei
2089 4257 2135 4329 ⁸,
2158 4252 2462 4334 importat
2481 4253 2728 4317 cultum
2758 4252 3045 4317 debitum
3066 4253 3375 4334 maJestati
3401 4252 3502 4316 di-

1955 4360 2151 4436 vinae,
2180 4377 2418 4423 nomen
2442 4364 2655 4423 tamen
2676 4359 2871 4423 duliae
2898 4358 3225 4441 tripliciter
3241 4358 3495 4421 dicitur.

1955 4466 2096 4531 Uno
2123 4467 2313 4531 modo
2341 4467 2574 4531 dicitur
2596 4467 2771 4531 dulia
2796 4466 3152 4531 secuudum
3176 4465 3500 4548 quandam

1955 4575 2346 4656 analogiam,
2378 4575 2504 4638 alio
2534 4576 2724 4638 modo
2754 4575 3105 4639 secundum
3123 4578 3503 4636 antonoma-

1953 4682 2114 4746 siam
2142 4731 2159 4762 ,
2192 4686 2255 4744 et
2281 4682 2469 4745 tertio
2493 4682 2683 4746 modo
2705 4682 3056 4746 secundum
3084 4679 3501 4762 significatio·-

1953 4807 2105 4853 nem
2158 4788 2506 4871 propriam.
2554 4788 2713 4852 Cum
2756 4794 2973 4853 autem
3001 4788 3231 4853 dicitur
3275 4804 3502 4850 secun-

1953 4896 2112 4960 dum
2138 4895 2526 4977 analogiam,
2562 4900 2718 4959 tunc
2739 4897 3036 4978 importat
3066 4894 3312 4959 cultum
3331 4894 3502 4959 debi-

1953 5006 2092 5068 tum
2122 5007 2371 5067 naturae
2408 5003 2717 5086 superiori
2735 5052 2753 5083 ,
2791 5003 2928 5068 sive
2980 5006 3292 5068 creaturae
3312 5052 3332 5084 ,
3364 5002 3501 5070 sive

1953 5102 2255 5191 Creatori,
2306 5110 2662 5175 secundum
2703 5110 2988 5193 aliquam
3029 5110 3343 5176 rationem
3396 5129 3501 5176 se-

1951 5240 1975 5274 ¹
1998 5238 2134 5287 Psal.
2167 5250 2260 5301 vn,
2289 5241 2337 5288 2.
2368 5262 2430 5276 —
2459 5237 2481 5272 ⁸
2503 5236 2665 5288 Gloss.
2707 5236 2926 5288 interlin.
2961 5253 2990 5286 α
3014 5237 3254 5301 Donu'ne,
3282 5251 3375 5302 per
3408 5250 3500 5301 po·

1954 5316 2166 5366 tentiam
2184 5353 2201 5379 ‚
2218 5316 2351 5364 Deus
2369 5352 2386 5378 ,
2421 5327 2515 5378 per
2542 5313 2872 5377 creationem3
2904 5331 2933 5363 ιο
2960 5318 3012 5365 et
3032 5314 3162 5365 nihil
3186 5314 3301 5378 plus
3324 5314 3491 5365 habet.

1952 5387 2058 5510 ἵε·
2077 5387 2216 5436 Ρεαὶ.
2240 5398 2423 5450 xcvm,
2447 5390 2558 5439 5.-
2577 5386 2599 5421 ⁸
2628 5388 2776 5452 Aug„
2800 5383 2861 5436 de
2883 5385 3036 5447 civit,
3059 5387 3170 5449 Dei,
3191 5387 3280 5438 lib.
3299 5388 3361 5449 X,
3382 5399 3428 5439 c.
3458 5397 3499 5447 ι.
