4185 6288
1324 437 1525 505 DlS'r.
1569 439 1645 506 V.
1691 436 1872 503 ΛΒΤ.
1921 435 1999 500 11.
2038 434 2346 515 QUAEST.
2394 440 2441 504 1.

303 570 495 652 primo
517 616 536 646 ,
562 573 789 635 utrum
816 585 1089 650 persona
1118 568 1226 636 Dei
1252 575 1670 658 assumpserit
1694 573 1827 638 hu·

304 694 540 741 manam
573 680 916 753 naturam;
958 677 1266 759 secund0,
1308 684 1533 746 utrum
1576 699 1830 746 assum-

303 785 476 867 pserit
509 786 867 850 humanam
908 803 1284 868 personam;
1340 791 1560 870 tertio,
1605 796 1831 856 utrum

302 891 373 954 sit
425 910 658 975 ponere
718 892 1062 974 perfectam
1126 895 1545 961 intentionem
1611 916 1830 982 perso·

302 998 554 1063 nalitatis
595 998 765 1063 circa
805 999 1090 1064 animam
1133 1007 1524 1085 separatam3
1572 1012 1827 1089 quarto,

303 1108 502 1169 utrum
526 1105 1009 1171 concedendum
1038 1108 1143 1186 sit,
1172 1111 1345 1191 quod
1377 1111 1545 1176 Deus
1571 1132 1829 1177 assum-

304 1212 474 1293 pserit
503 1211 874 1291 hominem3
908 1213 1170 1297 quint0,
1214 1221 1277 1281 et
1310 1217 1571 1300 ultimo,
1604 1225 1827 1285 utrum

304 1318 760 1385 conoedendum
801 1319 886 1384 sit
926 1320 1094 1402 quod
1138 1327 1553 1408 assumpserit
1593 1326 1831 1392 huma-

303 1424 568 1489 nitatem.

824 1656 1189 1735 QUAESTIO
1231 1658 1280 1725 Ι.

303 1829 772 1889 Αποοπωάσηώυη
793 1834 874 1888 sit
899 1836 1158 1889 naeinam
1184 1834 1477 1892 monam
1495 1840 1828 1907 ammptam

868 1938 975 1980 csse
1002 1939 1038 1979 a
1063 1925 1171 1982 Deo
1200 1926 1242 1980 ¹.

135 2096 285 2145 ruam.
372 2077 589 2161 Utrum
633 2081 1115 2148 concedendum
1163 2083 1278 2164 sit,
1322 2084 1497 2166 quod
1538 2084 1829 2148 humana

305 2191 510 2250 natura
532 2188 615 2252 sit
649 2194 983 2272 assumpta
1012 2209 1053 2254 a
1079 2190 1236 2269 Deo;
1269 2195 1333 2256 et
1367 2191 1536 2274 quod
1565 2192 1690 2270 sic,
1730 2191 1830 2254 vi-

303 2296 465 2360 detur
497 2298 520 2332 ²
556 2319 574 2361 ι
635 2297 1068 2381 semetipsum
1117 2299 1495 2366 emmim
1556 2298 1828 2378 sormam

301 2404 453 2467 servi
488 2405 842 2487 accipiens.
900 2404 1025 2469 Sed
1061 2405 1296 2470 veritas
1335 2409 1584 2469 naturae
1624 2409 1831 2470 atten-

302 2507 453 2573 ditur
475 2517 798 2593 quantum
840 2512 920 2575 ad
954 2512 1281 2595 propriam
1307 2513 1581 2577 formam
1614 2534 1629 2577 ε
1670 2531 1828 2594 ergo

306 2616 352 2679 si
394 2618 729 2701 assumpsit
778 2618 1053 2683 formam
1109 2619 1389 2685 hominis
1409 2669 1431 2700 ,
1489 2621 1832 2703 assumpsit

305 2720 554 2788 hominis
583 2731 914 2790 naturam.

372 2829 515 2895 Item
565 2832 978 2914 Augustinus
1005 2838 1027 2873 ⁸
1073 2832 1155 2899 de
1201 2833 1331 2914 fide
1382 2833 1471 2900 ad
1520 2837 1780 2901 Petrum
1803 2852 1826 2899 .·

313 2959 340 2995 ι
359 2935 511 3003 Dcus
535 2940 897 3004 humanam
923 2944 1223 3005 naturam
1248 2942 1317 3006 in
1343 2942 1659 3007 unitatem
1679 2960 1826 3025 per-

308 3060 456 3109 eonae
482 3047 747 3129 accepit.
779 3066 814 3107 ι

371 3152 514 3219 Item
555 3155 779 3219 nullus
823 3159 920 3220 est
973 3174 1174 3221 verus
1216 3156 1414 3222 homo
1428 3205 1450 3238 ,
1508 3158 1631 3222 nisi
1676 3176 1830 3225 vere

305 3258 509 3325 habeat
551 3260 911 3327 humanam
946 3266 1296 3327 naturam:
1330 3263 1442 3328 sed
1479 3264 1590 3329 Dei
1630 3264 1830 3330 Filius

306 3383 477 3433 verus
500 3369 700 3437 homo
718 3373 850 3433 est:
881 3386 1044 3450 ergo
1069 3370 1264 3435 habet
1279 3371 1630 3436 humanam
1647 3376 1832 3439 natu·

307 3477 516 3541 ramin
548 3495 649 3541 se:
683 3478 1177 3543 sednonhahet
1204 3497 1345 3543 eam
1375 3498 1492 3563 per
1520 3485 1828 3545 aeternam

308 3585 807 3664 generauomm:
847 3602 1007 3666 ergo
1048 3585 1243 3653 habet
1282 3605 1399 3670 per
1437 3576 1827 3671 assumptio-

305 3706 472 3756 nem:
518 3709 678 3774 ergo
719 3692 1070 3774 assumpsit
1107 3692 1461 3758 humanam
1501 3700 1827 3763 naturam.

374 3796 520 3864 ltem
547 3800 943 3883 quicumque
981 3804 1077 3864 est
1116 3800 1389 3884 alicujus
1424 3803 1596 3868 filius
1634 3807 1828 3869 natu·-

308 3904 473 3988 ralis,
513 3907 947 3972 communicat
985 3926 1135 3972 cum
1176 3924 1254 3973 eo
1295 3909 1364 3973 in
1400 3915 1635 3975 natura
1666 3932 1681 3974 ε
1718 3911 1830 3976 sed

308 4007 403 4075 Dei
421 4012 615 4078 Filius
640 4016 739 4077 est
767 4010 1056 4092 Virginis
1081 4015 1392 4080 naturalis
1418 4016 1593 4081 filius
1619 4039 1635 4081 ε
1664 4035 1829 4100 ergo

307 4122 710 4186 communicat
758 4137 908 4183 cum
948 4138 1025 4184 ea
1074 4121 1142 4185 in
1184 4125 1436 4187 natura.
1488 4124 1620 4189 Aut
1666 4143 1830 4206 ergo

309 4226 463 4294 illam
500 4235 802 4295 naturam
847 4228 1079 4294 habuit
1120 4229 1204 4292 ab
1257 4233 1540 4310 aeterno,
1589 4231 1696 4297 vel
1747 4250 1831 4296 ex

307 4336 616 4421 tempore:
647 4340 895 4403 constat
931 4337 1107 4420 quod
1133 4355 1266 4401 non
1303 4339 1385 4403 ab
1413 4343 1688 4421 aeterno,
1718 4340 1832 4406 sed

311 4462 380 4509 ex
399 4451 716 4531 tempore:
748 4446 804 4509 si
840 4463 924 4508 ex
959 4449 1245 4527 tempore
1258 4493 1280 4524 ‚
1314 4452 1426 4511 aut
1463 4466 1546 4512 ex
1572 4449 1832 4532 propria

310 4552 543 4635 virtute,
568 4559 682 4619 aut
708 4570 794 4617 ex
820 4551 1069 4616 aliena:
1103 4557 1349 4617 constat
1376 4556 1550 4636 quod
1577 4575 1661 4620 ex
1691 4556 1827 4621 vir-

309 4661 430 4724 tute
459 4663 750 4745 propria:
794 4658 908 4722 sed
933 4657 1105 4740 quod
1148 4659 1378 4743 accipit
1404 4663 1549 4743 quis
1591 4663 1830 4728 virtute

308 4771 562 4851 propria,
585 4769 824 4834 dicitur
851 4783 1213 4831 assumere:
1245 4773 1442 4833 restat
1468 4788 1630 4852 ergo
1657 4770 1831 4853 quod

313 4873 569 4942 humana
591 4879 829 4941 natura
854 4873 938 4935 sit
959 4889 1002 4935 a
1028 4872 1156 4937 Deo
1181 4881 1533 4959 assumpta.

150 4988 292 5052 nm.
382 4982 489 5051 Sed
516 4990 769 5053 contrm
807 4987 867 5047 1.
913 4980 1116 5046 Omne
1143 4984 1316 5065 quod
1355 4985 1708 5050 assumitur
1734 4991 1832 5051 est

312 5096 626 5179 antequam
652 5093 736 5158 sit
770 5091 1178 5171 assumptum
1208 5111 1226 5153 :
1256 5091 1368 5156 sed
1392 5092 1682 5180 humana
1706 5112 1830 5158 na-

369 5290 387 5323 ²
409 5290 479 5354 Cf.
498 5293 640 5347 Alex.
662 5291 862 5352 Alam„
886 5300 938 5351 p.
973 5282 1066 5347 111,
1090 5298 1143 5348 q.
1167 5296 1244 5346 iv,
1262 5286 1452 5337 memb.
1483 5287 1539 5349 63
1570 5285 1830 5352 Itichard„

319 5358 379 5410 ΠΙ
399 5363 536 5430 sm„
550 5366 665 5417 dist.
694 5378 750 5428 V,
779 5363 880 5411 art.
903 5358 954 5419 ὅ,
985 5368 1039 5420 q·
1065 5367 1114 5418 13
1132 5355 1313 5420 Steph.
1342 5357 1557 5419 Brulef„
1584 5358 1648 5408 111
1670 5360 1831 5422 Sent„

316 5430 420 5484 ω
439 5450 486 5502 V,
505 5452 556 5505 q.
573 5453 688 5491 V,-
701 5437 728 5472 ⁸
745 5430 1014 5495 Philippo,
1033 5439 1096 5492 ss,
1122 5429 1239 5480 ⁷0-
1253 5430 1275 5466 ι
1294 5431 1410 5482 lm
1428 5430 1599 5494 BQ,
1626 5431 1824 5482 depla-

3367 440 3484 502 12⁵1

1935 574 2083 637 tura
2123 572 2356 638 Christi
2401 592 2532 640 non
2577 574 2700 639 fuit
2742 577 2893 637 ante
2933 571 3241 638 unionem
3285 569 3489 654 ipsius

1941 698 2090 745 cum
2130 680 2375 746 Verbo:
2409 700 2573 764 ergo
2616 700 2747 746 non
2789 679 3046 745 videtur
3087 677 3261 762 quod
3301 677 3492 741 fuerit

1940 794 2271 871 assumpta
2296 809 2337 854 a
2359 789 2594 855 Verbo·

2019 900 2081 959 2.
2121 895 2277 960 Item
2310 915 2501 961 omne
2545 895 2717 979 quod
2746 892 3096 959 assumitur
3137 891 3218 955 ab
3245 891 3485 974 alique,

1941 1003 2014 1066 fit
2040 1002 2259 1086 aliquo
2305 1005 2496 1069 modo
2532 1023 2740 1068 unum
2783 1021 2933 1067 cum
2971 1018 3049 1064 eo
3083 1018 3121 1063 a
3148 1015 3277 1081 quo
3304 1016 3486 1062 assu-

1940 1110 2172 1189 mitur,
2205 1112 2358 1193 quia
2401 1111 2755 1194 assumptio
2799 1107 3136 1174 ordinatur
3176 1105 3257 1169 ad
3299 1105 3485 1169 unio-

1939 1236 2091 1282 nem
2125 1237 2142 1282 :
2186 1236 2346 1300 ergo
2383 1219 2436 1281 si
2476 1218 2765 1282 humana
2801 1219 3034 1280 natura
3073 1212 3424 1277 assumitur
3449 1229 3490 1277 a

1941 1323 2102 1403 Deo,
2154 1326 2228 1388 sst
2280 1343 2486 1390 unum
2530 1343 2679 1389 cum
2730 1323 2917 1388 Deo:
2974 1321 3085 1385 sed
3135 1336 3284 1402 quae
3337 1322 3489 1383 sunt

1940 1432 2200 1509 eadem,
2247 1449 2452 1496 unum
2502 1436 2710 1516 potest
2748 1428 3080 1514 praedicari
3129 1427 3208 1492 de
3246 1425 3482 1491 altero:

1940 1556 2104 1621 ergo
2147 1539 2437 1605 humana
2476 1544 2708 1604 natura
2751 1544 2847 1603 est
2887 1535 3090 1615 Deus,
3136 1541 3199 1599 et
3249 1552 3286 1598 e
3333 1551 3483 1598 con-

1943 1665 2130 1712 verso
2162 1665 2179 1710 :
2215 1647 2325 1712 sed
2356 1648 2478 1713 hoc
2504 1652 2600 1711 est
2625 1646 2858 1711 falsum
2888 1667 2904 1708 ε
2939 1661 3103 1726 ergo
3130 1646 3194 1707 et
3221 1640 3379 1705 illud
3405 1659 3489 1704 ex

1940 1771 2069 1835 quo
2104 1755 2424 1838 sequitur,
2470 1754 2706 1818 scilicet
2744 1752 2917 1837 quod
2940 1751 3231 1816 humana
3257 1753 3490 1813 natura

1941 1859 2021 1924 sit
2049 1880 2088 1923 a
2116 1861 2242 1925 Deo
2268 1866 2621 1946 assumpta.

2020 1973 2081 2030 3.
2118 1966 2276 2031 Item
2313 1987 2505 2032 omne
2551 1966 2721 2051 quod
2762 1964 3110 2030 assumitur
3147 1963 3228 2027 ab
3271 1962 3486 2046 aliquo

1939 2074 2019 2140 ad
2048 2076 2390 2155 unionem,
2422 2076 2695 2158 acquirit
2723 2072 3175 2158 proprietatem
3204 2070 3482 2154 aliquam

1941 2184 2084 2263 ejus
2122 2201 2162 2244 a
2201 2201 2329 2264 quo
2366 2181 2753 2258 assumitur,
2794 2184 2858 2243 et
2903 2178 3006 2242 cui
3053 2177 3279 2241 unitur
3317 2199 3332 2241 t
3378 2177 3489 2241 sed

1941 2288 2232 2352 humana
2268 2295 2500 2352 natura
2538 2306 2669 2351 non
2708 2284 2984 2369 acquirit
3022 2284 3302 2367 aliquam
3347 2303 3491 2368 pro-

1941 2400 2275 2482 prietatem
2304 2400 2505 2482 ipsius
2534 2397 2764 2473 Verbi3
2796 2395 2976 2460 nulla
3005 2395 3180 2458 enim
3207 2394 3491 2478 proprie-

1940 2507 2039 2568 tas
2075 2503 2268 2568 Verhi
2313 2502 2546 2566 dicitur
2582 2502 2660 2565 de
2701 2500 2988 2563 humana
3019 2502 3285 2561 natura:
3327 2514 3490 2578 ergo

1940 2628 2071 2674 non
2121 2610 2375 2676 videtur
2411 2607 2584 2692 quod
2626 2607 2766 2690 ipsa
2810 2624 2851 2670 a
2886 2604 3095 2669 Verbo
3140 2603 3253 2669 Dei
3297 2604 3492 2668 fuerit

1948 2722 2297 2799 assumpta.

2021 2829 2081 2888 4.
2119 2823 2276 2888 Item
2306 2822 2586 2900 Boetius,
2612 2820 2866 2885 inlibro
2892 2818 2974 2885 de
3002 2818 3266 2884 Duabus
3290 2818 3493 2884 Natu·

1939 2933 2036 2997 ris
2073 2937 2134 2997 et
2174 2947 2310 2995 una
2349 2945 2623 3012 persona
2661 2927 2905 2993 Christi
2928 2931 2978 3003 ⁴,
3009 2925 3186 3009 ponit
3213 2928 3490 3008 quatuor

1938 3037 2352 3103 diffinitiones
2390 3041 2638 3101 naturae
2660 3084 2680 3115 ‚
2723 3052 3003 3118 quarum
3031 3033 3211 3097 nulla
3236 3033 3494 3098 videtur

1938 3151 2305 3229 competere
2350 3142 2781 3228 assumptioni
2837 3141 3116 3208 divinae:
3177 3159 3341 3224 ergo
3358 3189 3381 3220 ,
3439 3140 3494 3203 si

1938 3259 2109 3319 recte
2147 3259 2212 3319 et
2261 3253 2652 3318 sufficienter
2696 3250 2928 3316 diffinit
2982 3255 3313 3329 naturam,
3361 3265 3495 3313 non

1939 3360 2196 3425 videtur
2251 3379 2391 3425 esse
2448 3356 2923 3424 concedendum
2976 3355 3148 3439 quod
3203 3356 3491 3420 humana

1938 3475 2172 3534 natura
2197 3471 2281 3534 sit
2320 3472 2648 3552 assumpta
2692 3486 2733 3532 a
2770 3467 2934 3546 Deo;
2966 3467 3138 3549 quod
3176 3470 3349 3550 patet
3386 3465 3484 3530 di·

1939 3577 2287 3642 scurrendo
2314 3595 2428 3660 per
2455 3575 2751 3656 singulas
2787 3573 3249 3638 notificationes
3266 3620 3288 3652 ,
3321 3591 3481 3654 qua-

1938 3702 2087 3748 rum
2116 3686 2325 3768 prima
2350 3687 2446 3748 est
2475 3701 2492 3746 ε
2533 3705 2564 3744 α
2590 3680 2831 3747 Natura
2856 3686 2953 3746 est
2978 3699 3205 3746 earum
3233 3698 3479 3759 rerum,
3554 3720 3729 3765 Nm„

1938 3811 2086 3878 quae
2116 3812 2263 3857 cum
2292 3793 2450 3871 sint,
2481 3808 2742 3874 quoquo
2769 3789 2960 3854 modo
2987 3788 3314 3854 intellectu
3339 3790 3478 3871 capi
3509 3783 3713 3905 {22³2

1937 3912 2240 3992 possunt:
2271 3930 2301 3968 ι)
2328 3908 2452 3972 hoc
2477 3906 2668 3971 modo
2694 3922 2824 3968 non
2852 3908 3058 3988 potest
3083 3903 3305 3986 accipi,
3333 3921 3481 3966 cum
3513 3917 3631 3969 pm.

1938 4017 2172 4083 dicitur
2199 4017 2488 4080 humana
2512 4018 2743 4079 natura
2769 4032 2908 4078 esse
2935 4015 3301 4095 assumpta,
3330 4009 3483 4092 quia

1939 4125 1992 4187 si
2038 4142 2240 4188 unam
2286 4121 2739 4207 proprietatem
2775 4118 2881 4184 vel
2910 4125 3159 4202 partem
3200 4117 3482 4181 hominis

1938 4233 2419 4316 assumpsisset,
2468 4230 2727 4295 videtur
2776 4228 3198 4311 assumpsisse
3250 4225 3484 4290 huma-

1937 4359 2089 4405 nam
2145 4346 2470 4405 naturam.
2532 4337 2824 4403 Secunda
2876 4335 3173 4402 diffinitio
3236 4338 3490 4399 naturas

1937 4453 2075 4513 est:
2117 4473 2148 4509 (ι
2174 4447 2417 4513 Natura
2454 4451 2551 4510 est
2576 4445 2682 4510 vel
2719 4446 2891 4528 quod
2919 4463 3152 4527 agere,
3184 4444 3289 4508 vel
3317 4441 3488 4526 quod

1937 4557 2068 4639 pati
2113 4561 2359 4640 potest:
2401 4577 2433 4614 n
2481 4559 2544 4618 et
2581 4554 2792 4618 adhuc
2833 4553 2954 4616 ista
2980 4552 3328 4616 notificatio
3354 4568 3487 4615 non

1938 4666 2240 4747 competit
2268 4664 2415 4743 sihi,
2446 4662 2600 4746 quia
2628 4660 2981 4725 secundum
3012 4659 3193 4722 illum
3220 4658 3488 4724 modtnn

1938 4771 2061 4833 sihi
2112 4773 2430 4836 sufficeret
2472 4767 2895 4851 assumpsisse
2941 4766 3142 4830 solam
3178 4767 3486 4845 animam,

1939 4877 2019 4941 ad
2060 4878 2185 4943 hoc
2224 4880 2394 4962 quod
2430 4878 2748 4941 diceretur
2791 4874 3214 4957 assumpsisse
3258 4873 3487 4936 huma-

1938 5002 2094 5048 nam
2119 4991 2441 5050 naturam.
2474 4983 2685 5049 Tertia
2716 4981 3058 5046 notificatio
3086 4985 3183 5046 est
3205 4982 3261 5045 ⁸:
3299 5002 3331 5041 α
3358 4978 3487 5045 Na-

1937 5094 2091 5155 tura
2111 5097 2208 5156 est
2231 5091 2620 5175 principium
2648 5091 2866 5153 motus
2891 5092 2956 5152 et
2983 5089 3216 5172 quietis
3239 5105 3356 5173 per
3381 5106 3483 5168 se,

1940 5201 2006 5263 et
2028 5216 2161 5264 non
2186 5199 2540 5265 secundum
2560 5196 2892 5262 accidens:
2922 5219 2955 5257 n
2980 5198 3193 5263 adhuc
3218 5214 3337 5262 nec
3365 5195 3491 5261 ista

1939 5360 2010 5411 ad
2034 5363 2192 5427 Petra,
2222 5379 2269 5414 c.
2297 5375 2354 5428 ιι,
2384 5376 2437 5413 n.
2466 5365 2540 5414 18.
2560 5361 2660 5398 --”
2682 5362 2852 5423 Boot„
2886 5360 2947 5412 de
2971 5363 3137 5415 Duab.
3163 5363 3283 5414 Not.
3312 5362 3363 5412 et
3388 5375 3487 5411 una

1936 5445 2071 5496 pers.
2100 5435 2326 5499 christi,
2351 5449 2401 5488 c.
2432 5446 2473 5487 1.
2498 5459 2563 5473 —
2589 5434 2805 5497 *ai-iet„
2832 5433 3005 5501 Phys„
3033 5437 3124 5490 lib.
3157 5438 3221 5503 n,
3241 5437 3383 5487 cont.
3406 5437 3458 5483 8.
