4185 6288
1082 467 1274 534 nls'r.
1318 464 1480 533 Vm.
1528 462 1708 534 ΛΒΤ.
1755 468 1808 533 11

264 622 450 688 quem
469 610 601 683 est3
631 608 701 670 et
736 605 819 669 ad
855 605 1263 687 principium,
1292 624 1332 669 a
1359 623 1490 687 quo
1515 608 1629 668 est.
1663 602 1716 668 Ν
1725 624 1808 668 u-

264 733 475 779 merus
499 718 718 779 autem
758 713 1084 778 relationis
1109 712 1467 777 secundum
1508 710 1806 775 differen-

263 821 414 884 tiam
439 822 771 886 formalem
788 868 808 899 ,
838 821 972 884 sive
998 820 1357 903 specificam
1379 867 1396 896 ‚
1441 823 1740 883 causatur
1768 804 1808 881 a

262 927 570 1012 principio
595 949 637 992 a
662 948 794 1011 quo
822 934 917 993 est
949 949 964 993 ε
1003 928 1168 992 sicut
1204 927 1577 1011 paternitaS,
1608 932 1674 991 et
1698 925 1809 989 do-

262 1035 562 1112 minium,
607 1040 760 1100 sunt
793 1035 943 1100 duae
974 1035 1307 1100 relationes
1334 1034 1401 1097 in
1438 1033 1656 1116 aliquo
1682 1033 1806 1096 ho-

261 1143 466 1222 mine,
496 1162 644 1227 quae
669 1151 1095 1209 numerantur
1130 1161 1264 1207 non
1290 1143 1537 1207 ratione
1569 1142 1710 1222 ejus
1738 1139 1807 1203 in

260 1268 383 1332 quo
425 1254 585 1314 sunt
622 1251 1091 1335 principaliter,
1141 1251 1251 1316 sed
1298 1249 1540 1314 ratione
1586 1251 1727 1331 ejus
1767 1265 1808 1310 a

256 1376 381 1440 qno
404 1364 561 1424 sunt
601 1382 617 1423 ε
645 1361 802 1443 quia
828 1363 1094 1443 possunt
1119 1377 1254 1424 esse
1292 1358 1440 1422 duae
1469 1354 1808 1421 relationes

255 1464 327 1528 in
346 1465 607 1531 homine
633 1472 925 1550 roepectu
946 1465 1253 1548 ejusdem.
1283 1463 1669 1529 Pluriflcatio
1694 1481 1809 1526 au·

257 1576 381 1637 tem
410 1575 736 1639 relationis
761 1574 1117 1639 secundum
1142 1591 1491 1639 numerum
1526 1590 1660 1635 non
1687 1588 1807 1636 ve-

253 1680 347 1745 nit
382 1683 817 1766 principaliter
849 1682 1094 1746 ratione
1127 1683 1269 1763 ejus
1303 1700 1342 1744 a
1376 1697 1507 1763 quo
1539 1682 1656 1758 est,
1687 1696 1807 1742 nec

254 1791 496 1856 ratione
513 1794 657 1875 ejus
681 1793 759 1874 (a)
781 1792 860 1856 ad
879 1808 1072 1873 quem
1097 1812 1116 1869 ;
1147 1790 1258 1854 sed
1275 1789 1520 1853 ratione
1538 1787 1804 1871 subjecti

254 1901 391 1979 ejus
416 1900 488 1963 in
518 1919 674 1982 quo.
708 1898 786 1963 Et
826 1898 1132 1981 quoniam
1163 1898 1512 1981 proprietas
1537 1897 1805 1978 subjecti

254 2008 586 2071 numerari
615 2005 807 2070 habet
828 2004 1074 2069 ratione
1100 2003 1432 2088 suppositi,
1462 2007 1523 2068 et
1550 2004 1801 2087 subjec-

254 2118 393 2177 tum
424 2115 752 2178 filiationis
779 2119 873 2178 est
896 2115 1034 2197 ipsa
1060 2131 1351 2196 persona,
1388 2130 1519 2177 non
1548 2115 1800 2191 natura,

255 2220 373 2283 nisi
402 2222 648 2285 ratione
674 2238 996 2304 personae3
1023 2220 1177 2284 hinc
1210 2223 1305 2284 est
1340 2204 1510 2302 duod
1540 2237 1687 2283 cum
1736 2220 1804 2282 in

256 2327 498 2393 Christo
540 2346 671 2391 non
714 2328 843 2391 sint
885 2326 1100 2410 plures
1138 2344 1451 2408 personae,
1497 2345 1628 2391 non
1666 2344 1804 2409 pos-

254 2440 406 2498 sunt
428 2453 562 2499 esse
588 2436 806 2518 plures
832 2434 1189 2499 filiationes,
1212 2433 1359 2499 Ideo
1385 2433 1803 2500 concedendae

254 2546 405 2606 sunt
428 2543 706 2607 rationes
731 2542 813 2606 ad
837 2542 962 2606 hoc
990 2541 1290 2606 inductae.

336 2652 397 2712 1.
439 2649 537 2713 Ad
573 2649 736 2713 illud
779 2666 940 2731 ergo
975 2648 1147 2731 quod
1208 2648 1418 2731 primo
1474 2647 1796 2731 objicitur,

254 2757 426 2838 quod
447 2757 778 2838 generatio
806 2761 899 2820 est
924 2773 1115 2821 causa
1141 2756 1493 2833 filiationis,
1515 2758 1656 2841 jam
1685 2774 1801 2838 pa·-

254 2869 349 2929 tet
378 2865 725 2948 responsio,
762 2866 916 2949 quia
937 2866 1158 2930 relatio
1183 2884 1316 2930 non
1340 2866 1800 2948 multiplicatur

254 2990 337 3036 ex
376 2978 556 3056 parte
602 2992 850 3053 causae,
894 2973 1002 3038 sed
1046 2992 1128 3038 ex
1169 2976 1350 3057 parte
1392 2972 1687 3054 subjecti.
1732 2972 1797 3036 Si

255 3084 464 3144 autem
491 3085 853 3164 quaeratur,
884 3099 1084 3164 quare
1106 3077 1569 3164 multiplicatur
1594 3096 1797 3160 gene-

251 3189 410 3251 ratio
433 3188 501 3252 in
528 3188 802 3263 Christo,
836 3192 899 3252 et
925 3206 1056 3252 non
1083 3187 1326 3264 filiatio,
1352 3205 1504 3250 cum
1524 3190 1799 3268 utraque

251 3296 537 3378 respiciat
578 3313 954 3379 personam;
1000 3293 1338 3359 dicendum
1382 3292 1555 3376 quod
1596 3311 1798 3374 gene-

253 3404 408 3467 ratio
452 3405 778 3485 significat
821 3421 936 3486 per
986 3401 1251 3466 modum
1287 3399 1587 3477 actionis;
1632 3399 1796 3463 actio

253 3511 485 3589 autem,
518 3515 585 3574 et
608 3510 819 3593 passio
838 3556 854 3586 ‚
887 3526 1021 3573 non
1054 3507 1263 3572 solum
1298 3505 1524 3590 recipit
1563 3523 1794 3570 nume-

252 3614 560 3680 rationem
578 3634 663 3680 ex
676 3620 855 3699 parte
873 3615 1164 3698 subjecti,
1180 3614 1289 3679 sed
1309 3614 1501 3678 etiam
1514 3603 1596 3678 ‘ex
1616 3616 1796 3696 parte

253 3740 595 3801 mensurae,
626 3729 796 3788 etex
825 3728 1003 3807 parte
1032 3721 1350 3807 principii.
1383 3720 1463 3786 Et
1486 3720 1794 3804 quoniam

254 3830 417 3895 aliud
460 3837 561 3896 est
607 3832 1018 3915 principium,
1071 3837 1135 3895 et
1183 3829 1309 3895 alia
1355 3833 1452 3895 est
1493 3845 1794 3893 mensura

254 3938 636 4021 temporalis,
666 3941 728 4002 et
755 3943 997 4003 aeterna
1015 3985 1034 4016 ,
1064 3936 1208 4003 ideo
1239 3936 1364 4001 alia
1393 3938 1600 4018 potest
1633 3935 1788 4016 dici,

254 4049 309 4107 et
331 4046 456 4111 alia
490 4047 822 4128 generatio
840 4094 859 4125 ,
885 4045 1185 4128 quamvis
1208 4062 1342 4110 non
1367 4043 1587 4108 filiatio
1602 4090 1618 4106 .
1649 4042 1793 4107 Alia

252 4152 432 4218 etiam
463 4159 559 4219 est
585 4153 750 4218 ratio
789 4175 806 4219 ε
855 4154 1008 4238 quia
1041 4152 1157 4219 etsi
1214 4151 1540 4235 generatio
1588 4149 1793 4233 respi-

252 4259 364 4322 ciat
387 4279 759 4344 personam,
792 4266 1010 4325 tamen
1052 4279 1167 4343 per
1212 4275 1606 4341 consequens
1650 4274 1789 4321 res-

251 4369 455 4451 picere
478 4375 689 4454 potest
715 4375 779 4436 et
801 4375 1125 4436 naturam.
1157 4367 1337 4435 Unde
1358 4368 1646 4432 humana
1673 4384 1792 4431 na-

249 4478 385 4541 tura
408 4478 482 4542 in
510 4477 758 4544 Christo
780 4482 985 4563 potest
1013 4478 1138 4543 dici
1162 4481 1348 4557 nata3
1400 4493 1532 4539 non
1575 4479 1791 4538 tamen

249 4589 446 4665 potest
465 4585 599 4650 dici
636 4586 794 4665 filia,
825 4586 980 4669 quia
1004 4585 1224 4652 filiatio
1249 4582 1506 4667 proprie
1536 4580 1792 4664 respicit

248 4711 606 4774 personam.
638 4695 719 4761 Et
743 4696 901 4779 quia
938 4696 1011 4760 in
1035 4694 1283 4760 Christo
1328 4693 1426 4757 est
1457 4688 1791 4773 pluralitas

247 4804 649 4882 naturarum,
679 4806 743 4867 et
763 4803 977 4868 unitas
1002 4817 1322 4885 personae;
1354 4797 1497 4862 ideo
1523 4802 1791 4879 possunt

249 4906 364 4971 dici
391 4909 616 4992 plures
640 4909 1108 4991 generationes,
1138 4904 1436 4991 quamvis
1461 4921 1594 4969 non
1635 4919 1785 4987 pos-

248 5013 367 5080 sint
390 5017 517 5082 dici
544 5016 763 5101 plures
786 5017 1123 5083 filiationes
1144 5017 1187 5080 ¹.

319 5127 378 5190 2.
407 5125 506 5192 Ad
537 5126 700 5190 illud
723 5125 895 5209 quod
920 5124 1241 5207 objicitur,
1268 5120 1442 5206 quod
1466 5117 1788 5203 multipli-

308 5323 401 5376 ¹S.
428 5325 659 5377 Thomas
694 5323 935 5376 concedit
957 5321 1012 5374 in
1057 5321 1264 5373 Christo
1301 5319 1476 5385 plures
1513 5317 1788 5368 relationes

245 5394 421 5462 reales,
448 5412 558 5450 nou
583 5401 759 5449 tamen
789 5396 963 5462 plures
987 5394 1296 5454 filiationes,
1332 5406 1384 5457 p.
1416 5392 1508 5452 lu,
1528 5403 1582 5454 q.
1623 5400 1788 5451 xxxv,

246 5471 335 5532 uft-
355 5472 401 5523 6.
423 5497 487 5509 -
510 5472 576 5537 (ο)
607 5471 751 5522 Edit.
781 5470 897 5521 Ven.
916 5468 1050 5518 deest
1072 5467 1199 5529 ejus.

607 5583 748 5632 ΙὈΜ.
785 5580 878 5627 IV.

1816 518 1834 533 .
1880 464 2180 548 ΟῐῐᾸζςΤ.
2229 468 2307 537 11.

3335 487 3462 561 ¹98·

1912 613 2053 672 cato
2080 628 2215 674 uno
2241 609 2676 691 relativorum,
2726 613 3183 697 multiplicatur
3208 625 3272 687 et
3297 624 3453 690 reli-

1912 731 2153 795 quum;
2199 716 2538 781 dicendum
2574 718 2745 800 quod
2785 719 2941 784 illud
2967 741 3199 791 verum
3245 735 3338 795 est
3374 732 3453 800 de

1914 822 2436 905 multiplicatione
2452 825 2722 905 formali,
2753 831 2815 891 et
2840 828 2918 892 de
2933 848 3009 894 eo
3028 836 3457 904 correlativoa

1912 929 3457 1018 quodependetcorrelativumdependentiaessen-

1913 1034 2043 1098 tiali
2075 1057 2090 1099 z
2115 1037 2224 1101 sed
2237 1037 2290 1100 si
2306 1057 2515 1102 unum
2526 1040 2973 1106 correlativum
2993 1046 3450 1147 multiplicatur

1914 1142 2434 1226 multiplicatione
2465 1146 2796 1227 materiali,
2834 1167 2966 1214 non
2996 1152 3189 1220 habet
3214 1159 3455 1223 verita-

1912 1251 2066 1327 tem,
2080 1251 2245 1315 sicut
2258 1256 2353 1316 est
2361 1254 2617 1335 quando
2637 1273 2813 1319 unus
2826 1256 3023 1323 homo
3039 1269 3303 1341 generat
3318 1266 3456 1348 plu-

1910 1371 2014 1418 res
2031 1356 2217 1436 sslios,
2241 1361 2306 1422 et
2323 1379 2492 1424 unus
2519 1363 2828 1443 magister
2840 1365 3021 1430 docet
3036 1366 3250 1451 plures
3275 1372 3457 1438 disci-

1912 1461 2144 1543 pulos:
2173 1468 2327 1529 tunc
2355 1467 2528 1531 enim
2570 1469 2816 1551 relatio,
2865 1490 3013 1554 quae
3056 1481 3151 1540 est
3191 1478 3452 1562 inipso,

1911 1586 2044 1633 non
2064 1571 2375 1653 dependet
2398 1574 2478 1640 ab
2501 1593 2894 1661 unoquoque
2910 1599 3160 1661 eorum,
3188 1585 3311 1649 nisi
3339 1587 3456 1652 de-

1911 1676 2251 1757 pendentia
2304 1682 2702 1762 accidentali;
2778 1690 2841 1749 et
2896 1686 3222 1756 desinente
3275 1713 3409 1759 uno
3433 1742 3453 1776 ,

1912 1783 2198 1848 salvatur
2223 1786 2442 1853 relatio
2477 1790 2550 1854 in
2576 1791 2796 1858 altero.
2831 1793 3005 1860 Unde
3032 1799 3289 1879 quando
3314 1803 3459 1883 quis

1911 1897 2200 1970 generat,
2255 1899 2396 1976 post
2437 1894 2744 1977 primum,
2798 1900 3008 1965 fllium
3053 1903 3284 1985 alium,
3327 1925 3458 1972 non

1911 1997 2192 2061 nascitur
2231 1998 2298 2062 in
2338 2019 2413 2065 eo
2449 2020 2620 2066 nova
2664 2006 3026 2087 paternitas,
3074 2011 3184 2074 sed
3230 2012 3457 2094 primae

1910 2104 2275 2185 paternitati
2303 2107 2655 2173 innascitur
2692 2129 2902 2176 novus
2931 2122 3271 2197 respectae,
3303 2122 3462 2203 quia

1911 2212 2091 2289 pater
2120 2216 2214 2275 est
2237 2212 2548 2294 plurium,
2578 2234 2775 2297 quam
2804 2218 2985 2300 prius
3010 2226 3167 2286 erat.
3225 2223 3327 2288 Sic
3363 2231 3460 2291 est

1909 2315 2399 2399 intelligendum
2434 2322 2501 2385 in
2546 2324 2866 2406 proposito
2905 2346 2922 2389 t
2965 2329 3138 2393 unde
3175 2331 3459 2399 Christus

1909 2426 2323 2504 generatione
2354 2430 2688 2512 temporali
2729 2449 2861 2496 non
2910 2435 3182 2516 acquirit
3218 2455 3456 2503 novam

1908 2530 2312 2611 filiationem;
2344 2535 2451 2599 sed
2498 2536 2723 2620 incipit
2770 2557 2906 2604 esse
2951 2540 3122 2604 illius
3169 2543 3454 2626 alterius,

1907 2638 2147 2704 scilicet
2170 2641 2449 2707 hominis
2477 2644 2774 2727 virginis.

1989 2750 2048 2810 3.
2074 2748 2174 2812 Ad
2205 2748 2363 2814 illud
2392 2752 2563 2834 quod
2599 2753 2920 2836 objicitur,
2953 2757 3126 2839 quod
3171 2757 3456 2824 diversa-

1906 2873 2057 2919 rum
2111 2857 2605 2939 productionum
2661 2861 2894 2926 diversi
2947 2868 3101 2927 sunt
3172 2865 3452 2948 termini,

1907 2961 2246 3028 dicendum
2319 2966 2490 3047 quod
2562 2985 2792 3033 verum
2859 2974 2956 3034 est
3014 2970 3269 3052 quando
3327 2971 3486 3043 illae,

1905 3070 2352 3152 productiones
2379 3077 2531 3136 sunt
2567 3073 2902 3158 disparatae
2920 3124 2938 3154 ‚
2983 3076 3073 3139 ita
3112 3076 3282 3160 quod
3325 3096 3458 3142 una

1904 3193 2035 3242 non
2060 3181 2364 3264 supponit
2407 3181 2631 3263 aliam3
2679 3183 2771 3247 sic
2808 3189 3024 3249 autem
3074 3204 3207 3249 non
3250 3191 3346 3250 est
3385 3187 3456 3251 in

1905 3288 2227 3369 proposito
2251 3336 2270 3367 ,
2316 3289 2471 3370 quia
2516 3289 2817 3355 nativitas
2866 3292 3235 3375 temporalis
3279 3311 3453 3376 prae-

1903 3394 2210 3476 supponit
2235 3399 2546 3459 aeternam
2571 3395 2968 3461 nativitatem
3000 3419 3015 3462 ε
3059 3403 3122 3462 et
3148 3399 3291 3464 ideo
3320 3417 3452 3468 non

1904 3503 2152 3582 oportet
2172 3499 2408 3566 Filium
2422 3519 2559 3566 esse
2580 3501 2805 3581 alium,
2829 3508 2893 3566 et
2914 3503 3136 3582 alium,
3154 3506 3453 3587 quamvis

1902 3607 2025 3671 alia
2054 3613 2117 3672 et
2143 3609 2269 3673 alia
2308 3609 2724 3690 generatione
2767 3617 3117 3691 generetur
3158 3634 3173 3676 :
3216 3613 3453 3680 sufficit

1903 3715 2100 3794 enim,
2131 3720 2205 3779 ut
2229 3716 2472 3780 dictum
2501 3716 2657 3797 fuit,
2687 3718 2764 3780 ad
2794 3717 3219 3800 pluralitatem
3248 3737 3451 3800 gene-

1900 3821 2226 3887 rationum
2250 3821 2578 3904 pluralitas
2605 3827 3018 3906 naturarum;
3047 3843 3182 3891 non
3214 3827 3306 3890 sic
3328 3846 3451 3892 au-

1901 3930 2031 3994 tem
2056 3928 2139 3993 ad
2162 3927 2589 4011 pluralitatem
2618 3930 3024 3997 filiationum.

1979 4038 2042 4098 4.
2075 4034 2177 4101 Ad
2204 4035 2365 4101 illud
2389 4036 2561 4119 quod
2588 4037 2911 4120 objicitur,
2945 4040 3121 4123 quod
3158 4040 3328 4106 idem
3353 4046 3452 4108 est

1900 4160 2036 4208 esse
2064 4147 2292 4208 natum
2314 4192 2333 4224 ,
2369 4148 2432 4208 et
2476 4162 2614 4210 esse
2639 4145 2882 4225 fllium,
2911 4147 3250 4212 dicendum
3276 4149 3450 4233 quod

1898 4251 2016 4316 etsi
2046 4251 2124 4316 de
2151 4252 2375 4316 eodem
2401 4251 2670 4331 dicatur,
2699 4256 2917 4320 tamen
2942 4254 3165 4320 filiatio
3189 4256 3448 4339 proprie

1900 4358 2053 4423 dicit
2076 4359 2447 4425 relationem
2460 4408 2479 4441 ,
2516 4363 2581 4424 et
2608 4361 2905 4426 nativitas
2944 4362 3083 4426 sive
3116 4361 3446 4442 generatio

1898 4467 2103 4551 ipsam
2130 4468 2611 4552 productionem
2644 4469 2907 4533 :relatio
2923 4474 3164 4550 autem,
3185 4472 3249 4533 et
3278 4469 3448 4534 actio

1898 4592 1983 4639 ex
2004 4574 2129 4639 alia
2152 4593 2367 4656 causa,
2391 4575 2635 4641 habent
2652 4575 3007 4641 numerari.
3035 4574 3114 4640 Et
3142 4575 3284 4642 ideo
3308 4593 3446 4643 non

1897 4681 2209 4764 sequitur,
2231 4682 2407 4765 quod
2418 4682 2472 4745 si
2486 4681 2883 4766 pluriflcetur
2897 4682 3249 4766 productio,
3271 4684 3445 4766 quod

1896 4789 2299 4873 pluriflcetur
2319 4788 2562 4854 filiatio.

1977 4899 2039 4961 5.
2087 4896 2186 4972 Ad
2221 4895 2378 4960 illud
2420 4895 2591 4978 quod
2634 4895 2935 4978 objicitur
2977 4896 3228 4976 ultimo,
3269 4900 3445 4982 quod

1897 5009 1992 5070 est
2016 5002 2378 5085 intelligere
2422 5002 2800 5068 filiationem
2840 5005 3252 5088 temporalem
3291 5008 3442 5072 abs-

1896 5115 2097 5177 tracta
2120 5110 2426 5175 filiatione
2454 5117 2727 5193 aeterna3
2752 5110 3092 5178 dicendum
3119 5114 3292 5197 quod
3318 5115 3444 5182 hoc

1895 5236 2031 5284 non
2055 5224 2153 5284 est
2175 5221 2434 5301 propter
2458 5217 2888 5285 diversitatem
2905 5221 3229 5288 relationis
3255 5224 3326 5289 in
3345 5241 3438 5306 se,

1896 5328 2006 5396 sed
2036 5330 2295 5411 propter
2317 5326 2748 5392 diversitatem
2776 5335 3182 5415 respectuum
3220 5352 3240 5397 ε
3276 5330 3447 5398 sicut

1897 5437 1947 5497 si
1979 5436 2208 5516 aliquis
2235 5433 2315 5496 sit
2356 5437 2535 5516 pater
2576 5434 2892 5510 duorum,
2930 5442 3132 5519 potest
3171 5438 3439 5521 intelligi

2321 5573 2324 5574 ν
3095 5548 3168 5609 13
