4185 6288
697 465 816 530 222
1788 454 2410 523 SENTENTIARUM
2449 453 2599 520 LlB.
2648 454 2755 521 111.

456 623 674 666 ancha.-
791 599 862 670 Si
903 623 1058 670 vero
1092 599 1408 691 quaeritur
1450 619 1536 664 an
1581 596 1878 664 Christus
1912 595 1997 662 sit
2050 593 2401 684 adoptivus
2435 592 2626 661 filius·
2679 591 3042 661 secundum
3087 592 3264 684 quod
3308 591 3531 680 hom0‚
3576 595 3711 666 sive
3745 598 3881 670 alio

456 689 678 806 ..5333ss
705 718 898 786 modo
913 744 931 803 ;
980 716 1440 807 respondemus
1481 712 1815 782 Christum
1857 733 1992 779 non
2039 732 2176 778 esse
2215 709 2601 799 adoptivum
2653 708 2871 776 filium
2917 709 3143 801 aliquo
3189 710 3409 796 modo,
3456 711 3569 779 sed
3623 720 3880 783 tantum

458 814 676 918 ῗζζζυζ
705 834 1070 901 naturalem
1104 857 1120 899 t
1165 833 1325 924 quia
1364 839 1603 899 natura
1644 828 1857 899 Filius
1892 827 2012 895 Dei
2063 834 2184 912 est,
2236 847 2367 894 non
2407 825 2772 915 adoptionis
2817 826 3052 914 gratia.
3096 825 3243 895 Non
3279 834 3499 895 autem
3527 828 3618 896 sic
3643 830 3885 899 dicitur

456 941 573 1053 2¹2⁰}
602 940 673 1042 ¹22⁰,
702 949 911 1017 Filius
964 957 1224 1033 natura,
1285 957 1359 1016 ut
1414 946 1654 1014 dicitur
1701 945 1876 1013 Deus
1920 952 2180 1012 natura.
2238 942 2385 1011 Non
2441 942 2618 1010 enim
2669 964 2747 1009 eo
2800 941 2978 1010 filius
3022 949 3140 1028 est,
3189 965 3323 1034 quo
3374 944 3550 1014 Deus
3576 955 3695 1032 est,
3726 948 3886 1039 quia

457 1063 543 1168 2¹2?
583 1076 670 1106 ¹¹¹⁰·
699 1065 1089 1156 proprietate
1123 1064 1483 1133 nativitatis
1512 1062 1715 1144 filius,
1776 1071 2015 1128 natura
2054 1058 2420 1127 divinitatis
2463 1057 2637 1126 Deus
2680 1064 2777 1125 est
2810 1083 2824 1125 :
2874 1066 2937 1126 et
2980 1064 3199 1127 tamen
3237 1058 3480 1129 dicitur
3523 1070 3758 1131 natura
3780 1065 3882 1133 vel

698 1186 949 1251 naturae
975 1180 1181 1267 filius,
1211 1180 1370 1272 quia
1390 1178 1780 1247 naturaliter
1808 1183 1903 1243 est
1920 1175 2126 1260 filius,
2158 1175 2451 1243 eamdem
2485 1174 2727 1243 scilicet
2755 1174 3003 1243 habens
3030 1182 3361 1263 naturam,
3393 1201 3594 1270 quam
3623 1179 3737 1248 ille
3766 1180 3884 1272 qui

694 1298 946 1386 genuit.
976 1297 1348 1389 Adoptivus
1370 1304 1591 1365 autem
1621 1293 1804 1361 filius
1831 1315 1963 1361 non
2013 1298 2135 1378 est,
2186 1291 2345 1382 quia
2396 1291 2581 1382 prius
2625 1312 2761 1359 non
2805 1291 2957 1378 fuit,
3001 1300 3065 1360 et
3090 1292 3509 1384 postmodum
3542 1294 3888 1386 adoptatus

694 1413 886 1481 estin
917 1412 1161 1499 filium,
1209 1412 1379 1480 sicut
1423 1434 1543 1479 nos
1588 1409 1871 1477 dicimur
1917 1406 2214 1498 adoptivi
2257 1405 2409 1492 filii,
2461 1406 2621 1497 quia
2663 1429 2813 1476 cum
2852 1409 3001 1476 nati
3039 1407 3362 1477 fuerimus
3399 1410 3519 1478 irae
3551 1410 3686 1501 filii
3708 1410 3752 1498 ¹,
3778 1433 3889 1503 per

693 1530 971 1618 gratiam
1000 1530 1153 1597 facti
1182 1552 1255 1596 su
1267 1550 1412 1595 mus
1439 1525 1569 1594 filii
1591 1525 1733 1593 Dei.
1767 1523 2060 1593 Christus
2088 1545 2246 1591 vero
2272 1545 2619 1614 nunquam
2643 1521 2770 1591 fuit
2798 1546 2931 1592 non
2960 1523 3141 1593 filius
3181 1524 3324 1611 Dei,
3377 1533 3440 1594 et
3467 1525 3614 1595 ideo
3642 1546 3777 1596 non
3795 1533 3889 1595 est

696 1646 1046 1736 adoptivus
1072 1644 1277 1713 filius,

487 1830 524 1877 Ο
638 1833 647 1843 ,
784 1763 915 1831 Sed
943 1763 1024 1831 ad
1055 1763 1177 1831 hoc
1205 1759 1562 1852 opponitur
1588 1759 1680 1827 sic
1714 1783 1728 1825 z
1762 1758 2059 1826 Christus
2088 1757 2281 1825 filius
2329 1757 2615 1826 hominis
2642 1765 2763 1845 est,
2793 1758 2859 1826 id
2889 1765 2983 1829 est
3009 1757 3333 1848 Virginis,
3364 1765 3482 1827 aut
3504 1759 3742 1848 gratia,
3775 1768 3890 1828 aut

451 1897 509 1939 tio
527 1845 669 1951 pgffi
693 1888 955 1966 natura,
986 1879 1092 1947 vel
1120 1887 1402 1968 utroque
1430 1876 1626 1945 modo
1662 1899 1677 1941 :
1710 1875 1763 1943 si
1793 1896 1950 1943 vero
1988 1884 2249 1960 natura,
2307 1881 2423 1943 aut
2463 1874 2714 1961 divina,
2760 1882 2876 1944 aut
2919 1874 3214 1943 humana
3246 1899 3261 1941 ι
3300 1874 3412 1943 sed
3443 1875 3669 1944 divina
3700 1897 3834 1945 non
3868 1899 3883 1943 ε

450 1963 668 2066 iii-02⁶⁰&
693 2018 850 2085 ergo
903 2004 1018 2063 aut
1088 1994 1382 2061 humana
1435 2001 1671 2060 natura
1696 2045 1713 2077 ,
1789 1999 1905 2059 aut
1981 2013 2117 2058 non
2188 1998 2428 2059 natura
2486 1999 2582 2059 est
2656 1990 2838 2059 filius
2907 1989 3216 2059 hominis.
3276 1990 3349 2059 Si
3402 2014 3538 2060 non
3590 2000 3832 2062 natura
3867 2045 3887 2079 ,

450 2085 549 2128 ¹⁵¹⁸*
693 2135 849 2201 ergo
875 2112 1088 2200 gratia
1113 2117 1372 2179 tantum
1404 2110 1425 2175 ‘z
1458 2116 1522 2176 et
1549 2108 1603 2175 si
1635 2108 1832 2176 etiam
1874 2115 2115 2175 natura
2154 2106 2470 2194 humana,
2519 2130 2654 2177 non
2696 2108 2841 2176 ideo
2888 2108 3111 2176 minus
3147 2130 3263 2199 per
3292 2107 3593 2198 gratiam.
3629 2108 3706 2176 Si
3734 2131 3888 2215 ergo

690 2229 901 2317 gratia
931 2228 1110 2298 filius
1137 2226 1425 2295 hominis
1454 2233 1572 2311 est,
1605 2224 1953 2314 adoptivus
1980 2223 2161 2291 filius
2189 2246 2324 2293 esse
2354 2224 2641 2309 videtur,
2672 2232 2746 2292 ut
2774 2223 2947 2292 idem
2975 2224 3059 2292 sit
3085 2225 3409 2294 naturalis
3434 2224 3616 2293 filius
3642 2224 3882 2311 Patris,

691 2353 755 2413 et
781 2344 1132 2436 adoptivus
1178 2342 1359 2411 filius
1411 2340 1732 2430 Virginis.
1799 2340 1904 2409 Ad
1958 2340 2141 2431 quod
2198 2340 2328 2409 dici
2376 2347 2610 2431 potest,
2671 2340 3003 2409 Christum
3049 2341 3264 2409 filium
3318 2340 3616 2430 Virginis
3657 2362 3798 2410 esse
3826 2349 3887 2410 et

689 2471 928 2529 natura
953 2460 1060 2528 vel
1088 2457 1501 2541 naturaliter,
1545 2465 1609 2524 et
1648 2456 1892 2545 gratia,
1941 2479 2059 2524 nec
2088 2465 2307 2524 tamen
2338 2457 2684 2547 adoptivus
2725 2456 2907 2525 filius
2944 2456 3242 2546 Virginis
3270 2464 3387 2540 est,
3421 2458 3581 2548 quia
3606 2479 3744 2525 non
3772 2479 3885 2549 per

688 2577 1139 2669 adoptionem,
1176 2575 1287 2642 sed
1310 2596 1424 2666 per
1451 2573 1767 2641 unionem
1800 2572 1982 2640 filius
2018 2572 2309 2661 Virginis
2355 2595 2490 2641 esse
2535 2574 2798 2642 dicitur.
2843 2573 3258 2643 Filius-enim
3286 2573 3588 2663 Virginis
3618 2574 3877 2659 dicitur,

687 2715 764 2761 eo
792 2693 970 2784 quod
998 2692 1066 2759 in
1095 2690 1372 2779 Virgine
1401 2689 1736 2757 hominem
1777 2688 2023 2779 accepit
2065 2688 2135 2755 in
2185 2690 2507 2758 unitatem
2553 2713 2847 2781 personae
2881 2715 2896 2757 :
2944 2697 3007 2759 et
3045 2689 3167 2760 hoc
3211 2690 3340 2758 fuit
3364 2690 3619 2780 gratiae,
3659 2699 3726 2758 et
3752 2711 3883 2763 non

687 2818 965 2877 naturae.
1005 2807 1187 2876 Unde
1214 2806 1653 2894 Augustinus,
1687 2828 1879 2897 super
1904 2807 2258 2892 Ioannem,
2292 2806 2384 2873 ait
2409 2820 2432 2855 ²
2466 2831 2480 2872 :
2524 2833 2557 2870 «
2584 2805 2776 2888 Quod
2804 2807 3201 2897 Unigenitus
3227 2814 3324 2875 est
3353 2807 3632 2899 aequalis
3674 2806 3876 2892 Patri,

686 2952 819 2998 non
850 2936 945 2996 est
967 2927 1216 3017 gratiae,
1251 2926 1363 2993 sed
1390 2935 1642 2994 naturae
1678 2951 1692 2991 ε
1746 2925 1926 3017 quod
1969 2934 2191 2993 autem
2235 2925 2305 2992 in
2353 2926 2605 2994 unitate
2649 2949 2945 3019 personas
2998 2928 3339 3017 Unigeniti
3385 2935 3763 3019 assumptus
3790 2934 3881 2995 est

689 3046 911 3130 hom0‚
942 3043 1171 3133 gratiae
1198 3049 1317 3127 est,
1350 3064 1483 3109 non
1515 3050 1791 3109 naturae.
1830 3066 1865 3106 »
1885 3040 2184 3109 Christus
2212 3063 2368 3131 ergo
2395 3065 2513 3110 nec
2540 3042 2685 3129 Dei,
2718 3067 2835 3112 nec
2863 3043 3150 3112 hominis
3170 3053 3268 3113 est
3291 3043 3647 3136 adoptivus
3673 3043 3877 3130 filius,

685 3161 798 3230 sed
826 3161 944 3229 Dei
971 3159 1382 3244 naturaliter,
1410 3167 1474 3227 et
1499 3157 1783 3227 hominis
1830 3158 2245 3246 naturaliter,
2294 3165 2358 3226 et
2403 3159 2617 3247 gratia
2661 3169 2757 3228 est
2783 3161 3016 3229 Filius.
3070 3161 3263 3242 Quod
3291 3183 3447 3231 vero
3492 3161 3883 3230 naturaliter

684 3276 1080 3345 sithominis
1110 3275 1316 3359 filius,
1360 3276 1775 3364 Augustinus
1800 3280 1822 3314 ³
1848 3274 2128 3343 ostendit
2180 3275 2251 3343 in
2307 3275 2477 3344 libro
2525 3275 2607 3344 de
2663 3276 2828 3345 Fide
2879 3277 2972 3345 ad
3009 3281 3280 3346 Petrum
3319 3303 3341 3344 :
3377 3278 3580 3363 «Ille,
3642 3277 3880 3347 scilicet

690 3394 881 3480 Deus,
933 3393 1141 3461 factus
1183 3402 1279 3461 est
1306 3392 1712 3485 'naturaliter
1753 3391 2043 3460 hominis
2081 3389 2288 3477 filius,
2336 3392 2456 3483 qui
2500 3402 2595 3461 est
2638 3394 3031 3463 naturaliter
3069 3393 3282 3462 Filius
3330 3392 3719 3483 unigenitus
3763 3393 3876 3464 Dei

680 3511 914 3580 Patris.
947 3537 980 3573 »
1008 3509 1197 3592 Quod
1242 3518 1464 3578 autem
1510 3532 1645 3577 non
1689 3509 1773 3576 sit
1812 3508 2161 3601 adoptivus
2203 3508 2412 3595 filius,
2461 3517 2526 3578 et
2567 3516 2786 3578 tamen
2827 3511 3038 3601 gratia
3080 3511 3169 3579 sit
3219 3510 3425 3596 filius,
3477 3533 3558 3579 ex
3597 3511 3877 3579 subditis

681 3628 997 3721 probatur
1039 3625 1446 3696 testimoniis.
1498 3625 1968 3716 HieronymuS,
2023 3647 2217 3716 super
2269 3625 2649 3718 Epistolam
2697 3631 2788 3697 ad
2829 3627 3175 3720 Ephesios,
3205 3627 3298 3695 ait
3325 3632 3346 3669 ⁴
3381 3652 3398 3694 ε
3431 3653 3467 3693 «
3499 3626 3595 3696 De
3625 3626 3876 3697 Christo

679 3745 835 3813 Jesu
862 3744 1180 3835 scriptum
1209 3750 1329 3826 est,
1352 3740 1509 3832 quia
1548 3762 1806 3831 semper
1850 3763 2001 3808 cum
2055 3740 2252 3809 Patre
2295 3741 2448 3829 fuit,
2503 3751 2568 3811 et
2604 3765 2951 3836 nunquam
2997 3767 3174 3831 eum,
3220 3751 3298 3812 ut
3336 3750 3526 3830 esset,
3570 3744 3877 3812 voluntas

682 3868 951 3951 paterna
998 3858 1318 3950 praecessit
1352 3882 1366 3923 :
1400 3865 1463 3925 et
1490 3856 1603 3924 ille
1620 3855 1887 3948 quidem
1916 3864 2156 3926 natura
2197 3856 2409 3927 Filius
2453 3867 2571 3944 est,
2618 3882 2738 3929 nos
2765 3883 2919 3929 vero
2959 3859 3331 3951 adoptione.
3381 3859 3504 3927 Ille
3528 3882 3874 3951 nunquam

679 3999 811 4044 non
839 3976 966 4044 fuit
993 3974 1225 4062 Filius;
1278 3995 1399 4041 nos
1424 3980 1780 4063 autequam
1806 3993 2117 4056 essemus,
2145 3973 2583 4065 praedestinati
2610 3999 2864 4064 sumus,
2898 3983 2962 4044 et
2988 3983 3145 4044 tunc
3173 3976 3477 4068 spiritum
3507 3975 3874 4069 adoptionis

678 4091 1067 4182 accepimus,
1089 4088 1353 4181 quando
1367 4087 1764 4155 credidimus
1783 4088 1853 4155 in
1864 4088 2116 4156 Filium
2128 4089 2312 4157 Dei.»
2323 4090 2617 4160 Hilarius
2630 4114 2922 4185 quoque,
2943 4092 3015 4160 in
3025 4093 3196 4161 libro
3206 4093 3400 4162 tertio
3418 4090 3499 4160 de
3515 4093 3868 4176 Trinitate,

678 4207 771 4274 ait
797 4215 817 4248 ⁸
851 4231 866 4273 ε
900 4232 935 4271 «
967 4204 1288 4273 Dominus
1314 4202 1536 4271 dicens
1563 4231 1577 4271 ε
1619 4203 1941 4294 Glarifica
1964 4204 2189 4294 filium
2222 4217 2434 4290 tuum,
2456 4230 2591 4276 non
2623 4207 2761 4277 solo
2789 4208 3057 4277 nomine
3098 4215 3496 4277 contestatus
3520 4216 3620 4277 est
3647 4231 3715 4278 se
3739 4229 3869 4277 esse

678 4321 926 4390 Filium
962 4321 1106 4406 Dei,
1145 4320 1255 4387 sed
1301 4319 1497 4387 etiam
1543 4319 1957 4410 proprietate.
2006 4319 2142 4388 Nos
2186 4345 2418 4391 sumus
2463 4322 2587 4392 filii
2616 4324 2775 4410 Dei;
2807 4324 2920 4393 sed
2961 4348 3097 4393 non
3150 4324 3297 4394 talis
3349 4325 3456 4393 hic
3480 4324 3719 4395 Filius.
3754 4323 3871 4391 Hic

677 4439 853 4507 enim
882 4461 1076 4507 verus
1103 4446 1166 4506 et
1193 4436 1496 4528 proprius
1523 4443 1618 4504 est
1642 4435 1854 4504 Filius
1879 4437 2159 4526 origine,
2192 4461 2327 4506 non
2355 4438 2701 4531 adoptione
2733 4466 2750 4527 ;
2800 4441 3099 4526 veritate,
3144 4463 3280 4510 non
3321 4441 3814 4533 nuncupatione
3846 4465 3864 4524 ;

678 4555 1042 4640 nativitate,
1075 4576 1210 4622 non
1237 4552 1584 4621 creatione.
1615 4578 1650 4616 »
1687 4553 2105 4642 Augustinus
2145 4555 2369 4642 etiam,
2412 4579 2604 4648 super
2643 4560 2999 4644 Ioannem,
3030 4557 3123 4624 ait
3150 4555 3173 4590 ⁸
3207 4581 3222 4622 ε
3263 4581 3299 4620 «
3325 4555 3459 4625 Nos
3496 4579 3730 4626 sumus
3749 4553 3867 4622 filii

674 4672 909 4761 gratia,
937 4694 1073 4739 non
1100 4679 1338 4738 natura
1370 4694 1386 4737 ε
1419 4669 1818 4757 Unigenitus
1863 4678 2085 4739 autem
2131 4679 2394 4760 natura,
2434 4696 2569 4741 non
2607 4675 2842 4763 gratia.
2891 4674 2999 4741 An
3039 4673 3162 4742 hoc
3206 4674 3404 4742 etiam
3431 4674 3501 4741 in
3531 4673 3675 4764 ipso
3700 4673 3867 4741 Filio

675 4789 756 4855 ad
776 4788 1110 4856 hominem
1140 4785 1552 4853 referendum
1580 4790 1714 4853 est?
1744 4786 1843 4853 Ita
1869 4797 2046 4855 sane.
2072 4789 2505 4859 »Ambrosius
2522 4813 2811 4883 quoque,
2843 4791 2912 4858 in
2936 4790 3151 4883 primo
3177 4791 3349 4859 libro
3367 4789 3448 4858 de
3475 4788 3662 4872 Fide,
3697 4788 3861 4857 ait⁷:

685 4929 720 4970 e<
746 4903 1044 4971 Christus
1073 4902 1253 4970 filius
1279 4910 1535 4969 estnon
1561 4923 1678 4993 per
1704 4901 2147 4994 adoptionem,
2195 4904 2307 4973 sed
2333 4928 2450 4997 per
2478 4914 2808 4992 naturam,
2853 4907 2965 4975 sed
3002 4929 3117 4999 per
3135 4907 3550 4999 adoptionem
3579 4928 3702 4975 nos
3743 4903 3866 4973 filii

676 5019 982 5106 dicimur,
1013 5019 1127 5087 ille
1156 5041 1270 5110 per
1297 5017 1637 5110 veritatem
1667 5028 1922 5087 naturae
1948 5028 2066 5087 est.
2102 5045 2137 5084 »
2164 5020 2263 5088 Ex
2282 5020 2385 5089 his
2413 5022 2749 5091 evidenter
2774 5022 3162 5109 ostenditur,
3193 5023 3372 5116 quod
3398 5022 3699 5092 Christus
3734 5042 3862 5089 non

677 5135 762 5202 sit
802 5135 982 5203 filius
1016 5135 1226 5224 gratia
1255 5133 1624 5225 adoptionis
1659 5159 1674 5201 ε
1706 5134 1824 5202 illa
1870 5137 2049 5204 enim
2075 5138 2289 5226 gratia
2315 5139 2739 5229 intelligitur,
2770 5163 2922 5209 cum
2949 5140 3364 5230 Augustinus
3389 5163 3541 5210 eum
3570 5162 3706 5208 non
3732 5158 3860 5207 esse

574 5357 579 5362 ,
746 5303 979 5368 'Ephes.‚
1001 5317 1061 5367 11,
1087 5307 1133 5353 3.
1153 5330 1215 5341 -
1233 5304 1254 5337 ²
1281 5305 1432 5366 Aug„
1456 5304 1509 5351 in
1531 5304 1674 5351 Joan.
1708 5305 1919 5368 Evany„
1952 5309 2100 5355 tract.
2121 5319 2299 5368 LxxIV,
2319 5321 2373 5358 n.
2403 5311 2450 5359 3.
2477 5335 2538 5345 -
2565 5310 2586 5344 ⁸
2608 5310 2714 5359 lmo
2743 5310 2909 5375 Fulg.,
2938 5310 2998 5360 de
3025 5310 3151 5360 Fide
3174 5310 3245 5360 ad
3265 5311 3427 5371 Petu,
3451 5324 3499 5360 c.
3529 5321 3588 5372 ιι,
3617 5322 3670 5358 n.
3700 5310 3772 5359 ¹⁰.
3799 5329 3857 5343 -

674 5376 695 5412 δ
715 5376 945 5441 Hieron„
977 5376 1163 5425 Corum.
1190 5375 1242 5422 in
1266 5375 1429 5437 nptst.
1452 5373 1522 5422 ad
1538 5372 1744 5437 Ephesu,
1770 5389 1814 5424 c.
1836 5387 1887 5439 1,
1904 5375 1997 5425 tib.
2026 5378 2065 5426 Ι.
2088 5403 2148 5414 -
2166 5378 2188 5413 ⁸
2209 5379 2388 5443 uitat„
2416 5379 2477 5429 de
2502 5380 2703 5441 Triuia,
2729 5381 2822 5431 lib.
2858 5382 2955 5444 ΙΙΙ,
2993 5381 3145 5445 longe
3165 5384 3282 5445 post
3313 5380 3481 5445 princ.
3499 5405 3561 5419 —
3602 5380 3625 5415 ⁸
3651 5379 3850 5443 August-

674 5448 726 5499 in
752 5448 894 5497 loon.
924 5448 1137 5510 Evanq„
1166 5447 1295 5494 tract
1316 5455 1519 5508 uun,
1541 5457 1599 5494 n.
1628 5445 1789 5494 4.—'¹
1817 5446 2014 5510 Ambr„
2042 5447 2104 5497 de
2129 5448 2272 5512 Fide,
2300 5450 2389 5502 lib.
2415 5452 2456 5513 1,
2479 5464 2526 5500 c.
2548 5463 2732 5516 x1x,’n.
2766 5455 2873 5505 ¹26.
