4185 6288
517 430 637 494 400

515 578 677 645 ergo
703 576 895 628 omne
921 559 1094 644 quod
1133 556 1422 624 Christus
1466 555 1733 635 meruit,
1764 556 1847 622 ab
1872 554 2058 622 initio

516 668 756 737 meruit
787 691 804 735 z
846 666 956 732 sed
995 666 1242 731 aditum
1287 664 1478 747 regni
1525 664 1607 729 ab
1648 663 1832 729 initio
1872 663 2060 728 nobis

516 792 649 840 non
690 775 949 852 meruit,
996 772 1280 856 alioquin
1328 789 1460 835 non
1496 771 1878 854 oportuisset
1905 787 2058 834 eum

515 881 647 966 pati
678 902 692 945 ε
727 898 889 963 ergo
937 897 1272 964 nunquam
1314 878 1568 945 videtur
1615 877 1787 962 quod
1813 876 2060 942 aditum

516 987 700 1054 illum
728 988 1033 1072 potuisset
1053 987 1241 1051 nobis
1268 986 1564 1070 deinceps
1591 985 1847 1050 mereri.

597 1103 659 1165 i.
692 1097 874 1179 Item,
928 1102 1042 1162 aut
1083 1097 1339 1179 justum
1384 1101 1522 1161 erat
1574 1095 1759 1160 nobis
1785 1096 2059 1178 januam

516 1204 772 1289 aperiri,
801 1207 915 1269 aut
958 1202 1275 1286 injustum
1307 1221 1324 1267 ε
1354 1202 1408 1266 si
1426 1204 1704 1285 justum,
1733 1219 1914 1282 ergo,
1944 1200 2063 1265 cir·

518 1313 918 1396 cumscriptis
960 1311 1204 1377 meritis
1254 1310 1508 1391 Christi,
1560 1308 1829 1376 debebat
1876 1307 2063 1373 nobis

517 1424 733 1505 patere
753 1420 968 1485 aditus
993 1418 1207 1501 regni3
1243 1418 1297 1482 si
1334 1419 1670 1501 injustum,
1715 1416 1824 1482 sed
1854 1415 2063 1481 Chris-

517 1526 801 1590 tusnibil
832 1526 1073 1591 meruit
1087 1525 1209 1589 nisi
1225 1528 1479 1607 justum
1511 1546 1528 1589 ε
1559 1542 1719 1606 ergo
1755 1542 1890 1589 non
1919 1540 2060 1587 me-

517 1633 652 1698 ruit
674 1632 859 1698 nobis
881 1631 1297 1716 apertionem.

599 1746 662 1807 5.
684 1740 844 1807 Item
881 1739 1153 1806 charitas
1178 1743 1463 1808 meretur
1485 1739 1759 1822 gloriam
1786 1757 1871 1804 ex
1902 1757 2061 1804 con-

516 1849 719 1932 digno
747 1868 765 1915 t
796 1850 906 1915 sed
947 1849 1272 1914 Abraham
1301 1848 1527 1914 habuit
1551 1848 1946 1926 charitatem,
1981 1847 2061 1911 si·

515 1962 625 2023 cut
653 1976 773 2023 nos
795 1956 1106 2022 habemus
1135 1975 1154 2020 z
1183 1974 1344 2037 ergo
1363 1959 1478 2020 aut
1497 1954 1660 2020 Deus
1687 1973 1837 2019 cum
1855 1973 1931 2019 eo
1962 1954 2062 2017 in·

508 2066 683 2148 juste
709 2065 867 2147 egit,
897 2068 1011 2129 aut
1047 2081 1200 2129 eum
1226 2063 1293 2126 in
1336 2061 1611 2144 gloriam
1655 2061 2056 2126 introduxit:

516 2174 651 2238 etsi
676 2172 819 2250 hoc,
849 2173 1060 2238 aditus
1085 2170 1276 2253 regni
1304 2169 1510 2252 patuit
1546 2172 1692 2233 ante
1709 2167 2061 2234 adventum

518 2277 784 2345 Christi:
825 2297 956 2344 non
979 2296 1139 2362 ergo
1169 2282 1388 2362 aperta
1415 2275 1540 2341 fuit
1552 2278 1758 2358 janua
1781 2293 1897 2358 per
1922 2293 2063 2339 me·-

515 2386 641 2452 rita
652 2388 815 2469 ejus.

595 2498 657 2558 6.
684 2492 844 2558 Item
869 2492 1025 2558 fides
1051 2490 1281 2556 Christi
1310 2492 1458 2554 ante
1475 2488 1825 2554 adventum
1852 2486 2059 2553 Chris-

514 2599 567 2664 ti
594 2601 683 2665 ita
706 2598 1143 2665 introducebat
1168 2596 1462 2663 homines
1485 2615 1528 2659 a
1564 2599 1734 2661 statu
1755 2594 1960 2678 culpae
1991 2596 2060 2660 in

515 2711 754 2773 statum
784 2705 1034 2789 gratiae,
1063 2704 1229 2769 sicut
1255 2705 1319 2768 et
1345 2706 1488 2786 post
1519 2701 1870 2768 adventum
1903 2721 1921 2765 ε
1955 2720 2057 2766 er·

517 2830 606 2896 go
651 2817 715 2879 et
742 2813 880 2896 pari
909 2810 1153 2877 ratione
1182 2809 1290 2889 ⁸sic
1324 2809 1546 2874 debuit
1596 2808 1994 2874 introducere
2023 2826 2061 2872 a

519 2925 691 2987 statu
718 2920 845 2987 viae
860 2920 931 2984 in
956 2923 1193 2985 statum
1212 2917 1441 2999 gloriae
1464 2921 1641 2997 tunc,
1670 2917 1832 2981 sicut
1843 2935 2016 2982 nunc
2041 2934 2059 2979 ε

519 3045 681 3109 ergo
707 3029 762 3093 si
790 3047 966 3093 nunc
982 3027 1273 3092 fidelibus
1301 3024 1720 3090 morientibus
1761 3028 1931 3107 patet
1958 3026 2061 3089 in·-

518 3155 781 3221 gressus
796 3135 867 3201 in
894 3133 1152 3215 coelum,
1179 3134 1436 3201 videtur
1452 3131 1624 3217 quod
1652 3136 1800 3198 ante
1825 3133 2063 3199 adven·

515 3248 658 3310 tum
686 3243 915 3310 Christi
933 3261 955 3310 :
970 3261 1130 3325 ergo
1152 3245 1355 3328 janua
1381 3242 1669 3308 coelinon
1690 3241 1812 3306 fuit
1838 3245 2059 3324 aperta

515 3371 633 3437 per
649 3355 793 3437 ejus
816 3350 1068 3417 merita.

1058 3581 1510 3651 CONCLUSIO.

519 3749 756 3809 Christus
774 3763 876 3823 per
907 3763 1061 3805 mum
1090 3748 1341 3803 meritum
1375 3747 1574 3803 meruit
1609 3744 1765 3802 nobis
1800 3745 2061 3818 paradisi

611 3840 838 3897 ccelesiis
863 3840 1227 3912 apertionem,
1256 3838 1390 3908 quia
1411 3839 1630 3909 peccato
1667 3837 1955 3905 satisfecit.

597 3999 785 4083 Resp.
813 3997 893 4063 ad
918 4014 1062 4078 arg.
1090 3996 1189 4061 Ad
1216 3994 1670 4079 praedictorum
1696 3994 2060 4077 intelligen-

515 4213 754 4294 restris,
792 4215 857 4277 et
908 4213 1004 4276 est
1053 4208 1383 4293 paradisus
1409 4207 1707 4287 coelestis3
1747 4212 1812 4273 et
1853 4208 2059 4274 Adam

516 4323 816 4406 peccante
865 4316 1202 4399 utriusque
1219 4316 1428 4398 ‚ianua
1456 4314 1671 4379 clausa
1695 4314 1840 4379 fuit.
1872 4314 2062 4381 Clau-

518 4428 617 4495 sio
638 4429 854 4493 autem
874 4425 1096 4508 J‘anuae
1136 4423 1410 4507 paradisi
1436 4422 1767 4505 {terrestris
1795 4422 2061 4505 signum

517 4535 643 4603 fuit
666 4531 1007 4600 clausionis
1044 4532 1267 4615 januae
1314 4529 1589 4615 paradisi
1636 4529 1923 4594 coelestis.
1951 4530 2063 4596 Est

518 4649 737 4712 autem
762 4639 1095 4727 paradisus
1119 4638 1389 4704 coelestis
1430 4640 1649 4721 aperta
1695 4637 1862 4702 visio
1901 4638 2056 4705 Dei:

517 4751 759 4820 clausio
784 4754 998 4815 autem
1024 4746 1462 4829 huJusjanuae
1488 4744 1612 4809 fuit
1656 4744 2061 4829 impossibili-

519 4864 617 4927 tas
641 4857 898 4926 videndi
924 4855 1127 4922 Deum
1149 4854 1326 4938 Jtacie
1353 4852 1712 4934 adfaciem,
1753 4870 1901 4936 quae
1937 4854 2064 4917 im·-

519 4965 896 5054 possibilitas
946 4962 1376 5045 consurgebat
1416 4977 1502 5025 ex
1549 4960 1778 5025 merito
1821 4961 2062 5043 peccati

519 5075 702 5155 Adae,
740 5078 805 5140 et
840 5091 924 5139 ex
952 5071 1206 5137 decreto
1247 5069 1486 5135 divinae
1527 5069 1855 5134 sententiae
1873 5115 1896 5149 ,
1927 5087 2062 5154 quo

517 5182 756 5249 scilicet
806 5180 978 5247 Deus
1026 5179 1558 5244 determinaverat
1608 5176 1935 5242 neminem
1979 5176 2062 5242 ad

517 5293 626 5361 sui
646 5295 970 5376 aspectum
995 5287 1350 5370 admittere,
1376 5286 1502 5351 nisi
1525 5285 1690 5351 facta
1740 5291 1906 5351 esset
1938 5285 2062 5351 sibi

519 5396 792 5470 emenda
817 5401 883 5462 et
928 5394 1266 5461 satisfactio
1310 5410 1426 5476 pro
1466 5391 1576 5458 illo
1622 5397 1877 5475 peccato
1923 5408 1945 5457 ε
1995 5396 2061 5459 et

1603 418 2225 489 SENTENTIARUM
2263 419 2415 489 Lm.
2461 420 2570 487 111.

2165 555 2470 640 quoniam
2482 555 2753 623 emenda
2769 561 2834 623 et
2853 558 3193 626 satisfactio
3208 559 3372 627 facta
3397 566 3493 627 est
3508 563 3572 628 ei
3597 582 3709 646 per

2166 662 2512 745 Christum,
2542 665 2705 732 sicut
2728 666 2959 732 melius
2985 668 3152 733 infra
3177 668 3706 747 manifestabitur,

2166 770 2318 836 hinc
2369 775 2464 836 est
2515 773 2686 856 quod
2717 792 2832 857 per
2885 776 3188 840 meritum
3237 775 3466 841 Christi
3507 776 3712 861 patuit

2167 879 2353 944 nobis
2380 880 2710 962 ingressus
2737 881 2805 944 in
2832 881 3091 948 coelum.
3154 882 3332 948 Unde
3361 883 3706 949 conceden-

2167 986 2267 1052 dae
2296 993 2446 1053 sunt
2493 990 2773 1056 rationes
2800 995 2865 1057 et
2914 992 3353 1073 auctoritates,
3385 1010 3533 1076 quae
3589 993 3710 1059 hoc

2168 1096 2535 1161 ostendunt.

2251 1209 2309 1267 1.
2341 1203 2441 1268 Ad
2484 1203 2639 1268 illud
2669 1222 2822 1269 vero
2849 1205 3022 1288 quod
3048 1206 3393 1289 opponitur
3417 1207 3497 1272 de
3525 1224 3708 1289 para·

2168 1309 2306 1374 diso
2329 1310 2565 1375 coelesti
2604 1315 2669 1375 et
2694 1312 2997 1392 terrestri,
3027 1312 3368 1377 dicendum
3390 1314 3563 1397 quod
3597 1333 3710 1396 per

2170 1417 2474 1481 meritum
2499 1417 2727 1482 Christi
2756 1421 2964 1502 patuit
2987 1420 3173 1484 nobis
3194 1421 3406 1484 aditus
3435 1420 3505 1483 in
3523 1438 3708 1503 para-

2168 1523 2379 1589 disum
2417 1526 2733 1592 coelestem
2753 1575 2773 1607 ,
2803 1529 2989 1610 quus
3020 1530 3242 1609 januae
3285 1527 3524 1593 clausio
3549 1529 3710 1593 facta

2168 1631 2295 1696 fuit
2341 1633 2530 1698 nobis
2581 1652 2697 1717 per
2742 1633 3032 1700 divinam
3094 1636 3499 1714 sententiam,
3550 1637 3714 1700 sicut

2169 1740 2544 1824 praedictum
2570 1746 2685 1822 est,
2717 1746 2782 1807 et
2806 1740 3109 1825 Magister
3130 1742 3352 1808 recitat
3378 1742 3702 1808 inlittera:

2170 1847 2426 1927 propter
2452 1843 2574 1910 hoc
2622 1845 2785 1910 ratio
2812 1846 3072 1911 inducta
3096 1845 3384 1929 procedit
3408 1863 3525 1929 per
3555 1863 3713 1930 sup-

2169 1950 2546 2032 positionem
2578 1953 2718 2016 falsi
2731 2000 2748 2017 .

2249 2064 2310 2125 2.
2344 2057 2441 2124 Ad
2464 2058 2622 2125 illud
2647 2061 2819 2143 quod
2846 2061 3182 2144 quaeritur,
3215 2065 3440 2127 utrum
3467 2080 3714 2128 merue-

2169 2164 2255 2228 rit
2303 2166 2489 2230 nobis
2543 2168 2934 2250 apertionem
2979 2171 3206 2252 januae
3256 2168 3504 2234 actione
3535 2215 3551 2246 ‚
3612 2168 3716 2235 vel

2170 2272 2485 2354 passione,
2530 2274 2869 2340 dicendum
2915 2276 3086 2359 quod
3132 2295 3247 2358 per
3291 2276 3648 2360 passionem
3690 2298 3707 2340 ε

2172 2397 2285 2463 per
2334 2382 2692 2464 passionem
2738 2383 2912 2448 enim
2959 2383 3280 2464 satisfecit,
3333 2389 3397 2450 et
3434 2385 3713 2468 pretium

2172 2488 2493 2570 persolvit.
2527 2487 2655 2555 Nec
2679 2491 2973 2574 sequitur
2997 2491 3168 2574 quod
3217 2493 3476 2575 propter
3501 2491 3713 2556 hocin

2171 2596 2398 2660 merito
2442 2598 2806 2680 profecerit3
2838 2597 2991 2681 quia
3038 2617 3168 2664 non
3196 2598 3338 2679 sibi,
3376 2598 3486 2663 sed
3532 2598 3716 2662 nobis

2171 2704 2411 2768 meruit
2457 2725 2473 2767 ε
2519 2708 2582 2768 et
2606 2704 2749 2769 ideo
2779 2723 2909 2770 non
2936 2710 3140 2789 potest
3167 2705 3460 2770 concludi
3487 2723 3571 2770 ex
3592 2703 3717 2768 hoc

2169 2811 2342 2893 quod
2363 2811 2497 2894 ipse
2522 2812 2879 2894 profecerit,
2924 2814 3033 2878 sed
3056 2814 3229 2897 quod
3275 2831 3396 2878 nos
3428 2814 3712 2896 profece-

2169 2915 2395 2983 rimus.

2251 3030 2312 3090 3.
2342 3024 2438 3090 Ad
2466 3026 2624 3092 illud
2665 3028 2839 3110 quod
2866 3027 3248 3112 opponitur,
3295 3028 3467 3111 quod
3515 3028 3707 3092 meri-

2170 3137 2314 3200 tum
2340 3135 2626 3200 consistit
2649 3139 2860 3202 totum
2891 3137 2958 3201 in
2985 3137 3193 3202 radice
3239 3136 3587 3215 charitatis,
3617 3137 3719 3203 di-

2169 3243 2442 3308 cendum
2476 3243 2648 3326 quod
2676 3249 2768 3308 est
2827 3244 3131 3308 meritum
3183 3244 3533 3327 adeptionis
3559 3244 3715 3309 vitae

2168 3353 2454 3428 aeternae,
2482 3354 2547 3414 et
2600 3355 2697 3415 est
2727 3351 3026 3415 meritum
3064 3349 3454 3414 dimissionis
3476 3367 3710 3434 poenae.

2171 3455 2470 3521 Meritum
2519 3457 2671 3523 vitae
2721 3463 2982 3523 aeternae
3038 3458 3326 3522 consistit
3378 3458 3451 3521 in
3502 3458 3714 3524 radice

2169 3563 2524 3645 charitatis;
2557 3564 2862 3630 meritum
2887 3568 3105 3630 autem
3147 3564 3545 3630 remissionis
3572 3583 3716 3649 poe-

2170 3689 2275 3737 nae
2301 3690 2434 3738 non
2484 3675 2736 3737 tantum
2788 3671 3074 3737 consistit
3123 3671 3194 3735 in
3236 3672 3544 3737 charitate
3558 3721 3578 3753 ,
3605 3675 3715 3739 sed

2168 3781 2363 3844 etiam
2415 3781 2484 3844 in
2536 3780 2848 3863 passionis
2898 3778 3260 3844 acerbitate.
3302 3779 3565 3861 Apertio
3590 3799 3716 3846 au-

2169 3890 2300 3953 tem
2339 3889 2559 3971 januae
2599 3886 3029 3969 principaliter
3079 3886 3457 3952 consistebat
3503 3905 3710 3971 quan·

2135 3997 2309 4075 ,tum
2336 3994 2418 4058 ad
2448 3994 2750 4059 meritum
2795 3994 3181 4060 dimissionis
3205 4011 3413 4078 poenae
3436 4042 3455 4071 ‚
3485 4013 3602 4079 pro
3637 4013 3712 4062 eo

513 4107 673 4174 tiam
697 4108 791 4172 est
814 4103 1167 4170 notandum
1183 4151 1200 4182 ,
1233 4102 1406 4185 quod
1431 4104 1526 4166 est
1572 4101 1903 4185 paradisus
1929 4107 2060 4166 ter·
2123 4092 2137 4109 ⁸

2167 4101 2343 4185 quod
2368 4101 2477 4165 illa
2501 4103 2743 4185 apertio
2778 4101 2920 4166 fleri
2947 4101 3223 4167 habebat
3248 4120 3363 4185 per
3415 4120 3579 4185 opus
3616 4120 3713 4167 sa·

2168 4208 2538 4274 tisfaetionis
2568 4228 2585 4272 ε
2616 4208 2954 4273 satisfactio
2970 4212 3188 4275 autem
3203 4210 3277 4274 tlt
3298 4208 3587 4275 maxime
3601 4227 3714 4294 per

2169 4331 2364 4399 opera
2387 4313 2688 4399 poenalia.

2248 4430 2313 4490 4.
2344 4424 2444 4489 Ad
2470 4425 2627 4490 illud
2656 4425 2832 4509 quod
2852 4426 3219 4510 opponitur,
3249 4427 3421 4509 quod
3447 4430 3560 4492 aut
3578 4432 3714 4493 erat

2161 4532 2440 4615 justum,
2464 4535 2579 4597 aut
2605 4532 2917 4615 injustum
2944 4533 3128 4598 nobis
3153 4536 3425 4616 J'anuam
3451 4534 3709 4619 aperiri,

2169 4639 2511 4705 dicendum
2558 4640 2731 4724 quod
2770 4644 2921 4705 ante
2968 4640 3482 4721 satisfactionem,
3528 4645 3714 4708 reatu

2170 4752 2490 4829 manente,
2506 4750 2758 4831 justum
2785 4752 2923 4812 erat
2949 4751 3218 4833 januam
3245 4749 3431 4813 nobis
3454 4749 3660 4814 claudi
3689 4770 3705 4827 ;

2169 4857 2281 4921 sed
2307 4856 2725 4922 satisfactione
2731 4858 2872 4940 jam
2897 4855 3079 4933 facta,
3095 4857 3348 4939 justum
3371 4859 3509 4921 erat
3531 4855 3712 4922 nobis

2162 4965 2438 5047 januam
2460 4964 2718 5047 aperiri.
2748 4961 2925 5029 Unde
2964 4963 3250 5028 Christus
3274 4963 3709 5029 satisfaciendo

2170 5073 2317 5138 fecit
2342 5072 2526 5138 nobis
2573 5072 2653 5138 de
2679 5071 2958 5138 indebito
3000 5071 3287 5137 debitum
3302 5119 3323 5151 ,
3354 5090 3430 5138 ac
3452 5089 3569 5155 per
3589 5072 3711 5137 hoc

2170 5196 2324 5246 vere
2346 5184 2413 5244 et
2435 5178 2690 5263 proprie
2706 5178 2888 5244 nobis
2912 5178 3150 5245 meruit
3173 5178 3406 5262 aperiri
3445 5178 3704 5246 coelum.

2170 5283 2370 5366 Unde,
2394 5303 2545 5350 cum
2582 5285 2821 5351 dicitur
2859 5285 3033 5370 quod
3078 5284 3362 5351 Christus
3386 5285 3552 5350 nihil
3575 5303 3708 5350 me-

2170 5392 2306 5461 ruit
2329 5391 2668 5476 iniustum,
2720 5392 3060 5459 dicendum
3114 5392 3288 5475 quod
3329 5392 3486 5458 illud
3513 5391 3701 5460 babet
