4185 6288
75 3901 230 3948 Roud-

64 3965 238 4023 duplex.

1543 414 1922 485 mSTlNc'r.
1967 415 2186 484 xvln.

1911 553 2216 635 cognitus
2251 568 2458 636 usque
2484 555 2626 635 post
2665 552 3049 634 passionem.
3080 551 3196 618 Vel
3222 552 3406 619 aliter
3439 572 3454 615 z
3505 551 3703 656 ⁸3:³2²·oe

1912 658 2024 725 Est
2071 659 2300 725 notitia
2354 657 2637 724 nominis
2684 656 2925 741 duplex
2954 679 2971 723 ε
3002 665 3323 742 quantum
3378 659 3459 725 ad
3487 675 3674 719 muoso.

902 589 1043 638 DUE-
1083 590 1151 636 n.

322 699 506 753 Mer-uit
533 697 632 752 sibi
658 697 841 750 donari
871 710 1067 750 nomen
1078 731 1097 760 ‚
1124 695 1265 762 quod
1292 697 1372 746 est
1397 706 1554 760 super
1584 705 1740 745 omne

944 781 1155 822 nomen.

341 882 475 950 Hoc
500 883 755 950 videtur
780 900 916 947 8888
933 881 1187 959 falsum,
1208 879 1362 964 quia
1379 896 1620 944 nomen
1646 877 1807 943 illud

254 991 434 1076 quod
479 995 797 1073 estsuper
821 1006 1014 1055 omne
1035 1006 1299 1067 nomen,
1326 986 1555 1051 habuit
1604 985 1687 1049 ab
1727 1003 1809 1049 18-

256 1103 467 1165 terno.
496 1096 563 1162 Si
587 1101 667 1162 tu
702 1097 875 1162 dicas
899 1096 1072 1180 quod
1126 1092 1363 1161 meruit
1387 1091 1572 1157 istius
1595 1091 1808 1158 nomi·

255 1204 366 1269 nis
389 1202 960 1268 manitestationem
984 1202 1053 1266 111
1078 1202 1367 1266 1111188118
1393 1204 1655 1280 natura,
1685 1200 1811 1264 hoc

257 1293 667 1379 videturesse
691 1309 948 1387 salsum,
973 1309 1130 1391 quia
1150 1308 1475 1374 daemones
1500 1307 1568 1372 in
1592 1307 1810 1375 Evan-

260 1420 437 1503 gelio
464 1420 835 1503 frequenter
863 1417 1155 1482 dicebant
1182 1417 1397 1501 ipsum
1422 1434 1560 1482 esse
1602 1417 1811 1482 fllium

267 1525 402 1605 Dei,
434 1527 603 1591 sicut
647 1525 972 1608 colligitur
1014 1542 1098 1589 ex
1142 1524 1366 1590 multis
1414 1524 1568 1590 locis
1603 1541 1623 1588 z
1653 1541 1813 1606 ergo

260 1635 402 1715 jam
424 1649 664 1697 nomen
689 1634 833 1714 ejus
857 1635 1007 1695 ante
1033 1631 1395 1713 passionem
1442 1632 1578 1696 erat
1603 1628 1813 1693 mani-

266 1738 592 1803 testatum.
623 1738 804 1818 Item,
828 1739 899 1802 in
925 1737 1070 1818 lege
1097 1737 1450 1819 promissus
1461 1741 1596 1801 erat
1618 1735 1817 1801 Filius

270 1843 405 1925 Dei,
432 1846 598 1910 81081
621 1844 854 1909 (1101181
877 1845 897 1879 ¹
930 1862 950 1907 2
1003 1843 1341 1911 Vocabitur
1376 1843 1815 1923 admirabilis,

268 1952 693 2020 consiliarius
713 1999 734 2031 ,
782 1952 958 2017 Deus
1010 1950 1224 2031 sortis.
1271 1950 1469 2029 Item,
1506 1969 1700 2033 super
1743 1949 1817 2014 il-

269 2059 580 2148 1811(α)“;
614 2057 697 2124 Si
730 2060 1203 2141 coqnovisscm,
1236 2063 1382 2137 etc.‚
1413 2058 1564 2123 dicit
1606 2058 1820 2124 Glossa

272 2164 449 2247 quod
491 2165 769 2245 majores
805 2162 1013 2228 Judaei
1053 2164 1411 2243 sciverunt,
1443 2164 1616 2246 quod
1656 2168 1823 2230 esset

274 2271 596 2337 Christus:
614 2288 772 2352 ergo
796 2270 1051 2336 videtur
1079 2271 1249 2354 quod
1266 2288 1504 2335 nomen
1517 2272 1820 2353 ejusante

274 2380 637 2463 passionem
675 2377 867 2442 1118111
901 2377 1402 2442 manifestatum.
1448 2376 1571 2443 Sed
1602 2382 1823 2443 contra

277 2489 399 2552 1100
440 2490 536 2552 881
570 2486 743 2569 quod
778 2484 1010 2551 dicitur
1060 2485 1138 2568 (b)
1180 2503 1198 2549 ε
1242 2485 1314 2552 Si
1358 2488 1819 2570 evomuissent,

275 2606 612 2673 nunquam
631 2590 871 2657 Filium
895 2591 1019 2656 Dei
1053 2593 1553 2674 crucifixissent.
1586 2592 1664 2657 Et
1697 2594 1824 2657 An-

275 2698 539 2775 selmus,
562 2697 635 2761 in
660 2696 825 2762 libro
853 2696 980 2763 Gur
1003 2698 1175 2766 Deus
1202 2699 1406 2779 home,
1436 2699 1586 2765 dicit
1607 2700 1630 2736 ⁸
1651 2700 1824 2783 quod

279 2810 531 2870 tantum
577 2803 785 2870 scelus
804 2852 826 2884 ,
867 2805 1032 2870 81081
1071 2812 1169 2871 881
1212 2806 1352 2872 Filii
1397 2808 1507 2873 Dei
1552 2807 1778 2873 occisio
1801 2857 1820 2889 ,

276 2930 616 2995 nunquam
660 2929 774 2995 per
807 2912 1247 2995 poenitentiam
1275 2914 1662 2998 expiassent,
1699 2915 1822 2979 nisi

277 3019 642 3102 ignorantia
665 3023 1047 3085 excusasset.

356 3124 543 3211 Resp.
573 3124 930 3192 Dicendum
957 3128 1129 3211 quod
1152 3128 1393 3213 absque
1421 3130 1616 3195 dubio
1643 3129 1824 3195 Chri-

275 3241 418 3302 stus
435 3252 554 3318 per
578 3234 941 3318 passionem
958 3254 1146 3300 suam
1168 3238 1407 3302 meruit
1431 3238 1532 3303 sui
1544 3238 1827 3303 nominis

278 3341 817 3406 clarificationem.
857 3339 1231 3409 Clariflcatio
1272 3348 1488 3409 autem
1543 3345 1827 3410 nominis

191 3470 197 3475 ·
280 3448 482 3532 ipsius
508 3447 738 3513 Christi
760 3448 829 3512 in
855 3449 980 3514 1100
1001 3450 1308 3531 consistit,
1337 3453 1510 3535 quod
1544 3471 1829 3519 commu·

280 3557 449 3622 niter
469 3556 764 3621 homines
779 3557 1080 3624 noverint
1102 3558 1309 3641 illum,
1326 3561 1440 3643 qui
1459 3562 1526 3626 in
1540 3563 1829 3629 humana

283 3667 519 3730 natura
560 3664 928 3748 apparebat,
956 3684 1094 3731 esse
1139 3666 1375 3732 Filium
1428 3668 1559 3750 Dei,
1588 3673 1653 3735 et
1700 3670 1829 3737 Re-

285 3776 682 3857 demptorem
707 3775 956 3841 mundi.
988 3776 1087 3841 Ad
1110 3776 1271 3844 illud
1297 3797 1453 3846 vero
1475 3782 1646 3864 quod
1673 3782 1776 3865 obj
1786 3783 1831 3846 i·

286 3882 474 3963 citur,
503 3882 675 3965 quod
688 3883 848 3948 illud
868 3884 1008 3966 jam
1041 3887 1273 3952 notum
1298 3891 1456 3967 erat,
1489 3889 1831 3956 dicendum

285 3989 459 4074 quod
508 3993 603 4054 881
652 3990 879 4056 notitia
928 3993 1121 4071 certa,
1171 3994 1238 4056 et
1282 3996 1379 4060 est
1442 3995 1668 4060 notitia
1718 4014 1833 4080 per

284 4094 612 4180 quandam
635 4097 1073 4180 conjecturam
1104 4102 1208 4165 :et
1230 4099 1512 4167 Christus
1525 4106 1670 4167 ante
1685 4122 1829 4187 pas-

284 4203 531 4268 sionem
572 4203 871 4286 cognitus
917 4204 1038 4270 fuit
1079 4205 1316 4271 habere
1349 4226 1589 4275 nomen
1607 4257 1626 4290 ,
1660 4196 1833 4294 quod

286 4308 384 4372 est
404 4323 601 4388 super
624 4323 817 4372 omne
832 4323 1096 4387 nomen,
1122 4309 1349 4375 notitia
1387 4313 1829 4396 conJectura1i3

289 4412 401 4477 sed
446 4412 675 4477 notitia
714 4413 1138 4480 certitudinali
1188 4434 1324 4483 non
1364 4422 1461 4483 est
1510 4420 1830 4503 cognitus,

291 4517 415 4583 nisi
438 4523 582 4603 post
604 4520 967 4604 passionem
997 4544 1013 4586 ε
1038 4527 1104 4588 81
1135 4540 1250 4607 per
1276 4523 1400 4590 hoc
1417 4525 1676 4592 dissolvi
1694 4545 1837 4611 pos—

291 4630 447 4690 sunt
482 4627 764 4693 rationes
804 4631 869 4692 et
916 4630 1318 4696 880101118188
1360 4632 1442 4697 ad
1492 4635 1837 4718 utramque

3307 408 3454 485 ’388

1912 781 2162 845 vocem,
2190 768 2256 830 et
2280 767 2596 848 quantum
2616 761 2697 827 ad
2724 762 3092 846 imponendi
3104 763 3419 829 rationem
3440 785 3456 829 t

1913 877 2233 957 quantum
2259 873 2341 938 ad
2366 891 2617 953 vocem,
2663 889 2818 936 cum
2845 871 3252 955 cognoscitur
3292 872 3464 956 quod

1914 979 2148 1063 aliquis
2199 981 2291 1045 sic
2320 985 2585 1047 vocetur
2615 1001 2630 1045 ε
2676 980 2858 1044 81810
2898 980 3087 1045 multi
3136 996 3464 1062 cognove-

1916 1089 2072 1149 runt
2085 1086 2409 1151 Christum
2427 1086 2644 1152 vocari
2663 1085 2694 1150 J
2698 1104 2884 1151 esum
2902 1090 3051 1152 81118
3068 1087 3429 1170 passionem
3446 1105 3466 1165 ;

1918 1194 2029 1259 sed
2070 1195 2387 1259 rationem
2425 1196 2496 1277 (0)
2528 1213 2729 1278 quare
2771 1194 2862 1258 sic
2907 1199 3264 1275 vocaretur,
3290 1193 3469 1260 vide-

1911 1302 2056 1367 11081
2101 1302 2257 1385 quia
2297 1307 2561 1368 venerat
2583 1303 2605 1337 ⁴
2632 1303 2887 1369 salvare
2926 1302 3014 1383 (d)
3044 1302 3357 1386 populum
3395 1302 3467 1382 (e)

1921 1427 1965 1477 a
2001 1411 2284 1492 peccatis
2328 1426 2568 1490 eorum,
2596 1427 2729 1475 non
2755 1413 3202 1492 cognoverunt
3255 1426 3464 1492 usque

1921 1521 2063 1600 post
2101 1517 2481 1600 passionem.
2513 1516 2594 1582 Et
2638 1517 2732 1582 sie
2779 1517 3145 1583 clarificatio
3191 1516 3476 1582 nominis

1923 1623 2153 1691 Christi
2191 1629 2288 1690 est
2339 1625 2762 1691 manifestatio
2805 1624 3193 1708 cognitionis
3236 1623 3474 1689 habitae

1923 1730 2002 1796 de
2029 1730 2301 1812 Christo,
2329 1750 2460 1815 qua
2487 1732 2897 1815 cognoscitur
2943 1750 3080 1797 esse
3101 1730 3211 1797 Dei
3243 1730 3470 1812 Filius,

1923 1842 1989 1904 et
2010 1837 2317 1917 Christus,
2367 1843 2431 1903 et
2474 1839 2655 1904 Jesus
2685 1860 2704 1906 ε
2735 1843 2799 1905 81
2828 1839 3154 1923 quodlibet
3206 1838 3478 1905 istorum

1925 1950 2023 2010 est
2068 1964 2310 2011 nomen
2362 1947 2534 2029 quod
2585 1951 2681 2012 est
2726 1965 2921 2030 super
2962 1964 3156 2012 omne
3208 1964 3476 2014 nomen.

1925 2050 2089 2121 Nam
2116 2053 2336 2120 Filius
2359 2054 2488 2120 Dei
2532 2054 2823 2120 nominat
2864 2072 3203 2137 personam
3250 2055 3319 2118 in
3343 2072 3480 2119 8118

1928 2162 2195 2238 1181818;
2228 2160 2523 2228 Christus
2554 2164 2773 2225 autem
2822 2164 2886 2224 81
2934 2160 3116 2228 Jesus
3139 2160 3479 2225 nominant

1928 2288 2269 2354 personam
2317 2270 2389 2335 in
2415 2270 2667 2336 duabus
2692 2270 2946 2336 naturis
2976 2292 2993 2334 ε
3045 2269 3154 2335 sed
3184 2269 3482 2338 Christus

1929 2379 2220 2443 nominat
2248 2396 2587 2462 personam
2628 2379 2697 2443 in
2736 2378 3027 2443 humana
3061 2379 3293 2440 natura
3316 2375 3494 2442 rela-'

1929 2487 2065 2551 18111
2091 2485 2172 2550 ad
2200 2483 2509 2565 divinam,
2540 2483 2697 2567 quia
2741 2483 3032 2550 Christus
3060 2482 3295 2547 dicitur
3320 2501 3481 2548 unc-

1934 2594 2081 2671 tus;
2111 2592 2296 2658 ,Iesus
2324 2594 2543 2657 autem
2585 2591 2875 2657 nominat
2918 2609 3256 2675 personam
3282 2591 3351 2655 in
3378 2591 3484 2656 di-

1931 2698 2087 2764 vina
2112 2703 2342 2763 natura
2362 2698 2629 2763 relatam
2651 2699 2732 2765 ad
2766 2699 3150 2779 humanam,
3198 2699 3353 2782 quia
3377 2698 3484 2765 Je-

1931 2819 2045 2872 sus
2071 2804 2305 2872 dicitur
2336 2804 2630 2873 Salvator
2660 2824 2800 2873 esse
2827 2829 2845 2872 ι
2869 2809 2934 2872 81
2956 2806 3100 2873 ideo
3115 2806 3187 2871 in
3219 2805 3487 2872 nomine

1930 2911 2083 2977 Jesu
2108 2911 2340 2978 Christi
2364 2913 2548 2978 debet
2573 2932 2766 2979 omne
2793 2931 2972 2996 genu
2998 2913 3281 2994 curvari,
3320 2914 3486 2978 sicut

1933 3019 2004 3084 in
2030 3018 2292 3085 nomine
2321 3018 2466 3085 Filii
2489 3019 2622 3086 Dei.
2654 3019 2733 3086 Et
2752 3039 2868 3104 per
2893 3021 3016 3086 hoc
3041 3023 3214 3105 patet
3230 3037 3484 3103 respon·

1934 3128 2029 3194 sio
2055 3128 2138 3194 ad
2162 3129 2587 3213 quaestionem
2607 3127 3033 3213 propositam:
3065 3129 3219 3212 quia
3243 3147 3479 3195 nomen

1935 3235 2078 3304 Filii
2108 3237 2222 3303 Dei
2265 3238 2602 3322 tripliciter
2639 3239 2871 3305 dicitur
2896 3238 3229 3304 clarificari
3252 3256 3485 3304 secun-

1934 3343 2094 3410 dum
2129 3348 2275 3429 ejus
2315 3346 2551 3430 triplex
2577 3365 2839 3428 nomen,
2874 3346 3010 3412 sive
3036 3351 3355 3431 quantum
3404 3345 3485 3411 ad

1936 3454 2477 3535 certificationem,
2527 3455 2667 3523 sive
2709 3459 3026 3538 quantum
3072 3455 3154 3520 ad
3195 3453 3487 3520 (111111810-

1936 3579 2114 3643 nem,
2161 3563 2297 3629 sive
2344 3567 2664 3647 quantum
2689 3563 2771 3628 ad
2815 3563 3083 3628 rationis
3110 3562 3485 3627 nominandi

1938 3670 2410 3752 expressionem
2439 3693 2455 3735 1
2494 3670 2585 3734 118
2639 3669 2812 3754 quod
2837 3669 3199 3735 certificatio
3235 3669 3491 3753 respicit

1937 3777 2232 3843 notitiam
2261 3778 2540 3863 nominis
2585 3776 2730 3843 Filii
2754 3776 2887 3858 Dei,
2915 3776 3173 3842 diffusio
3196 3775 3491 3841 notitiam

1941 3885 2224 3951 nominis
2248 3885 2500 3964 Christi,
2530 3884 2855 3968 expressio
2882 3884 3145 3948 rationis
3159 3883 3494 3950 nominan-

1941 3993 2006 4058 di
2032 3992 2326 4058 notitiam
2378 3991 2659 4057 nominis
2695 3990 2874 4056 Jesu.
2933 3989 3115 4057 Patet
3136 3991 3329 4057 etiam
3357 4008 3493 4055 res-

1941 4099 2167 4184 ponsio
2192 4099 2273 4164 ad
2297 4099 2545 4182 objecta
2563 4146 2582 4179 ,
2634 4098 2787 4182 quia
2815 4098 3100 4164 Christus
3139 4098 3494 4164 secundum

1942 4206 2083 4273 haec
2108 4206 2232 4272 tria
2258 4206 2522 4272 nomina
2545 4205 2669 4271 fuit
2697 4207 2997 4288 cognitus
3024 4205 3305 4287 quodam
3349 4223 3494 4270 mo·

1942 4315 2060 4394 do;
2088 4313 2214 4380 fuit
2237 4312 2431 4379 etiam
2452 4313 2734 4398 quodam
2761 4312 2952 4379 modo
2978 4313 3337 4396 ignoratus.
3379 4311 3493 4378 Se-

1942 4421 2236 4487 cundum
2300 4439 2452 4487 eum
2515 4419 2806 4499 modum,
2873 4419 3228 4485 secundum
3292 4436 3488 4503 quem

1943 4528 2282 4612 ignoratus
2305 4527 2453 4608 fuit,
2481 4527 2719 4593 meruit
2738 4544 2977 4592 nomen
2992 4544 3186 4593 suum
3212 4544 3330 4611 per
3346 4543 3495 4611 pas-

1944 4635 2192 4703 sionem
2218 4633 2700 4701 clarificandum
2727 4651 2887 4699 esse.

89 4780 269 4826 Nouu-
297 4736 568 4816 partem.
598 4732 713 4799 Vel
754 4734 940 4799 aliter
969 4734 1129 4801 :Est
1162 4737 1390 4803 notitia
1434 4738 1835 4826 universalis,

53 4843 273 4949 2²:35¹·
297 4844 484 4905 otest
509 4840 736 4906 notitia
773 4842 1177 4925 particularis
1222 4865 1239 4908 ε
1274 4846 1573 4928 quamvis
1617 4852 1837 4917 autem

224 4934 237 4945 ’
298 4946 583 5013 Christus
632 4954 798 5016 esset
832 4954 1027 5017 notus
1080 4952 1428 5038 aliquibus,
1481 4958 1653 5041 quod
1678 4960 1844 5026 esset

300 5073 448 5123 vere
472 5057 798 5139 Christus;
830 5063 1047 5125 tamen
1083 5078 1216 5125 non
1242 5062 1365 5129 fuit
1390 5064 1840 5134 universaliter

2582 4813 2722 4859 ΗΠΒ.
2765 4811 2857 4858 111.

2012 4931 2070 4983 111
2097 4944 2199 4998 qua
2216 4929 2357 4982 enim
2369 4925 2538 4982 torma
2559 4927 2831 4982 crucifixus
2846 4930 2949 4995 est,
2970 4927 3028 4980 in
3048 4939 3114 4980 ea
3130 4926 3379 4980 exaltatus
3397 4930 3493 4981 est.

2031 5070 2264 5137 contra
2313 5090 2331 5135 t
2368 5069 2522 5153 quia
2548 5068 2848 5134 exaltatio
2875 5066 3108 5134 christi
3153 5072 3251 5133 est
3292 5067 3373 5133 ad
3398 5084 3495 5133 ω-

1490 5248 1497 5255 ,
1950 5178 2322 5264 qualitatem
2347 5175 2573 5258 Patris,
2622 5176 2788 5241 81081
2802 5175 3031 5242 dicitur
3054 5176 3127 5241 in
3146 5173 3400 5243 Psalmo
3422 5182 3445 5219 ⁸
3476 5197 3495 5243 ι

361 5254 431 5320 (a)
469 5254 597 5304 Goet.
626 5254 748 5307 edit.
776 5255 913 5308 deest
939 5272 1099 5324 super
1121 5259 1337 5311 iuud.-
1367 5260 1434 5326 (ὸ)
1468 5263 1640 5330 vulg„
1672 5267 1845 5317 Domi-

299 5337 418 5375 num
437 5325 638 5392 Ul‘m'oe·
658 5349 718 5363 ···
740 5326 801 5392 (⁰)
825 5330 947 5380 Coel·
965 5329 1090 5381 edit·
1119 5331 1335 5383 ratione.
1363 5358 1424 5371 -
1446 5333 1517 5399 (d)
1543 5335 1715 5402 vulg„
1739 5337 1843 5390 sal·
2018 5341 2037 5376 ¹
2055 5341 2175 5403 Iso„
2203 5349 2276 5400 ιι,
2294 5340 2422 5389 6.-
2445 5338 2468 5372 ¹
2496 5339 2513 5388 1
2537 5337 2674 5398 Cor„
2701 5348 2766 5399 11,
2793 5339 2841 5387 8.
2859 5336 2961 5376 —⁸
2990 5336 3216 5388 Anselm.
3243 5337 3348 5388 Cur
3366 5339 3499 5389 Deus

300 5409 412 5446 mm
437 5399 621 5461 ἰσων·
644 5421 709 5436 -
734 5400 800 5464 (e)
830 5399 956 5452 Add-
974 5415 1141 5453 suum.
1952 5403 2128 5475 homo,
2147 5408 2235 5461 lib.
2259 5410 2324 5474 11,
2344 5424 2391 5461 ο.
2420 5412 2500 5462 u.
2521 5435 2585 5450 —
2601 5409 2624 5446 ὁ
2649 5407 2853 5471 uam„
2876 5421 2916 5472 1,
2934 5411 3016 5462 2¹.
3033 5436 3089 5449 -
3116 5410 3139 5445 ⁸
3160 5409 3297 5460 psat.
3326 5421 3433 5473 cxx,
3452 5414 3504 5471 1,

635 5501 784 5552 τοι.
826 5507 921 5556 111.
2650 5551 2662 5567 .
3148 5503 3228 5563 25
