4185 6288
748 490 833 555 94
1859 484 2487 563 SENTENTIARUM
2529 486 2675 553 LIB.
2723 488 2829 554 ΙΙΙ.

825 626 985 692 Item
1007 635 1024 670 ¹
1050 645 1069 690 ε
1099 626 1385 707 Spiritus
1408 629 1668 691 sanctus
1689 625 2086 705 superveniet
2105 624 2180 689 in
2206 633 2287 690 te.

830 733 995 800 Item
1012 737 1059 798 ¹:
1104 733 1250 808 Qud
1326 733 1499 798 enim
1544 733 1619 798 in
1657 749 1733 798 ea
1775 737 2005 798 natum
2043 737 2172 811 est,
2216 731 2295 796 de

746 842 1001 926 Spiritu
1027 849 1247 910 sancto
1279 845 1394 907 est.

823 950 980 1016 Item
1005 952 1282 1028 ratione,
1310 968 1388 1014 eo
1417 948 1590 1031 quod
1635 966 1798 1030 opus
1838 946 2293 1012 incarnationis

741 1058 1283 1123 manifestativum
1312 1061 1407 1121 est
1438 1056 1674 1120 divinae
1701 1056 1999 1120 bonitatis
2033 1059 2097 1119 et
2137 1054 2291 1119 cha-

738 1165 946 1230 ritatis
967 1187 983 1229 :
1001 1165 1109 1230 sed
1126 1165 1249 1229 hoc
1272 1163 1723 1246 appropriatur
1740 1162 2003 1246 Spiritui
2028 1167 2249 1227 sancto
2267 1180 2285 1226 ε

738 1290 920 1353 ergo,
944 1276 1064 1338 etc.

1274 1521 1725 1588 CONCLUSIO.

733 1683 1049 1738 incarnatio
1090 1682 1228 1737 Filii
1274 1682 1374 1737 Dei
1403 1686 1517 1737 tum
1541 1686 1766 1753 propter
1790 1684 1988 1737 erroris
2024 1684 2286 1739 mutatio-

800 1785 921 1826 nem
939 1813 956 1835 ,
1015 1773 1128 1826 tum
1176 1774 1398 1843 propter
1442 1774 1694 1826 veritatis
1755 1772 2283 1840 manifestativum,

807 1862 1050 1934 Spiritui
1074 1865 1259 1917 sancto
1287 1860 1440 1916 debet
1467 1862 1842 1933 appropriari.

814 2020 1000 2104 Resp.
1031 2022 1111 2085 ad
1137 2041 1280 2103 arg.
1311 2021 1657 2087 Dicendum
1693 2023 1862 2105 quod
1891 2041 2053 2105 opus
2079 2024 2288 2088 incar-

734 2129 1007 2193 nationis
1049 2130 1595 2196 manifestativum
1639 2135 1734 2196 est
1772 2129 2012 2196 divinae
2058 2136 2285 2213 poten-

732 2235 863 2315 tiae,
894 2236 1222 2319 sapientiae
1252 2241 1316 2300 et
1342 2236 1660 2316 bonitatis,
1690 2238 2044 2301 secundum
2080 2238 2288 2302 diver-

731 2361 835 2407 sas
878 2341 1270 2407 conditiones
1305 2343 1374 2406 in
1417 2344 1554 2425 ipso
1599 2348 1903 2425 repertas·
1955 2342 2287 2426 Contingit

731 2450 904 2515 enim
931 2450 1108 2532 loqui
1137 2450 1214 2514 de
1241 2450 1378 2533 ipso
1419 2454 1735 2532 quantum
1779 2450 1856 2514 ad
1887 2451 2023 2533 ipsa
2063 2453 2284 2515 unibi-

729 2560 836 2640 lia,
866 2564 931 2625 et
955 2563 1274 2643 quantum
1305 2559 1384 2622 ad
1412 2558 1673 2622 unionis
1689 2557 1977 2634 modum,
2004 2562 2068 2624 et
2082 2579 2287 2642 quan-

730 2671 873 2732 tum
910 2668 992 2732 ad
1031 2667 1296 2732 unionis
1340 2669 1643 2731 fructum.
1696 2666 1770 2729 In
1812 2669 2284 2749 comparatione

728 2775 807 2840 ad
833 2775 1102 2839 unibilia
1119 2823 1137 2853 ‚
1168 2774 1336 2839 inter
1363 2793 1509 2858 quae
1537 2779 1632 2839 est
1661 2775 1914 2839 infinita
1941 2775 2239 2840 distantia
2260 2824 2278 2856 ,

729 2883 1169 2947 manifestatur
1206 2884 1423 2948 divina
1466 2884 1785 2967 potentia3
1835 2883 1901 2946 in
1946 2902 2284 2965 compara-

727 2990 899 3054 tione
940 3005 1096 3055 vero
1125 2990 1205 3054 ad
1235 2990 1495 3054 unionis
1526 2990 1787 3054 modum
1830 2990 2279 3071 congruentis-

727 3098 1002 3179 simum,
1031 3100 1225 3182 prout
1251 3097 1644 3179 competebat
1669 3095 1750 3162 ad
1774 3097 2143 3162 humanum
2178 3115 2280 3162 re-

729 3206 1052 3284 medium,
1123 3206 1564 3270 manifestatur
1628 3205 1738 3269 Dei
1803 3204 2156 3289 sapientia;
2212 3206 2279 3268 in

728 3312 1200 3396 comparatione
1242 3331 1395 3377 vero
1437 3313 1519 3378 ad
1556 3312 1838 3377 fructum
1855 3361 1872 3390 ,
1906 3313 2041 3378 sive
2086 3312 2280 3377 effec-

728 3426 869 3485 tum
911 3425 1404 3504 consequentem
1426 3469 1442 3498 ,
1489 3439 1619 3503 quo
1664 3438 1733 3484 se
1774 3420 2007 3484 obtulit
2047 3418 2175 3485 Deo
2215 3422 2280 3485 et

728 3526 940 3593 Patri⁸
983 3529 1061 3594 in
1099 3528 1356 3594 odorem
1395 3529 1749 3594 suavitatis
1769 3574 1790 3606 ,
1836 3526 2279 3591 manifestatur

725 3636 946 3699 divina
986 3635 1265 3715 bonitaS,
1300 3634 1734 3699 misericordia
1773 3637 1838 3697 et
1875 3633 2170 3698 charitas,
2200 3633 2277 3699 Et

725 3742 848 3807 hoc
874 3742 1168 3825 estquod
1194 3741 1347 3807 dicit
1380 3742 1803 3806 Damascenus
1843 3741 1913 3804 in
1954 3740 2117 3805 libro
2146 3745 2274 3807 ter-

724 3849 848 3926 tio,
893 3850 1096 3931 capite
1142 3850 1374 3931 primo.
1405 3849 1788 3913 Monstratur
1826 3848 2022 3912 simul
2058 3848 2129 3912 in
2174 3848 2276 3922 in-

723 3956 1090 4021 carnatione
1114 3957 1386 4034 bonitas,
1409 3956 1658 4038 justitia
1684 3959 1750 4019 et
1777 3955 2088 4038 sapientia
2111 3954 2224 4020 Dei
2253 3976 2270 4021 τ

722 4063 971 4130 bonitas
1007 4066 1298 4148 quidem,
1329 4066 1481 4148 quia
1523 4083 1654 4129 non
1701 4063 1992 4147 despexit
2028 4064 2272 4146 proprii

721 4172 1050 4255 plasmatis
1116 4172 1555 4237 infirmitatem
1576 4219 1594 4249 ‚
1655 4171 1766 4237 sed
1823 4172 2070 4236 viscera
2129 4173 2273 4254 ejus

721 4285 1043 4346 commota
1069 4286 1224 4345 sunt
1250 4281 1390 4364 ipso
1414 4281 1698 4360 cadente,
1730 4283 1794 4344 et
1824 4297 2097 4343 manum
2126 4297 2273 4360 por-

719 4387 924 4467 rexit3
948 4388 1238 4470 justitia,
1269 4389 1577 4471 quoniam
1618 4386 1880 4451 homine
1926 4386 2125 4466 victo,
2158 4404 2274 4468 per

722 4497 903 4561 illum
926 4545 943 4574 ,
991 4503 1055 4563 et
1097 4518 1229 4564 non
1273 4499 1516 4576 alium,
1554 4497 1699 4562 fecit
1748 4496 2006 4562 vincere
2051 4499 2271 4580 tyran-

718 4623 880 4672 num
899 4626 917 4684 ;
948 4607 1278 4690 sapientia,
1296 4608 1602 4691 quoniam
1627 4607 1875 4672 invenit
1891 4607 2128 4689 aporiae
2156 4608 2236 4690 (α)
2249 4654 2265 4685 ,

716 4719 784 4785 id
810 4725 905 4785 est
930 4718 1218 4785 vulneris
1256 4715 1528 4781 difficilis
1566 4733 1821 4795 curam,
1869 4714 1974 4780 vel
1999 4715 2264 4781 solutio-

719 4847 868 4893 nem
895 4827 1428 4893 decentissimam.
1453 4821 1766 4900 Quoniam
1786 4841 1943 4905 ergo
1970 4824 2039 4886 in
2066 4824 2268 4887 incar·

719 4937 992 5001 nationis
1017 4954 1209 5018 opere
1233 4933 1586 4998 secundum
1617 4930 2149 4997 considerationes
2176 4931 2270 4994 di·

718 5061 936 5107 versas
965 5041 1266 5108 convenit
1308 5039 1602 5104 invenire
1630 5038 2036 5121 appropriata
2062 5038 2269 5102 tribus

716 5152 1003 5234 personis
1029 5152 1212 5217 valde
1237 5149 1622 5215 excellenter
1648 5152 1711 5212 et
1737 5147 2090 5230 praecipue3
2115 5145 2269 5209 hinc

716 5263 811 5324 est
843 5260 1017 5340 quod
1043 5259 1396 5343 conceptio,
1425 5275 1576 5323 cum
1598 5256 1678 5320 sit
1705 5273 1866 5339 opus
1890 5254 2090 5320 trium
2117 5270 2269 5336 per-

782 5425 1004 5486 ¹Luc.,‚1
1044 5425 1125 5473 35.
1148 5449 1208 5460 -
1226 5419 1478 5481 *Matth.‚
1503 5432 1544 5485 1,
1573 5422 1740 5470 20.-
1681 5414 2022 5481 -.,⁸Eplies
2048 5425 2100 5477 V,
2138 5417 2188 5464 2.
2204 5438 2267 5451 —

714 5498 738 5535 δ
766 5498 894 5549 Dist.
923 5507 1036 5558 xtx,
1063 5507 1159 5558 per
1180 5497 1442 5545 totum.—
1379 5493 1525 5555 —(a)
1553 5489 1694 5542 Edit
1737 5488 1852 5538 Ven.
1882 5485 2137 5550 aporiam.

2399 640 2730 700 sonarum,
2761 625 3159 708 appropriari
3199 629 3404 711 potest
3429 628 3635 694 tribus
3657 632 3939 714 personis

2398 730 2752 795 secundum
2816 732 3099 799 diversas
3157 734 3687 801 considerationes
3708 784 3726 815 ,
3779 737 3941 803 sicut

2396 840 2739 904 ostendunt
2764 840 3066 920 rationes»,
3089 860 3235 925 quae
3264 843 3445 926 prius
3473 843 3749 911 inductae
3767 849 3934 911 sunt.

2399 944 2727 1030 Scriptura
2761 950 2981 1013 tamen
3020 950 3230 1031 magis
3270 952 3638 1035 appropriat
3681 950 3938 1036 Spiritui

2398 1056 2651 1130 sancte,
2699 1073 2897 1137 quam
2927 1055 3116 1121 alicui
3146 1057 3346 1121 trium
3389 1076 3847 1141 personarum;
3879 1064 3940 1124 et

2395 1156 2518 1222 hoc
2545 1159 2779 1242 duplici
2809 1162 3079 1241 ratione,
3108 1163 3402 1229 videlicet
3433 1168 3691 1248 propter
3713 1167 3939 1230 erroris

2396 1267 2852 1348 exclusionem,
2883 1274 2947 1335 et
2973 1276 3231 1355 propter
3262 1272 3545 1338 veritatis
3577 1274 3938 1340 manifesta-

2396 1373 2636 1439 tionem
2668 1398 2683 1441 :
2713 1382 2972 1461 propter
3015 1380 3251 1445 erroris
3284 1381 3720 1447 exclusionem
3744 1430 3762 1460 ,
3792 1382 3940 1466 quia

2395 1480 2465 1546 in
2492 1486 2900 1568 conceptione
2925 1486 3215 1552 humana
3241 1489 3573 1555 consuevit
3600 1508 3667 1555 se
3697 1490 3938 1554 immis-

2395 1608 2536 1655 cere
2586 1592 2882 1657 foeditatis
2931 1596 3444 1678 concupiscentia
3462 1646 3482 1677 ,
3535 1616 3611 1661 ac
3661 1616 3777 1681 per
3822 1597 3937 1663 hoc

2395 1698 2727 1781 originalis
2754 1702 2965 1784 culpa.
2991 1700 3084 1767 Ne
3107 1704 3265 1768 illud
3293 1723 3450 1786 ergo
3478 1704 3727 1770 dicatur
3750 1706 3936 1771 fuisse

2393 1804 2463 1868 in
2531 1808 2939 1891 conceptione
2994 1809 3263 1890 Christi,
3312 1811 3547 1876 dicitur
3604 1816 3939 1895 conceptus

2392 1912 2585 1977 fuisse
2630 1914 2707 1978 de
2753 1913 2995 1998 Spiritu
3041 1920 3258 1980 sancto
3294 1916 3424 1982 :ad
3472 1918 3936 1985 excludendum

2393 2020 2567 2083 enim
2595 2022 2918 2087 carnalem
2945 2023 3496 2105 commixtionem,
3524 2024 3757 2089 dicitur
3782 2044 3935 2089 con-

2392 2131 2612 2209 ceptus
2661 2128 2854 2194 fuisse
2899 2130 2979 2194 de
3028 2130 3308 2213 spiritu:
3348 2130 3429 2196 ad
3470 2131 3933 2196 excludendum

2391 2252 2548 2299 vero
2588 2237 3115 2320 concupiscentiae
3144 2238 3521 2319 foeditatem,
3552 2237 3785 2304 dicitur
3812 2257 3937 2304 non

2392 2342 2602 2406 solum
2657 2348 3000 2427 conceptus
3043 2346 3239 2410 fuisse
3285 2345 3365 2411 de
3405 2345 3662 2429 spiritu,
3708 2347 3816 2412 sed
3861 2346 3938 2412 de

2393 2449 2633 2532 Spiritu
2660 2456 2900 2516 sancto.
2930 2452 3065 2516 Alia
3090 2470 3242 2518 vera
3274 2454 3459 2531 ratio,
3494 2458 3756 2538 propter
3779 2455 3936 2520 veri-

2391 2558 2538 2623 tatis
2603 2559 3177 2624 manifestationem
3231 2582 3247 2626 ς
3311 2560 3472 2627 illud
3530 2561 3705 2626 enim
3771 2563 3935 2645 quod

2394 2665 2674 2730 maxime
2715 2667 3101 2749 praeparavit
3146 2666 3482 2749 Virginem
3527 2668 3610 2732 ad
3653 2667 3794 2733 Filii
3831 2668 3935 2734 Dei

2390 2774 2891 2856 conceptionem,
2924 2774 3047 2839 fuit
3074 2793 3258 2839 amor
3284 2775 3572 2855 ‹livinu53
3597 2778 3769 2841 unde
3790 2795 3935 2858 que-

2390 2880 2807 2947 madmodum
2834 2883 3066 2948 mulier
3082 2883 3358 2966 concipit
3369 2902 3484 2966 per
3501 2884 3633 2948 viri
3655 2884 3931 2949 dilectio-

2389 3007 2539 3052 nem
2558 3037 2578 3069 ,
2606 2989 2711 3053 vel
2737 2990 3214 3055 delectationem
3231 3040 3248 3067 ,
3282 2995 3347 3055 et
3370 2990 3574 3073 ipsius
3622 2990 3933 3056 adhaesio-

2388 3115 2562 3178 nem,
2593 3114 2741 3180 quas
2770 3099 2865 3162 est
2888 3115 3040 3162 cum
3067 3095 3374 3162 desiderio
3399 3100 3463 3162 et
3489 3114 3713 3162 amore
3740 3097 3932 3164 virtu-

2389 3205 2470 3268 tis
2518 3204 2953 3286 generativae3
3006 3203 3100 3268 sic
3147 3204 3332 3269 beata
3382 3203 3582 3286 Virgo
3606 3253 3626 3285 ,
3689 3208 3933 3288 propter

2388 3314 2625 3378 amoris
2651 3313 3182 3395 singularitatem,
3213 3311 3629 3393 singulariter
3656 3310 3930 3393 concepit

2388 3421 2590 3487 Deum
2635 3440 2718 3486 ex
2746 3421 2871 3486 Deo
2906 3442 2921 3486 ε
2958 3424 3023 3485 et
3051 3421 3191 3485 ideo
3218 3418 3580 3503 concepisse
3609 3419 3837 3484 dicitur
3861 3419 3933 3484 de

2386 3528 2631 3616 Spiritu
2670 3533 2910 3594 sancto.
2960 3527 3040 3592 Et
3082 3528 3251 3592 hanc
3294 3527 3613 3591 rationem
3665 3527 3935 3607 assignat

2388 3637 2579 3718 Hugo
2625 3637 2701 3700 de
2730 3637 2962 3700 Sancto
3003 3633 3256 3702 Victore
3299 3634 3370 3698 in
3404 3634 3690 3717 quodam
3717 3650 3832 3697 suo
3858 3632 3935 3695 li..

2386 3746 2524 3823 br0,
2559 3744 2670 3809 ubi
2697 3745 2786 3808 sic
2813 3744 3004 3809 dicit.
3030 3766 3064 3805 α
3095 3742 3393 3825 Concepit
3417 3741 3624 3823 Virgo
3646 3740 3843 3806 Maria
3860 3738 3932 3804 de

2386 3853 2630 3936 Spiritu
2655 3856 2910 3932 sancto,
2944 3870 3079 3915 non
3107 3850 3281 3933 quod
3315 3849 3396 3914 de
3435 3849 3716 3932 Spiritus
3742 3844 3931 3912 sancti

2387 3959 2740 4025 substantia
2770 3977 2991 4025 semen
3020 3960 3245 4042 partus
3268 3956 3625 4039 acceperit,
3650 3956 3763 4021 sed
3786 3953 3931 4038 quia

2383 4088 2497 4154 per
2523 4086 2812 4134 amorem
2839 4072 2903 4132 et
2944 4066 3387 4150 operationem
3431 4063 3711 4148 Spiritus
3738 4057 3929 4127 sancti

2386 4196 2469 4242 ex
2498 4195 2687 4242 carne
2710 4173 3000 4257 Virginis
3029 4173 3246 4238 divino
3274 4171 3488 4256 partui
3514 4169 3926 4237 substantiam

2383 4282 2796 4348 ministravit.
2832 4279 2997 4346 Nam
3038 4280 3191 4363 quia
3230 4279 3341 4344 Dei
3379 4296 3563 4344 amor
3591 4275 3927 4360 singulari-

2383 4388 2525 4455 ter
2507 4410 2576 4454 m
2605 4390 2791 4455 corde
2816 4387 3103 4470 Virginis
3133 4387 3430 4467 ardebat,
3461 4386 3654 4452 ideo
3635 4405 3708 4451 m
3746 4400 3926 4449 carne

2384 4501 2525 4581 ejus
2565 4497 2882 4562 mirabilia
2923 4496 3221 4576 faciebat,
3258 4496 3447 4578 cuius
3486 4493 3737 4559 dilectio
3776 4492 3922 4575 quia

2381 4606 2453 4671 in
2491 4605 2678 4671 corde
2715 4623 2849 4669 non
2886 4603 3166 4686 suscepit
3207 4603 3451 4667 socium
3469 4651 3489 4683 ,
3533 4600 3816 4685 operatio
3860 4598 3925 4668 in

2385 4733 2573 4780 carne
2612 4713 2788 4778 illius
2830 4730 2962 4778 non
2989 4711 3265 4776 habebat
3294 4709 3692 4793 exemplum.
3725 4707 3797 4772 Et
3838 4707 3921 4770 sic

2382 4826 2553 4905 patet
2590 4820 2762 4903 quod
2791 4822 3048 4903 propter
3091 4817 3326 4883 erroris
3366 4816 3799 4881 exclusionem
3820 4860 3839 4893 ,
3867 4816 3926 4877 et

2379 4926 2666 4993 veritatis
2720 4925 3301 4991 manifestationem
3318 4974 3338 5005 ,
3380 4924 3739 4990 incarnatio
3779 4918 3913 4986 Filii

2382 5035 2492 5100 Dei
2552 5033 2878 5117 potissime
2945 5032 3344 5117 appropriari
3413 5032 3604 5098 debet
3664 5026 3919 5113 Spiritui

2380 5145 2620 5207 sancto,
2669 5141 2751 5206 Et
2810 5145 3070 5223 propter
3117 5140 3235 5204 has
3275 5139 3552 5204 rationes
3592 5138 3755 5202 duas
3796 5135 3918 5200 fm-

2379 5253 2649 5333 quenter
2671 5247 2744 5313 in
2790 5247 3117 5331 Scriptura
3155 5248 3230 5311 fit
3264 5244 3695 5330 appropriatio
3714 5291 3733 5326 ,
3762 5242 3919 5307 sicut

2379 5362 2705 5422 ostensum
2726 5357 2850 5421 fuit
2876 5357 2944 5420 in
2967 5355 3130 5420 libro
3157 5355 3366 5437 primo
3386 5360 3432 5419 ⁸.

2459 5463 2558 5530 Ex
2592 5463 2695 5529 his
2731 5469 2948 5529 autem
2985 5463 3316 5528 manifesta
3352 5468 3449 5528 est
3486 5462 3808 5547 responsio
3839 5454 3913 5521 ad
