4185 6288
1155 446 1535 516 DISTINCT.
1579 445 1739 515 XXI.
1781 447 1966 515 ART.
2010 449 2090 516 ll.
2135 447 2527 529 QUAEs‘r.·1.

246 587 388 654 Uno
423 585 618 653 modo
660 583 837 650 enim
868 584 1131 653 concedi·
1162 586 1397 668 potest,
1434 583 1608 668 quod
1647 601 1793 649 caro

247 700 310 760 et
379 694 596 760 anima
677 692 993 758 uniantur
1070 691 1391 758 divinitati
1457 691 1795 774 multiplici

247 803 507 881 unione,
525 800 881 865 secundum
897 801 1067 866 illud
1094 800 1266 883 quod
1292 800 1622 865 consuevit
1646 799 1793 877 dici,

248 908 422 992 quod
467 907 699 992 triplex
741 908 863 971 fuit
903 908 992 971 ihi
1038 907 1196 972 unio
1228 929 1244 971 ε
1276 925 1410 972 una
1449 906 1798 971 divinitatis

248 1018 329 1082 ad
358 1035 638 1096 carnem,
671 1016 797 1080 alia
828 1014 1176 1081 divinitatis
1203 1014 1284 1079 ad
1322 1014 1639 1093 animam,
1672 1013 1798 1077 alia

249 1125 484 1190 animae
510 1123 589 1188 ad
616 1140 896 1188 carnem.
927 1121 1008 1187 Et
1032 1122 1382 1187 secundum
1410 1122 1595 1185 istam
1626 1121 1799 1185 viam

250 1230 600 1313 procedunt
628 1230 923 1308 rationes,
947 1247 1093 1312 quae
1120 1229 1464 1294 ostendunt
1490 1228 1578 1292 ihi
1604 1228 1800 1293 fuisse

249 1337 527 1401 uniones
552 1334 788 1418 plureS.
805 1336 965 1399 Aliis
991 1340 1208 1401 autem
1228 1335 1433 1400 modis
1459 1335 1796 1400 dicendum

251 1447 380 1519 est,
413 1443 587 1527 quod
629 1442 722 1507 ibi
755 1443 876 1507 fuit
914 1461 1046 1508 una
1071 1447 1326 1507 tantum
1353 1442 1509 1507 unio
1541 1461 1558 1507 ε
1590 1447 1653 1507 et
1697 1461 1801 1507 se-

251 1550 538 1615 cundum
582 1550 752 1615 hanc
790 1551 966 1615 viam
1008 1550 1362 1645 procedunt
1402 1551 1677 1615 rationes
1719 1550 1801 1615 ad

252 1658 615 1741 oppositum
647 1678 663 1722 t
690 1662 753 1722 et
780 1659 870 1724 sic
899 1663 1070 1742 patet
1094 1664 1322 1724 totum.
1346 1656 1468 1723 Sed
1496 1657 1800 1740 quoniam

252 1764 485 1847 aliquae
512 1765 591 1830 de
617 1765 963 1832 rationibus
989 1766 1068 1830 ad
1097 1765 1375 1849 primam
1401 1769 1647 1848 partem
1682 1762 1802 1829 ad-

252 1872 459 1937 ductis
500 1872 862 1954 sophisticae
892 1878 1077 1951 sunt,
1106 1877 1171 1937 et
1195 1871 1583 1936 concludunt
1608 1869 1802 1934 etiam

256 1981 567 2045 unionem
593 1980 944 2064 plurificari
973 1979 1386 2063 simplicitet-3
1419 1977 1561 2042 ideo
1590 1976 1671 2041 ad
1697 1994 1805 2041 eas

257 2095 502 2173 oportet
532 2090 934 2174 respondere.

339 2204 400 2263 1.
452 2197 552 2261 Ad
600 2197 758 2263 illud
803 2215 960 2262 vero
1003 2198 1176 2280 quod
1219 2196 1428 2280 primo
1467 2195 1802 2277 objicitur,

255 2304 428 2386 quod
476 2322 622 2370 caro
653 2310 716 2369 et
760 2306 978 2369 anima
1017 2308 1169 2369 sunt
1207 2304 1466 2368 diversa
1514 2302 1803 2379 unibilia,

257 2411 413 2493 quia
446 2430 654 2476 unum
703 2410 1050 2494 corporale,
1094 2410 1268 2475 aliud
1310 2409 1659 2493 spirituale,
1705 2409 1808 2474 di-

257 2519 534 2584 cendum
561 2519 756 2603 quod,
782 2518 927 2583 licet
952 2536 1181 2601 corpus
1209 2520 1273 2582 et
1299 2518 1515 2581 anima
1541 2516 1809 2582 diversi-

256 2630 455 2691 tatem
498 2625 777 2689 habeant
819 2625 986 2689 inter
1026 2641 1116 2702 se,
1146 2628 1301 2688 sunt
1339 2628 1553 2688 tamen
1597 2629 1808 2706 partes

257 2732 714 2797 constituentes
746 2748 956 2795 unum
997 2730 1067 2793 in
1109 2729 1380 2795 essentia
1423 2735 1486 2795 et
1525 2735 1804 2795 natura:

257 2844 322 2904 et
364 2838 517 2922 quia
542 2838 609 2904 in
647 2856 847 2902 unam
873 2841 1172 2902 naturam
1204 2841 1628 2918 concurrunt,
1661 2837 1813 2903 hinc

258 2946 557 3029 estquod
579 2947 650 3010 in
677 2946 786 3010 illa
824 2945 1102 3022 unione,
1145 2963 1274 3028 qua
1307 2943 1418 3009 Dei
1453 2943 1656 3009 Filius
1682 2944 1812 3009 hu-

258 3072 520 3120 manam
546 3060 844 3119 naturam
862 3052 1230 3136 assumpsit,
1252 3053 1566 3118 rationem
1593 3055 1812 3117 tenent

257 3162 459 3227 unius
483 3162 777 3227 extremi.

342 3274 403 3333 2.
436 3269 536 3335 Ad
561 3269 717 3335 illud
746 3269 918 3352 quod
948 3269 1278 3352 oincitur,
1307 3267 1481 3352 quod
1509 3267 1579 3331 in
1605 3269 1812 3333 morte

260 3374 548 3441 Verbum
573 3376 833 3440 unitum
865 3380 1002 3441 erat
1027 3376 1282 3441 duobus
1305 3376 1576 3440 diversis
1618 3377 1681 3440 et
1708 3376 1812 3439 di·-

260 3483 443 3562 visiS,
474 3483 817 3549 dicendum
845 3483 1039 3565 quod,
1071 3482 1190 3547 etsi
1225 3482 1336 3546 illa
1361 3485 1570 3547 essent
1596 3483 1812 3548 locali·

259 3594 362 3654 ter
401 3590 626 3668 divisa,
669 3595 852 3655 erant
889 3592 1109 3654 tamen
1150 3588 1504 3653 secundum
1546 3593 1815 3654 natura-

260 3697 393 3763 lem
437 3696 912 3762 inclinationem
957 3696 1038 3760 ad
1087 3696 1365 3761 invicem
1405 3697 1715 3777 ordinata,
1753 3702 1818 3762 et

262 3804 510 3869 ratione
545 3803 719 3868 illius
749 3803 988 3868 ordinis
1016 3787 1162 3867 caro
1193 3807 1330 3868 erat
1355 3803 1584 3868 idonea
1608 3809 1683 3870 ut
1709 3822 1817 3870 es-

266 3916 362 3976 set
385 3910 572 3976 unita
597 3910 837 3977 deitati.
866 3908 1203 3990 Praeterea,
1235 3914 1367 3975 esto
1396 3912 1571 3994 quod
1599 3913 1819 3995 plures

266 4022 476 4085 essent
546 4019 820 4091 uniones
880 4023 1025 4103 post
1089 4023 1364 4084 mortem
1385 4068 1404 4102 ,
1461 4020 1817 4086 secundum

266 4127 442 4210 quod
467 4127 624 4193 unio
666 4126 960 4192 nominat
986 4126 1394 4204 relationem,
1429 4146 1562 4193 non
1599 4133 1818 4193 tamen

267 4233 560 4317 sequitur
590 4232 762 4315 quod
793 4232 1085 4296 similiter
1109 4236 1316 4297 essent
1356 4234 1427 4297 in
1453 4236 1630 4314 vita3
1663 4238 1818 4319 quia

267 4341 567 4423 quamvis
607 4339 764 4405 unio
800 4339 1107 4403 manserit
1133 4339 1537 4405 uniformiter
1579 4344 1646 4405 et
1685 4342 1820 4404 im-

267 4446 660 4511 mutabiliter
687 4449 1006 4529 quantum
1033 4444 1116 4509 ad
1140 4445 1504 4526 vinculum,
1533 4446 1697 4511 facta
1724 4452 1821 4512 est

269 4558 489 4618 tamen
527 4552 824 4636 quaedam
859 4551 1221 4616 immutatio
1257 4552 1330 4616 in
1369 4553 1568 4618 altero
1606 4558 1814 4619 extre·

268 4657 555 4737 morum,
600 4659 834 4724 scilicet
872 4660 942 4723 in
985 4659 1276 4724 humana
1322 4663 1579 4741 natura,
1633 4664 1820 4745 cujus

269 4766 586 4852 principia
616 4766 1061 4831 constituentia
1095 4766 1358 4832 fuerunt
1383 4768 1456 4831 in
1481 4773 1686 4834 morte
1712 4787 1818 4834 se-

264 4876 518 4958 juncta,
550 4891 702 4939 cum
724 4876 941 4938 tamen
965 4879 1173 4939 essent
1199 4874 1385 4939 unita
1410 4875 1481 4939 in
1509 4876 1665 4942 vita.

354 4983 417 5048 3.
449 4981 544 5046 Ad
592 4980 754 5047 illud
800 4982 975 5064 quod
1018 4982 1343 5066 objicitur,
1378 4985 1550 5068 quod
1593 4989 1689 5049 est
1731 4985 1820 5049 ihi

273 5090 430 5155 ordo
453 5138 471 5169 ,
502 5106 660 5171 ergo
688 5089 1007 5155 distinctio
1032 5112 1050 5168 ;
1094 5091 1436 5156 dicendum
1464 5092 1637 5176 quod
1665 5094 1841 5178 qui-0

270 5198 423 5263 dam
448 5201 546 5264 est
570 5197 725 5264 ordo
744 5245 762 5276 ,
792 5198 906 5282 qui
931 5198 1114 5281 ponit
1152 5198 1525 5283 simpliciter
1562 5200 1822 5266 distinc-

341 5363 358 5397 ἱ
387 5359 469 5425 Cf.
488 5358 746 5418 Richard„
767 5360 831 5409 111
855 5361 1018 5417 Seni„
1037 5359 1152 5410 dist.
1175 5372 1285 5424 xxi,
1309 5365 1401 5412 art.
1426 5365 1473 5426 2,
1490 5376 1540 5427 q.
1567 5375 1615 5426 ις
1641 5363 1816 5429 Steph.

273 5432 494 5496 Brulex„
528 5432 593 5480 111
629 5431 788 5494 sent„
815 5429 934 5480 dist.
962 5442 1075 5496 xxi,
1100 5448 1150 5496 q.
1179 5445 1250 5485 iv.

638 5537 787 5588 Tou.
824 5537 916 5586 IV·

3328 454 3449 522 aba

1905 585 2143 651 tionem
2157 634 2175 665 ,
2204 585 2466 671 quidam
2493 587 2587 651 est
2614 586 2800 667 ordo,
2831 587 2945 671 qui
2971 589 3319 658 attenditur
3341 611 3449 660 se-

1905 693 2189 759 cundum
2210 694 2587 777 positionem
2612 696 2675 758 et
2699 692 2976 774 gradum
2997 696 3163 761 inter
3184 717 3287 763 res
3307 718 3453 766 con-

1905 801 2135 894 similis
2173 803 2449 884 generiS.
2500 801 2623 866 Sed
2663 802 2879 884 aliqua
2916 803 3008 866 sic
3049 804 3449 886 ordinantur,

1907 909 2077 990 quod
2121 909 2236 973 ubi
2281 912 2377 973 est
2424 927 2634 973 unum
2679 911 2936 991 propter
2980 909 3276 992 alterum,
3321 932 3453 978 non

1907 1020 2155 1097 oportet
2181 1016 2265 1080 ihi
2296 1034 2431 1080 esse
2457 1015 2968 1080 numerationem
3014 1035 3031 1080 t
3063 1019 3228 1083 sicut
3271 1020 3325 1083 si
3353 1026 3453 1085 te-

1908 1139 2098 1185 neam
2130 1140 2368 1205 equum
2406 1140 2521 1204 per
2554 1121 2831 1186 fraenum
2851 1169 2871 1201 ,
2903 1141 3019 1205 per
3062 1124 3243 1206 prius
3267 1128 3454 1192 teneo

1908 1228 2217 1309 fraenum,
2248 1248 2443 1312 quam
2491 1247 2768 1312 equum,
2801 1231 2954 1312 quia
2999 1248 3239 1313 equum
3268 1236 3456 1298 teneo

1909 1335 2227 1401 mediante
2280 1336 2524 1415 fraeno;
2575 1354 2706 1401 non
2763 1338 2983 1401 tamen
3037 1338 3273 1420 duplici
3313 1344 3454 1404 ten-

1909 1443 2081 1508 tione
2129 1448 2314 1508 teneo
2364 1447 2712 1526 utrumque
2733 1490 2753 1522 ,
2804 1443 2915 1509 sed
2968 1446 3180 1509 unica.
3238 1445 3318 1510 Et
3368 1448 3459 1512 sic

1908 1553 2080 1633 patet
2119 1550 2289 1632 quod
2330 1569 2463 1615 non
2499 1550 2675 1632 cogit
2702 1551 2811 1614 illa
2845 1551 3032 1617 ratio.
3060 1551 3199 1617 Non
3241 1557 3458 1619 tamen

1911 1662 2004 1721 est
2031 1657 2294 1721 omnino
2321 1657 2527 1721 simile
2555 1657 2632 1722 de
2658 1657 3031 1740 hujusmodi
3059 1660 3364 1740 tentione,
3395 1666 3461 1728 et

1912 1763 1990 1828 de
2015 1764 2255 1828 unione
2290 1787 2305 1828 ε
2351 1765 2459 1828 sed
2504 1764 2627 1829 hoc
2666 1765 2998 1830 inductum
3044 1771 3139 1831 est
3163 1767 3244 1831 ad
3287 1768 3459 1833 illius

1911 1870 2176 1936 rationis
2200 1870 2703 1937 dissolutionem.

1992 1984 2055 2042 4.
2102 1979 2197 2044 Ad
2237 1978 2395 2043 illud
2444 1980 2618 2062 quod
2666 1980 2987 2063 objicitur,
3032 1979 3205 2063 quod
3246 1982 3461 2046 anima

1914 2087 2137 2151 unitur
2183 2086 2497 2151 divinitati
2552 2090 2617 2151 et
2672 2088 2847 2150 carni
2890 2086 3130 2169 duplici
3174 2088 3412 2153 unione
3434 2138 3453 2167 ,

1915 2197 2077 2272 etc.;
2123 2192 2463 2258 dicendum
2508 2193 2678 2276 quod
2717 2212 2844 2258 non
2887 2196 2982 2257 est
3020 2193 3269 2274 simile,
3309 2195 3462 2276 quia
3518 2281 3524 2287 .

1914 2301 2216 2367 divinitas
2240 2305 2302 2366 et
2342 2320 2491 2366 caro
2517 2319 2651 2366 non
2679 2302 2915 2366 cedunt
2946 2301 3011 2364 in
3043 2320 3242 2366 unam
3270 2307 3463 2367 natu-

1916 2427 2087 2487 ram,
2141 2409 2272 2473 imo
2311 2407 2684 2473 naturaliter
2732 2413 2796 2472 et
2840 2408 3271 2473 essentialiter¹
3308 2414 3464 2474 sunt

1916 2516 2210 2580 distincta
2258 2536 2274 2577 z
2325 2533 2455 2579 non
2503 2515 2594 2578 sic
2640 2520 2857 2579 autem
2903 2518 2997 2579 est
3041 2515 3120 2579 de
3167 2534 3357 2581 carne
3398 2523 3464 2580 et
3506 2542 3509 2547 ·

1917 2622 2136 2686 anima
2153 2668 2170 2698 ,
2199 2614 2352 2703 quia
2376 2636 2577 2685 unam
2603 2626 2901 2685 naturam
2929 2622 3322 2686 constituunt
3352 2601 3369 2686 Ξ
3400 2627 3464 2686 et

1917 2726 2060 2792 ideo
2112 2745 2245 2792 non
2292 2731 2540 2811 oportet
2577 2729 2751 2811 quod
2803 2729 3003 2793 deitas
3054 2728 3147 2794 eis
3196 2729 3463 2794 diversis

1916 2834 2264 2901 unionibus
2287 2836 2569 2901 uniatur.

2348 3069 2901 3140 ARTICULUS
2947 3069 3040 3138 11.

2000 3268 2475 3352 Consequenter
2520 3269 2837 3351 quaeritur
2891 3268 2970 3333 de
3019 3268 3249 3334 effectu
3297 3269 3471 3335 illius

1920 3377 2356 3458 separationis
2386 3375 2464 3441 Et
2505 3376 2671 3450 circa
2697 3376 2820 3441 hoc
2861 3379 3249 3468 quaeruntur
3292 3376 3418 3441 tria
3449 3396 3469 3443 z

1921 3484 2134 3565 primo
2160 3482 2476 3566 quaeritur
2501 3486 2750 3560 utrum,
2780 3487 2923 3567 post
2947 3484 3195 3548 instans
3227 3501 3475 3567 separa-

1922 3595 2151 3677 tionis,
2180 3595 2399 3660 anima
2441 3594 2668 3660 Christi
2711 3594 3118 3677 impassibilis
3142 3594 3339 3659 fuerit
3379 3596 3474 3660 et·-

1921 3703 2124 3784 fecta3
2168 3703 2473 3782 secund0,
2520 3707 2743 3767 utrum
2778 3721 2862 3767 ex
2898 3703 3037 3786 ipsa
3076 3701 3473 3785 separatione

1922 3829 2070 3876 caro
2115 3811 2306 3875 fuerit
2342 3813 2639 3889 mortua;
2682 3811 2899 3887 tertio,
2943 3813 3166 3874 utrum
3211 3811 3473 3893 propter

1922 3921 2199 3983 mortem
2239 3917 2448 3983 carnis
2473 3935 2648 3982 mors
2676 3917 2760 3982 sit
2787 3918 2911 4002 ipsi
2951 3933 3243 4001 personae
3282 3916 3464 3982 attri-

1922 4025 2201 4092 buenda.

2462 4165 2817 4246 QUAESTIO
2861 4166 2910 4231 l.

2021 4312 2117 4369 An
2142 4314 2268 4384 post
2298 4313 2513 4369 instans
2547 4313 2911 4384 separationis
2942 4314 3134 4369 anima
3165 4310 3371 4369 Christi

2265 4401 2676 4474 impossibilius
2704 4403 2863 4470 tacta
2886 4403 3060 4470 suerit
3086 4398 3126 4456 ¹.

2007 4558 2238 4625 Utrum
2289 4564 2433 4643 post
2494 4535 2737 4624 instans
2800 4560 3208 4643 separationis
3255 4560 3472 4627 anima
3497 4614 3562 4658 Fu

1928 4665 2156 4730 Christi
2183 4665 2587 4749 impassibilis
2614 4666 2698 4730 sit
2723 4666 2945 4730 effecta
2961 4688 2980 4744 ;
3026 4670 3091 4732 et
3132 4667 3305 4748 quod
3345 4668 3469 4744 sic,

1925 4773 2205 4837 videtur.
2244 4774 2481 4838 Anima
2520 4773 2746 4839 Christi
2787 4791 2919 4838 non
2963 4774 3087 4838 fuit
3126 4774 3468 4856 passihiIiS,

1926 4879 2051 4944 nisi
2090 4884 2349 4962 propter
2392 4880 2701 4944 unionem
2741 4881 2841 4944 sui
2884 4881 2965 4945 ad
2994 4897 3235 4963 corpus
3264 4900 3282 4943 ε
3314 4888 3472 4962 ergo

1927 4987 2144 5052 statim
2171 4985 2329 5051 dum
2353 4985 2477 5050 suit
2499 4990 2791 5070 separata
2805 5035 2827 5068 ,
2856 4987 3070 5053 amisit
3107 4987 3471 5070 impassibi-
3512 4984 3519 4990 ’

1926 5094 2171 5158 litatem
2203 5114 2220 5158 ε
2253 5110 2411 5175 ergo
2439 5094 2605 5158 facta
2632 5095 2754 5158 fuit
2779 5096 2866 5159 im
2874 5093 3208 5178 passibilis.

2010 5201 2171 5265 ltem
2198 5199 2362 5264 nihil
2387 5201 2628 5285 patitur
2652 5201 2778 5265 nisi
2803 5202 3158 5268 secundum
3183 5201 3477 5268 ordinem

1927 5312 2181 5373 naturas
2203 5356 2223 5384 ,
2256 5307 2422 5372 sicut
2450 5309 2845 5374 contrarium
2887 5309 3129 5393 patitur
3155 5328 3196 5374 a
3220 5312 3480 5374 contra-

1929 5418 2065 5495 rio;
2099 5418 2202 5481 vel
2233 5416 2587 5483 secundum
2615 5418 2905 5483 ordinem
2932 5417 3167 5482 divinae
3186 5417 3478 5498 justitiae,

3563 4614 3704 4659 udam.
