4185 6288
1040 489 1232 557 DIST.
1276 488 1382 554 111.
1429 482 1659 551 PART.
1709 481 1785 546 11.
1830 479 2011 547 ART.
2058 479 2138 545 11.
2184 479 2485 559 QUAEST.
2533 481 2583 546 1.
3320 483 3391 543 st

240 631 294 697 de
333 629 710 714 purissimis·
730 627 1030 709 Virginis
1082 623 1508 707 sanguinibus
1560 618 1753 684 fuerit

240 740 488 803 formata.
517 736 936 819 Augustinus
975 733 1143 812 dicit,
1185 731 1355 816 quod
1397 744 1753 810 assumpse-

242 848 300 908 rit
319 845 635 929 primitiva
657 845 904 906 nostrae
933 857 1179 904 massae.
1224 837 1302 902 Et
1327 837 1450 901 hoc
1493 834 1752 917 quidem

241 953 640 1017 necessarium
665 956 760 1014 est
787 966 1056 1033 ponere,
1086 948 1240 1031 quia
1263 945 1423 1009 alias
1451 960 1585 1007 non
1609 940 1758 1005 fuis·

243 1065 315 1122 set
340 1059 689 1124 necessaria
713 1056 1003 1138 Virginis
1038 1051 1453 1118 sanctificatio
1479 1050 1560 1114 ad
1600 1049 1754 1124 hoc,

246 1167 385 1248 quod
409 1167 796 1239 formaretur
822 1181 973 1227 caro
1000 1161 1231 1233 Christi
1256 1159 1395 1223 sine
1417 1156 1594 1223 omni
1621 1172 1760 1238 pec-

246 1280 379 1337 cato.
410 1272 556 1337 Non
593 1277 755 1337 esset
793 1271 987 1335 etiam
1030 1267 1314 1333 Christus
1346 1282 1498 1330 vere
1541 1263 1617 1327 de
1659 1280 1759 1324 se-

249 1386 396 1447 mine
440 1384 637 1449 David
684 1387 749 1446 et
787 1380 1101 1451 Abrahae.
1149 1377 1259 1440 sed
1302 1375 1514 1439 solum
1555 1371 1758 1436 Adae:

251 1491 528 1571 quoniam
552 1491 609 1553 si
649 1488 951 1572 praedicto
992 1484 1180 1550 modo
1216 1483 1299 1547 ab
1325 1481 1435 1545 illa
1462 1477 1767 1563 particula

256 1597 668 1676 descendisset,
699 1597 780 1661 ad
819 1595 1074 1659 nullum
1099 1593 1376 1656 aliorum
1402 1589 1764 1672 pertineret,

261 1704 362 1766 nisi
384 1704 538 1768 sicut
562 1704 643 1768 ad
670 1704 990 1781 delerem,
1023 1697 1565 1783 quemadmodum
1601 1709 1771 1775 aqua

264 1817 629 1893 comparatur
669 1812 754 1875 ad
794 1808 1032 1873 canale.
1084 1805 1228 1871 Non
1267 1805 1431 1867 esset
1469 1801 1664 1865 etiam
1705 1800 1771 1861 in

265 1917 354 1980 tali
377 1936 556 1982 carne
582 1936 759 1984 verae
789 1914 1216 2000 passibilitatis
1240 1909 1624 1993 assumpti0‚
1659 1923 1774 1970 nec

265 2029 471 2089 nostrae
493 2025 880 2089 infirmitatis
908 2040 1061 2088 vera
1090 2020 1431 2103 repat-atie,
1460 2015 1616 2100 quia
1642 2031 1776 2078 non

267 2129 332 2193 de
355 2135 569 2196 natura
589 2132 766 2214 lapsa
791 2131 1154 2195 fabricasset
1182 2127 1305 2192 sibi
1337 2140 1597 2190 carnem
1613 2169 1635 2201 ‚
1667 2120 1777 2184 sed

267 2234 452 2314 potius
489 2236 563 2298 de
607 2234 899 2298 instituta
940 2256 960 2297 ε
990 2249 1137 2315 quae
1174 2230 1440 2297 omnino
1483 2228 1782 2291 inconve-

269 2338 479 2404 nientia
514 2347 660 2406 sunt
681 2391 700 2422 ,
732 2346 798 2406 et
834 2341 985 2406 fidei
1020 2358 1195 2405 sanae
1239 2334 1660 2402 adversantia.
1705 2331 1786 2397 Et

270 2445 391 2511 ideo
424 2449 718 2530 praedicta
762 2449 993 2531 positio
1038 2454 1344 2528 tanquam
1385 2459 1653 2507 erronea
1690 2443 1786 2504 est

273 2558 621 2637 respuenda,
674 2556 839 2619 sicut
884 2555 1185 2636 Magister
1230 2554 1391 2617 bene
1434 2549 1679 2614 notavit
1715 2547 1786 2610 in

275 2654 470 2737 littera,
494 2664 554 2723 et
582 2659 896 2740 magister
925 2656 1114 2739 Hugo
1141 2656 1210 2720 in
1244 2655 1408 2719 libro
1441 2652 1520 2718 de
1551 2653 1788 2719 Sacra-

279 2763 527 2826 mentis¹.
561 2759 834 2826 Planum
863 2764 959 2824 est
997 2777 1156 2839 ergo
1175 2804 1193 2835 ‚
1237 2755 1592 2820 secundum
1638 2752 1788 2817 doc·

279 2867 478 2931 trinam
505 2869 879 2936 catholicam
899 2916 917 2947 ‚
952 2884 1212 2932 carnem
1249 2863 1479 2929 Christi
1507 2863 1576 2927 in
1616 2861 1793 2926 lum-

283 2972 362 3037 bis
382 2983 729 3057 parentum,
762 2976 831 3040 in
858 2973 1097 3058 quibus
1124 2973 1248 3038 fuit
1281 2970 1726 3049 materialiter,
1753 2987 1793 3032 a

287 3099 441 3148 carne
461 3084 730 3150 aliorum
758 3082 1102 3148 hominum
1134 3098 1268 3147 non
1298 3078 1493 3144 ruisse
1530 3077 1793 3142 distinc-

285 3195 392 3253 tam
436 3191 801 3274 qualitative
818 3238 837 3268 ‚
895 3188 999 3254 vel
1045 3186 1398 3253 formaliter
1416 3233 1436 3264 ‚
1493 3185 1795 3269 quamvis

285 3303 577 3381 postquam
626 3300 812 3364 unita
869 3301 964 3362 est
1015 3294 1225 3362 Verbo
1241 3345 1259 3373 ,
1320 3293 1795 3358 distinctionem

285 3401 506 3488 habeat,
533 3425 650 3491 pro
685 3424 763 3471 eo
793 3406 967 3488 quod
1014 3422 1146 3468 non
1186 3406 1282 3468 est
1321 3420 1468 3467 caro
1512 3400 1749 3484 peccati
1775 3447 1792 3480 ,

286 3514 378 3577 sed
401 3518 609 3582 similis
634 3514 968 3600 peccatrici
1001 3536 1017 3577 ε
1049 3518 1113 3577 et
1140 3531 1256 3598 pro
1285 3516 1460 3576 tanto
1486 3512 1638 3576 dicit
1663 3513 1796 3576 Au-

288 3627 547 3702 gustinus
563 3635 609 3705 ¹,
643 3625 819 3710 quod
845 3641 993 3688 caro
1018 3622 1244 3688 Christi
1275 3623 1521 3686 venerit
1544 3622 1622 3686 de
1648 3622 1798 3686 alti-

291 3733 478 3798 tudine
500 3735 805 3800 humanae
828 3739 1101 3807 naturae,
1125 3748 1258 3795 non
1279 3730 1454 3812 quod
1482 3730 1550 3793 in
1577 3730 1797 3813 primis

293 3843 619 3920 parentibus
659 3843 800 3905 sine
832 3839 1180 3922 pollutione
1214 3836 1446 3913 fuerit,
1476 3837 1582 3900 sed
1622 3838 1793 3920 quod

295 3946 366 4009 sic
395 3952 708 4031 purificata
743 3947 938 4013 fuerit
975 3949 1040 4010 et
1086 3944 1393 4009 mundata
1433 3943 1501 4006 in
1541 3962 1658 4007 sua
1688 3963 1792 4007 as-

297 4059 635 4139 sumptione,
664 4055 840 4140 quod
867 4052 1092 4117 similis
1111 4050 1305 4117 fuerit
1328 4050 1506 4115 carni
1535 4050 1601 4115 in
1627 4055 1797 4116 statu

300 4159 654 4228 innocentiae.
688 4162 1031 4244 Propterea
1059 4158 1293 4222 dicitur
1321 4177 1361 4221 a
1400 4157 1619 4221 Boetio
1640 4164 1687 4234 ³,
1721 4159 1797 4223 de

303 4266 447 4329 omni
467 4270 628 4331 statu
649 4263 892 4348 aliquid
919 4262 1254 4344 accepisse,
1285 4261 1448 4325 sicut
1474 4261 1639 4324 infra
1659 4279 1797 4326 me-

304 4368 402 4435 lius
422 4371 931 4439 manifestabitur.
967 4367 1146 4434 Unde
1185 4368 1466 4432 rationes
1483 4416 1501 4446 ‚
1544 4386 1691 4451 quae
1718 4367 1797 4432 ad

305 4473 437 4543 hanc
458 4484 690 4563 partem
711 4479 1115 4543 inducuntur
1128 4521 1148 4553 ,
1179 4480 1332 4538 sunt
1355 4475 1793 4540 concedendae.

374 4591 418 4648 l.
443 4587 532 4652 Ad
555 4587 710 4652 illud
743 4602 900 4650 vero
928 4583 1099 4666 quod
1126 4582 1472 4666 opponitur
1499 4582 1707 4666 primo
1731 4583 1798 4646 in

310 4696 671 4774 contrarium,
702 4692 875 4776 quod
902 4690 1067 4755 nihil
1094 4690 1500 4775 inquinatum
1528 4688 1596 4751 in
1625 4689 1799 4753 illam

309 4795 508 4879 incidit,
523 4802 856 4867 dicendum
878 4799 1054 4882 quod
1079 4815 1305 4862 verum
1332 4802 1466 4861 est:
1487 4797 1609 4860 hoc
1628 4797 1800 4881 enim

311 4901 642 4989 intelligitur
691 4908 771 4972 de
821 4905 1133 4989 sapientia
1178 4904 1398 4970 divina
1451 4903 1804 4968 secundum

315 5008 554 5078 divinam
579 5021 873 5080 naturam
892 5062 910 5094 ,
941 5028 1088 5096 quae
1112 5013 1290 5076 nullo
1317 5010 1508 5075 modo
1533 5011 1805 5076 foedatur

314 5131 380 5179 ex
410 5120 600 5205 aliqua
639 5129 932 5187 creatura
973 5138 990 5182 :
1031 5123 1476 5183 verumtamen
1515 5118 1569 5180 si
1613 5119 1806 5182 etiam

314 5221 656 5311 intelligatur
687 5228 1049 5297 secundum
1083 5227 1438 5291 humanam
1476 5230 1803 5309 naturam,

315 5331 489 5401 adhuc
521 5339 632 5405 hoc
659 5358 792 5405 non
818 5338 1017 5404 habet
1039 5337 1413 5402 instantiam
1433 5382 1453 5413 ,
1481 5335 1634 5417 quia
1662 5357 1809 5403 caro

370 5460 971 5529 ¹Hug.,desaeroen.,lib.
993 5461 1057 5527 11,
1084 5478 1138 5527 p.
1169 5464 1207 5528 1,
1237 5477 1282 5513 c.
1309 5474 1357 5512 v·
1377 5487 1442 5502 —
1465 5461 1488 5496 θ
1511 5462 1618 5514 imo
1642 5466 1808 5533 Fulg„

624 5574 768 5624 rou.
805 5571 904 5622 tv.

1863 614 2123 695 Christi,
2154 634 2237 681 ex
2264 635 2394 700 quo
2418 617 2601 682 unita
2626 617 2749 682 fuit
2784 615 2991 681 Verbo
3018 615 3156 692 Dei,
3186 618 3406 680 sancta

1863 722 2004 801 suit,
2032 727 2096 786 et
2122 722 2245 787 fuit
2269 723 2676 789 immaculata
2707 744 2722 787 z
2750 723 2859 788 sed
2887 741 2970 787 ex
2994 722 3116 787 hoc
3147 741 3277 786 non
3303 740 3406 787 se-

1864 830 2107 913 quitur,
2140 832 2310 914 quod
2353 831 2764 897 immaculata
2805 831 3025 895 fuisset
3066 831 3136 894 in
3183 829 3409 914 primis

1867 939 2267 1019 parentibus,
2297 957 2415 1022 pro
2442 957 2520 1004 eo
2555 940 2760 1023 quod,
2800 938 3101 1022 quamvis
3130 938 3195 1001 in
3238 936 3409 1002 lum-

1868 1046 1968 1110 bis
2003 1051 2344 1129 parentum
2389 1050 2552 1112 esset
2594 1046 2878 1126 unibilis,
2919 1048 3057 1112 erat
3099 1044 3413 1110 tamenin

1868 1151 2276 1236 dispositione
2309 1157 2575 1218 remota.

1952 1266 2014 1325 2.
2041 1260 2140 1324 Ad
2167 1259 2323 1324 illud
2352 1261 2524 1344 quod
2539 1260 2906 1343 opponitur,
2934 1260 3105 1343 quod
3136 1259 3421 1324 maxima

1874 1368 2118 1451 puritas
2142 1367 2331 1432 debet
2354 1386 2491 1432 esse
2508 1368 2575 1431 in
2598 1385 2790 1432 carne
2808 1366 3061 1445 Christi,
3081 1366 3420 1432 dicendum

1876 1475 2046 1558 quod
2074 1493 2301 1540 verum
2326 1480 2420 1539 est
2445 1475 2796 1540 secundum
2826 1473 2998 1557 quod
3025 1473 3323 1556 competit
3342 1471 3424 1537 ad
3464 1484 3469 1493 ·

1878 1583 2346 1665 reparationem
2401 1582 2678 1647 humani
2720 1582 2976 1664 generis
3021 1600 3039 1644 ε
3080 1580 3170 1646 sic
3211 1586 3426 1645 autem

1881 1689 2289 1772 intelligendo
2323 1708 2455 1756 non
2494 1695 2698 1773 potest
2725 1692 2934 1772 major
2972 1689 3217 1773 puritas
3244 1685 3430 1768 cogi-

1882 1798 2026 1876 tari,
2061 1815 2260 1880 quam
2303 1816 2453 1863 cum
2485 1797 2563 1863 de
2589 1816 2796 1862 massa
2823 1796 3166 1880 peccatrice
3194 1797 3434 1860 sorma-

1883 1909 1991 1968 tnr
2027 1922 2177 1968 caro
2218 1905 2482 1968 omnino
2522 1904 2834 1974 immunis
2857 1922 2898 1967 a
2923 1906 3214 1987 peccato,
3245 1907 3307 1967 et
3345 1901 3436 1966 sic

1885 2013 2125 2076 factum
2165 2017 2260 2076 est
2299 2013 2365 2075 in
2415 2031 2606 2078 carne
2633 2012 2815 2077 unita
2855 2011 3086 2092 Verbo,
3133 2015 3437 2094 operante

1889 2120 2135 2204 Spiritu
2161 2125 2400 2185 sancto.
2431 2119 2609 2198 Quod
2645 2121 2698 2184 si
2726 2119 3123 2202 intelligatur
3148 2136 3296 2184 caro
3329 2118 3441 2182 illa

1889 2245 2230 2311 nunquam
2257 2227 2322 2292 in
2350 2246 2440 2307 se,
2467 2227 2574 2292 vel
2600 2227 2667 2291 in
2694 2219 3064 2310 parentibus
3092 2227 3287 2291 ruisse
3320 2224 3437 2290 ob-

1892 2336 2121 2412 noxia,
2151 2353 2285 2399 non
2323 2336 2414 2399 sic
2458 2335 2782 2415 cogitatur
2820 2334 3028 2417 qualis
3053 2338 3288 2398 nostrae
3332 2350 3440 2398 re-

1893 2444 2244 2526 demptioni
2272 2443 2464 2509 fuerit
2491 2448 2676 2527 apta:
2708 2445 2772 2507 et
2799 2441 2942 2506 ideo
2964 2459 3095 2507 non
3122 2439 3445 2521 cogitatur

1894 2551 2169 2632 qualiter
2190 2557 2254 2615 et
2279 2551 2441 2615 sicut
2466 2549 2675 2628 debet,
2702 2548 2812 2615 sed
2837 2549 3053 2631 potius
3073 2548 3446 2629 assignatur

1895 2658 2169 2741 qualiter
2192 2675 2325 2722 non
2350 2657 2555 2722 debet.

1977 2771 2037 2830 3.
2085 2764 2182 2828 Ad
2230 2764 2386 2829 illud
2428 2763 2600 2846 quod
2650 2763 3032 2847 opponitur,
3079 2761 3252 2846 quod
3297 2778 3447 2827 caro

1900 2870 2129 2936 Christi
2152 2876 2247 2936 est
2274 2870 2612 2952 medicina,
2646 2870 2990 2936 dicendum
3017 2870 3193 2954 quod
3212 2887 3445 2935 verum

1899 2984 1994 3045 est
2036 2997 2154 3063 pro
2185 2982 2472 3062 tempore
2511 2996 2642 3062 quo
2681 2978 2997 3043 medicina
3039 2981 3136 3044 est
3178 2998 3195 3043 ε
3243 2978 3446 3042 medi-

1899 3086 2041 3151 cina
2068 3090 2287 3152 antem
2311 3090 2405 3151 est
2423 3103 2540 3170 pro
2568 3103 2645 3151 eo
2671 3089 2980 3169 tempore,
3007 3102 3139 3170 quo
3174 3104 3214 3151 a
3240 3082 3450 3151 Verbo

1900 3199 2229 3279 assumpta
2254 3199 2350 3260 est
2391 3216 2407 3260 ι
2452 3194 2632 3260 etsie
2663 3194 2925 3260 alterius
2961 3193 3286 3278 qualitatis
3311 3197 3407 3259 est
3422 3241 3446 3275 ,

1902 3321 2101 3387 quam
2121 3302 2398 3369 aliorum
2419 3302 2786 3367 hominum.
2808 3300 2932 3367 Pro
2947 3320 3024 3366 eo
3046 3306 3263 3367 autem
3292 3304 3450 3365 tem-

1904 3429 2058 3495 pore
2090 3429 2225 3495 quo
2255 3411 2380 3476 ruit
2405 3415 2555 3476 ante
2580 3409 3080 3492 assumptionem
3099 3456 3120 3488 ‚
3150 3426 3283 3473 non
3312 3412 3451 3472 erat

1905 3518 2219 3583 medicina
2258 3519 2382 3583 nisi
2428 3517 2836 3584 materialiter
2868 3516 3209 3599 loquendo.
3242 3513 3322 3579 Et
3349 3531 3453 3579 se-

1904 3626 2190 3691 cundum
2208 3625 2368 3691 illud
2395 3628 2648 3709 tempus
2668 3642 2801 3689 non
2825 3627 3073 3706 oportet
3097 3622 3453 3688 formaliter

1905 3733 2220 3815 distingui
2247 3735 2329 3798 ab
2355 3732 2483 3797 alia
2521 3750 2748 3810 carne,
2788 3750 2865 3797 eo
2892 3731 3063 3815 quod
3106 3749 3190 3795 ex
3221 3731 3449 3796 eodem

1905 3840 2215 3924 principio
2243 3839 2555 3905 materiali
2584 3843 2792 3923 potest
2827 3838 3087 3904 formari
3127 3856 3360 3903 sanum
3389 3843 3453 3903 et

1905 3964 2164 4030 aegrum
2197 3970 2212 4012 ε
2250 3947 2432 4012 cibus
2473 3947 2647 4012 enim
2677 3947 2966 4030 ejusdem
3007 3946 3265 4028 generis
3300 3963 3457 4010 con-

1904 4056 2178 4121 vertitur
2204 4056 2271 4118 in
2299 4073 2454 4120 sano
2471 4055 2542 4119 in
2566 4072 2825 4120 carnem
2845 4070 3094 4134 sanam,
3115 4052 3186 4117 in
3199 4052 3453 4137 leproso

1907 4162 1978 4227 in
2003 4180 2262 4227 carnem
2289 4164 2681 4244 corruptam.

1986 4275 2045 4334 4.
2079 4269 2175 4333 Ad
2206 4268 2362 4334 illud
2387 4268 2561 4352 quod
2587 4266 2955 4351 opponitur,
2985 4268 3158 4350 quod
3198 4266 3253 4330 si
3282 4269 3456 4332 totus

1906 4378 2069 4437 esset
2108 4377 2445 4455 corruptus
2462 4420 2481 4448 ,
2516 4373 2657 4454 jam
2696 4388 2831 4435 non
2865 4375 3030 4436 esset
3060 4368 3456 4435 medicabilis

1907 4483 2050 4564 eJus
2099 4481 2362 4545 morbus
2383 4528 2402 4557 ,
2451 4478 2791 4544 dicendum
2836 4477 3011 4562 quod
3053 4478 3214 4543 illud
3258 4495 3455 4559 argu·

1908 4591 2201 4652 mentum
2238 4586 2579 4669 dupliciter
2624 4584 2836 4650 deficit
2870 4603 2888 4648 ε
2930 4584 3162 4668 prim0,
3208 4584 3362 4667 quia
3403 4586 3455 4648 si

1909 4695 2106 4761 homo
2147 4698 2322 4759 totus
2363 4698 2701 4777 corruptus
2745 4700 2944 4771 esset,
2993 4711 3124 4758 non
3167 4692 3457 4775 sequitur

1911 4802 2082 4885 quod
2108 4801 2477 4865 incurabilis
2516 4805 2711 4880 esset,
2742 4800 2866 4865 nisi
2901 4799 3009 4863 illa
3045 4800 3370 4882 corruptio
3397 4800 3458 4864 ei

1910 4909 2413 4992 inseparabiliter
2478 4908 2855 4974 adhaereret.
2923 4904 3235 4971 Praeterea
3258 4955 3278 4986 ‚
3342 4909 3459 4972 etsi

1914 5021 2084 5081 totus
2111 5015 2306 5080 homo
2331 5020 2669 5097 corruptus
2695 5017 2859 5079 esset
2901 5017 3220 5096 quantum
3266 5013 3346 5078 ad
3383 5033 3461 5079 ea

1914 5141 2062 5207 qua».
2088 5127 2273 5189 erant
2292 5125 2360 5186 in
2378 5140 2468 5201 se,
2494 5140 2627 5186 non
2653 5127 2870 5187 tamen
2894 5125 3271 5205 corruptum
3298 5127 3463 5188 esset

1917 5249 2131 5312 genus
2167 5230 2528 5294 humanum
2573 5230 2783 5293 totum
2801 5276 2818 5305 ,
2860 5227 3033 5312 quod
3082 5229 3463 5295 fabricatum

1917 5394 1978 5445 de
2005 5392 2119 5444 Fid.
2143 5392 2379 5454 adPetr.‚
2412 5407 2458 5439 c.
2488 5402 2549 5441 ιι.
2572 5418 2625 5428 -
2652 5391 2674 5425 ⁸
2692 5393 2859 5451 Boet„
2885 5391 2945 5441 de
2963 5391 3121 5444 Duab.
3144 5392 3264 5443 Nat.
3292 5398 3341 5442 et
3365 5407 3465 5443 una

1914 5480 2048 5531 pers.
2078 5463 2274 5517 christi
2291 5500 2310 5527 ,
2330 5477 2374 5515 c.
2407 5473 2503 5513 vn.

3171 5559 3211 5631 6
