4185 6288
393 4902 463 5038 ἓξ·
429 4902 627 5072 '2¹:3⁰‘
640 4973 790 5038 dicit
814 4969 1299 5037 indifferentiam
1338 4968 1563 5052 judicii
1600 4967 1861 5033 rationis
1885 4970 2174 5051 respectu

651 442 770 503 368

725 575 911 659 Resp.
986 575 1327 640 Dicendum
1400 575 1573 658 quod
1639 576 1708 639 iu
1783 591 1973 637 carne
2042 589 2193 636 nos·

650 686 752 746 tra
785 684 881 745 est
920 682 1049 770 duo
1092 682 1393 764 reperire,
1422 681 1714 746 videlicet
1753 680 1957 762 ipsam
2001 681 2192 742 natu-

650 805 813 866 ram,
839 792 903 852 et
926 788 1361 852 infirmitatem
1388 792 1854 869 aggravantem
1881 785 2188 862 animam,

652 894 1001 958 secundum
1050 895 1221 977 quod
1272 893 1424 959 dicit
1469 894 1871 976 Augustinus
1911 893 1980 956 in
2025 891 2191 956 libro

653 1000 836 1063 tertio
866 1001 1113 1065 decimo
1140 1000 1218 1068 de
1247 1001 1520 1068 civitate
1548 1001 1668 1067 Dei
1686 1002 1729 1081 ¹,
1762 1001 1933 1084 quod
1960 1016 2192 1082 corpus

651 1112 965 1189 aggravat
1006 1109 1327 1188 animam,
1384 1129 1515 1175 non
1565 1110 1720 1193 quia
1763 1126 2029 1191 corpus,
2081 1106 2191 1171 sed

651 1215 804 1298 quia
829 1216 1255 1299 corruptibile.
1299 1215 1457 1282 Cum
1503 1235 1660 1298 ergo
1700 1216 1958 1295 dicitur,
1991 1215 2191 1282 Nolu-

651 1337 794 1388 mus
822 1322 1169 1406 expoliari,
1201 1328 1346 1403 etc„
1364 1324 1484 1394 hoc
1509 1323 1739 1387 dicitur
1763 1326 2083 1404 quantum
2108 1321 2189 1384 ad

652 1429 855 1511 ipsam
925 1432 1130 1495 carnis
1199 1435 1528 1509 naturam,
1582 1431 1660 1494 de
1717 1448 1847 1512 qua
1897 1428 2048 1494 dicit
2100 1428 2192 1495 ad

650 1537 959 1617 Ephesios
982 1542 1005 1576 ¹
1052 1559 1068 1601 ε
1117 1538 1310 1605 Nemo
1370 1553 1656 1620 mquam
1702 1551 1960 1603 comem
2001 1552 2189 1602 suam

650 1644 799 1711 odio
836 1644 1062 1711 habuit
1075 1665 1103 1726 ;
1141 1649 1458 1726 quantum
1486 1645 1563 1708 ad
1603 1644 2040 1707 infirmitatem
2069 1662 2190 1725 ag·

649 1756 1051 1832 gravantem,
1081 1752 1333 1829 dicitur,
1368 1751 1567 1833 Cupio
1595 1750 1907 1830 dissolvi,
1932 1757 2050 1814 etc.
2078 1772 2094 1814 ι
2128 1754 2191 1814 et

649 1859 740 1922 sic
766 1859 942 1923 nulla
980 1865 1075 1924 est
1112 1859 1199 1923 ibi
1244 1859 1672 1924 contrarietas,
1706 1859 1804 1922 Ad
1849 1857 2006 1922 illud
2034 1877 2188 1923 vero

648 1966 820 2049 quod
846 1968 1180 2050 quaeritur,
1212 1965 1531 2049 quomodo
1558 1966 1812 2049 petebat
1835 1965 2028 2030 simul
2054 1965 2188 2029 dis-

647 2074 847 2151 solvi,
903 2079 967 2139 et
1014 2092 1387 2157 permanere
1437 2074 1503 2137 in
1567 2092 1757 2138 carne
1778 2122 1797 2152 ‚
1843 2073 2187 2138 dicendum

646 2181 817 2264 quod
844 2186 939 2245 est
963 2181 1256 2245 voluutas
1280 2180 1590 2260 absoluta,
1622 2185 1684 2245 et
1710 2181 2008 2244 voluntas
2032 2199 2189 2244 con-

646 2287 963 2352 ditionalis
1010 2309 1026 2351 t
1082 2293 1147 2352 et
1194 2287 1361 2351 nihil
1408 2287 1673 2370 impedit
1723 2288 1852 2353 duo
1904 2287 2189 2370 opposita

646 2395 840 2470 velle,
871 2395 955 2459 ita
982 2394 1153 2478 quod
1187 2412 1394 2459 unum
1423 2394 1577 2459 velit
1602 2394 1931 2458 voluntate
1966 2392 2183 2458 condi-

646 2500 864 2565 tionali
879 2549 898 2580 ,
929 2500 1200 2564 alterum
1234 2500 1558 2565 voluntate
1583 2499 1890 2564 absoluta.
1924 2498 2189 2564 Volebat

645 2626 803 2689 ergo
826 2606 1162 2691 Apostolus
1198 2609 1268 2671 iu
1311 2626 1500 2672 carne
1529 2625 1898 2691 permanere
1926 2609 2189 2689 propter

645 2715 982 2779 utilitatem
1023 2716 1293 2780 fratrum
1336 2715 1663 2780 voluntate
1708 2714 2034 2793 absoluta3
2068 2732 2188 2778 vo-

643 2821 807 2886 lebat
833 2821 1249 2887 nihilominus
1275 2820 1554 2900 dissolvi,
1585 2824 1649 2885 et
1674 2840 1808 2885 esse
1832 2839 1979 2885 cum
2009 2820 2187 2884 Chri-

649 2933 769 3008 sto,
810 2929 919 2993 sed
963 2928 1085 2992 hoc
1111 2946 1242 2992 non
1276 2927 1590 3006 absolute,
1621 2927 1730 2992 sed
1769 2930 2082 3010 quantum
2115 2927 2186 2990 in

647 3053 715 3099 se
755 3056 770 3098 ε
811 3039 873 3099 et
898 3034 992 3098 sic
1030 3034 1210 3099 nulla
1246 3037 1382 3101 erat
1425 3035 1866 3117 repugnantia.
1902 3032 2053 3098 Erat
2095 3037 2187 3097 ta·

644 3161 795 3208 men
834 3143 1128 3226 quaedam
1173 3143 1406 3210 mentis
1447 3143 1747 3227 angustia
1772 3162 1855 3208 ex
1893 3142 2017 3207 hoc
2058 3142 2182 3208 du-

644 3249 792 3332 plici
835 3251 1139 3317 desiderio
1167 3273 1184 3330 ;
1223 3257 1479 3336 propter
1518 3250 1689 3334 quod
1716 3251 1867 3315 dicit
1903 3272 1918 3314 t
1957 3249 2208 3331 (3οατά-ν

644 3366 743 3425 tor
780 3374 865 3425 ex
902 3358 1145 3427 duobus
1172 3382 1194 3423 .·
1223 3358 1613 3427 desiderium
1652 3358 1847 3425 habeo
1885 3358 2179 3438 dissolvi,

642 3473 703 3533 et
725 3483 854 3534 ease
878 3484 1024 3533 cum
1048 3468 1318 3535 Christo.

1273 3678 1412 3725 DUB.
1459 3678 1551 3724 111.

642 3805 853 3858 Videtur
890 3804 1147 3857 Christum
1188 3804 1471 3856 secundum
1510 3804 1792 3855 humanum
1831 3803 2068 3856 affectum
2115 3805 2178 3855 de

1047 3876 1210 3927 Patris
1239 3875 1474 3940 potentia
1499 3874 1776 3926 dubitasse.

721 4004 949 4070 Contra
989 4004 1172 4069 :Hoc
1230 4004 1486 4068 videtur
1548 4021 1682 4067 esse
1733 4003 1991 4081 falsum,
2026 4004 2182 4086 quia

641 4112 925 4178 Christus
965 4112 1192 4176 habuit
1232 4111 1556 4175 scientiam
1604 4111 1898 4175 omnium
1926 4111 2177 4176 futuro-

639 4236 812 4296 rum,
885 4224 950 4284 et
1007 4220 1127 4284 sub
1190 4218 1561 4284 certitudine
1628 4241 1644 4282 z
1704 4235 1862 4300 ergo
1926 4218 2181 4283 videtur

639 4325 811 4410 quod
857 4324 1143 4391 Christus
1192 4325 1270 4391 de
1313 4325 1493 4391 nullo
1539 4326 1817 4409 potuerit
1859 4324 2172 4391 dubitare.

641 4432 796 4498 ltem
823 4432 892 4497 in
904 4450 1375 4516 quemcumque
1405 4431 1575 4497 cadit
1598 4431 1930 4509 dubitatio,
1955 4431 2177 4497 cadere

638 4543 844 4625 potest
864 4540 1232 4624 ignorantia
1270 4543 1335 4604 et
1357 4557 1540 4604 error
1569 4560 1585 4603 ι
1616 4537 1725 4603 sed
1755 4538 2007 4603 nullum
2030 4538 2178 4603 isto·

638 4667 787 4714 rum
839 4648 1046 4732 potuit
1095 4648 1169 4711 in
1219 4645 1539 4711 Christum
1581 4645 1662 4728 (a)
1706 4643 1928 4710 cadere
1960 4667 1977 4710 ε
2015 4662 2175 4728 ergo

638 4755 894 4822 videtur
918 4755 1091 4839 quod
1117 4771 1248 4820 non
1274 4752 1548 4838 potuerit
1568 4752 1881 4817 dubitare.
2084 4809 2088 4812 ⁴

718 4865 902 4949 Resp.
955 4862 1302 4927 Dicendum
1355 4860 1528 4944 quod
1563 4860 1872 4925 dubitatio
1920 4859 2173 4943 proprie

640 5081 973 5163 utriusque
1026 5077 1222 5161 partis
1285 5072 1822 5154 contradictioniS‚
1856 5073 1946 5139 ita
1996 5071 2169 5157 quod

636 5190 939 5253 neutrum
959 5184 1292 5270 praeeligat
1313 5181 1523 5247 alteri.
1546 5180 1622 5246 Et
1649 5181 1773 5246 hoc
1800 5180 1991 5246 modo
2008 5179 2168 5245 acci·

698 5332 716 5368 ²
744 5329 970 5396 Δαμώ
998 5328 1151 5379 civit.
1187 5328 1312 5389 Dei,
1339 5326 1430 5377 lib.
1458 5325 1568 5376 xil!
1588 5361 1607 5389 ,
1631 5338 1677 5376 c.
1708 5337 1816 5388 xvi,
1843 5339 1895 5376 n.
1919 5329 1963 5389 ¹,
1996 5324 2166 5390 quoad

696 5422 761 5487 (a)
791 5420 913 5471 Cat.
938 5418 1057 5470 edit.
1087 5417 1306 5477 Christo.

1738 432 2355 503 SENTENTIARUM
2396 432 2546 498 ΠΒ.
2597 433 2648 498 ΙΙ
2656 434 2703 498 1.

2302 568 2532 653 piendo
2571 569 3031 635 dubitationem
3080 572 3151 635 in
3206 569 3476 653 Christo,
3524 592 3653 640 non
3706 577 3838 643 fuit

2299 674 2628 741 dubitatio.
2658 677 2800 742 Alio
2826 679 3015 743 modo
3038 679 3266 744 dicitur
3291 681 3596 747 dubitatio
3642 685 3842 749 indif-

2300 780 2565 847 ferentia
2589 785 2885 865 quaedam
2909 787 3104 868 partis
3123 788 3438 852 sensibilis
3470 790 3546 854 ad
3570 809 3842 874 sequen·

2298 889 2457 953 dum
2501 891 2799 955 affectum
2837 896 3086 958 naturae
3122 881 3563 974 inclinantem,
3590 898 3689 961 vel
3729 917 3837 961 ra·

2299 995 2536 1060 tionem
2565 998 3029 1081 imperantem:
3084 1006 3149 1064 et
3187 1000 3330 1065 talis
3376 1001 3683 1068 dubitatio
3720 1022 3844 1086 po-

2299 1100 2422 1166 tuit
2468 1120 2603 1168 esse
2654 1104 2720 1168 in
2769 1106 3034 1183 Christo,
3084 1111 3148 1171 et
3221 1107 3301 1172 de
3364 1106 3486 1171 hac
3538 1108 3843 1192 intelligit

2297 1207 2671 1275 Ambrosius
2693 1233 2710 1291 ;
2741 1212 2820 1278 de
2846 1213 2971 1278 alia
2996 1231 3151 1278 vero
3182 1215 3381 1280 currit
3404 1216 3695 1298 objectio.

2926 1407 3064 1454 nun.
3111 1408 3201 1454 iv.

2352 1510 2463 1560 Non
2503 1525 2625 1577 ergo
2657 1511 2752 1563 sibi
2797 1513 2953 1566 tristis
2987 1514 3108 1579 tuit,
3151 1530 3249 1566 nec
3290 1515 3388 1567 sibi
3418 1520 3530 1568 orat
3566 1517 3781 1568 transire

2728 1585 2938 1636 calicem
2953 1621 2966 1648 ‚
2994 1587 3084 1637 sed
3112 1587 3387 1652 discipulis.

2376 1712 2637 1779 Videtur
2666 1714 2789 1780 hoc
2819 1735 2954 1781 esse
3006 1717 3234 1782 falsum
3272 1736 3385 1801 per
3436 1720 3641 1803 ipsam
3692 1739 3837 1786 ora·

2295 1822 2481 1886 tionis
2506 1822 2737 1886 seriem
2759 1844 2775 1887 ε
2800 1823 2887 1887 ait
2907 1825 3155 1889 enim⁸:
3199 1827 3504 1893 stanseat
3533 1845 3575 1892 a
3594 1845 3692 1893 me
3719 1845 3838 1894 ca-

2296 1927 2398 1994 lix·
2421 1931 2543 1995 iste
2567 1948 2590 1993 .·
2615 1929 2669 1991 si
2721 1931 2877 2012 petit
2903 1931 3161 1996 calicem
3192 1935 3462 1998 transire
3484 1954 3523 1998 a
3549 1955 3637 2014 se,
3667 1954 3829 2017 ergo

2295 2036 2548 2102 videtur
2574 2038 2743 2119 quod
2764 2056 2880 2120 pro
2907 2056 2974 2103 se
2992 2041 3218 2103 oravit.
3241 2040 3418 2120 Item,
3446 2042 3535 2105 sic
3554 2043 3832 2124 petebat,

2294 2142 2460 2207 sicut
2485 2144 2738 2208 volebat
2771 2167 2787 2208 ι
2825 2144 2931 2209 sed
2960 2144 3241 2210 Christus
3270 2148 3579 2212 sentiebat
3598 2167 3666 2214 se
3706 2150 3836 2213 ali-

2294 2249 2444 2331 quid
2476 2250 2659 2328 velle‚
2689 2250 2859 2334 quod
2907 2271 3036 2316 non
3062 2253 3250 2317 vellet
3279 2251 3484 2331 Pater,
3526 2257 3687 2321 sicut
3727 2258 3834 2321 di-

2293 2356 2472 2420 cebat
2489 2358 2510 2392 ·
2544 2379 2558 2422 :
2592 2357 2734 2425 Non
2760 2361 2929 2424 sicut
2953 2375 3063 2442 eqo
3086 2360 3249 2440 volo,
3278 2360 3391 2427 sed
3431 2364 3602 2430 sicut
3639 2369 3730 2431 tu.
3763 2366 3837 2431 Si

2294 2479 2451 2543 ergo
2477 2464 2691 2546 aliqua
2713 2465 3038 2530 voluntate
3063 2485 3181 2531 sua
3215 2467 3472 2532 calicem
3522 2472 3834 2553 passionis

2293 2567 2601 2651 fugiebat,
2649 2572 2903 2636 videtur
2927 2572 3124 2655 quod,
3153 2592 3303 2637 cum
3352 2577 3527 2659 petiit
3572 2577 3830 2643 calicem

2294 2678 2560 2741 transire
2587 2696 2626 2741 a
2652 2696 2739 2759 se,
2771 2696 2887 2762 pro
2915 2697 2982 2743 se
3009 2681 3307 2745 oraverit..

2374 2783 2557 2866 Resp.
2617 2784 2964 2850 Dicendum
3004 2789 3171 2870 quod
3224 2806 3405 2854 orare
3451 2810 3567 2874 pro
3615 2793 3833 2878 aliquo

2293 2890 2607 2971 contingit
2631 2891 2965 2975 dupliciter
2993 2911 3011 2956 ε
3043 2899 3156 2958 aut
3177 2897 3526 2961 secundum
3552 2900 3830 2966 formam

2293 2999 2614 3078 orationiS,
2649 3004 2762 3064 aut
2789 3000 3140 3065 secundum
3169 3002 3583 3069 intentionem
3627 3026 3828 3072 oran-

2294 3104 2397 3172 tia.
2458 3103 2826 3173 Secundum
2853 3107 3128 3174 formam
3185 3111 3488 3177 orationis
3541 3113 3831 3182 Christus

2292 3213 2512 3279 orabat
2533 3233 2648 3298 pro
2689 3235 2778 3295 se,
2811 3216 2874 3280 id
2904 3221 3000 3281 est
3026 3235 3140 3300 pro
3165 3218 3492 3285 voluntate
3532 3240 3649 3287 sua
3671 3242 3829 3289 ,sen-

2290 3320 2487 3400 suali;
2516 3321 2868 3387 secundum
2895 3327 3111 3388 autem
3135 3325 3548 3391 intentionem
3589 3331 3832 3395 orantis

2293 3428 2470 3493 nulla
2506 3431 2804 3523 petitione
2841 3430 3124 3495 Christus
3175 3451 3290 3515 pro
3341 3453 3409 3498 se
3455 3438 3683 3517 oravit,
3716 3440 3831 3503 sed

2290 3535 2502 3617 magis
2529 3554 2645 3618 pro
2689 3538 2872 3601 nobis
2924 3560 2939 3601 :
2991 3557 3120 3604 non
3156 3539 3328 3603 enim
3355 3542 3614 3606 credidit
3638 3562 3706 3608 se
3756 3547 3828 3608 in

2288 3643 2588 3724 petitione
2611 3643 2716 3707 illa
2742 3645 2983 3727 aliquid
3010 3647 3421 3710 obtenturum
3452 3666 3567 3729 pro
3591 3668 3682 3728 se,
3700 3669 3819 3716 nec

2286 3748 2447 3813 ratio
2492 3750 2796 3815 voluisset
2842 3748 3125 3817 obtinere
3153 3753 3273 3816 sibi
3316 3752 3750 3820 liberationem
3784 3777 3826 3823 a

2287 3858 2576 3941 passione
2598 3879 2615 3937 ;
2647 3860 2754 3924 sed
2786 3860 3000 3941 potius
3023 3861 3229 3925 oravit
3252 3863 3334 3926 ob
3363 3863 3670 3946 triplicem
3691 3866 3827 3929 uti-

2284 3964 2546 4045 litatem,
2577 3966 2740 4031 sicut
2775 3966 2843 4030 in
2890 3968 3390 4050 praecedentibus
3435 3975 3672 4036 tactum
3702 3977 3820 4036 est.

2285 4072 2562 4136 Hilarius
2589 4092 2745 4156 ergo
2772 4074 3059 4157 loquitur
3082 4074 3204 4139 isto
3223 4075 3412 4141 modo
3438 4099 3455 4154 ;
3488 4079 3658 4142 unde
3683 4097 3823 4143 ser-

2287 4198 2506 4245 mones
2523 4181 2644 4260 sui,
2670 4182 2780 4263 qui
2811 4186 3138 4264 ponuntur
3157 4183 3225 4247 in
3246 4183 3476 4263 littera,
3507 4186 3827 4252 referendi

2283 4292 2435 4350 sunt
2490 4288 2569 4351 ad
2619 4288 3029 4371 principalem
3074 4289 3488 4356 intentionem
3543 4291 3822 4359 Christi.

2284 4410 2505 4457 omnes
2531 4401 2744 4459 autem
2769 4377 3152 4503 objectiones
3176 4404 3441 4462 currunt
3471 4400 3824 4464 secundum

2284 4502 2456 4566 viam
2488 4503 2787 4584 priorem.

2753 4674 3234 4765 Auricnms
3284 4696 3339 4764 1.

2359 4842 2456 4907 Ad
2483 4843 2972 4925 intelligentiam
3001 4846 3198 4928 hujus
3223 4847 3421 4930 partis
3445 4846 3663 4914 incidit
3713 4849 3828 4918 hic

2279 4950 2545 5032 quaestio
2575 4950 2740 5015 circa
2779 4952 2955 5016 duo:
2987 4954 3194 5035 primo
3244 4955 3556 5036 quaeritur
3585 4957 3662 5021 de
3690 4976 3820 5023 vo-

2279 5055 2519 5121 luntate
2573 5056 2834 5137 Christi3
2887 5061 3162 5124 secundo
3195 5062 3508 5143 quaeritur
3553 5062 3631 5128 de
3683 5083 3832 5129 ora-
3903 5084 3906 5085 ⁷

2276 5164 2445 5229 tione
2469 5165 2715 5230 Christi.
2745 5165 2917 5232 Circa
2945 5167 3225 5251 primum
3241 5186 3515 5251 quaerun
3525 5174 3634 5235 tur
3653 5173 3826 5239 tria:

2276 5347 2587 5468 sensiam—⁸
2597 5344 2795 5411 ephes„
2807 5359 2856 5410 v,
2869 5348 3011 5396 29.—
3023 5347 3045 5382 ⁸
3060 5346 3261 5405 naeth„
3275 5358 3414 5409 xxvi,
3431 5349 3575 5398 36.--
3593 5351 3613 5386 ⁶
3634 5351 3834 5419 Manu,

2273 5429 2383 5482 xiv,
2471 5452 2486 5468 .
