4185 6288
323 1216 393 1260 Ad
425 1228 531 1271 opp.

554 573 752 639 quam
801 557 1144 622 attenditur
1185 557 1563 623 universitas
1605 575 1914 623 sensuum
1958 579 1975 620 ε
2025 558 2097 620 in

559 662 804 728 Christo
825 665 1020 743 enim,
1053 664 1218 728 sicut
1249 665 1318 730 in
1354 666 1581 748 capite,
1624 682 1847 730 omnes
1873 681 2098 728 sensus

553 771 983 852 reperiuntur.
1040 770 1165 835 Sed
1218 772 1428 854 gratia
1487 772 1839 837 secundum
1896 788 2096 853 quam

554 878 902 943 attenditur
932 879 1262 943 diversitas
1287 898 1614 955 sensuum,
1644 882 1708 943 et
1741 877 2096 943 secundum

557 1002 753 1066 quam
809 985 1202 1067 colliguntur
1257 988 1326 1050 in
1381 987 1627 1053 Christo
1659 1035 1678 1062 ‚
1746 990 1842 1050 est
1889 984 2100 1067 gratia

558 1097 767 1159 creata
797 1115 812 1157 ε
842 1111 1021 1175 erg0,
1052 1098 1171 1158 etc.

637 1201 868 1267 Contra
900 1223 915 1266 ε
950 1208 1010 1266 1.
1038 1200 1210 1265 Nihil
1254 1206 1540 1265 creatum
1592 1200 1807 1265 influit
1849 1202 2099 1263 motum

556 1314 619 1374 et
653 1328 912 1374 sensum
949 1309 1179 1390 gratiae
1219 1309 1285 1373 in
1334 1309 1626 1373 membra
1669 1330 1685 1371 ε
1730 1308 1841 1372 sed
1892 1307 2101 1388 gratia

556 1417 775 1501 capitis
818 1422 952 1496 est,
993 1417 1347 1481 secundum
1391 1436 1587 1499 quam
1632 1419 1728 1480 est
1764 1415 2100 1479 influentia

557 1530 770 1590 motus
812 1528 875 1588 et
922 1543 1147 1590 sensus
1177 1526 1245 1589 in
1280 1526 1567 1589 membra
1606 1523 1833 1589 Christi
1879 1546 1893 1587 ε
1939 1541 2100 1603 ergo

557 1634 767 1714 gratia
796 1632 1016 1716 capitis
1044 1651 1172 1696 non
1199 1636 1404 1715 potest
1431 1649 1566 1696 esse
1608 1632 1762 1714 quid
1789 1635 2094 1695 creatum.

640 1745 700 1805 Ξ.
734 1740 894 1805 Item
940 1740 1102 1804 nihil
1136 1740 1212 1823 (α)
1257 1745 1543 1805 creatum
1578 1758 1787 1803 unum
1828 1757 2101 1802 numero

559 1852 653 1912 est
674 1848 937 1911 omnino
962 1847 1582 1929 incircumscriptum
1613 1868 1628 1908 ε
1661 1846 1769 1910 sed
1788 1846 2098 1924 Christus,

560 1955 628 2018 in
654 1960 968 2036 quantum
994 1959 1088 2018 est
1114 1959 1326 2037 caput,
1376 1960 1471 2018 est
1500 1972 1540 2017 a
1578 1953 1861 2035 quolibet
1895 1971 2103 2017 mem-

559 2063 827 2126 brorum
854 2080 1124 2126 suorum
1151 2060 1464 2126 indivisus
1494 2080 1512 2125 ε
1542 2079 1703 2141 ergo
1727 2079 1858 2125 non
1901 2065 2106 2144 potest

560 2186 695 2234 esse
746 2173 936 2252 caput
962 2169 1317 2233 secundum
1354 2167 1591 2250 aliquid
1635 2172 1920 2232 creatum
1978 2186 1996 2230 ε
2047 2166 2104 2229 si

560 2297 717 2361 ergo
751 2281 941 2361 caput
974 2281 1071 2341 est
1097 2277 1450 2341 secundum
1489 2277 1771 2359 aliquam
1799 2277 2099 2358 gratiam,

561 2386 814 2451 videtur
835 2386 1002 2468 quod
1042 2385 1149 2447 illa
1169 2383 1379 2465 gratia
1405 2385 1486 2447 sit
1513 2384 1810 2448 increata.

643 2499 703 2558 3.
735 2494 890 2557 Item
919 2497 1109 2576 caput
1134 2497 1226 2556 est
1255 2493 1693 2556 membrorum
1718 2491 2105 2574 principium

564 2602 627 2665 et
648 2600 832 2680 origo
865 2623 880 2664 ε
916 2599 1024 2665 sed
1070 2598 1352 2662 Christus
1377 2616 1511 2661 non
1551 2601 1757 2680 potest
1799 2615 1933 2662 esse
1961 2598 2105 2660 ani-

564 2724 819 2770 marum
839 2704 1246 2788 principium,
1277 2704 1402 2768 nisi
1427 2706 1780 2769 secundum
1818 2704 2103 2768 divinam

564 2823 863 2883 naturam
907 2836 924 2879 ε
962 2834 1118 2897 ergo
1144 2820 1238 2880 est
1262 2820 1453 2899 caput
1485 2816 1838 2880 secundum
1868 2816 2040 2879 illam
2083 2835 2099 2878 :

562 2944 743 3007 erge,
776 2925 831 2988 si
857 2926 1049 3006 caput
1072 2923 1222 2987 dicit
1257 2923 1411 3005 quid
1445 2923 1824 2999 increatum,
1850 2923 2106 2988 videtur

562 3033 852 3097 similiter
876 3031 1048 3114 quod
1072 3031 1282 3113 gratia
1306 3031 1527 3113 capitis
1551 3031 1710 3114 quid
1744 3031 2104 3095 increatum

562 3141 644 3204 sit
667 3140 1018 3206 secundum
1048 3158 1232 3205 suam
1264 3139 1624 3204 essentiam.

642 3252 704 3311 4.
750 3248 939 3327 ltem‚
982 3252 1172 3331 caput
1209 3251 1302 3311 est
1352 3247 1546 3311 simul
1589 3264 1739 3311 cum
1775 3245 2101 3326 membris,

564 3356 668 3420 vel
702 3356 1011 3420 antecedit
1045 3356 1333 3420 membra
1371 3378 1385 3419 :
1427 3372 1586 3437 ergo
1630 3355 1840 3437 gratia
1881 3355 2107 3437 capitis

563 3464 837 3544 gratiam
865 3462 1305 3526 membrorum
1338 3462 1444 3527 vel
1469 3461 1790 3544 praecedit,
1820 3462 1925 3526 vel
1951 3479 2105 3526 con-

564 3572 942 3635 comitatur:
973 3572 1083 3636 sed
1110 3571 1320 3653 gratia
1347 3570 1574 3636 Christi
1592 3574 1804 3635 creata
1830 3588 1959 3634 non
1987 3588 2103 3633 an-

565 3678 807 3742 tecessit
846 3679 1119 3760 gratiam
1146 3678 1618 3756 membrorum3
1659 3681 1891 3742 natura
1927 3675 2105 3741 enim

563 3786 851 3851 humana
891 3786 961 3849 in
1008 3785 1253 3850 Christo
1304 3804 1432 3850 non
1496 3785 1675 3869 prius
1716 3784 1860 3863 fuit,
1907 3801 2104 3865 quam

564 3898 727 3957 esset
755 3893 821 3957 in
848 3893 1067 3957 multis
1090 3895 1345 3974 sanctiS,
1376 3894 1487 3958 sed
1513 3893 1705 3974 longe
1724 3896 1864 3974 post
1896 3910 1912 3955 ε
1946 3908 2107 3972 ergo

564 4000 772 4082 gratia
797 3999 1021 4083 capitis
1058 4018 1190 4065 non
1214 4004 1420 4084 potest
1458 4018 1592 4064 esse
1622 3999 1834 4080 gratia
1869 4001 2102 4062 creata.

1093 4195 1546 4262 CONCLUSIO.

568 4340 759 4398 Gratia
784 4344 1016 4413 capitis,
1056 4358 1175 4414 quoe
1198 4344 1314 4411 fuit
1351 4345 1414 4398 in
1448 4341 1686 4408 Christo,
1728 4342 1944 4396 ratione
1976 4354 2104 4396 con-

635 4432 937 4499 formitatis
971 4435 1210 4499 naturae,
1249 4435 1302 4487 et
1327 4434 1565 4502 infimas
1596 4445 1699 4503 per
1722 4429 1935 4486 modum
1954 4444 2105 4501 Ρω-

627 4523 886 4591 parantis
912 4524 1010 4576 aut
1037 4524 1314 4590 merentis,
1351 4521 1485 4592 quid
1518 4524 1754 4577 creatum
1794 4519 1959 4586 dicim
2010 4521 2104 4575 ina

635 4613 870 4665 creonam
896 4624 1018 4665 vero
1061 4612 1275 4666 ratione
1306 4611 1604 4682 principii,
1646 4614 1698 4665 et
1732 4611 1972 4680 inflamus
2005 4622 2108 4680 per

631 4698 844 4755 modum
871 4702 1269 4771 impartientis.
1300 4715 1389 4756 seu
1412 4700 1704 4768 efficientis.

645 4857 828 4942 Resp.
855 4860 937 4925 ad
961 4879 1104 4941 arg.
1134 4859 1233 4924 Ad
1270 4859 1714 4940 praedictorum
1743 4856 2106 4937 intelligen-

565 4968 720 5031 tiam
746 4973 840 5032 est
873 4968 1250 5043 notandum,
1281 4966 1452 5049 quod
1478 4969 1670 5048 capnt
1704 4964 1774 5028 in
1800 4964 2106 5046 spiritua-

567 5074 733 5139 libus
773 5074 1236 5156 transumptive
1276 5073 1506 5137 dicitur
1544 5091 1584 5136 a
1624 5072 1824 5155 capite
1858 5071 1927 5134 in
1965 5086 2105 5134 cor-

567 5182 889 5263 poralibus
962 5205 979 5246 t
1039 5200 1262 5246 omnes
1340 5184 1556 5245 autem
1618 5179 2065 5243 transferentes
2083 5223 2103 5255 ,

566 5288 917 5353 secundum
973 5288 1252 5370 aliquam
1307 5286 1788 5351 similitudinem
1831 5283 2107 5348 transfe-

634 5414 705 5478 (α)
723 5413 862 5465 Edit.
891 5413 1008 5464 Ven.
1034 5426 1195 5463 unum
1223 5416 1453 5464 creatum
1485 5425 1608 5462 uno.

1585 499 1590 500 f
1650 419 2272 512 snmsmunun
2314 421 2464 487 mn.
2510 421 2620 487 111.

2207 563 2361 621 runt
2391 580 2406 621 ε
2445 562 2509 622 et
2545 557 2688 622 ideo
2725 559 2918 640 caput
2948 557 3018 620 in
3057 556 3492 639 spiritualibus
3527 557 3762 624 dicitur

2205 667 2559 730 secundum
2586 665 3140 730 concomitantiam
3167 666 3247 731 ad
3275 667 3558 749 aliquam
3597 685 3758 751 pro-

2204 774 2535 856 prietatem
2563 772 2785 856 capitis
2811 772 3173 837 materialis.
3207 772 3279 837 In
3307 775 3510 857 capite
3534 779 3752 838 autem
3780 771 4085 891 32⁸3

2204 879 2517 943 materiali
2545 879 2687 943 haec
2717 880 2839 943 tria
2866 880 3298 962 reperiuntur,
3324 881 3561 945 scilicet
3580 881 3753 964 quod
3782 899 4084 942 materian

2205 993 2300 1051 est
2352 989 2660 1053 membris
2713 989 3038 1053 conforme
3065 1037 3084 1069 ,
3154 993 3252 1054 est
3315 992 3756 1055 membrorum

2207 1095 2597 1180 principium
2613 1145 2631 1175 ‚
2688 1099 2783 1160 est
2843 1097 3036 1160 etiam
3094 1096 3482 1162 influxivum
3532 1116 3761 1163 sensus

2206 1206 2269 1265 et
2296 1206 2548 1267 motus:
2578 1208 2641 1266 et
2669 1206 3006 1286 propterea
3031 1205 3097 1267 in
3115 1205 3317 1287 capite
3344 1205 3761 1288 reperiuntur

2207 1328 2428 1375 omnes
2482 1329 2707 1376 sensus
2755 1312 3109 1394 perfectiori
3162 1312 3351 1377 modo
3366 1360 3383 1389 ‚
3433 1331 3634 1396 quam
3685 1313 3761 1378 in

2206 1416 2347 1479 aliis
2362 1418 2691 1482 membris.
2714 1417 2946 1484 Omnes
2966 1425 3185 1484 autem
3208 1418 3324 1484 has
3342 1419 3762 1503 proprietates

2208 1526 2304 1587 aet
2330 1524 2399 1587 in
2424 1523 2668 1589 Christo
2696 1527 2976 1609 reperire
2998 1532 3289 1611 respectu
3306 1528 3646 1593 bonorum.
3680 1526 3764 1590 Et

2208 1630 2349 1695 ideo
2365 1631 2551 1696 valde
2580 1633 3039 1699 rationabiliter
3057 1639 3278 1700 sancta
3295 1634 3628 1717 Scriptura
3652 1633 3764 1698 di-

2209 1736 2313 1815 cit,
2335 1737 2657 1803 Christum
2676 1758 2811 1804 esse
2830 1749 3029 1823 caput
3055 1742 3376 1814 Ecclesioe.
3399 1740 3524 1805 Sed
3547 1740 3764 1825 prima

2209 1846 2582 1927 proprietaS,
2612 1847 2846 1912 scilicet
2872 1849 3303 1929 conformitas,
3352 1849 3651 1932 competit
3697 1848 3763 1912 ei

2209 1952 2456 2017 ratione
2480 1955 2786 2019 humanae
2811 1959 3084 2022 naturae.
3117 1953 3297 2020 Unde
3327 1954 3761 2037 Augustinus,

2210 2074 2402 2140 super
2425 2062 2762 2128 ,Ιοαηηθηιι
2782 2085 2808 2127 .·
2842 2085 2872 2122 α
2898 2061 3102 2127 Unius
3127 2067 3377 2128 naturae
3404 2064 3558 2127 sunt
3585 2061 3761 2140 vitis,

2210 2172 2275 2230 et
2302 2168 2612 2250 palmites.
2645 2169 2912 2252 Propter
2934 2170 3108 2252 quod
3130 2218 3148 2248 ‚
3196 2189 3347 2235 cum
3374 2170 3542 2234 Deus
3570 2173 3760 2248 esset,

2209 2277 2311 2358 cuj
2321 2295 2398 2339 us
2422 2281 2672 2342 naturae
2705 2296 2838 2342 non
2864 2296 3123 2357 sumus,
3162 2278 3368 2343 factus
3401 2281 3498 2342 est
3536 2276 3760 2353 homo,

2211 2384 2376 2448 utin
2400 2386 2511 2450 illo
2540 2390 2702 2451 esset
2720 2388 2872 2452 vitis
2897 2385 3186 2451 humana
3211 2390 3462 2465 natura,
3487 2387 3673 2467 cujus
3695 2386 3767 2447 et
3878 2437 3883 2442 .

2212 2509 2331 2554 nos
2354 2491 2649 2557 homines
2679 2495 2971 2576 palmites
2987 2512 3122 2558 esse
3148 2510 3498 2576 possemus.
3530 2513 3561 2551 ι
3599 2490 3762 2555 Om-

2213 2597 2366 2662 nino
2394 2599 2568 2663 enim
2601 2600 2772 2665 idem
2799 2605 2893 2665 est
2922 2602 3001 2666 de
3027 2602 3249 2685 capite,
3295 2599 3468 2678 quod
3517 2600 3596 2663 de
3630 2597 3765 2664 vite

2212 2704 2716 2787 intelligendum.
2764 2708 3058 2773 Secunda
3116 2711 3334 2772 autem
3383 2706 3760 2790 proprietas,

2212 2811 2447 2877 scilicet
2472 2815 2915 2897 principiandi,
2941 2815 3244 2899 competit
3259 2816 3504 2880 ratione
3521 2813 3765 2879 divinae

2212 2923 2483 3001 naturae,
2509 2924 2860 2988 secundum
2880 2924 3054 3007 quod
3082 2927 3180 2988 est
3202 2923 3498 2987 omnium
3527 2921 3769 3006 princi-

2212 3027 2416 3108 pium.
2465 3027 2643 3094 Unde
2688 3038 2711 3072 ²
2742 3050 2759 3095 ε
2797 3032 2938 3114 Ipse
2982 3038 3177 3116 caput
3216 3034 3500 3114 ‹zm-poris
3539 3029 3765 3095 Eccle-

2209 3137 2346 3215 siae,
2372 3139 2489 3219 qui
2515 3143 2610 3205 est
2628 3140 3055 3222 principium,
3086 3143 3244 3220 etc.;
3275 3139 3491 3205 Glossa
3522 3160 3539 3203 ε
3573 3162 3606 3200 α
3631 3136 3762 3215 Qui

2211 3248 2308 3307 est
2331 3245 2719 3329 principium
2745 3248 3100 3313 secundum
3124 3248 3546 3328 divinitatem,
3578 3248 3642 3313 id
3665 3250 3768 3311 est

2210 3352 2509 3417 fundator
2533 3353 2827 3419 Ecclesiae
2850 3377 2865 3420 z
2892 3356 3046 3438 quia
3070 3374 3296 3421 omnes
3315 3356 3501 3438 J‘usti,
3532 3355 3648 3439 qui
3673 3355 3762 3418 ab

2212 3458 2370 3522 Abel
2391 3477 2594 3542 usque
2619 3462 2700 3525 ad
2726 3460 3029 3526 ultimum
3056 3465 3306 3545 justum
3337 3466 3759 3544 generantur,

2212 3564 2448 3629 virtute
2509 3567 2856 3633 divinitatis
2923 3570 3392 3634 illuminantur.
3454 3592 3485 3630 n
3550 3568 3766 3634 Tertia

2212 3690 2367 3737 vero
2395 3666 2768 3757 proprietas,
2800 3675 3038 3741 scilicet
3067 3677 3377 3743 influendi
3417 3683 3668 3744 motum
3694 3682 3767 3742 et
3844 3728 3853 3736 .

2213 3796 2496 3861 sensum,
2544 3784 2845 3865 competit
2887 3783 2948 3847 ei
2989 3784 3235 3849 ratione
3297 3785 3644 3850 divinitatis
3694 3791 3766 3851 et

2212 3886 2649 3952 humanitatis.
2697 3887 3040 3973 Dupliciter
3074 3891 3248 3957 enim
3287 3892 3587 3958 convenit
3612 3910 3762 3957 sen-

2213 4012 2357 4058 sum
2399 3999 2464 4059 et
2506 4000 2756 4061 motum
2813 3997 3042 4078 gratiae
3087 3997 3359 4063 influere
3409 4021 3426 4065 ε
3480 4003 3593 4065 ant
3643 4017 3765 4083 per

2213 4103 2478 4190 modum
2508 4105 2947 4188 praeparantis,
2996 4109 3110 4170 aut
3151 4124 3267 4190 per
3308 4108 3574 4174 modum
3624 4108 3762 4171 im·-

2213 4210 2560 4293 partientis.
2609 4211 2678 4277 Si
2726 4231 2840 4296 per
2871 4214 3137 4279 modum
3181 4216 3618 4299 praeparantis,
3663 4215 3767 4279 sic

2212 4323 2307 4382 est
2329 4319 2530 4402 ipsius
2573 4320 2802 4386 Christi
2848 4321 3094 4387 ratione
3132 4322 3440 4387 humanae
3484 4326 3762 4401 naturae,

2212 4424 2281 4488 in
2304 4444 2434 4508 qua
2460 4445 2682 4510 passus
2702 4431 2798 4491 est
2822 4433 3079 4510 propter
3103 4446 3242 4508 nos,
3268 4434 3332 4493 et
3348 4430 3644 4513 patiendo
3663 4447 3772 4493 sa·-

2213 4532 2462 4608 tisfecit,
2509 4538 2572 4597 θῖ
2605 4534 2881 4598 removit
2923 4535 3313 4614 inimicitias,
3344 4541 3408 4601 et
3447 4537 3771 4620 disposuit

2213 4638 2294 4702 ad
2325 4639 2791 4722 suscipiendam
2819 4641 3098 4722 gratiam
3133 4643 3501 4725 perfectam.
3546 4644 3613 4708 Si
3645 4660 3771 4726 per

2216 4747 2479 4812 modum
2507 4747 2929 4829 impartientis
2974 4754 3039 4813 et
3083 4751 3498 4829 conferentis,
3542 4751 3630 4814 sic
3668 4756 3775 4816 est

2215 4853 2418 4936 ipsius
2452 4853 2681 4918 Christi
2724 4854 2969 4919 ratione
3013 4856 3252 4921 divinae
3292 4861 3566 4935 naturai,
3608 4857 3772 4941 quia

2215 4961 2388 5026 solus
2442 4960 2608 5026 Deus
2650 4965 2747 5026 est
2792 4962 2905 5043 qui
2947 4963 3273 5028 illuminat
3305 4965 3444 5047 pias
3486 4970 3761 5046 mentes,

2215 5068 2388 5134 solus
2414 5074 2509 5132 est
2535 5069 2647 5150 qui
2685 5070 2960 5153 baptizat
3001 5071 3289 5150 interius,
3319 5088 3438 5154 pro
3480 5090 3558 5137 eo
3584 5075 3765 5156 quod

2217 5195 2399 5241 mens
2425 5181 2640 5240 nostra
2664 5176 3030 5242 immediate
3056 5179 3137 5241 ab
3165 5178 3303 5260 ipsa
3330 5179 3595 5244 veritate
3622 5181 3765 5244 for-

2216 5287 2452 5362 matur,
2480 5282 2644 5349 sicut
2684 5301 2854 5366 saepe
2896 5283 3045 5348 dicit
3081 5285 3487 5366 Augustinus
3516 5308 3533 5350 ε
3580 5287 3767 5351 etita

2278 5410 2458 5474 ¹Aug„
2486 5409 2541 5459 in
2566 5409 2734 5470 loun„
2757 5412 2906 5462 nect.
2924 5420 3062 5462 mx
3082 5446 3101 5475 ,
3121 5422 3177 5461 n.
3208 5413 3254 5461 ί.
3275 5412 3364 5451 ..¹
3382 5411 3593 5477 Colum,
3612 5425 3652 5477 ι,
3676 5416 3760 5497 18ο
