4185 6288
1453 468 1652 537 ms'r.
1694 468 1854 536 m.
1896 465 2082 538 ΛΒΤ.
2128 470 2178 535 1.
2222 466 2528 548 QUAEST.
2573 467 2656 533 11.

455 606 767 689 assignari
812 607 1165 672 secundum
1207 605 1492 672 diversas
1543 605 1992 690 expositiones,

453 731 601 798 quae
654 714 1019 778 innuuntur
1054 713 1145 780 ad
1183 714 1587 781 colossenses.
1629 712 1995 779 Secundum

450 821 666 885 tamen
705 819 1167 902 expositionem
1226 838 1374 903 quae
1430 820 1636 902 magis
1689 823 1999 885 consonat

451 927 649 991 verbo
689 927 1004 1011 Apostoli,
1034 931 1099 993 et
1139 929 1304 994 dicto
1353 930 1726 1012 Augustini,
1784 930 1995 995 scien-

450 1038 609 1104 dum
637 1038 808 1122 quod
836 1040 1342 1126 chirographum
1373 1042 1581 1125 culpae
1601 1041 1838 1107 dicitur
1861 1061 1996 1108 esse

451 1147 823 1214 memoriale
843 1198 860 1229 ,
899 1168 1030 1232 qno
1075 1150 1292 1215 anima
1334 1154 1584 1215 tenetur
1627 1150 1879 1215 astricta
1932 1154 1998 1216 et

448 1254 733 1336 obligata
769 1255 963 1320 alicui
1002 1275 1233 1341 poenae,
1266 1258 1430 1323 sicut
1454 1256 1706 1341 aliquis,
1738 1257 1995 1341 quando

448 1363 697 1446 obligat
719 1382 788 1431 se
813 1365 998 1430 alteri
1017 1415 1036 1447 ,
1066 1366 1214 1431 facit
1257 1367 1318 1432 ei
1346 1366 1855 1450 chirographum
1882 1383 1900 1429 t
1931 1369 1997 1431 et

449 1471 573 1536 hoc
596 1470 811 1537 innuit
829 1473 1228 1555 Augustinus
1245 1473 1310 1538 in
1339 1474 1571 1554 littera,
1587 1489 1745 1539 tum
1772 1475 1924 1539 dicit
1940 1477 1990 1540 ¹:

457 1603 483 1634 ι
516 1577 862 1663 Culparum
900 1580 1329 1664 chirographa
1371 1581 1575 1646 deleta
1616 1587 1769 1647 sunt
1789 1631 1805 1662 ,
1854 1583 1996 1665 qui-

449 1688 572 1753 bus
611 1689 922 1756 debitores
964 1694 1109 1755 ante
1140 1691 1390 1756 diaholo
1416 1690 1818 1757 tenebantur.
1849 1715 1881 1751 ι)
1917 1692 1993 1756 Et

450 1796 685 1862 dicitur
710 1797 869 1864 illud
899 1797 1409 1882 chirographum
1437 1798 1665 1881 culpae,
1693 1802 1757 1863 et
1782 1800 1992 1864 chiro-

447 1905 777 1989 graphum
811 1906 1043 1971 decreti
1064 1954 1082 1986 ‚
1124 1906 1278 1990 quia
1315 1906 1460 1970 talis
1498 1906 1805 1988 obligatio
1843 1926 1992 1973 con-

445 2013 659 2095 surgit
693 2032 777 2078 ex
814 2019 1030 2079 nostra
1069 2014 1258 2098 culpa
1293 2018 1599 2099 tanquam
1630 2035 1714 2081 ex
1736 2017 1988 2096 merit0,

445 2124 508 2184 et
533 2139 617 2186 ex
642 2121 864 2186 divina
888 2123 1201 2187 sententia
1226 2125 1533 2205 tanquam
1575 2142 1659 2189 ex
1692 2125 1943 2191 decreto
1971 2148 1986 2193 :

444 2230 509 2293 et
533 2227 624 2292 sic
655 2228 1159 2313 chirographum
1186 2229 1418 2294 dicitur
1444 2249 1579 2296 esse
1619 2233 1993 2298 memoriale

444 2335 625 2414 illud,
657 2354 788 2418 quo
809 2335 1069 2419 quidem
1093 2340 1422 2420 peccatum
1444 2344 1663 2403 manet
1674 2343 1989 2422 quantum

447 2442 527 2507 ad
551 2447 826 2522 reatum,
855 2442 1102 2508 ratione
1142 2446 1329 2527 cujus
1356 2444 1576 2509 divina
1595 2448 1848 2528 justitia
1870 2448 1986 2513 ha-

447 2549 555 2614 bet
576 2569 697 2615 nos
724 2551 954 2635 punire
973 2602 989 2630 ,
1021 2551 1330 2617 diabolica
1367 2554 1611 2619 malitia
1647 2561 1850 2640 potest
1874 2576 1983 2621 ac·-

445 2677 666 2723 cusare
718 2663 781 2723 et
835 2658 1118 2726 detinere
1153 2707 1170 2736 ‚
1222 2664 1284 2724 et
1332 2663 1714 2727 conscientia
1771 2669 1986 2730 nostra

441 2765 645 2845 potest
691 2765 913 2827 contra
957 2781 1076 2827 nos
1123 2781 1602 2830 remurmurare
1652 2786 1669 2830 τ
1720 2772 1783 2831 et
1834 2767 1992 2834 illud

442 2868 943 2953 chirographum
991 2869 1338 2935 adversum
1366 2891 1486 2937 nos
1512 2872 1704 2938 habet
1729 2874 1989 2941 inscribi

443 2993 574 3041 non
619 2977 829 3042 solum
869 2996 987 3061 pro
1033 2979 1305 3060 peccatis
1344 2981 1576 3046 nostris
1611 2983 1986 3064 actualibuS,

443 3084 550 3150 sed
578 3084 773 3150 etiam
800 3102 919 3169 pro
943 3090 1199 3169 peccato
1223 3087 1417 3170 primi
1447 3091 1726 3171 parentis
1760 3114 1777 3154 ε
1807 3098 1869 3157 et
1894 3111 1991 3158 ra-

444 3192 610 3258 tione
655 3192 854 3276 hujus
900 3195 1195 3260 diabolus
1238 3195 1432 3262 hahet
1466 3197 1536 3262 in
1565 3217 1683 3263 nos
1707 3200 1990 3283 aliquam

443 3303 812 3384 potestatem
857 3302 962 3368 vel
1009 3302 1374 3387 simpliciter
1393 3355 1409 3385 ,
1453 3306 1556 3371 vel
1592 3308 1672 3371 ad
1710 3312 1985 3392 tempus.

447 3408 757 3485 Quoniam
788 3427 946 3492 ergo
972 3409 1259 3476 Christus
1284 3430 1401 3496 per
1423 3414 1783 3496 passionem
1803 3434 1987 3481 suam

443 3531 575 3578 non
620 3516 830 3580 solum
884 3517 1247 3600 impetravit
1307 3520 1492 3585 nobis
1551 3522 1988 3588 remissionem

441 3622 646 3706 cuipae
702 3628 1016 3707 quantum
1079 3626 1159 3690 ad
1214 3627 1536 3692 maculam
1570 3677 1587 3706 ,
1632 3630 1740 3694 sed
1796 3631 1989 3696 etiam

440 3734 757 3811 quantum
803 3731 884 3796 ad
934 3736 1225 3812 reatum3
1270 3733 1565 3799 hineooet
1615 3737 1786 3819 quod
1837 3737 1990 3802 dicit

440 3836 779 3918 Apostolus
803 3842 868 3902 et
887 3838 1329 3921 Augustiana,
1360 3842 1532 3923 qnod
1561 3842 1845 3907 Christus
1874 3863 1989 3927 per

441 3943 800 4026 passionem
827 3963 1014 4009 suam
1039 3946 1272 4012 delevit
1307 3949 1736 4033 chirographa
1760 3952 1986 4034 culpa-

438 4068 610 4115 rum.
658 4050 782 4117 Sed
821 4053 1163 4137 Apostolus
1199 4055 1348 4119 dicit
1382 4055 1840 4138 singulariter:
1880 4061 1989 4124 De-

439 4155 575 4224 lon-s
600 4159 1100 4244 chirographum
1128 4161 1389 4242 decreti,
1419 4166 1573 4248 quia
1600 4166 1887 4250 loquitur
1908 4170 1985 4235 de

446 4268 802 4332 memoriali
857 4271 1383 4350 transgressionis
1424 4274 1615 4355 primi
1666 4275 1982 4357 parentis;

446 4372 855 4456 Augustinus
908 4398 1063 4446 vero
1106 4380 1456 4464 pluraliter,
1506 4384 1658 4465 quia
1701 4385 1986 4467 loquitur

440 4479 519 4545 de
561 4484 937 4551 remissione
983 4487 1276 4552 omnium
1327 4494 1732 4571 peccatorum
1771 4511 1983 4574 quan-

440 4590 579 4651 tum
639 4591 718 4654 ad
770 4598 1020 4659 reatum
1042 4643 1062 4674 ,
1114 4600 1190 4659 nt
1251 4595 1603 4677 perfectum
1667 4598 1984 4682 exprimat

441 4689 645 4772 ipsius
682 4697 995 4777 passionis
1023 4698 1343 4765 effectum.
1376 4699 1858 4767 Concedendum
1886 4708 1985 4768 est

438 4814 628 4880 ergo,
671 4805 845 4887 quod
886 4826 1003 4890 per
1044 4807 1403 4890 passionem
1439 4807 1665 4871 Christi
1693 4809 1984 4876 delentur

436 4905 869 4996 chirographa
922 4914 1308 4998 culparum3
1357 4916 1773 4982 concedendae
1830 4923 1983 4983 sunt

435 5013 626 5081 etiam
649 5019 951 5101 rationes,
981 5039 1129 5104 quae
1158 5022 1279 5086 hoc
1314 5022 1677 5088 ostendunt.

522 5133 552 5192 1
565 5176 582 5193 .
614 5127 712 5192 Ad
749 5126 908 5192 illud
952 5145 1106 5193 vero
1137 5128 1308 5213 quod
1347 5127 1558 5211 primo
1584 5130 1882 5213 objicitur
1908 5132 1979 5197 in

434 5235 825 5302 contrarium
842 5282 865 5314 ,
916 5236 1090 5318 quod
1131 5235 1420 5301 diabolus
1462 5238 1701 5303 multos
1741 5239 1980 5307 detinet

492 5395 680 5461 ¹Ang.,
705 5396 805 5447 loc.
829 5410 952 5447 mox
990 5397 1076 5447 cit.
1098 5398 1197 5436 —¹
1226 5396 1475 5463 Anselm.,
1503 5399 1607 5449 Cur
1633 5400 1761 5449 Deus
1802 5399 1976 5463 homo,

431 5465 519 5524 lib.
543 5469 673 5532 ll,c.
702 5480 807 5531 xv,
838 5481 903 5517 ex
934 5469 951 5518 Ι
977 5470 1115 5531 Gor..
1145 5471 1294 5528 1108.

3524 473 3636 538 ⁴11

2108 605 2191 670 ad
2230 603 2466 668 luenda
2508 602 2847 688 supplicia,
2877 603 3221 670 dicendum
3245 605 3419 689 quod
3444 607 3647 692 dupli-

2106 713 2264 778 citer
2287 716 2382 777 est
2405 711 2582 796 loqui
2612 712 2691 777 de
2717 713 3053 777 efficientia
3088 714 3195 778 vel
3229 715 3456 780 effectu
3493 733 3645 799 pas-

2106 820 2308 885 sionis
2344 818 2574 884 Christi
2607 824 2766 885 :aut
2807 822 3123 902 quantum
3177 822 3259 886 ad
3316 823 3644 888 sufficien-

2105 928 2286 1005 tiam,
2336 931 2450 992 aut
2491 931 2809 1010 quantum
2851 927 2930 991 ad
2970 927 3314 993 efficaciam
3363 950 3381 993 ε
3430 947 3648 1013 quan-

2105 1039 2250 1099 tum
2301 1036 2385 1100 ad
2432 1035 2876 1100 sufficientiam
2902 1083 2922 1113 ,
2973 1037 3065 1100 sic
3119 1055 3189 1101 se
3237 1037 3518 1102 extendit
3564 1038 3646 1104 ad

2107 1161 2330 1209 omnes
2364 1143 2657 1208 homines
2682 1147 2747 1208 et
2772 1143 2853 1208 ad
2876 1162 3099 1208 omnes
3124 1144 3345 1227 culpas
3365 1164 3382 1225 ;
3413 1145 3469 1208 si
3490 1163 3647 1211 vero

2107 1253 2421 1334 quantum
2462 1251 2545 1314 ad
2586 1250 2932 1315 efficaciam
2955 1300 2975 1331 ‚
3022 1251 3114 1318 sic
3156 1270 3225 1317 se
3253 1253 3540 1318 extendit
3564 1252 3646 1318 ad

2105 1377 2213 1425 eos
2239 1358 2664 1438 solummodo,
2693 1360 2809 1442 qui
2835 1360 3240 1443 baptizantur
3278 1362 3346 1426 in
3384 1362 3646 1428 nomine

2106 1470 2280 1552 ejus3
2318 1466 2434 1550 qui
2478 1466 2901 1532 absolvuntur
2927 1488 2966 1532 a
2991 1471 3174 1533 reatu
3214 1468 3547 1550 originalis
3583 1473 3648 1535 et

2104 1576 2368 1641 actualis
2412 1594 2435 1636 .·
2474 1571 2563 1639 ita
2612 1575 2782 1658 quod
2829 1595 2869 1640 a
2909 1577 3161 1642 diaholo
3202 1596 3335 1643 non
3382 1582 3648 1662 possunt

2105 1681 2382 1766 amplius
2427 1680 2625 1745 teneri
2649 1728 2666 1758 ,
2697 1681 2819 1746 nisi
2865 1683 3024 1748 forte
3076 1703 3145 1748 se
3188 1685 3246 1747 ei
3290 1685 3647 1750 voluntarie

2104 1791 2465 1874 subjiciant,
2486 1791 2549 1853 et
2564 1806 2734 1854 nova
2760 1795 2981 1856 contra
3002 1811 3112 1877 eos
3138 1793 3494 1858 scribantur
3520 1793 3647 1858 chi-

2105 1901 2448 1985 rographa.

2184 2015 2243 2074 2.
2293 2012 2392 2077 Ad
2415 2012 2572 2078 illud
2601 2012 2774 2097 quod
2801 2010 3123 2094 objicitur,
3157 2008 3330 2091 quod
3347 2008 3411 2102 *si
3441 2008 3647 2074 deleta

2102 2121 2253 2181 sunt
2291 2118 2626 2202 culparum
2661 2115 3095 2199 chirographa
3118 2134 3234 2198 per
3259 2116 3642 2198 passionem,

2102 2231 2274 2312 quod
2323 2233 2721 2314 superfluant
2763 2229 2887 2293 alia
2929 2228 3211 2294 remedia
3230 2275 3246 2304 ‚
3302 2227 3644 2292 dicendum

2101 2337 2275 2419 quod
2303 2338 2457 2403 illud
2486 2357 2617 2403 non
2643 2337 2933 2420 sequitur
2953 2385 2971 2415 ‚
3016 2336 3168 2417 quia
3202 2335 3327 2400 alia
3365 2336 3645 2400 remedia

2102 2462 2142 2508 a
2185 2447 2476 2527 passione
2528 2446 2766 2510 habent
2815 2444 3158 2508 efficaciam
3192 2464 3208 2521 ;
3268 2461 3387 2508 nec
3436 2443 3644 2524 passio

2100 2550 2265 2615 delet
2290 2553 2634 2616 efficienter
2644 2551 3014 2633 hujusmodi
3037 2549 3490 2633 chirographa,
3520 2549 3646 2613 nisi

2101 2657 2529 2724 interveniant
2549 2660 2657 2724 illa
2682 2658 2985 2724 remedia.

2183 2769 2242 2829 3.
2272 2766 2369 2830 Ad
2394 2767 2553 2832 illud
2584 2768 2756 2850 quod
2783 2766 3101 2848 objicitur,
3129 2765 3303 2848 quod
3334 2783 3466 2830 non
3492 2768 3645 2829 sunt

2101 2874 2305 2939 deleta
2329 2875 2783 2940 crucifixorum
2808 2873 3261 2954 chirographa,
3291 2873 3398 2937 sed
3429 2871 3643 2955 potius

2100 2982 2353 3064 scripta,
2373 2982 2716 3047 dicendum
2740 2981 2911 3064 quod
2926 2981 3128 3045 deleta
3140 2981 3472 3045 fuerantin
3489 2981 3644 3063 ipsis

2101 3088 2586 3154 crucifixoribus
2646 3094 2964 3173 quantum
3029 3087 3106 3152 ad
3169 3086 3639 3167 sufficientiam,

2100 3199 2163 3260 et
2188 3199 2504 3279 quantum
2545 3196 2627 3261 ad
2671 3197 2975 3260 meritum
2994 3245 3012 3275 ,
3060 3196 3205 3259 licet
3240 3195 3308 3259 in
3349 3195 3643 3278 pluribus

2099 3324 2327 3371 eorum
2367 3324 2496 3369 non
2535 3306 2662 3370 sint
2705 3305 2909 3370 deleta
2947 3309 3263 3387 quantum
3304 3304 3385 3368 ad
3425 3304 3642 3369 effica-

2100 3413 2286 3491 ciam,
2308 3414 2372 3476 et
2396 3417 2714 3496 quantum
2743 3411 2822 3476 ad
2864 3416 3102 3489 actum,
3133 3414 3390 3494 propter
3416 3428 3642 3475 eorum

2099 3521 2589 3601 negligentiam.
2628 3518 2704 3583 Et
2731 3519 2788 3583 si
2815 3524 2888 3583 tu
2916 3518 3193 3600 objicias,
3228 3517 3401 3600 quod
3430 3536 3642 3600 quan-

2099 3627 2243 3691 titas
2259 3625 2785 3708 transgressionis
2802 3643 3027 3690 eorum
3046 3624 3422 3707 sequabatur
3435 3644 3643 3708 quan-

2098 3733 2264 3797 titati
2295 3732 2768 3812 satisfactionis,
2798 3732 3138 3797 dicendum
3165 3732 3338 3814 quod
3374 3750 3640 3796 excusa·

2098 3841 2333 3905 bantur
2378 3858 2491 3924 per
2527 3839 2959 3920 ignorantiam
2979 3886 2997 3916 ,
3029 3838 3193 3902 sicut
3237 3838 3388 3901 dicit
3415 3838 3642 3903 Ansel-

2097 3968 2246 4015 mus
2269 3953 2329 4014 ¹:
2359 3952 2435 4017 Si
2469 3952 2640 4016 enim
2662 3951 3119 4034 conuenissent,
3150 3966 3485 4033 nunquam
3509 3952 3637 4016 Do-

2095 4061 2344 4125 minum
2379 4060 2599 4142 qlonoe
2636 4058 3140 4139 crucifixissem
3194 4058 3394 4123 Aliter
3439 4062 3644 4142 potest

2097 4165 2240 4244 dici,
2266 4167 2437 4249 quod
2463 4183 2800 4249 nunquam
2825 4165 2918 4229 illi
2944 4165 3359 4230 crucifixores
3395 4182 3478 4228 ex
3508 4169 3639 4229 tam

2096 4276 2265 4339 mala
2320 4276 2650 4340 voluntate
2704 4274 3026 4338 Christum
3099 4273 3504 4352 occidebant,
3558 4290 3640 4337 ex

2094 4401 2293 4464 quam
2340 4383 2511 4446 hona
2555 4382 2886 4446 voluntate
2952 4381 3235 4446 Christus
3281 4381 3639 4463 passionem

2091 4489 2443 4554 sustinebat
2473 4510 2488 4551 ε
2520 4491 2583 4551 et
2609 4487 2752 4551 ideo
2776 4487 2970 4569 longe
2994 4487 3309 4570 potentior
3338 4492 3476 4551 erat
3499 4505 3642 4569 pas-

2091 4596 2187 4660 sio
2229 4595 2458 4661 Christi
2503 4594 2583 4657 ad
2630 4593 3145 4658 satisfaciendum
3165 4642 3182 4672 ,
3228 4611 3438 4676 quam·
3479 4600 3640 4659 esset

2090 4704 2349 4769 illorum
2378 4703 2567 4786 culpa
2590 4702 2671 4767 ad
2695 4701 3136 4784 obligandum.
3571 4742 3575 4746 -

2171 4817 2232 4875 4.
2263 4811 2362 4876 Ad
2388 4811 2547 4876 illud
2574 4809 2748 4893 quod
2776 4808 3127 4893 quaeritur,
3161 4813 3384 4874 utrum
3417 4810 3636 4876 chiro-

2088 4916 2419 5001 graphum
2448 4918 2680 4983 decreti
2705 4917 2785 4981 sit
2812 4916 3020 4999 culpa,
3051 4917 3155 4981 vel
3176 4934 3388 4999 poena,
3416 4918 3631 4983 dicen-

2088 5023 2247 5089 dum
2290 5024 2461 5109 quod
2502 5023 2757 5107 proprie
2803 5022 3125 5105 loquendo
3151 5040 3270 5087 nec
3302 5028 3400 5089 est
3424 5024 3632 5108 culpa,

2087 5149 2207 5196 nec
2245 5136 2340 5196 est
2384 5150 2607 5215 poena3
2669 5131 2782 5196 sed
2824 5133 2921 5195 est
2971 5133 3187 5195 reatus
3239 5149 3634 5215 consequens

2086 5240 2343 5323 culpam
2359 5287 2377 5321 ,
2408 5239 2525 5323 qui
2565 5241 2662 5305 est
2703 5236 3012 5319 obligatio
3045 5237 3125 5303 ad
3175 5256 3455 5321 poenam,
3486 5258 3636 5322 quae

2085 5349 2351 5431 quidem
2397 5349 2628 5415 dicitur
2664 5347 3171 5431 chirographum
3210 5348 3278 5412 in
3311 5352 3631 5431 quantum

2085 5459 2259 5520 tenet
2281 5455 2740 5540 obligationem
2762 5458 3050 5539 respectu
3078 5472 3308 5537 poenae,
3339 5460 3404 5521 et
3427 5456 3624 5523 ratio-
