4185 6288
1237 535 1430 602 DIST.
1479 535 1528 601 1.
1573 534 1684 600 AR
1809 535 1887 600 11.
1935 534 2234 613 QUAEST.
2282 536 2358 599 Π.
3287 545 3365 605 {9

179 689 294 736 rem
338 670 935 737 manifestationem
985 690 1126 737 suae
1178 670 1589 737 fortitudinis
1638 669 1708 734 In

179 777 279 843 hoc
316 778 485 843 enim
534 779 722 862 quod
768 777 938 844 Deus
982 797 1239 844 carnem
1283 778 1600 844 humilem
1647 781 1712 842 et

180 886 469 949 infirmam
498 886 896 969 assumpsit,
932 885 1461 969 superbissimum
1490 885 1712 950 diabo-

180 993 295 1057 lum
321 994 551 1075 deJecit
570 1044 590 1071 ,
635 1000 704 1058 et
739 994 1074 1060 hominem
1113 994 1430 1058 humilem
1469 993 1710 1057 exalta-

180 1102 281 1181 vit;
306 1102 737 1166 sorfissimum
761 1101 1200 1167 adversarium
1222 1101 1558 1182 confregit,
1588 1101 1711 1165 ho-

180 1211 390 1274 minem
425 1211 783 1275 infirmum
819 1210 1141 1275 stabilivit.
1173 1209 1252 1274 Et
1290 1210 1356 1273 in
1398 1209 1522 1273 hoc
1550 1209 1711 1273 emi-

178 1322 374 1381 nenter
425 1320 603 1382 facta
658 1322 758 1382 est
812 1317 1238 1382 manifestatio
1295 1316 1597 1399 potentiae
1650 1320 1713 1379 et

179 1425 498 1507 sapientiae.
530 1423 602 1490 Si
633 1425 816 1489 enim
840 1432 859 1467 ¹
888 1424 1063 1508 quod
1086 1425 1419 1505 infirmum
1445 1429 1536 1489 est
1562 1423 1710 1502 Dei,

177 1535 470 1613 potentius
514 1538 616 1599 est
654 1530 954 1597 omnibus
998 1529 1400 1610 hominibus,
1437 1534 1498 1595 et
1542 1526 1712 1611 quod

177 1638 415 1702 sinuum
443 1644 537 1704 est
564 1639 698 1704 Dei
735 1639 1098 1720 sapientius
1129 1644 1221 1704 est
1268 1636 1561 1703 omnibus
1601 1633 1712 1699 ho-

178 1743 466 1823 minibuS,
498 1747 567 1808 et
604 1745 808 1809 etiam
845 1742 1275 1822 daemonibus,
1316 1741 1582 1825 planum
1620 1744 1714 1805 est

175 1851 322 1931 quod
345 1854 487 1934 ejus
513 1854 834 1935 potentia,
860 1857 925 1916 et
950 1850 1347 1929 excellentia,
1374 1853 1439 1913 et
1464 1847 1713 1931 sapien·

174 1954 280 2032 tia,
312 1957 840 2039 superexcellunt
877 1956 1099 2022 omnia
1140 1955 1211 2019 in
1252 1954 1605 2019 infinitum.
1637 1952 1713 2017 Et

175 2060 294 2126 ideo
320 2064 432 2127 etsi
461 2063 933 2129 incarnationis
959 2081 1120 2147 opus
1146 2062 1214 2126 in
1241 2080 1309 2126 se
1338 2080 1469 2125 non
1496 2060 1710 2125 videa-

178 2174 267 2233 tur
298 2169 500 2236 tacere
541 2172 634 2236 ad
679 2171 916 2236 divinae
953 2168 1480 2235 manifestationis
1517 2167 1716 2232 hono-

177 2293 326 2355 rem3
368 2279 424 2342 si
468 2283 699 2343 tamen
741 2278 1175 2343 consideratur
1212 2275 1372 2340 illud
1417 2276 1498 2340 ad
1543 2274 1713 2358 quod

179 2389 284 2463 est,
311 2386 455 2449 facit
479 2385 964 2467 elegantissime
995 2408 1010 2449 :
1043 2389 1107 2450 et
1132 2382 1274 2450 ideo
1304 2383 1622 2448 haereticis
1648 2383 1712 2447 et

179 2490 518 2557 infidelibus
554 2493 752 2557 caecis
789 2492 1078 2557 velatum
1109 2496 1205 2556 est
1238 2494 1716 2555 sacramentum

183 2597 620 2664 incarnationis
637 2648 657 2676 ‚
690 2599 1048 2665 dicentibus
1086 2597 1258 2682 quod
1298 2615 1463 2681 opus
1502 2598 1717 2661 incar-

185 2707 432 2770 nationis
467 2707 715 2771 faceret
747 2706 827 2769 ad
865 2706 1103 2770 divinae
1141 2705 1488 2787 majestatis
1522 2705 1714 2786 igno-

187 2814 449 2890 miniam,
471 2833 634 2880 cum
660 2832 744 2879 ex
765 2814 1052 2897 opposito
1079 2811 1267 2878 faciat
1290 2813 1372 2876 ad
1396 2811 1718 2877 excellen-

189 2920 469 2987 tissimam
498 2923 809 3005 gloriam.

257 3034 313 3094 2.
354 3031 447 3096 Ad
485 3031 654 3095 illud
693 3030 868 3113 quod
899 3029 1264 3113 opponitur,
1306 3028 1480 3110 quod
1519 3025 1723 3091 nimia

199 3134 302 3201 fuit
320 3137 403 3202 ibi
425 3137 825 3217 humiliatio,
852 3135 1220 3221 responderi
1245 3137 1470 3220 potest,
1495 3138 1572 3198 ut
1594 3133 1723 3198 dic-

200 3247 317 3307 tum
340 3251 450 3325 est,
478 3245 664 3330 quod
692 3245 912 3309 divina
938 3248 1172 3309 natura
1198 3262 1334 3308 non
1358 3241 1481 3307 fuit
1507 3241 1723 3305 humi-

200 3351 326 3418 liata
364 3355 587 3438 aliqua
628 3354 976 3436 dejectione
1021 3375 1038 3417 :
1082 3352 1194 3417 sed
1238 3370 1389 3417 cum
1435 3354 1726 3416 creatura

199 3463 432 3545 appetiit
455 3481 529 3527 se
556 3480 695 3526 esse
718 3460 945 3541 Deum,
969 3461 1190 3525 inflata
1215 3460 1335 3524 fuit
1361 3458 1581 3542 aliqua
1601 3458 1725 3523 ela-

203 3568 349 3633 tione
385 3587 402 3633 :
438 3573 506 3634 et
553 3569 698 3633 ideo
741 3586 824 3633 ex
869 3572 1047 3651 parte
1093 3568 1214 3632 ista
1256 3566 1551 3630 nimietas
1594 3583 1726 3630 non

203 3681 362 3740 sonat
398 3678 466 3741 in
512 3677 750 3741 vitium
772 3724 790 3753 ,
829 3679 996 3741 sicut
1034 3694 1118 3741 ex
1161 3679 1342 3758 parte
1382 3673 1513 3738 illa.
1551 3671 1723 3737 Prae·

206 3790 354 3852 terea
378 3789 445 3853 in
480 3788 597 3852 iila
634 3790 881 3853 ratione
906 3788 1120 3853 deficit
1157 3786 1509 3854 similitudo
1530 3833 1548 3866 ,
1575 3784 1730 3869 quia

207 3895 533 3961 exinanitio
551 3944 573 3976 ,
619 3913 765 3978 quae
808 3895 972 3960 sacta
1015 3895 1138 3959 fuit
1179 3896 1251 3958 in
1295 3892 1730 3974 assumptione

207 4000 483 4068 humanae
510 4007 765 4068 naturae
781 4051 800 4083 ,
837 4004 961 4067 suit
989 4021 1073 4066 ex
1109 4019 1375 4067 excessu
1409 3998 1731 4064 charitatis

206 4113 258 4172 et
277 4113 505 4177 amoris
538 4133 556 4175 ε
587 4110 697 4174 sed
730 4110 917 4176 elatio
930 4159 949 4189 ,
979 4128 1111 4193 qua
1134 4108 1344 4175 voluit
1379 4107 1576 4172 homo
1604 4105 1731 4170 Deo

207 4218 559 4295 assimilari,
586 4217 711 4281 suit
743 4235 828 4282 ex
862 4234 1127 4281 excessu
1168 4211 1727 4298 praesumptionis-2

209 4329 261 4388 et
287 4326 431 4409 quia
457 4325 760 4391 nimietas
798 4323 1318 4408 praesumptionis
1345 4326 1410 4387 et
1444 4318 1733 4385 elationis

209 4432 629 4517 vituperabilis
649 4435 764 4496 -aet
779 4481 798 4512 ,
833 4435 896 4496 et
933 4432 1229 4496 nimietas
1270 4427 1624 4495 dilectionis
1664 4428 1735 4492 in

212 4558 446 4606 summo
477 4540 608 4605 Deo
651 4538 986 4604 laudabilis
1027 4542 1156 4616 est;
1197 4537 1350 4602 hinc
1393 4541 1522 4616 est,
1564 4537 1735 4618 quod

215 4648 549 4714 exinanitio
576 4646 803 4712 Christi
832 4664 961 4711 non
987 4645 1110 4711 suit
1132 4645 1596 4729 vituperabilis,
1628 4645 1737 4710 sed

208 4753 547 4833 laudabilis,
567 4756 732 4820 sicut
745 4754 1186 4838 vituperabilis
1202 4753 1322 4818 t'uit
1338 4753 1527 4818 elatio
1545 4753 1739 4835 primi

212 4866 520 4946 parentis:
553 4863 926 4947 procedebat
964 4861 1140 4926 enim
1176 4879 1258 4925 ex
1292 4861 1492 4924 nimia
1530 4859 1741 4924 chari-

213 4975 351 5054 tate,
378 4975 458 5038 de
496 4990 629 5055 qua
663 4988 859 5053 supra
897 4969 1191 5035 habitum
1224 4974 1321 5033 ost
1356 4969 1425 5032 in
1462 4967 1740 5033 auctori-

215 5083 323 5146 tate
337 5083 359 5118 ²
378 5101 398 5145 ι
419 5082 589 5147 Deus
606 5085 867 5162 propter
889 5081 1165 5146 nimiam
1183 5078 1561 5145 charitatem
1575 5125 1597 5158 ,
1615 5093 1748 5160 qua

218 5187 442 5257 diteoeit
466 5205 586 5256 nos
602 5234 624 5266 ,
653 5192 774 5253 etc.

288 5302 345 5363 3.
376 5296 479 5363 Ad
506 5296 669 5361 illud
698 5295 871 5378 quod
893 5295 1261 5379 opponitur,
1292 5294 1464 5376 quod
1489 5312 1619 5357 non
1646 5293 1750 5358 de-

225 5404 313 5469 bet
336 5408 701 5470 creaturam
737 5421 924 5467 suam
947 5402 1203 5467 trahere
1229 5406 1413 5465 extra
1444 5400 1752 5465 terminos

281 5530 298 5565 ¹
320 5531 337 5581 l
361 5531 499 5595 Con,
523 5541 565 5593 1,
593 5529 689 5591 25,
715 5525 894 5578 iisdem
913 5525 1021 5578 tere
1048 5527 1240 5579 verbis.
1265 5527 1357 5564 -ί
1385 5523 1585 5590 tiphos„
1615 5537 1674 5589 11,
1703 5527 1750 5573 ὅ.

1821 689 1973 736 suos
1990 720 2009 751 ‚
2058 670 2399 736 dicendum
2448 672 2619 754 quod
2668 679 2958 740 creatura
3003 674 3071 738 in
3119 674 3364 740 Christo

1820 782 2109 842 remanet
2156 778 2327 842 iutra
2374 780 2681 844 terminos
2728 787 3038 846 creaturae
3072 803 3086 844 :
3121 781 3367 845 ratione

1820 887 2034 948 tamen
2065 902 2378 967 personae,
2403 884 2471 949 in
2499 904 2631 969 qua
2657 887 3220 965 substantificatur,
3254 886 3369 952 ha-

1821 992 1928 1055 bet
1957 992 2606 1057 communicationem
2639 992 3014 1058 idiomatum
3034 1041 3050 1069 ,
3084 997 3149 1058 et
3178 994 3366 1076 parti-

1823 1098 1992 1181 cipat
2015 1117 2255 1162 nomen
2283 1099 2602 1179 divinum,
2625 1119 2741 1184 pro
2769 1120 2845 1165 eo
2872 1102 3046 1185 quod
3071 1101 3182 1165 illa
3210 1101 3366 1166 unio
3474 1144 3477 1145 ν

1820 1205 2009 1270 saciat
2055 1208 2700 1273 communicationem
2749 1208 3125 1274 idiomatum
3174 1207 3366 1274 salvis

1822 1314 2320 1396 proprietatibus
2346 1316 2729 1380 assumentis
2754 1319 2817 1381 et
2841 1314 3172 1398 assumpti.

1902 1424 1965 1486 4.
2007 1420 2087 1485 Et
2116 1440 2230 1505 per
2254 1422 2376 1487 hoc
2408 1426 2577 1506 patet
2608 1423 2936 1506 responsio
2962 1421 3040 1485 ad
3069 1438 3363 1504 sequens,

1822 1528 1994 1611 quod
2023 1528 2369 1613 opponitur
2390 1530 2468 1594 de
2490 1529 3067 1595 communicatione
3090 1527 3368 1592 nominis

1822 1634 2367 1716 excellentissimi;
2400 1636 2555 1719 quia
2591 1635 2759 1699 Deus
2793 1653 2911 1699 nec
2949 1651 3183 1699 nomen
3203 1681 3222 1713 ,
3250 1651 3370 1697 nec

1823 1745 2099 1826 gloriam
2132 1763 2320 1810 suam
2346 1744 2781 1809 communicat
2805 1743 2913 1808 alii
2942 1761 2959 1806 :
2991 1760 3165 1807 unus
3194 1741 3370 1807 enim

1822 1855 1886 1915 et
1911 1852 2107 1932 idem,
2133 1853 2247 1935 qui
2272 1856 2366 1917 oet
2391 1850 2702 1932 Christus,
2729 1855 2825 1915 est
2848 1851 3046 1915 homo
3071 1852 3137 1915 et
3159 1848 3365 1914 Deus:

1824 1959 1994 2024 unde
2024 1978 2178 2023 cum
2207 1977 2444 2024 nomen
2473 1958 2823 2024 divinitatis
2853 1957 3222 2022 attribuitur
3250 1956 3370 2021 ho-

1823 2068 2020 2146 mini,
2051 2067 2174 2132 hoc
2198 2071 2294 2132 est
2318 2068 2565 2133 ratione
2593 2067 2834 2133 divinae
2860 2065 3242 2150 hypostasis.
3271 2062 3372 2129 Si-

1823 2175 2060 2239 militer
2087 2174 2580 2256 intelligendum
2608 2179 2704 2238 est
2737 2173 2814 2239 de
2850 2173 3096 2239 honore
3129 2171 3331 2236 latriae
3348 2218 3368 2248 ,

1823 2283 1989 2347 sicut
2013 2281 2283 2346 inferius
2308 2281 2660 2365 apparebit.

1906 2393 1966 2454 5.
2007 2389 2106 2454 Ad
2133 2388 2292 2454 illud
2317 2388 2490 2472 quod
2527 2388 2892 2471 opponitur,
2919 2386 3091 2470 quod
3119 2386 3247 2451 Deo
3283 2386 3371 2449 fa-

1825 2498 1910 2562 cit
1952 2497 2292 2580 injuriam,
2323 2497 2435 2580 qui
2474 2495 2673 2561 credit
2713 2495 2927 2579 ipsum
2969 2494 3206 2558 habere
3250 2493 3374 2557 hu-

1825 2624 2087 2671 manam
2109 2605 2415 2686 effigiem,
2445 2603 2784 2669 dicendum
2805 2602 2977 2685 quod
2999 2618 3229 2666 verum
3251 2604 3369 2677 est,

1825 2713 2083 2795 quando
2106 2711 2306 2776 credit
2326 2711 2542 2794 ipsum
2570 2710 2808 2774 habere
2829 2708 3115 2790 effigiem
3138 2708 3206 2771 in
3233 2724 3375 2789 pro-

1825 2822 1966 2905 pria
1986 2824 2240 2899 natura,
2265 2818 2419 2902 quia
2439 2817 2582 2882 talis
2604 2817 2801 2882 credit
2823 2817 3036 2899 ipsum
3058 2833 3193 2880 eme
3218 2815 3375 2898 quid

1828 2945 2204 3012 corporeum
2226 2975 2244 3005 ,
2278 2944 2429 2990 cum
2461 2925 2598 3008 ipse
2635 2924 2719 2988 sit
2753 2923 3015 3007 spiritus
3048 2921 3374 2988 nobilissi-

1827 3054 1976 3100 mus
2002 3033 2397 3099 :incarnatio
2442 3036 2662 3097 autem
2699 3048 2834 3096 uon
2873 3024 3022 3094 facit
3058 3048 3209 3094 eum
3249 3028 3374 3093 ha-

1829 3143 1978 3207 bere
2008 3141 2291 3223 effigiem
2335 3139 2407 3204 in
2444 3158 2547 3217 se,
2588 3138 2697 3204 sed
2735 3137 2908 3203 uniri
2940 3136 2997 3202 ei
3040 3137 3154 3220 qui
3182 3135 3378 3202 habet

1829 3251 2135 3332 effigiem,
2160 3250 2339 3313 salva
2359 3247 2784 3312 nihilominus
2806 3246 2917 3311 Dei
2938 3245 3377 3328 spiritualitate

1831 3363 1894 3423 et
1934 3356 2264 3423 nobilitate
2291 3355 2447 3438 :qui
2481 3372 2640 3435 ergo
2677 3354 2770 3419 sic
2812 3352 2994 3437 ponit
3035 3350 3236 3417 Deum
3275 3351 3375 3415 in-

1832 3464 2106 3542 carnari,
2130 3480 2281 3528 cum
2305 3460 2473 3526 nihil
2497 3460 2869 3526 detrahatur
2892 3461 3035 3541 ejus
3064 3457 3379 3523 nobilitati

1833 3576 1896 3636 et
1921 3568 2290 3654 perfectioni
2308 3616 2326 3646 ‚
2356 3571 2422 3633 et
2448 3565 2727 3631 multum
2753 3563 3028 3630 addatur
3051 3563 3381 3629 exaltatio-

1833 3678 1934 3743 nis
1967 3682 2031 3743 et
2073 3675 2404 3758 dignitatis
2445 3671 2668 3755 generi
2707 3671 3028 3750 humano,
3068 3687 3202 3734 non
3246 3674 3381 3732 tan-

1833 3790 1977 3851 tum
2016 3784 2144 3849 Deo
2175 3801 2307 3848 non
2338 3781 2606 3861 derogat
2624 3826 2641 3856 ,
2687 3777 2795 3843 sed
2836 3778 3028 3842 etiam
3054 3774 3165 3842 Dei
3201 3774 3382 3840 boni-

1836 3900 2034 3960 tatem
2062 3892 2343 3957 multum
2383 3886 2835 3954 commendat:
2864 3890 2928 3952 et
2958 3904 2995 3950 e
3019 3889 3242 3950 contra
3270 3882 3381 3949 Dei

1837 4002 2215 4076 bonitatem,
2239 4001 2556 4081 quantum
2584 3994 2652 4059 in
2678 4012 2747 4060 se
2771 3995 2889 4074 est,
2918 3991 3243 4072 diminuit,
3269 3991 3384 4074 qui

1837 4113 1962 4177 hoc
1991 4114 2207 4192 negat.

2347 4344 2743 4445 ouAES‘mo
2785 4344 2865 4410 11.

1845 4525 1940 4582 An
1967 4523 2067 4579 Dei
2099 4521 2237 4577 Filio
2255 4532 2418 4574 causa
2444 4515 2698 4574 veniendi
2722 4518 2786 4571 in
2811 4510 3067 4570 mundum
3089 4511 3261 4580 merit
3286 4509 3385 4567 hu-

1915 4614 2070 4670 mani
2087 4609 2295 4681 ueneris
2322 4608 2602 4680 reparatio
2626 4623 2644 4660 ε
2665 4620 2740 4661 an
2763 4603 2969 4660 scilicet
2983 4642 3003 4673 ,
3031 4603 3082 4658 οι·
3106 4600 3259 4658 homo
3279 4615 3388 4657 non

1912 4703 2209 4777 peccasset,
2243 4698 2481 4756 Christus
2504 4696 2823 4751 incarnatus
2850 4694 3043 4761 Mssa!
3060 4690 3102 4744 ⁸.

1931 4861 2087 4939 Quae
2122 4857 2317 4924 fuerit
2349 4853 2804 4920 incarnationis
2833 4850 2995 4915 ratio
3029 4848 3388 4933 principum
3420 4870 3632 4918 rma...

1852 4977 1917 5038 et
1949 4971 2123 5055 quod
2159 4967 2417 5052 generis
2451 4963 2723 5030 humaui
2759 4959 3140 5042 redemptio,
3174 4961 3393 5024 osten-

2009 5125 2031 5160 ⁸
2063 5121 2289 5175 SANCTI
2319 5119 2590 5180 PATRES,
2623 5116 2702 5166 ΕΤ
2735 5113 2864 5165 Am!
2897 5113 3245 5164 THEOLOGI.

1921 5231 2197 5299 Gregorius
2216 5231 2431 5294 Magnus
2444 5263 2461 5291 ‚
2488 5222 2696 5288 uorat„
2725 5221 2816 5273 lib.
2841 5220 2938 5286 111,
2963 5235 3009 5274 c.
3033 5233 3122 5286 ¹13
3141 5223 3194 5271 et
3220 5220 3278 5271 in
3300 5219 3397 5271 bs·

1859 5307 2151 5360 nedictione
2179 5300 2323 5353 Cerei
2352 5295 2633 5358 paschalia
2657 5293 2984 5358 Ambrosius,
3005 5291 3093 5344 lib.
3114 5292 3176 5342 de
3201 5294 3402 5344 lucam.

1861 5381 2007 5430 Dom.
2040 5374 2393 5433 Sacramenta,
2420 5385 2464 5420 c.
2498 5379 2582 5432 νίς
2613 5365 2956 5431 Augustinus,
2990 5363 3051 5414 de
3082 5363 3286 5425 Trinit„
3311 5363 3402 5414 lib.

1861 5449 1992 5506 xm.
2017 5463 2063 5499 c.
2081 5458 2112 5497 x
2134 5457 2295 5509 usque
2316 5443 2381 5493 ad
2401 5451 2541 5502 xvn3
2565 5442 2617 5490 et
2631 5437 2721 5488 lib.
2743 5435 2804 5486 de
2820 5439 3129 5502 meoniorum
3146 5434 3345 5483 meritis
3361 5442 3407 5482 et

1865 5521 2170 5577 remissione,
2194 5531 2242 5567 c.
2272 5524 2395 5567 xxvt
2417 5514 2471 5563 et
2492 5521 2635 5562 xxvn
2653 5525 2673 5575 3
2692 5513 2746 5565 st
2761 5510 2815 5559 in
2833 5507 3014 5559 Psalm.
3041 5517 3222 5564 uvm,
3239 5505 3304 5555 ad
3323 5503 3410 5553 illa
