4185 6288
738 453 858 516 110

744 590 841 651 est
860 584 1258 668 generationi
1287 582 1482 666 prolis
1515 598 1630 664 per
1657 582 1957 642 naturam
1986 594 2004 639 ε
2034 593 2194 657 ergo
2238 575 2291 638 si

743 694 933 773 virgo
957 692 1157 757 Maria
1194 690 1482 772 concepit
1530 704 1914 770 permanens
1939 684 2163 765 virge,
2192 682 2292 746 vi-

746 796 932 863 detur
959 798 1132 880 quod
1158 799 1264 861 illa
1290 796 1573 880 operatio
1608 812 1741 857 non
1776 793 1856 855 sit
1888 788 2295 855 attribuenda

745 911 1019 985 naturae,
1051 905 1163 970 sed
1191 904 1399 985 magis
1426 902 1759 967 miraculo.

1288 1223 1741 1292 CONCLUSIO.

748 1424 1063 1496 emper-atio
1091 1422 1337 1492 qloriosoe
1383 1421 1633 1490 Virqinis
1659 1416 1734 1472 ad
1759 1416 2150 1486 conceptionem
2192 1429 2300 1469 non

813 1513 929 1580 fuit
980 1510 1309 1581 simpliciter
1345 1508 1621 1564 naturalis
1647 1544 1663 1573 ,
1705 1504 1797 1562 sed
1830 1504 2061 1559 multum
2106 1500 2303 1557 habuit

815 1599 1381 1673 super-naturalitatis.

826 1764 1010 1847 Resp.
1036 1764 1115 1827 ad
1148 1781 1289 1843 arg.
1334 1760 1680 1824 Dicendum
1718 1759 1887 1840 quod
1925 1756 2302 1838 generativa

743 1872 1029 1955 potentia
1075 1870 1142 1933 in
1184 1867 1447 1950 Virgine
1510 1867 1628 1931 ruit
1675 1866 1946 1930 excitata
1984 1882 2024 1927 a
2060 1861 2301 1944 Spiritu

745 1983 984 2054 sancto,
1031 1981 1093 2040 et
1141 1976 1266 2039 fuit
1314 1993 1509 2057 supra
1558 1991 1734 2055 posse
1789 1989 1982 2060 suum
2030 1970 2297 2033 elevata.

746 2084 1036 2149 Excitata
1061 2083 1185 2146 fuit
1220 2087 1297 2146 ut
1340 2084 1548 2164 posset
1579 2096 1941 2162 praeparare
1966 2075 2301 2139 materiam

746 2190 1100 2274 conceptui,
1152 2189 1506 2253 secundum
1557 2188 1727 2271 quod
1775 2185 2075 2268 competit
2119 2182 2304 2246 sexui

747 2298 1091 2376 muliebri3
1133 2297 1242 2361 sed
1286 2315 1480 2380 supra
1514 2301 1816 2360 naturam
1862 2294 1988 2358 fuit
2029 2293 2299 2370 elevata,

749 2407 905 2471 dum
934 2406 1081 2470 data
1121 2410 1218 2469 est
1249 2406 1309 2469 ei
1341 2405 1623 2487 potentia
1665 2400 2070 2488 praeparandi
2103 2404 2307 2463 mate-

750 2514 914 2577 riam
936 2562 955 2592 ,
1008 2513 1363 2577 secundum
1415 2513 1590 2594 quod
1634 2516 1767 2575 tam
1817 2509 2017 2574 nobili
2065 2513 2130 2571 et
2170 2510 2304 2570 tam

750 2622 1042 2703 perfectae
1102 2619 1498 2702 conceptioni
1552 2618 1969 2700 competebat.
2033 2615 2109 2679 Et
2163 2614 2306 2678 ideo

752 2725 952 2809 Virgo
991 2726 1189 2789 Maria
1229 2726 1577 2809 potentiam
1619 2725 1846 2790 habuit
1883 2741 2080 2805 supra
2115 2724 2304 2784 natu-

753 2853 921 2915 ram,
962 2840 1025 2898 et
1066 2838 1415 2918 potentiam
1457 2833 1816 2897 secundum
1857 2834 2180 2894 naturam.
2229 2827 2310 2891 Et

738 2942 1041 3023 potentia
1067 2959 1265 3023 supra
1290 2946 1589 3004 naturam
1615 2939 1823 3004 fuitei
1852 2938 1919 3001 in
1946 2936 2306 3000 sanctifica-

759 3049 929 3113 tione
957 3048 1204 3126 collata,
1236 3052 1299 3112 et
1326 3053 1597 3130 utraque
1626 3050 1761 3111 erat
1787 3047 1856 3110 in
1895 3045 2004 3108 illa
2032 3061 2307 3124 concep-

758 3156 956 3220 tionis
981 3160 1266 3239 tempore
1299 3156 1368 3219 in
1409 3154 1874 3237 complemento
1905 3171 2042 3217 suae
2076 3169 2308 3234 opera-

746 3264 955 3328 :tionis
1017 3263 1378 3327 constituta.
1445 3261 1522 3326 Et
1583 3262 1724 3325 ideo
1778 3260 2060 3343 operatio
2084 3306 2104 3337 ,
2172 3257 2309 3321 sive

759 3371 1141 3454 cooperatiO,
1174 3371 1407 3454 partim
1434 3369 1714 3453 quodam
1739 3368 1930 3432 modo
1953 3367 2080 3431 suit
2114 3370 2310 3430 natu-

577 3516 733 3560 ειη,
759 3480 933 3556 ralis,
976 3483 1041 3543 et
1082 3480 1363 3562 quodam
1409 3478 1601 3542 modo
1634 3494 1831 3559 supra
1868 3479 2193 3538 naturam.
2234 3471 2313 3535 Et

521 3579 659 3638 ⁹¹⁰⁰·
761 3592 856 3652 est
881 3586 1087 3650 simile
1137 3605 1154 3649 :
1213 3586 1266 3648 si
1322 3583 1488 3648 Deus
1535 3583 1713 3646 daret
1752 3581 1912 3645 mihi
1954 3580 2308 3663 potentiam

745 3712 971 3760 ,unum
996 3692 1385 3774 intelligere,
1413 3696 1477 3756 et
1505 3690 1712 3756 multa
1745 3688 1941 3753 simul
1984 3686 2309 3768 intellige-

758 3819 923 3880 rem,
975 3800 1208 3884 partim
1265 3802 1429 3863 esset
1480 3796 1772 3862 naturale
1814 3796 1885 3860 in
1939 3794 2083 3872 hoc,
2138 3792 2311 3876 quod

760 3926 971 3974 unum
996 3906 1459 3988 intelligerem3
1502 3903 1735 3988 partim
1771 3921 1970 3985 supra
2008 3906 2311 3966 naturam

762 4017 832 4081 in
875 4015 1021 4093 hoc,
1052 4014 1224 4096 quod
1252 4014 1531 4078 duarum
1571 4012 1826 4077 illarum
1861 4028 2083 4075 rerum
2124 4007 2312 4073 ‘mtel-

761 4125 967 4189 lectus
990 4142 1123 4188 non
1148 4126 1412 4206 possunt
1430 4121 1624 4185 simul
1643 4139 1757 4203 per
1779 4123 2079 4183 naturam
2100 4121 2267 4183 staoe
2290 4138 2307 4182 ε

763 4233 856 4297 sic
882 4237 948 4297 et
986 4232 1058 4296 in
1100 4230 1424 4315 proposito
1466 4227 1955 4309 intelligendum
1996 4228 2113 4304 est,
2161 4225 2315 4308 quia

762 4340 890 4404 hoc
915 4342 1053 4404 erat
1076 4342 1325 4402 naturas
1354 4352 1728 4415 consonum,
1757 4339 1831 4399 ut
1868 4332 2068 4415 Virgo
2098 4332 2315 4396 minis-

765 4449 962 4511 traret
987 4446 1329 4511 humorem
1353 4443 1773 4508 sufficientem
1800 4441 1878 4505 ad
1907 4444 2310 4523 conceptum,

764 4557 1085 4637 quantum
1144 4552 1464 4617 ministrat
1514 4568 1707 4614 sexus
1754 4547 2085 4612 muliebris
2130 4568 2145 4609 ε
2205 4547 2315 4611 sed

765 4661 940 4745 quod
962 4681 1076 4746 per
1098 4679 1165 4726 se
1187 4661 1320 4726 sola
1346 4659 1732 4723 ministraret
1750 4662 2065 4740 quantum
2096 4655 2317 4720 minis-

767 4775 895 4834 trat
924 4771 1157 4835 mulier
1183 4771 1524 4850 conjuncta
1552 4766 1726 4845 vito,
1770 4765 1894 4828 hoc
1939 4768 2078 4828 erat
2120 4782 2317 4847 supra

768 4884 1067 4943 naturam
1106 4885 1171 4944 et
1211 4879 1354 4943 ideo
1396 4873 1769 4940 admirabile
1830 4877 1895 4937 et
1954 4872 2309 4937 insolitum.

772 4985 1254 5051 Concedendum
1305 4988 1401 5048 est
1441 4999 1599 5062 ergo
1639 4980 1812 5061 quod
1870 4978 1980 5043 illa
2032 4981 2317 5063 operatio

770 5111 904 5156 non
950 5094 1141 5157 fuerit
1181 5092 1491 5158 naturalis
1540 5088 1836 5168 omnino,
1884 5088 2016 5153 imo
2074 5089 2316 5171 aliquid

770 5199 1002 5265 habuit
1025 5220 1222 5284 supra
1251 5205 1572 5278 naturam,
1595 5195 1747 5279 quia
1769 5196 1893 5259 hoc
1908 5196 2075 5261 inter
2098 5197 2316 5262 omnia

772 5309 1088 5373 mirabilia
1113 5310 1234 5374 fuit
1261 5307 1550 5374 mirabile
1577 5304 2002 5389 praecipuum,
2025 5306 2318 5387 virgina-

772 5417 902 5483 lem
927 5417 1162 5483 scilicet
1185 5422 1445 5483 uterum
1469 5432 1607 5480 esse
1649 5412 1846 5479 simul
1881 5412 2217 5495 integrum
2252 5417 2319 5481 et

1826 436 2450 507 SENTENTIARUM
2490 439 2642 506 ΜΒ.
2689 437 2797 506 111.

2401 575 2794 642 foecundum.
2828 575 3006 643 Unde
3032 580 3452 645 coneedendae
3471 587 3632 648 sunt
3661 587 3964 669 rationes,

2402 703 2552 767 quae
2583 686 2702 748 hoc
2731 685 3100 752 ostendunt.

2487 797 2546 855 1.
2579 792 2678 855 Ad
2717 793 2876 857 illud
2917 812 3078 875 ergo
3115 794 3286 877 quod
3335 799 3689 879 opponitur
3729 801 3964 884 primo,

2404 902 2576 983 quod
2620 900 2905 965 Christus
2946 903 3066 966 fuit
3110 904 3285 968 sslius
3335 906 3695 990 natm-alie,
3744 910 3967 977 dicen-

2405 1008 2560 1071 dum
2619 1010 2792 1092 quod
2852 1011 3137 1093 operatio
3195 1029 3394 1094 supra
3439 1017 3748 1078 naturam
3811 1035 3967 1099 ope·-

2405 1116 2718 1178 rationem
2786 1116 3142 1181 naturalem
3211 1136 3341 1181 non
3406 1120 3718 1186 excludit.
3794 1121 3967 1188 Unde

2407 1218 2705 1298 quamvis
2739 1218 2954 1300 ipsum
2993 1219 3373 1284 mirabiliter
3414 1224 3808 1305 conceperit,
3857 1243 3967 1308 po-

2406 1328 2528 1387 test
2560 1329 2775 1388 tamen
2819 1331 3079 1408 propter
3114 1328 3475 1393 naturalem
3522 1332 3964 1412 operationem

2408 1438 2891 1496 concurrentem
2919 1433 3042 1497 dici
3073 1435 3247 1498 tilius
3273 1435 3613 1514 naturalia„
3644 1437 3725 1501 ad
3758 1442 3968 1503 osten-

2408 1538 2684 1604 dendam
2711 1542 3048 1606 veritatem
3071 1544 3529 1624 generationis·

2491 1651 2550 1711 2.
2581 1648 2677 1711 Ad
2709 1649 2866 1713 illud
2907 1650 3078 1732 quod
3117 1651 3447 1732 objicitur,
3485 1652 3665 1735 qnod
3710 1652 3966 1735 quando

2411 1754 2512 1817 vir
2534 1754 2767 1818 excitat
2799 1758 3153 1840 potentiam
3189 1758 3257 1820 in
3290 1759 3564 1838 semina,
3603 1777 3739 1824 non
3764 1759 3966 1824 aufert

2408 1862 2468 1925 ei
2494 1863 2839 1943 potentiam
2867 1864 3250 1944 naturalem,
3284 1865 3633 1931 dicendum
3669 1866 3840 1949 quod
3877 1868 3964 1929 est

2415 1988 2641 2033 verum
2674 1991 2689 2034 :
2721 1990 2838 2035 nec
2865 1970 3141 2055 Spiritus
3166 1977 3424 2037 sanctus
3449 1974 3723 2038 abstulit
3749 1991 3963 2057 opera-

2409 2079 2649 2144 tionem
2674 2081 3036 2145 naturalem
3053 2101 3094 2145 a
3112 2081 3399 2165 Virgine,
3417 2083 3780 2148 secundum
3795 2083 3960 2167 quod

2411 2186 2673 2249 decebat
2698 2206 2841 2251 eam
2869 2188 3103 2253 habere
3129 2190 3197 2252 in
3226 2194 3644 2274 conoeptione
3670 2194 3800 2254 tam
3844 2208 3961 2256 no-

2411 2294 2546 2357 bili.
2583 2295 2653 2358 ln
2683 2296 2806 2360 hoc
2844 2299 3062 2360 tamen
3097 2316 3229 2361 non
3263 2302 3359 2362 est
3398 2299 3645 2376 simile,
3690 2300 3841 2382 quia
3864 2298 3961 2363 vir

2412 2419 2543 2464 non
2588 2402 2695 2465 dat
2743 2422 2979 2467 novam
3038 2405 3384 2487 potentiam
3439 2405 3699 2469 mulieri
3748 2405 3959 2469 conci-

2413 2508 2649 2590 piendi,
2679 2528 2797 2574 nec
2818 2510 3020 2576 elevat
3042 2530 3238 2594 supra
3259 2516 3588 2591 naturam,
3606 2513 3719 2577 sed
3738 2514 3958 2577 excitat

2413 2620 2478 2679 et
2502 2616 2766 2698 adjuvat
2788 2618 2867 2682 ad
2896 2618 3265 2683 exeundum
3291 2619 3362 2682 in
3384 2621 3821 2703 operationem
3842 2618 3955 2683 sibi

2415 2723 2689 2787 debitam
2724 2748 2738 2789 :
2767 2744 2897 2790 non
2924 2726 3016 2790 sic
3041 2732 3137 2790 est
3165 2728 3231 2790 in
3270 2730 3628 2810 proposito,
3658 2728 3810 2811 quia
3841 2726 3953 2811 ipsi

2414 2828 2667 2912 Virgini
2712 2833 2936 2897 collata
2972 2832 3095 2897 fuit
3135 2834 3342 2898 virtus
3385 2853 3587 2917 supra
3642 2838 3949 2899 naturam.

2416 2936 2593 3003 Unde
2619 2939 2863 3022 aliquid
2889 2941 3095 3024 potuit
3123 2939 3321 3025 Virgo
3344 2944 3556 3024 beata,
3587 2945 3756 3028 quod
3794 2961 3949 3007 nun·

2416 3064 2612 3127 quam
2638 3048 2844 3128 potuit
2866 3048 3085 3130 aliqua
3116 3050 3382 3115 femina.

2497 3160 2559 3224 3.
2589 3156 2689 3221 Ad
2715 3157 2870 3223 illud
2896 3159 3068 3241 quod
3094 3159 3470 3242 opponitur,
3514 3159 3685 3243 quod
3712 3157 3950 3242 quando

2417 3268 2718 3343 operatur
2746 3283 2860 3347 per
2882 3265 3163 3348 aliquam
3194 3268 3549 3349 potentiam
3587 3267 3708 3331 sibi
3729 3266 3947 3341 datam,

2418 3370 2792 3434 naturaliter
2843 3376 3178 3454 operatur,
3229 3373 3573 3439 dicendum
3635 3372 3801 3456 quod
3843 3371 3949 3435 ali-

2417 3477 2672 3559 quando
2715 3477 2903 3543 datur
2958 3481 3240 3563 potentia
3299 3481 3381 3546 ad
3441 3486 3657 3547 actum
3718 3482 3945 3543 naturae

2419 3589 2902 3664 consonantem,
2983 3586 3330 3668 aliquando
3416 3588 3606 3652 datur
3688 3582 3947 3669 potentia

2419 3690 2499 3754 ad
2565 3695 2778 3756 actum
2845 3694 3257 3758 excedentem
3318 3695 3631 3759 terminos
3690 3696 3941 3756 naturae.

2421 3795 2686 3873 Quando
2738 3790 2935 3863 datur'
2979 3801 3262 3882 potentia
3313 3801 3394 3865 ad
3445 3805 3661 3866 actum
3716 3801 3943 3862 naturae

2419 3917 2897 3992 consonantem,
2953 3919 3110 3978 tunc
3160 3915 3278 3980 etsi
3335 3915 3586 3981 collatio
3635 3911 3799 3977 illius
3848 3924 3944 3990 po-

2419 4021 2637 4084 tentiae
2692 4020 2774 4084 sit
2840 4021 3177 4099 mirabiliS‚
3249 4025 3535 4106 operatio
3596 4026 3803 4086 tamen
3857 4015 3942 4078 est

2421 4127 2749 4206 naturalis,
2810 4129 2975 4193 sicut
3028 4128 3082 4192 si
3132 4129 3315 4194 detur
3365 4129 3647 4212 potentia
3709 4116 3940 4190 videndi

2419 4251 2611 4299 caeco.
2681 4235 2947 4312 Quando
3009 4238 3230 4301 autem
3297 4238 3489 4303 datur
3536 4233 3805 4321 potentia
3868 4224 3938 4290 ad

2420 4347 2637 4407 actum
2684 4342 3094 4407 excedentem
3131 4344 3437 4410 terminos
3474 4348 3717 4409 naturae
3734 4387 3751 4415 ,
3802 4341 3939 4400 tunc

2420 4468 2555 4516 non
2593 4450 2804 4515 solum
2849 4452 3150 4535 potentiae
3191 4454 3443 4519 collatio
3494 4457 3588 4518 est
3632 4441 3933 4514 mirabilis.

2421 4557 2532 4622 sed
2560 4558 2754 4622 etiam
2777 4558 2990 4623 exitus
3016 4559 3190 4624 illius
3214 4562 3513 4643 potentiae
3540 4560 3608 4623 in
3633 4559 3835 4621 actum
3856 4549 3937 4611 est

2421 4666 2765 4746 mirabilis,
2817 4672 2891 4731 ut
2940 4669 2994 4731 si
3038 4669 3220 4733 asino
3282 4670 3470 4734 detur
3528 4661 3796 4750 potentia
3845 4655 3935 4718 10-

2422 4774 2682 4855 quendi,
2716 4780 2779 4838 et
2813 4775 3007 4858 lapidi
3053 4777 3332 4860 potentia
3370 4774 3643 4842 videndi.
3684 4769 3761 4834 Et
3791 4777 3934 4846 ‹1110-

2422 4881 2601 4945 niam
2628 4882 2978 4964 virginem,
3024 4889 3388 4950 manentem
3417 4882 3759 4965 virginem,
3799 4885 3933 4934 0011-

2423 4984 2655 5072 cipere,
2685 4984 2805 5050 hoc
2827 4996 2920 5051 est
2946 5006 3139 5071 supra
3163 4989 3469 5052 terminos
3495 4989 3766 5053 naturae3
3795 4971 3931 5035 hinc

2422 5095 2518 5154 est
2542 5093 2736 5174 quod,
2768 5100 3285 5179 quantacumque
3316 5096 3669 5178 conferatur
3692 5081 3806 5148 sibi
3836 5090 3928 5159 1³⁰·

2423 5200 2654 5280 tentia,
2684 5201 2895 5267 adbuc
2927 5208 3145 5268 tamen
3182 5207 3278 5268 est
3315 5199 3593 5286 operatio
3630 5181 3923 5260 mirabilis.

2424 5303 2603 5370 Unde
2645 5307 2880 5391 duplex
2923 5310 3045 5375 fuit
3082 5312 3205 5376 boc
3237 5309 3638 5378 miraculum,
3668 5287 3926 5362 videlicet

2426 5413 2497 5478 in
2523 5417 2822 5497 potentiae
2850 5417 3208 5497 collatione,
3236 5422 3301 5484 et
3326 5419 3396 5484 in
3420 5418 3555 5500 ipsa
3576 5399 3919 5492 operalio&-
