4185 6288
1158 455 1543 525 DISTINCT.
1583 457 1688 526 Vl.
1738 452 1921 522 ΛΒΤ.
1968 453 2046 519 11.
2092 452 2394 530 QUAEST.
2441 457 2518 523 11.

254 600 434 669 Verbi
461 604 631 666 esset
651 599 874 665 homo.
909 596 1279 662 Secundum
1306 601 1523 660 autem
1550 612 1805 679 compa-

255 711 563 775 rationem
608 725 808 792 quam
850 704 1044 770 habet
1086 704 1167 768 ad
1224 708 1566 786 utramque
1610 708 1805 768 natu-

256 838 408 896 ram,
438 822 615 883 tenet
634 815 955 880 rationem
983 811 1175 876 medii
1207 833 1222 875 :
1253 811 1415 875 nihil
1443 817 1659 877 autem
1687 812 1804 874 im·

256 927 415 1010 pedit
445 944 659 990 unum
685 928 750 989 et
777 923 947 986 idem
976 920 1226 985 diverso
1250 926 1541 1002 respectu
1569 921 1805 985 habere

258 1033 792 1116 comparationem
840 1028 1069 1105 medii,
1118 1031 1182 1091 et
1225 1028 1534 1106 extremi,
1582 1032 1645 1091 et
1685 1032 1804 1090 ter-

256 1142 403 1206 mini
434 1157 453 1203 :
489 1145 557 1204 et
592 1156 709 1222 per
743 1136 921 1202 hunc
959 1136 1221 1219 quidem
1262 1135 1528 1199 modum
1556 1135 1622 1197 in
1648 1153 1803 1217 pro-

257 1251 446 1333 pomto
472 1246 974 1329 intelligendum
1006 1247 1121 1309 est.

329 1361 384 1420 3.
415 1355 513 1421 Ad
544 1354 708 1419 illud
734 1354 907 1437 quod
933 1352 1302 1435 opponitur,
1337 1350 1509 1434 quod
1537 1352 1798 1434 propter

258 1480 572 1528 summam
600 1460 1072 1543 simplicitatem
1107 1458 1345 1522 divinae
1387 1460 1633 1521 naturae
1669 1458 1806 1539 ipss

256 1588 376 1634 non
410 1572 621 1653 potest
656 1568 833 1632 uniri
876 1568 1183 1630 humanae
1209 1570 1460 1629 naturae
1489 1564 1555 1627 in
1583 1565 1803 1628 unita-

257 1682 375 1741 tem
399 1684 680 1754 naturae,
713 1675 1055 1740 dicendum
1086 1674 1259 1757 quod
1288 1691 1417 1736 non
1446 1675 1543 1735 est
1569 1671 1798 1751 simile,

258 1785 396 1867 quia
430 1787 655 1868 plures
689 1787 955 1848 naturas
994 1781 1066 1844 in
1107 1798 1311 1845 unam
1357 1782 1655 1843 naturam
1698 1797 1801 1843 ce-

257 1890 391 1956 dere
413 1895 745 1976 repugnat
769 1886 1155 1971 simplicitati
1182 1890 1434 1952 naturae
1466 1910 1481 1950 :
1515 1887 1625 1951 sed
1659 1886 1799 1970 plu-

258 2018 350 2064 πω
378 2005 646 2065 naturas
676 1997 850 2063 uniri
876 1997 945 2059 in
978 1996 1291 2061 unitatem
1334 2013 1623 2078 personae
1672 2012 1803 2059 non

259 2112 573 2191 repugnat
641 2105 1026 2190 simplicitati
1082 2121 1371 2186 personae
1428 2102 1664 2185 duplici
1725 2120 1809 2167 ex

266 2233 458 2279 causa.
510 2214 654 2279 lina
696 2213 957 2296 quidem
1002 2214 1133 2289 est,
1179 2210 1333 2293 quia
1375 2211 1542 2275 sicut
1592 2210 1807 2292 plures

265 2339 533 2404 personae
590 2324 862 2405 possunt
925 2336 1062 2383 esse
1106 2318 1173 2381 in
1224 2336 1357 2381 una
1397 2321 1670 2396 nature,
1720 2319 1808 2381 ita

265 2429 419 2510 quod
448 2447 588 2494 non
630 2426 989 2510 impediunt
1025 2430 1274 2490 naturae
1299 2424 1765 2507 simplicitatem
1784 2473 1803 2504 ‚

267 2535 349 2598 sic
374 2537 590 2618 plures
615 2539 869 2600 naturae
900 2533 969 2596 in
999 2551 1129 2596 una
1159 2549 1452 2614 persona.
1482 2533 1625 2597 Alia
1653 2550 1809 2597 vero

267 2651 412 2715 ratio
453 2657 587 2731 est,
632 2650 787 2735 quia
829 2667 1101 2733 persona
1151 2649 1374 2712 divina
1420 2653 1623 2732 potest
1669 2649 1807 2712 fleri

271 2759 656 2841 suppositum
700 2759 1006 2822 humanae
1035 2760 1288 2821 naturae
1326 2757 1461 2820 sola
1502 2757 1808 2821 relatione

269 2862 555 2932 humanae
593 2870 847 2931 naturae
895 2864 974 2930 ad
1023 2864 1227 2947 ipsam
1281 2886 1296 2927 ε
1344 2883 1492 2948 quae
1538 2865 1799 2947 quidem

271 2970 473 3038 relatio
516 2973 688 3038 nihil
738 2973 918 3056 ponit
960 2990 1209 3037 novum
1259 2971 1428 3037 circa
1466 2989 1804 3055 personam

272 3074 478 3162 Verbi,
520 3082 636 3148 sed
680 3080 894 3144 solum
927 3080 996 3143 in
1039 3084 1274 3146 natura
1321 3086 1650 3165 assumpta
1693 3102 1708 3143 :
1746 3084 1810 3144 et

273 3185 400 3254 ideo
438 3191 600 3254 unio
642 3194 1027 3253 naturarum
1069 3188 1299 3254 unitati
1336 3207 1624 3272 personae
1675 3207 1809 3253 non

274 3301 575 3377 repugnat
605 3319 618 3358 :
653 3315 791 3361 non
824 3296 915 3360 sic
956 3300 1171 3360 autem
1216 3301 1312 3360 est
1351 3298 1607 3380 quando
1652 3299 1808 3363 unio

220 3439 223 3444 -
277 3402 646 3468 terminatur
688 3403 769 3467 ad
822 3402 1132 3468 unitatem
1177 3408 1428 3468 naturae
1453 3452 1472 3484 ,
1521 3405 1633 3469 ubi
1676 3424 1807 3469 non

281 3507 468 3574 solum
498 3515 763 3575 notatur
790 3529 926 3575 esse
953 3515 1298 3593 respectus,
1331 3510 1441 3574 sed
1468 3510 1661 3574 etiam
1686 3529 1806 3576 no·

276 3615 431 3680 tatur
452 3618 897 3682 convenientia
924 3618 1063 3683 fleri
1090 3619 1158 3680 in
1185 3618 1427 3681 forma:
1457 3622 1521 3682 et
1548 3618 1663 3681 hoc
1678 3635 1807 3682 non

280 3725 458 3801 potest
481 3724 628 3788 fieri
656 3725 794 3790 sine
821 3725 1297 3809 compositione,
1327 3724 1463 3791 sive
1490 3727 1809 3790 transmu-

280 3829 490 3897 tatione
523 3833 762 3916 aliqua.

346 3943 401 4001 4.
430 3941 525 4005 Ad
556 3940 715 4005 illud
744 3939 917 4022 quod
934 3940 1304 4023 opponitur,
1328 3937 1500 4022 quod
1520 3939 1677 4003 unio
1700 3937 1809 4002 illa

283 4057 390 4106 non
417 4050 621 4128 potest
660 4047 998 4111 terminari
1036 4048 1115 4111 ad
1156 4048 1471 4111 unitatem
1517 4064 1807 4128 personae

284 4155 505 4235 ereatae,
540 4154 882 4220 dicendum
909 4156 1080 4239 quod
1107 4173 1241 4219 non
1265 4158 1360 4218 est
1384 4154 1621 4233 simile,
1653 4153 1807 4236 quia

283 4254 473 4324 divina
517 4267 752 4327 natura
793 4281 922 4328 non
960 4266 1163 4347 potest
1202 4260 1694 4326 substantificari
1737 4261 1808 4325 in

282 4379 527 4445 persona
560 4375 795 4436 creata.
830 4370 1011 4450 Quod
1051 4372 1225 4435 enim
1260 4370 1807 4434 substantificatur

285 4468 342 4534 in
363 4476 601 4560 aliquo,
630 4478 853 4542 minus
878 4478 1070 4542 habet
1096 4479 1175 4542 de
1206 4478 1573 4556 stabilitate,
1608 4495 1804 4561 quam

285 4574 419 4646 illud
447 4585 515 4648 in
551 4604 683 4668 quo
722 4586 1264 4651 substantificatur
1313 4608 1328 4649 ε
1362 4590 1425 4650 et
1465 4586 1609 4651 ideo
1650 4584 1807 4669 quia

283 4690 491 4755 veriori
518 4694 709 4758 modo
739 4698 833 4759 est
861 4713 1004 4775 enS,
1035 4699 1098 4759 et
1125 4714 1239 4778 per
1264 4712 1332 4758 se
1374 4699 1548 4759 stans
1574 4697 1808 4759 natura

283 4789 497 4879 divina,
525 4818 725 4882 quam
749 4800 1058 4883 humana,
1089 4802 1231 4867 ideo
1258 4802 1550 4867 humana
1575 4806 1806 4866 natura

284 4903 464 4978 potest
504 4907 678 4971 uniri
720 4907 955 4974 divinae
995 4927 1284 4992 personae
1305 4958 1325 4989 ,
1365 4909 1663 4991 quamvis
1705 4909 1806 4974 di-

285 5004 418 5076 vina
454 5017 683 5080 natura
718 5034 851 5080 non
882 5017 1079 5099 possit
1112 5017 1292 5083 uniri
1334 5020 1588 5083 naturae
1625 5034 1806 5081 crea-

286 5112 358 5177 1ae
395 5137 411 5182 :
453 5123 517 5186 et
559 5122 703 5189 ideo
747 5128 949 5207 potest
989 5125 1132 5192 fleri
1179 5124 1337 5190 unio
1376 5124 1443 5190 in
1489 5125 1803 5190 unitatem

269 5388 277 5395 ·
348 5350 366 5386 ¹
396 5353 471 5414 Cf.
498 5361 547 5412 s,
578 5361 788 5423 rhem..
835 5377 886 5427 p.
918 5365 1004 5427 ιιι,
1034 5377 1089 5428 q.
1137 5374 1199 5425 11,
1231 5366 1325 5413 art„
1370 5364 1430 5425 ⁴3
1466 5363 1605 5414 et1¹¹
1647 5362 1809 5426 sene„

344 5449 405 5512 lo)
432 5453 543 5510 Cot.
562 5459 692 5512 aaa.
715 5462 905 5512 sortes.

3340 460 3460 525 15⁷

1910 611 2203 676 personae
2234 595 2534 659 increatae
2551 642 2568 674 ‚
2600 592 2899 677 quamvis
2924 611 3056 659 non
3083 593 3283 678 possit
3319 595 3459 661 fieri

1910 701 2068 765 unio
2095 702 2162 766 in
2191 703 2504 767 unitatem
2532 719 2820 785 personae
2842 707 3091 767 creatae.
3112 702 3221 767 Est
3241 708 3305 768 et
3334 703 3462 767 alia

1911 810 2111 885 ratio,
2146 811 2301 893 quia
2328 828 2598 893 persona
2641 828 2892 893 semper
2935 808 3126 874 habet
3165 810 3461 875 denomi-

1910 917 2051 980 nari
2094 937 2135 981 a
2173 918 2455 1001 digniori
2499 919 2878 1003 proprietate
2913 940 2930 981 ι
2962 921 3025 980 et
3062 917 3202 981 ideo
3241 916 3462 983 divina

1914 1030 2178 1103 natura,
2234 1031 2299 1090 et
2345 1027 2664 1105 humana,
2711 1026 2780 1090 in
2829 1044 3025 1089 unam
3070 1030 3461 1089 concurrunt

1910 1137 2328 1221 hypostasim.
2364 1138 2438 1203 Et
2476 1157 2625 1203 cum
2668 1156 2917 1221 semper
2955 1155 3204 1202 necesse
3244 1138 3326 1201 sit
3360 1136 3456 1200 di-

1912 1245 2133 1310 vinam
2161 1258 2454 1311 naturam
2482 1247 2792 1313 excellere
2816 1246 3148 1328 dignitate,
3184 1262 3312 1307 non
3340 1262 3460 1327 po·-

1913 1356 2033 1415 test
2071 1353 2211 1417 fleri
2254 1356 2410 1419 unio
2447 1355 2511 1418 in
2545 1355 2852 1419 unitatem
2879 1369 3168 1436 personae
3198 1356 3457 1429 creatae,

1912 1459 2056 1526 licet
2099 1462 2294 1543 possit
2327 1463 2466 1528 fleri
2506 1463 2664 1526 unio
2709 1462 2779 1527 in
2817 1461 3128 1525 unitatem
3171 1476 3463 1542 persona».

1910 1568 2235 1634 increatae.
2271 1569 2349 1634 Et
2386 1571 2529 1636 ideo
2558 1576 2726 1653 patet
2762 1569 2934 1654 quod
2977 1586 3106 1632 non
3135 1572 3230 1632 est
3255 1566 3464 1631 simile

1912 1677 2086 1760 quod
2111 1677 2379 1743 assumit
2404 1696 2522 1761 pro
2549 1677 2768 1756 simili,
2792 1676 2903 1741 sed
2925 1676 3109 1743 valde
3135 1674 3460 1740 dissimile.

2410 2006 2822 2086 QUAESTIO
2861 2006 2940 2072 ll.

1913 2192 2008 2243 An
2047 2184 2231 2243 modus
2261 2189 2482 2242 unionis
2510 2186 2738 2242 duarum
2767 2189 3092 2241 naturarum
3118 2185 3193 2239 sit
3218 2181 3466 2254 sinqula-

2063 2279 2172 2344 ris,
2204 2277 2288 2332 vel
2308 2277 2511 2347 aliquis
2537 2279 2847 2349 reperiatur
2868 2277 2919 2331 ei
2945 2274 3245 2329 consimilis
3265 2270 3306 2328 ¹.

1994 2437 2081 2502 De
2126 2437 2235 2501 illa
2279 2437 2517 2502 unione
2568 2441 2884 2518 quantum
2933 2435 3013 2498 ad
3054 2433 3355 2512 modum;
3401 2436 3465 2497 et
3492 2441 3702 2488 ruam.

1914 2545 2233 2628 quaeritur
2293 2547 2516 2609 utrum
2571 2542 2801 2606 modus
2849 2541 3020 2605 illius
3079 2539 3336 2604 unionis
3385 2539 3465 2603 sit

1914 2652 2267 2732 singularis
2286 2701 2306 2730 ,
2353 2671 2439 2715 an
2489 2650 2848 2732 reperiatur
2911 2647 3140 2730 aliquis
3206 2645 3466 2712 unionis

1918 2762 2146 2824 modus
2172 2761 2229 2825 ei
2257 2759 2623 2825 consimilis,
2659 2759 2733 2822 Et
2759 2758 2932 2841 quod
2963 2758 3045 2820 sit
3082 2755 3462 2838 singularis,

1916 2869 2177 2932 videtur
2220 2869 2591 2933 auctoritate
2634 2866 2838 2949 ipsius
2879 2866 3196 2947 Algazelis
3235 2866 3305 2928 in
3346 2884 3467 2930 sua

1915 2974 2392 3056 Memphysica,
2427 2974 2538 3037 ubi
2575 2973 2755 3055 ponit
2799 2971 3017 3036 modos
3058 2970 3340 3035 unionis.
3374 2969 3468 3035 lbi

1917 3082 2090 3148 enim
2119 3083 2347 3150 dividit
2375 3101 2585 3147 unuln
2613 3082 2685 3144 in
2721 3098 2927 3144 unum
2970 3079 3373 3162 simpliciter,
3405 3083 3470 3143 et

1917 3208 2123 3254 unum
2151 3190 2505 3256 secundum
2535 3190 2716 3273 quid.
2743 3189 2958 3253 Unum
2985 3187 3353 3270 simpliciter
3381 3185 3471 3251 di-

1917 3298 2080 3362 vidit
2109 3299 2177 3361 in
2202 3303 2327 3362 tres
2357 3298 2743 3363 differentias
2775 3320 2791 3361 t
2823 3298 3031 3381 primo
3059 3297 3130 3361 in
3157 3313 3368 3360 unum
3398 3293 3470 3358 in

1916 3424 2046 3489 quo
2074 3424 2207 3471 non
2235 3411 2328 3471 est
2357 3406 2703 3470 multitudo
2731 3423 2848 3470 nec
2877 3412 3024 3469 actu
3043 3452 3061 3481 ,
3093 3423 3211 3468 nec
3238 3409 3470 3486 poten-

1918 3513 2035 3592 tia,
2066 3517 2140 3578 ut
2167 3517 2447 3597 punctus
2474 3517 2537 3577 et
2574 3514 2822 3591 unitas;
2856 3512 3135 3576 secundo
3164 3512 3233 3574 in
3261 3528 3469 3575 unum

1918 3620 1984 3683 in
2020 3639 2151 3703 quo
2187 3639 2318 3685 non
2347 3624 2442 3684 est
2481 3620 2823 3685 multitudo
2852 3624 3033 3698 actu,
3065 3618 3362 3702 quamvis
3388 3616 3472 3681 sit

1916 3727 2232 3810 potentia,
2264 3728 2427 3792 sicut
2456 3733 2551 3792 est
2591 3729 2792 3805 linea;
2826 3728 3011 3790 tertio
3038 3725 3108 3789 in
3150 3743 3357 3790 unum
3399 3723 3469 3789 in

1917 3853 2048 3917 quo
2074 3838 2170 3898 est
2197 3835 2542 3900 multitudo
2569 3839 2718 3899 actu
2745 3839 2808 3898 et
2830 3834 3137 3919 potentia,
3169 3839 3241 3898 ut
3268 3834 3469 3896 lectus

1916 3947 1981 4005 et
2022 3943 2411 4020 membrum,
2442 3942 2508 4006 in
2565 3943 2800 4025 quibus
2851 3946 3000 4006 sunt
3047 3945 3194 4008 actu
3239 3940 3468 4005 multa.

1917 4046 2135 4114 Unum
2189 4053 2407 4114 autem
2453 4048 2808 4114 secundum
2859 4048 3015 4132 quid
3065 4049 3133 4112 in
3184 4047 3470 4130 quinque

1916 4156 2306 4221 differentias
2339 4157 2526 4223 habet
2555 4156 2784 4237 dividi,
2829 4155 3121 4221 videlicet
3161 4156 3232 4220 in
3261 4172 3471 4219 unum

1916 4287 2188 4350 genere,
2223 4274 2294 4333 ut
2321 4273 2417 4333 est
2450 4268 2680 4348 homo,
2714 4272 2780 4331 et
2807 4267 2958 4348 bos3
2989 4266 3058 4329 in
3091 4283 3299 4330 unum
3326 4281 3468 4347 spe-

1916 4377 2035 4452 cie,
2057 4381 2131 4440 ut
2149 4374 2435 4440 Socrates
2451 4379 2557 4456 (a),
2574 4383 2640 4440 et
2660 4374 2857 4452 Plat03
2875 4373 2944 4437 in
2960 4390 3169 4437 unum
3185 4371 3472 4436 acciden-

1916 4486 1979 4548 te
1992 4532 2014 4564 ,
2047 4486 2124 4547 ut
2149 4488 2244 4548 est
2268 4484 2414 4563 niX,
2447 4488 2509 4548 et
2538 4500 2830 4560 cerussa;
2863 4481 2931 4543 in
2960 4498 3171 4544 unum
3199 4495 3469 4561 propor-

1916 4593 2108 4672 tione,
2129 4597 2201 4656 ut
2219 4592 2476 4673 auriga,
2499 4595 2563 4656 et
2589 4595 2817 4668 nauta3
2842 4590 2908 4652 in
2928 4606 3134 4652 unum
3155 4587 3462 4667 subjecto,

1915 4702 2083 4765 sicut
2123 4702 2340 4780 dulce,
2374 4706 2438 4765 et
2483 4700 2705 4764 album
2752 4699 2819 4762 in
2863 4698 3077 4779 aliqua
3116 4696 3469 4759 substantia

1913 4827 2068 4873 una.
2102 4808 2224 4872 Sed
2269 4808 2446 4873 nullo
2487 4809 2755 4871 istorum
2788 4805 3156 4883 modorum,
3186 4807 3261 4866 ut
3296 4806 3469 4886 patet

1915 4916 2297 4981 discurrenti
2340 4935 2453 4998 per
2490 4914 2780 4996 singula,
2828 4917 2924 4977 est
2967 4912 3078 4976 illa
3121 4912 3278 4976 unio
3319 4927 3467 4994 quae

1915 5029 2011 5090 est
2060 5026 2133 5089 in
2178 5023 2421 5089 Christo
2466 5042 2484 5087 :
2526 5040 2686 5103 ergo
2727 5021 2981 5086 videtur
3024 5020 3195 5103 quod
3239 5020 3505 5086 modus.

1916 5133 2090 5198 illius
2116 5131 2377 5196 unionis
2403 5130 2665 5195 excedat
2682 5146 2906 5193 omnes
2932 5128 3193 5193 unionis
3218 5128 3465 5193 modos.

1999 5240 2160 5305 ltem
2203 5239 2326 5303 hoc
2353 5237 2573 5319 ipsum
2599 5235 2855 5302 videtur
2891 5235 3264 5301 auctoritate
3290 5235 3469 5300 Aris-

1919 5389 2036 5439 dist.
2056 5399 2132 5451 w,
2151 5402 2202 5453 q.
2228 5397 2285 5450 ιι,
2305 5389 2400 5436 art.
2423 5387 2478 5448 33
2503 5384 2762 5448 Richard„
2785 5383 2847 5432 ΙΙΙ
2869 5383 3029 5447 Sene„
3045 5383 3163 5434 dist.
3183 5395 3256 5447 vr,
3292 5388 3390 5435 art.
3421 5387 3472 5448 3,

1920 5475 1974 5526 q.
2002 5459 2267 5524 11;Steph.
2299 5458 2581 5522 BruleL,lll
2613 5457 2776 5520 Sena,
2801 5456 2918 5507 dist.
2939 5468 3014 5519 vl,
3033 5469 3086 5519 q.
3110 5469 3159 5505 v.
