4185 6288
483 2783 546 2827 ru

550 2785 690 2828 ndum.

714 494 755 551 8
1848 484 2476 552 summanum
2518 486 2665 552 un.
2711 486 2821 552 111.

720 624 1115 707 imperfectio
1171 644 1191 688 z
1244 641 1403 704 ergo
1450 621 1630 686 nulla
1672 622 2039 704 temporalis
2074 622 2252 686 unio.

794 732 859 792 4.
901 728 1059 795 Item
1098 746 1527 814 quaecumque
1561 731 1713 791 sunt
1753 727 2058 806 umbilia,
2105 732 2258 791 sunt

714 835 795 899 ad
826 836 1104 900 invicem
1134 833 1730 919 proportionabilis,
1755 834 2062 915 quoniam
2088 835 2259 898 inter

716 941 825 1006 illa
849 942 1143 1006 nullaest
1167 942 1358 1017 unio,
1382 940 1917 1023 interquaenuua
1930 940 2100 1004 eadit
2116 958 2261 1022 pro-

716 1050 926 1132 portio
970 1050 1127 1115 :sed
1157 1048 1302 1127 Dei,
1332 1049 1449 1132 qni
1476 1049 1767 1112 infinitus
1789 1053 1921 1125 est,
1959 1049 2039 1112 ad
2079 1066 2260 1113 crea-

718 1161 956 1237 turam,
980 1176 1130 1241 qnae
1152 1157 1336 1222 finita
1360 1162 1478 1233 est,
1494 1158 1676 1222 nulla
1696 1158 1863 1221 cadit
1887 1158 2253 1241 proportio:

718 1284 878 1347 ergo
923 1268 1106 1332 nulla
1143 1271 1351 1350 potest
1392 1286 1529 1332 esse
1572 1267 1829 1331 illarum
1876 1270 2258 1331 naturarum

718 1374 1109 1455 conjunctio.

796 1484 858 1543 5.
920 1479 1081 1544 item
1130 1479 1277 1563 plus
1316 1480 1502 1545 distat
1554 1480 1809 1546 Creator
1846 1500 1886 1545 a
1931 1486 2256 1563 uentura,

716 1605 913 1670 quam
961 1587 1200 1652 distant
1231 1587 1361 1652 duo
1398 1588 1724 1671 opposita,
1769 1606 1889 1671 pro
1922 1606 2000 1652 eo
2038 1588 2210 1671 quod
2237 1597 2254 1629 ¹

716 1694 939 1758 omnia
973 1696 1265 1778 opposita
1292 1698 1773 1761 communicant
1797 1697 1867 1761 in
1895 1697 2112 1780 aliquo
2141 1715 2256 1778 ge·

719 1818 871 1864 nere
889 1849 908 1879 ,
939 1801 1235 1884 proximo
1270 1801 1372 1866 vel
1404 1808 1674 1867 remoto.
1704 1802 1871 1867 Deus
1909 1808 2129 1867 antem
2152 1853 2169 1881 ,
2197 1808 2263 1868 et

717 1911 1031 1985 creatura,
1079 1907 1331 1972 nullum
1366 1927 1580 1991 genus
1619 1928 1964 1975 commune
2002 1912 2261 1994 partici-

718 2018 902 2096 pant;
951 2033 1111 2097 ergo
1156 2016 1402 2080 facilius
1437 2022 1533 2081 est
1564 2017 1751 2082 unire
1797 2017 2014 2099 aliqua
2059 2035 2264 2100 oppo-

717 2122 872 2199 sita,
900 2140 1098 2205 quam
1127 2123 1209 2187 sit
1235 2125 1423 2188 unire
1457 2123 1744 2187 divinam
1784 2128 2083 2187 naturam
2110 2142 2262 2187 cum

716 2228 1027 2294 humana.
1083 2229 1162 2294 Et
1198 2229 1365 2295 Deus
1423 2247 1557 2294 non
1592 2235 1797 2313 potest
1832 2231 2038 2296 facere
2091 2232 2265 2313 quod

714 2335 886 2399 idem
910 2338 990 2401 sit
1034 2338 1230 2402 homo
1260 2342 1325 2403 et
1356 2338 1611 2414 asinus,
1644 2337 1747 2403 vel
1774 2338 1948 2420 quod
1980 2338 2151 2402 idem
2184 2339 2267 2402 sit

717 2442 937 2507 album
976 2448 1042 2508 et
1069 2444 1368 2526 nigrum,
1416 2449 1530 2509 aut
1565 2450 1733 2509 certe
1774 2446 1946 2529 quod
1979 2446 2149 2510 idem
2184 2446 2269 2510 sit

718 2554 783 2615 et
824 2568 958 2615 non
1002 2551 1083 2614 sit
1131 2572 1146 2614 :
1198 2568 1359 2633 ergo
1406 2569 1541 2614 non
1586 2556 1792 2635 potest
1843 2552 2049 2616 facere
2091 2553 2266 2635 quod

720 2658 892 2723 idem
919 2658 1004 2722 sit
1024 2658 1221 2723 homo
1250 2663 1315 2723 et
1341 2657 1528 2723 Deus.

801 2764 924 2829 Sed
946 2770 1166 2830 contra
1189 2783 1205 2828 ε
1233 2764 1386 2830 Plus
1407 2769 1610 2849 potest
1630 2765 1795 2830 Deus
1819 2767 2046 2843 facere,
2067 2785 2265 2850 quam

721 2876 926 2956 potest
955 2872 1151 2939 homo
1190 2874 1402 2938 dicere
1424 2922 1441 2952 ,
1473 2875 1662 2954 jnxta
1684 2872 1841 2937 illud
1863 2874 1886 2907 ³
1924 2873 2112 2940 :Non
2141 2876 2268 2943 erit

721 2979 1114 3063 impossibile
1163 2981 1341 3062 apud
1394 2984 1597 3048 Deum
1641 2997 1823 3048 omne
1864 2982 2124 3049 verbum
2154 3005 2179 3047 .·
2215 2984 2269 3048 si

722 3104 882 3169 ergo
928 3086 1124 3153 bomo
1170 3092 1376 3171 potest
1415 3087 1575 3154 illud
1616 3089 1873 3155 credere
1911 3094 1976 3155 et
2018 3090 2226 3156 dicere
2247 3139 2265 3169 ,

590 3213 597 3218 ¹
723 3195 895 3277 quod
921 3194 1089 3259 Deus
1116 3195 1198 3259 sit
1222 3196 1609 3261 humanitati
1635 3204 1872 3263 nostrae
1900 3200 2145 3281 unituS,
2176 3201 2271 3266 vi-

724 3301 913 3365 detur
958 3302 1130 3384 quod
1195 3302 1317 3368 hoc
1360 3322 1494 3369 non
1539 3305 1622 3368 sit
1666 3306 2053 3388 impossibile
2098 3309 2268 3392 apud

729 3408 953 3473 Deum.

808 3515 966 3581 Item
1007 3515 1152 3600 plus
1194 3521 1402 3600 potest
1437 3517 1605 3584 Deus
1638 3520 1844 3584 facere
1865 3569 1884 3600 ,
1918 3540 2116 3605 quam
2157 3542 2273 3587 nos

727 3629 939 3710 petere
957 3674 974 3704 ,
994 3628 1186 3706 juxta
1209 3626 1364 3689 illud
1392 3628 1415 3664 ’
1450 3648 1466 3691 ε
1501 3628 1667 3694 Deus
1693 3631 1811 3712 qui
1834 3635 2037 3712 potest
2064 3632 2274 3713 facere

728 3732 1360 3816 superabundanter,
1415 3751 1607 3818 quam
1646 3739 1951 3817 petimus,
1999 3745 2115 3806 aut
2160 3742 2275 3806 in-

730 3841 1099 3924 telliqimus.
1140 3838 1264 3904 Sed
1307 3840 1502 3905 homo
1543 3843 1752 3924 potuit
1787 3849 2000 3927 petere
2039 3845 2275 3911 Filium

731 3947 839 4012 Dei
881 3947 1206 4012 incarnari
1240 3968 1254 4011 ε
1287 3965 1445 4029 ergo
1484 3947 1765 4014 Verbum
1801 3950 1909 4016 Dei
1954 3953 2094 4018 fleri
2136 3972 2275 4018 car-

731 4071 915 4134 nem,
963 4053 1063 4119 vel
1101 4054 1457 4135 incarnari,
1491 4073 1621 4120 non
1665 4056 1786 4122 fuit
1818 4057 1946 4124 Deo
1981 4060 2274 4144 impossi-

731 4162 901 4227 bile.-

816 4270 1007 4348 ltem,
1046 4270 1304 4353 quando
1350 4271 1479 4335 duo
1530 4270 1621 4334 sic
1660 4289 1728 4336 se
1784 4272 2055 4353 habent,
2104 4277 2272 4360 quod

734 4395 942 4443 unum
971 4382 1068 4442 est
1091 4377 1414 4443 materiale
1454 4383 1744 4461 respectu
1766 4380 2029 4445 alterius
2050 4431 2067 4461 ,
2096 4388 2160 4448 et
2185 4384 2278 4451 illi

735 4485 1060 4549 conforme
1082 4533 1100 4563 ,
1134 4484 1431 4566 possibile
1465 4490 1560 4549 est
1596 4486 1772 4551 uniri
1801 4507 2012 4554 unum
2047 4491 2228 4556 alteri
2257 4512 2275 4558 ε

735 4591 845 4656 sed
886 4592 1101 4656 anima
1142 4591 1288 4675 plus
1337 4591 1526 4656 habet
1570 4593 1648 4658 de
1691 4595 2100 4676 possibilitate
2143 4616 2278 4662 res-

738 4702 926 4780 pectu
951 4698 1092 4778 Dei,
1113 4717 1312 4781 quam
1334 4698 1566 4764 habeat
1586 4719 1817 4783 corpus
1835 4709 2124 4785 respectu
2147 4705 2281 4769 ani-

740 4822 904 4884 mae3
945 4806 1084 4887 plus
1112 4807 1307 4871 etiam
1337 4807 1528 4871 habet
1552 4807 1632 4872 de
1660 4807 1903 4874 ratione
1927 4811 2280 4875 conformi-

737 4912 917 4987 tatis,
964 4930 1116 4976 cum
1143 4913 1357 4978 anima
1388 4914 1470 4977 sit
1509 4914 1864 4979 substantia
1903 4919 2276 5000 spiritualis,

739 5023 801 5083 et
838 5019 1058 5100 imago
1086 5017 1194 5083 Dei
1227 5040 1242 5084 ε
1274 5038 1432 5101 ergo
1468 5022 1520 5084 si
1550 5019 1713 5087 Deus
1753 5023 2039 5088 animam
2072 5026 2283 5108 potuit

742 5125 927 5190 unire
955 5125 1204 5207 corpori
1227 5173 1244 5202 ,
1278 5126 1533 5190 videtur
1564 5129 1736 5211 quod
1765 5130 2056 5194 similiter
2088 5134 2281 5216 possit

741 5234 1163 5299 substantiam
1190 5234 1544 5301 humanam
1571 5239 1757 5303 unire
1785 5239 1927 5303 sibi.

807 5398 823 5433 ¹
856 5396 1023 5461 Arist„
1054 5396 1274 5461 Νινύα,
1300 5397 1387 5448 lib.
1420 5400 1482 5462 V,
1501 5406 1638 5450 cont.
1668 5404 1714 5452 8.
1748 5428 1807 5439 —-
1830 5408 1851 5439 ²
1871 5405 2010 5457 Luc..
2039 5416 2090 5470 Ι,
2119 5409 2198 5457 37.
2219 5433 2278 5447 -

735 5470 757 5504 ⁸
783 5468 984 5532 Epiust„
1008 5479 1089 5533 111,
1113 5472 1194 5520 20.

2450 622 2608 687 {tem
2650 640 2844 687 omne
2876 623 3049 706 quod
3080 627 3178 687 est
3203 622 3387 687 alteri
3420 623 3703 688 unxime
3743 622 3904 687 inti-

2362 751 2548 798 mum
2607 738 2671 798 et
2727 733 3032 812 amabile,
3089 738 3186 798 est
3246 735 3306 798 ei
3361 734 3602 799 unibile
3663 735 3904 799 unione

2363 842 2712 906 maxima:
2763 841 3905 906 sedDeusestanimaeintimnset

2363 950 2859 1013 amabilissimus
2889 971 2904 1012 ε
2936 968 3095 1031 ergo
3121 950 3379 1013 videtur
3401 949 3573 1032 quod
3600 949 3902 1013 snbstan-

2363 1058 2476 1121 tiae
2495 1056 2788 1120 rationali
2816 1055 3088 1138 perfecte
3114 1055 3290 1119 uniri
3312 1056 3510 1138 possit
3529 1056 3792 1139 spiritus
3810 1057 3906 1120 in-

2364 1168 2635 1229 creatus.

2449 1272 2606 1336 Item
2633 1271 2689 1335 si
2711 1270 2933 1335 divina
2948 1274 3182 1335 natura
3197 1289 3332 1336 non
3356 1274 3559 1354 potest
3578 1272 3698 1335 sibi
3715 1273 3905 1337 unire

2365 1384 2721 1447 humanam
2740 1429 2760 1458 ,
2789 1386 2903 1446 aut
2927 1381 3051 1445 hoc
3076 1387 3172 1445 est
3198 1385 3457 1464 propter
3479 1382 3906 1464 impedimen-

2365 1496 2507 1556 tum
2526 1510 2610 1556 ex
2626 1494 2805 1573 parte
2829 1494 3079 1554 naturae
3107 1508 3277 1568 suae,
3303 1496 3417 1554 aut
3437 1508 3518 1554 ex
3539 1494 3718 1573 parte
3736 1510 3907 1555 crea-

2366 1602 2554 1663 turae.
2607 1597 2673 1662 Si
2718 1602 2978 1680 propter
3023 1597 3556 1679 impedimentum
3597 1616 3680 1661 ex
3727 1603 3906 1680 parte

2367 1711 2619 1771 naturae
2643 1722 2812 1783 suae,
2842 1722 3000 1785 ergo
3028 1722 3177 1768 cum
3202 1704 3357 1768 illud
3381 1705 3464 1768 sit
3488 1723 3653 1788 opus
3672 1707 3906 1788 perfec·

2368 1813 2686 1877 tissimum
2708 1815 2770 1875 et
2796 1811 3266 1875 nobilissimum
3282 1860 3300 1887 ,
3327 1811 3582 1875 videtur
3606 1811 3777 1894 quod
3808 1812 3907 1876 di-

2369 1921 2524 1985 vina
2551 1925 2782 1985 natura
2807 1939 2936 1984 non
2956 1920 3038 1983 sit
3059 1938 3338 1984 consona
3360 1920 3747 1985 omnimodas
3767 1939 3908 2003 per-

2368 2028 2622 2092 fectioni
2648 2031 2711 2091 et
2732 2027 3077 2107 nobilitati;
3109 2028 3165 2091 si
3191 2032 3448 2110 propter
3486 2028 3914 2111 impedimen-

2369 2140 2510 2199 tum
2546 2152 2632 2199 ex
2672 2140 2851 2217 parte
2877 2141 3186 2199 creaturae
3205 2184 3224 2214 ,
3262 2153 3420 2216 ergo
3446 2134 3702 2199 videtur
3734 2139 3908 2218 quod

2371 2246 2664 2306 creatura
2737 2261 2868 2306 non
2937 2243 3018 2306 sit
3070 2244 3135 2306 in
3206 2244 3481 2327 perfecta
3553 2242 3912 2307 obedientia

2372 2353 2665 2434 respectu
2703 2350 3017 2415 Creatoris
3046 2351 3214 2415 :hoc
3256 2356 3473 2416 autem
3506 2351 3773 2432 derogat
3809 2350 3913 2415 di-

2372 2459 2545 2523 vinae
2585 2459 3061 2540 omnipotentiae
3110 2481 3127 2522 t
3167 2477 3327 2541 ergo
3378 2457 3766 2541 impossibile
3817 2460 3917 2522 est

2373 2566 2543 2650 quod
2580 2572 2874 2650 respectu
2899 2566 3042 2630 talis
3072 2567 3331 2632 unionis
3355 2566 3739 2630 interveniat
3774 2566 3913 2630 im·-

2373 2674 2814 2759 pedimentum
2862 2693 2945 2739 ex
2989 2679 3167 2759 parte
3210 2676 3427 2758 aliqua
3469 2695 3488 2738 2
3535 2676 3602 2738 et
3643 2675 3699 2737 si
3749 2673 3913 2752 hoc,

2373 2781 2569 2843 restat
2593 2777 2766 2860 quod
2806 2776 2970 2843 Deus
3007 2780 3212 2861 potuit
3249 2782 3607 2843 creaturam
3635 2777 3924 2843 rationa-

2373 2887 2503 2952 lem
2529 2887 2649 2952 sibi
2675 2887 2884 2952 unire.

2920 3150 3372 3219 CONCLUSIO.

2379 3309 2640 3362 Divinam
2684 3309 2943 3360 naturam
2987 3305 3142 3359 uniri
3189 3319 3307 3359 cum
3355 3304 3623 3374 humana,
3651 3319 3760 3360 non
3803 3306 3926 3373 nait

2449 3394 2823 3469 impossibile,·
2877 3409 2972 3449 nec
3023 3394 3269 3464 elimatam
3330 3394 3393 3448 in
3460 3409 3524 3449 ea
3589 3395 3721 3450 talis
3788 3395 3925 3451 unio

2450 3486 2910 3556 imperfectionem
2945 3483 3232 3556 implicat,
3273 3498 3391 3538 cum
3435 3486 3639 3539 natura
3685 3484 3928 3542 humana

2452 3572 2524 3628 ab
2543 3575 2669 3644 ipsa
2696 3571 2924 3642 divina,
2948 3576 3002 3627 et
3028 3588 3064 3628 a
3084 3571 3271 3627 divino
3299 3574 3573 3645 supposito
3594 3572 3848 3644 pendeat.

2461 3735 2646 3819 Resp.
2672 3736 2753 3801 ad
2776 3755 2919 3817 arg.
2952 3735 3301 3800 Dicendum
3327 3736 3504 3818 quod
3531 3736 3773 3818 absque
3795 3736 3927 3800 du-

2382 3845 2485 3909 bio
2519 3844 2815 3927 possibile
2856 3844 2981 3908 fuit
3023 3848 3323 3909 naturam
3357 3846 3720 3927 humanam
3749 3844 3927 3908 uniri

2381 3952 2617 4016 divinae
2650 3951 2719 4015 in
2760 3970 3031 4035 persona
3071 3951 3234 4016 Filii.
3266 3951 3447 4016 Ratio
3480 3955 3693 4015 autem
3726 3951 3929 4032 hujus

2383 4062 2480 4123 est
2505 4059 2623 4134 ista
2641 4081 2657 4123 :
2674 4059 2827 4141 quia
2853 4059 3075 4123 omnia
3102 4058 3210 4122 illa
3228 4058 3632 4123 attribuenda
3658 4064 3811 4123 sunt
3834 4059 3931 4123 di-

2385 4167 2558 4230 vinae
2597 4165 2895 4248 potentias
2915 4213 2935 4245 ‚
2967 4183 3114 4248 quae
3145 4165 3264 4229 sibi
3291 4184 3425 4229 non
3465 4166 3779 4246 derogant
3815 4181 3833 4227 ε
3864 4171 3933 4231 et

2385 4275 2533 4337 talia
2557 4277 2746 4350 sunt,
2776 4290 2923 4355 quae
2955 4272 3250 4355 possibile
3277 4278 3372 4336 est
3393 4290 3594 4354 posse.
3632 4271 3930 4337 Divinam

2384 4387 2599 4446 autem
2635 4384 2935 4445 naturam
2974 4380 3280 4446 humanae
3308 4381 3482 4445 uniri
3510 4380 3580 4444 in
3613 4381 3930 4446 unitatem

2384 4507 2674 4574 personae
2700 4506 2833 4554 non
2860 4492 2958 4554 est
2979 4490 3154 4554 aliud
3177 4538 3196 4568 ,
3234 4507 3432 4571 quam
3463 4488 3746 4552 divinam
3774 4508 3932 4572 per-

2385 4615 2647 4677 sonam,
2682 4615 2830 4680 quae
2858 4596 2939 4660 ab
2970 4601 3212 4661 aeterno
3253 4595 3372 4660 ruit
3411 4596 3764 4680 hypostasis
3791 4614 3934 4661 res-

2385 4710 2578 4788 pectu
2602 4705 2837 4769 divinae
2865 4707 3114 4769 naturae
3133 4751 3151 4780 ,
3194 4721 3331 4768 esse
3360 4703 3751 4786 hypostasim
3784 4721 3929 4768 res-

2387 4816 2575 4895 pectu
2602 4811 2906 4876 humanae
2931 4815 3184 4876 naturae
3211 4811 3280 4874 in
3307 4815 3593 4892 tempore
3622 4831 3638 4874 ε
3668 4809 3791 4874 hoc
3814 4830 3935 4875 au-

2385 4926 2518 4984 tem
2562 4937 2694 4984 non
2719 4919 2875 4985 dicit
2913 4919 3194 5003 aliquam
3222 4919 3788 5001 imperfectionem,
3818 4919 3934 4986 sed

2388 5030 2599 5113 potius
2613 5028 2990 5109 dignitatem
3013 5032 3075 5092 et
3098 5027 3509 5091 nobilitatem.
3533 5027 3931 5108 sicutenim,

2388 5155 2539 5203 cum
2571 5137 2732 5200 Deus
2756 5136 2838 5200 ab
2867 5141 3107 5201 aeterno
3144 5136 3224 5198 sit
3265 5136 3472 5198 bonus
3494 5183 3512 5210 ,
3545 5135 3616 5198 in
3646 5133 3821 5198 nullo
3860 5135 3938 5198 fit

2387 5245 2716 5327 derogatio
2752 5244 3020 5309 bonitati
3053 5261 3189 5307 suae
3206 5292 3223 5322 ,
3255 5242 3410 5307 dum
3448 5246 3543 5307 est
3582 5260 3776 5308 causa
3813 5242 3935 5307 bo-

2386 5353 2603 5417 nitatis
2628 5357 2854 5416 creatae
2883 5351 2951 5414 in
2977 5356 3262 5433 tempore
3287 5397 3304 5428 ,
3337 5349 3637 5432 quamvis
3678 5348 3935 5414 bonitas

2386 5463 2595 5525 creata
2612 5458 2808 5542 longe
2828 5459 2909 5523 sit
2921 5457 3185 5522 inferior
3200 5457 3480 5523 bonitate
3499 5457 3780 5521 increata
3801 5478 3818 5535 ;
3838 5456 3932 5520 sic
