4185 6288
19 3094 97 3136 dis
120 3104 209 3135 su·

29 3160 209 3200 matur.

1540 463 1918 533 DISTINCT.
1964 462 2175 529 XXVI.

261 600 462 667 futuri
485 649 503 676 ‚
532 603 822 683 respectu
857 599 1059 664 futuri
1086 599 1236 663 boni
1252 648 1270 680 ,
1302 604 1367 665 et
1391 603 1680 684 respectu
1705 601 1808 665 t'u-
1848 663 1851 667 ,

260 712 391 776 turi
418 710 566 774 boni
594 707 871 792 proprii,
903 709 1253 773 secundum
1296 708 1469 791 quod
1506 709 1813 792 accipitur

268 818 524 901 proprie
554 835 672 898 pro
700 816 837 898 ipsa
864 817 1125 881 virtute.
1160 816 1465 898 Respectu
1493 817 1691 880 futuri
1720 820 1814 880 est

262 925 332 990 in
356 929 674 1007 quantum
703 924 1123 1006 distinguitur
1149 943 1190 987 a
1218 923 1454 1004 gaudio
1482 928 1546 988 et
1570 924 1806 1002 dolore,

260 1035 326 1096 et
356 1030 654 1094 convenit
694 1049 842 1094 cum
887 1048 1126 1106 amore,
1157 1030 1310 1112 quia
1353 1030 1478 1094 illae
1526 1030 1671 1094 duae
1710 1031 1810 1093 af-

264 1139 565 1204 fectiones
590 1143 745 1201 sunt
770 1141 1054 1221 respectu
1081 1138 1525 1219 praesentium,
1544 1138 1649 1202 sed
1673 1139 1810 1202 istae

261 1246 411 1310 duae
442 1249 730 1327 respectu
765 1244 1154 1308 futurorum.
1187 1243 1496 1326 Respectu
1533 1245 1683 1308 boni
1719 1247 1813 1308 est

262 1355 335 1419 in
361 1355 679 1437 quantum
715 1352 1136 1434 distinguitur
1161 1371 1201 1416 a
1237 1353 1499 1432 timore,
1529 1353 1684 1435 quia
1723 1353 1812 1415 ti-

265 1480 412 1525 mor
452 1464 549 1525 est
583 1464 877 1542 respectu
920 1460 1488 1539 disconvenientis3
1521 1479 1664 1543 spes
1692 1479 1813 1524 au-

266 1576 399 1634 tem
451 1573 744 1651 respectu
796 1568 1251 1632 convenientia.
1306 1568 1615 1651 Respectu
1661 1567 1811 1631 boni

267 1677 511 1763 proprii
544 1681 639 1741 est
677 1677 744 1740 in
791 1665 1285 1759 quantum'non
1327 1677 1538 1741 solum
1581 1676 1812 1740 distin-

270 1787 498 1870 guitur
539 1785 622 1848 ab
662 1784 801 1847 aliis
840 1782 1300 1862 affectionibuS,
1349 1783 1457 1847 sed
1500 1784 1695 1847 etiam
1744 1784 1813 1847 in

271 1897 591 1976 quantum
635 1891 1053 1970 distinguitur
1109 1891 1191 1954 ab
1248 1891 1387 1954 aliis
1428 1891 1810 1971 virtutibus,

270 2004 491 2083 utpote
531 2019 571 2064 a
610 1998 979 2063 credulitate
1021 1997 1170 2062 fidei
1214 2019 1230 2062 z
1272 1999 1409 2081 ipsa
1453 1999 1626 2061 enim
1672 2017 1815 2080 spes

271 2104 555 2189 procedit
600 2122 681 2166 ex
726 2103 936 2185 gratia
980 2107 1044 2166 et
1083 2101 1346 2167 meritiS.
1391 2102 1470 2167 Et
1509 2103 1812 2185 quoniam

274 2211 579 2275 meritum
607 2228 734 2272 non
765 2213 1085 2274 assecurat
1108 2209 1187 2273 de
1231 2208 1617 2272 beatitudine
1638 2257 1656 2288 ‚
1689 2209 1812 2273 nisi

272 2336 427 2382 eum
453 2317 566 2399 qui
592 2320 895 2391 meretur,
923 2317 1076 2398 quia
1106 2316 1454 2397 unicuique
1496 2315 1813 2380 retribue-

273 2428 382 2489 tur
422 2424 774 2488 secundum
826 2423 1051 2487 merita
1100 2441 1255 2501 sua3
1310 2422 1460 2486 hinc
1506 2426 1600 2485 est
1642 2424 1814 2504 quod

271 2550 386 2613 per
427 2530 735 2595 virtutem
774 2531 906 2613 spei
950 2548 1137 2593 nemo
1165 2535 1376 2610 sperat
1399 2530 1523 2592 nisi
1563 2529 1720 2607 sibi3
1753 2533 1813 2594 et

270 2638 624 2703 secundum
660 2638 783 2701 hoc
822 2641 1013 2720 patet,
1066 2637 1238 2719 quod
1284 2636 1392 2699 illa
1434 2636 1808 2716 differentia,

265 2763 465 2828 quam
510 2745 796 2824 assignat
829 2744 1275 2825 Augustinus¹
1306 2743 1472 2806 inter
1515 2744 1710 2806 fldem
1749 2748 1814 2808 et

265 2870 469 2934 spem,
499 2855 665 2915 recte
691 2856 754 2914 et
782 2850 1231 2914 convenienter
1258 2850 1623 2930 assignatur
1653 2871 1668 2914 z
1701 2870 1813 2914 su-

19 2979 236 3073 mzu-
268 2960 467 3023 mitur
490 2959 666 3023 enim
693 2977 835 3041 spes
859 2957 1109 3040 proprie
1137 2974 1253 3039 pro
1284 2957 1418 3037 ipsa
1443 2956 1700 3019 virtute.
1746 2954 1813 3021 Si

269 3071 486 3130 autem
524 3066 862 3149 accipiatur
891 3083 1032 3150 spes
1061 3065 1486 3128 communiter
1527 3081 1643 3146 pro
1677 3062 1814 3147 ipsa

271 3174 652 3257 suspicione,
682 3173 771 3236 sic
795 3179 997 3256 potest
1029 3189 1163 3237 esse
1194 3189 1324 3235 non
1356 3175 1609 3234 tantum
1637 3170 1807 3250 boni,

270 3282 383 3347 sed
413 3282 603 3345 etiam
634 3279 822 3357 mali,
854 3286 918 3344 et
940 3280 1029 3343 sic
1056 3278 1296 3362 accepit
1337 3277 1548 3341 Poeta.
1581 3277 1661 3341 Et
1698 3295 1812 3359 per

267 3388 391 3453 hoc
428 3392 599 3471 patet
623 3388 948 3470 responsio
981 3386 1059 3450 ad
1104 3388 1388 3470 primum
1434 3387 1755 3467 objectum
1790 3407 1805 3449 ε

267 3496 374 3560 ille
402 3497 576 3561 enim
606 3500 702 3560 ost
741 3502 1043 3559 extensus
1068 3501 1132 3559 et
1165 3495 1555 3577 improprius
1582 3495 1810 3559 modus

265 3603 614 3687 accipiendi
657 3604 861 3685 ipsam
886 3620 1087 3684 spem.
1122 3600 1192 3667 Si
1218 3620 1371 3666 vero
1399 3620 1541 3684 spes
1567 3602 1811 3666 dicatur

265 3716 484 3780 minus
509 3713 935 3780 communiter
965 3715 1043 3779 de
1069 3733 1474 3797 quacumque
1515 3720 1812 3796 expecta-

266 3824 439 3888 tione
481 3823 665 3900 boni,
709 3822 798 3886 sic
847 3826 1053 3906 potest
1092 3840 1227 3885 esse
1279 3823 1632 3903 expectatio
1679 3839 1809 3885 non

266 3930 476 3993 solum
519 3928 761 4012 proprii
800 3928 974 4006 boni,
1021 3928 1126 3992 sed
1175 3928 1368 3992 etiam
1412 3928 1806 4006 communis3

265 4040 332 4101 et
355 4037 446 4099 sic
484 4037 791 4117 accipitur
815 4035 1004 4100 etiam
1036 4035 1116 4098 ab
1152 4034 1520 4115 Augustino
1552 4056 1566 4096 ε
1607 4038 1671 4097 et
1699 4050 1813 4115 per

265 4143 389 4206 hoc
427 4147 599 4225 patet
636 4142 963 4225 responsio
989 4142 1069 4206 ad
1110 4142 1251 4205 illas
1278 4141 1439 4204 duas
1469 4142 1808 4205 auctorita-

265 4254 382 4314 tes.
416 4249 613 4314 Prout
639 4255 856 4313 autern
905 4248 1209 4332 accipitur
1253 4249 1503 4331 proprie
1532 4265 1646 4331 pro
1675 4248 1813 4329 ipsa

266 4376 400 4441 spe,
433 4374 581 4439 quae
610 4361 704 4420 est
729 4357 1077 4440 expectatio
1109 4355 1378 4420 veniens
1404 4373 1488 4418 ex
1516 4355 1725 4434 gratia
1750 4358 1814 4417 et

268 4466 541 4541 meritiS,
561 4464 650 4528 sic
662 4483 793 4528 nou
812 4468 905 4527 est
924 4461 1043 4527 nisi
1064 4467 1355 4544 respectu
1374 4461 1613 4543 proprii
1634 4459 1807 4538 boni,

267 4572 422 4656 quia
454 4590 647 4636 nemo
691 4570 976 4635 redditur
1013 4586 1275 4633 securus
1324 4568 1404 4632 de
1446 4567 1646 4631 salute
1689 4566 1814 4629 nisi

268 4698 385 4762 per
429 4678 657 4743 merita
685 4675 939 4760 propria
985 4697 1001 4741 ε
1032 4676 1173 4739 ideo
1210 4693 1344 4739 non
1372 4679 1466 4737 est
1491 4674 1696 4737 simile
1735 4674 1813 4737 de

267 4787 393 4852 flde
421 4791 486 4850 et
528 4785 832 4851 charitate
863 4805 878 4848 ε
912 4786 975 4847 et
999 4801 1114 4865 per
1137 4783 1259 4847 hoc
1291 4786 1462 4866 patet
1490 4779 1813 4863 responsio

268 4896 352 4961 ad
380 4894 610 4959 ultimo
638 4894 981 4976 objectum.
1013 4891 1111 4956 Ad
1134 4891 1292 4955 illud
1319 4910 1472 4955 vero
1498 4891 1671 4973 quod
1699 4890 1810 4955 ob-

261 5004 525 5087 jicitur,
554 5002 727 5084 quod
762 5001 813 5064 si
851 5019 992 5083 spes
1033 5005 1129 5063 est
1155 5003 1407 5064 tantum
1448 4999 1811 5062 futurarum

271 5127 515 5190 rerum,
557 5109 649 5172 sic
694 5108 1024 5191 praescitus
1065 5124 1198 5170 non
1242 5106 1437 5169 habet
1474 5122 1684 5187 spem,
1714 5102 1810 5167 di-

333 5323 347 5356 ¹
374 5324 527 5387 Aug„
556 5317 788 5378 Eut-hir.⁹
811 5331 854 5367 c.
876 5327 989 5365 vm·
1009 5340 1071 5350 ——
1089 5315 1112 5348 ¹
1140 5312 1274 5364 Psal.
1300 5324 1422 5375 Lxx,
1456 5317 1498 5362 l.
1529 5312 1626 5349 -θ
1647 5311 1814 5375 Δροε.,

266 5407 337 5457 vr,
376 5390 576 5447 11.—⁸
602 5392 750 5454 Aug..
780 5388 841 5438 de
875 5386 1048 5438 Geneae.
1079 5384 1153 5437 ad
1172 5385 1298 5449 litt„
1328 5385 1412 5435 lib.
1444 5384 1553 5446 xit,
1583 5397 1628 5432 c.
1657 5393 1814 5444 xxxv,

266 5482 318 5518 n.
350 5469 429 5518 68.
461 5491 524 5503 —
551 5463 575 5498 ⁸
602 5463 617 5512 1
649 5460 865 5523 Pela-ql,
892 5463 964 5508 1².

3337 468 3456 529 565

1918 598 2199 663 cendum
2244 597 2414 679 quod
2460 600 2754 677 futurum
2796 596 3029 660 dicitur
3077 596 3459 678 dupliciter:

1919 705 2023 769 vel
2053 709 2367 788 quantum
2411 705 2489 769 ad
2525 709 2857 783 eventum,
2888 704 2992 768 vel
3028 710 3343 786 quantum
3388 706 3468 770 ad

1917 811 2230 876 ordinem.
2265 811 2590 887 Quantum
2634 812 2712 875 ad
2750 815 3053 875 eventum
3094 812 3324 875 dicitur
3363 813 3466 876 su-

1917 924 2166 995 turum,
2201 916 2374 999 quod
2404 917 2653 996 evenit3
2698 922 3013 999 quantum
3055 919 3135 981 ad
3177 920 3468 985 ordinem

1916 1023 2151 1086 dicitur
2174 1024 2489 1098 futurum,
2521 1023 2693 1104 quod
2724 1027 2818 1086 est
2848 1023 3215 1087 ordinatum
3244 1025 3323 1088 ad
3355 1045 3469 1090 ve-

1916 1130 2246 1193 niendum.
2282 1126 2391 1192 Vel
2435 1131 2726 1209 futurum
2771 1130 2921 1193 elicit
2965 1137 3272 1195 eventum
3310 1133 3468 1196 sim-

1917 1237 2190 1321 pliciter,
2238 1237 2341 1301 vel
2385 1243 2674 1319 respectu
2715 1237 3192 1319 expectationis.
3225 1237 3304 1303 Et
3348 1240 3470 1304 hoc

1917 1344 2145 1409 ultimo
2213 1345 2405 1409 modo
2486 1345 2718 1408 dicitur
2793 1363 2935 1427 spes
3007 1364 3141 1410 esse
3213 1346 3464 1411 futuro·

1919 1469 2069 1515 rum
2092 1452 2171 1533 (a)
2205 1474 2223 1516 ι
2255 1451 2385 1535 ipse
2413 1456 2632 1515 autem
2660 1451 2902 1533 objicit,
2937 1455 3127 1535 prout
3156 1452 3469 1535 accipitur

1920 1560 2127 1641 primo
2152 1560 2340 1624 modo
2374 1580 2388 1623 ε
2418 1565 2480 1623 et
2506 1559 2648 1623 ideo
2677 1577 2808 1622 non
2837 1558 3024 1622 valet.

2576 1755 2712 1800 mm.
2762 1754 2828 1800 V.

2022 1886 2335 1946 Quibusdam
2357 1899 2463 1936 non
2493 1885 2698 1936 indocte
2727 1884 2929 1935 videtur
2953 1884 3109 1936 fldem
3136 1885 3378 1939 virtutem

2262 1963 2315 2009 et
2335 1972 2481 2023 spem
2507 1957 2563 2007 in
2586 1971 2649 2008 eo
2676 1971 2782 2008 non
2810 1955 2994 2020 tuisse,
3021 1961 3123 2010 etc.

2001 2105 2309 2186 Objicitur
2354 2108 2575 2168 contra
2618 2105 2934 2185 primum,
2976 2105 3128 2186 quia
3176 2105 3247 2168 in
3302 2104 3468 2168 Psal-

1924 2233 2104 2280 mum
2132 2214 2205 2296 (b)
2227 2215 2340 2278 ’In
2359 2220 2443 2292 te,
2465 2213 2748 2284 Domine.
2768 2215 3050 2293 speravi,
3066 2217 3211 2290 etc„
3235 2213 3467 2278 dicitur

1919 2323 1989 2385 in
2008 2321 2262 2386 Glossa:
2291 2320 2469 2385 «Hoc
2489 2320 2722 2384 dicitur
2758 2321 2829 2383 in
2865 2338 3131 2403 persona
3151 2320 3400 2386 Christi.
3427 2342 3458 2380 n

1925 2427 2095 2509 Ergo
2125 2427 2408 2491 Christus
2434 2427 2662 2490 habuit
2699 2445 2900 2508 spem.
2946 2427 3098 2491 ltem
3130 2428 3251 2491 hoc
3286 2429 3467 2493 vide-

1921 2539 2029 2599 tur
2058 2536 2335 2600 ratione:
2358 2536 2522 2618 quia·
2545 2536 2828 2600 Christus
2858 2537 2976 2600 suit
3015 2538 3210 2600 simul
3233 2539 3463 2616 viator,

1920 2648 1984 2706 et
2007 2643 2534 2725 comprehensor3
2559 2647 2622 2706 et
2649 2643 2716 2706 in
2754 2649 3072 2725 quantum
3102 2645 3329 2723 viator,
3353 2645 3467 2709 de-

1919 2748 2064 2811 fecit
2098 2748 2167 2830 (c)
2199 2749 2319 2812 sibi
2347 2748 2506 2813 stola
2536 2749 2854 2831 corporis:
2893 2750 2947 2811 si
2976 2768 3138 2831 ergo
3180 2750 3465 2816 Christus

1919 2857 2041 2920 fuit
2059 2857 2328 2938 perfecte
2344 2856 2571 2935 viator,
2589 2857 2750 2919 sicut
2768 2861 2830 2920 et
2847 2855 3153 2938 perfectus
3171 2876 3466 2941 compre-

1920 2962 2177 3041 hensor,
2211 2962 2468 3026 videtur
2509 2962 2682 3044 quod
2711 2963 2933 3027 debuit
2977 2962 3209 3027 habere
3250 2965 3467 3029 omnia

1921 3070 2085 3135 dona
2118 3068 2473 3151 gratiarum
2495 3115 2511 3144 ,
2544 3072 2608 3130 et
2632 3085 2854 3131 omnes
2883 3070 3152 3133 virtutes
3175 3088 3323 3153 quae
3343 3088 3467 3135 res·

1922 3178 2167 3260 piciunt
2211 3181 2449 3241 statum
2494 3176 2643 3240 vioe.
2703 3176 2860 3241 ltem
2907 3177 3205 3258 objicitur
3249 3183 3468 3243 contra

1920 3285 2274 3349 secundum
2315 3284 2393 3348 de
2436 3284 2670 3346 sanctis
2703 3285 2843 3365 jam
2882 3283 3281 3362 beatificatis,
3312 3286 3468 3366 quia

1933 3392 2167 3457 dicitur
2197 3397 2243 3468 ⁸,
2277 3391 2444 3473 quod
2475 3389 2727 3456 dictum
2754 3396 2846 3455 est
2871 3394 2964 3456 eis
2990 3390 3162 3473 quod
3188 3399 3470 3473 expecta-

1923 3508 2064 3567 rent
2084 3500 2295 3565 adhuc
2314 3497 2634 3564 modicum
2657 3505 2900 3579 tempus
2922 3497 3003 3579 (d)
3028 3520 3054 3564 .·
3073 3517 3228 3579 ergo
3249 3499 3299 3561 si
3326 3517 3469 3581 spes

1923 3613 2019 3671 est
2066 3605 2461 3689 expectatio,
2511 3604 2790 3680 videtur,
2845 3608 2963 3668 etc.
3023 3604 3180 3668 Item
3235 3605 3468 3670 animae

1921 3719 2155 3779 sanctae
2201 3714 2268 3776 in
2311 3712 2514 3795 patria
2559 3716 2894 3794 expectant
2938 3711 3467 3793 glorificationem

1920 3839 2189 3886 suorum
2231 3837 2612 3900 corporum,
2659 3837 2806 3901 quae
2852 3824 2945 3882 est
2987 3818 3282 3901 quaedam
3324 3839 3469 3902 pars

1919 3927 2371 3993 beatitudinis:
2404 3927 2787 3990 resumendo
2810 3928 2982 3990 enim
3010 3945 3296 4008 corpora,
3331 3946 3468 4009 per·

1920 4035 2146 4099 sectius
2191 4033 2828 4116 contemplabuntur,
2874 4034 3048 4116 quia,
3110 4034 3276 4098 sicut
3319 4034 3470 4099 dicit

1922 4143 2333 4225 Augustinus
2351 4143 2396 4222 ⁸,
2432 4167 2462 4203 a
2505 4142 2738 4205 animae
2779 4147 3037 4224 propter
3084 4142 3468 4207 desiderium

1921 4270 2262 4334 corporum
2303 4249 2729 4324 retardantur,
2761 4268 2840 4311 ne
2865 4250 3128 4314 omnino
3172 4250 3462 4315 ferantur

1921 4359 1988 4422 in
2033 4377 2368 4422 summum
2415 4358 2670 4421 coelum.
2715 4378 2746 4414 n
2789 4354 2947 4418 Item
2974 4355 3277 4437 objicitur
3320 4375 3469 4420 con-

1919 4469 2021 4528 tra
2051 4465 2312 4528 tertium
2335 4513 2355 4543 ‚
2392 4465 2544 4548 quia
2579 4463 2836 4526 videtur
2881 4462 3055 4545 quod
3100 4463 3313 4549 angeli
3350 4463 3462 4527 ha-

1921 4574 2114 4637 beant
2141 4592 2343 4656 spem,
2371 4573 2598 4635 dicitur
2619 4572 2794 4634 euim
2821 4571 2884 4634 ⁸:
2912 4572 2991 4635 In
3009 4587 3194 4651 quem
3217 4570 3469 4637 deside·

1922 4685 2072 4746 rant
2117 4680 2328 4762 anyelz'
2365 4680 2748 4761 prospicere.
2802 4676 3197 4740 Desiderium
3251 4681 3468 4741 autem

1923 4791 2017 4851 est
2054 4792 2341 4868 respectu
2395 4802 2527 4847 non
2567 4783 2767 4846 habiti
2803 4805 2818 4846 t
2862 4802 3025 4863 ergo
3054 4783 3107 4845 si
3140 4784 3217 4848 de
3244 4784 3466 4848 eodem

1923 4899 2289 4979 potestesse
2330 4910 2508 4976 spesi,
2541 4891 2620 4955 de
2658 4908 2788 4973 quo
2823 4895 2885 4955 et
2913 4890 3294 4955 desiderium
3318 4940 3336 4969 ‚
3365 4891 3465 4958 vi·

1924 5003 2114 5068 detur
2141 5019 2302 5083 ergo
2329 5000 2497 5083 quod
2527 4998 2746 5079 augeli
2778 5003 3053 5079 sperent.
3081 4997 3236 5062 ltem
3263 5016 3465 5081 ange-

1924 5110 2002 5172 lis
2021 5112 2329 5173 accrescet
2352 5106 2557 5188 gloria
2584 5104 2882 5188 quaedam
2910 5110 2972 5169 et
2999 5105 3186 5169 decor
3215 5106 3293 5169 de
3321 5106 3464 5185 glo-

1925 5215 2277 5279 rificatione
2327 5223 2543 5277 nostra
2596 5216 2661 5275 et
2700 5212 3091 5276 beatitudine
3143 5233 3160 5276 ε
3212 5213 3265 5275 si
3307 5231 3469 5294 ergo

1991 5378 2055 5441 (a)
2079 5376 2200 5427 Coet.
2225 5377 2345 5427 edit.
2377 5376 2676 5427 futurarum.
2703 5374 2842 5438 —-(b)
2875 5376 3167 5428 Psalmo.-
3190 5378 3246 5437 (c)
3283 5376 3468 5427 deficit.

1931 5453 1999 5516 (d)
2033 5453 2183 5517 vulg.
2214 5451 2322 5501 illis
2349 5456 2405 5502 ut
2429 5451 2781 5515 requiescerent
2804 5459 2994 5516 tempus
3019 5452 3177 5503 adhuc
3203 5451 3468 5511 modicum.
