4185 6288
1259 513 1456 580 ms'r.
1499 512 1635 580 vn.
1677 514 1862 584 ΛΒΤ.
1907 516 1987 583 11.
2030 517 2331 597 QUAEST.
2375 519 2483 586 111.

312 669 429 716 non
474 651 767 734 sequitur
785 699 804 730 ,
851 651 1003 734 quia
1019 699 1037 730 ,
1091 650 1253 715 sicut
1295 649 1674 734 praedictum
1722 657 1847 728 est,

310 762 611 842 quantum
639 758 722 824 ad
761 759 1149 825 vocabulum
1178 758 1693 841 praedestinandi
1718 778 1852 824 non

310 870 395 932 et
433 865 934 931 communicatio
980 866 1382 944 idiomatum,
1434 866 1566 931 imo
1603 872 1697 930 est
1740 884 1849 931 so-

308 972 550 1056 phisma
575 972 930 1038 secundum
957 972 1244 1037 accidens
1271 972 1340 1035 in
1369 971 1672 1054 praedicto
1699 991 1851 1055 pro-

308 1100 478 1146 cessu
506 1103 522 1145 ε
550 1099 685 1145 non
711 1080 890 1145 enim
917 1081 1209 1163 sequitur
1240 1102 1255 1143 :
1296 1102 1327 1141 α
1355 1080 1585 1145 Divina
1610 1084 1850 1164 praevi-

305 1189 393 1252 sio
429 1186 731 1270 praecedit
776 1187 1098 1252 Christum
1144 1188 1499 1252 seeundum
1539 1188 1709 1271 quod
1757 1194 1852 1254 est

304 1294 469 1358 filius
508 1294 821 1376 virginis,
852 1313 1012 1376 ergo
1052 1294 1247 1359 eliam
1292 1295 1648 1359 secundum
1676 1296 1850 1379 quod

305 1407 394 1466 est
415 1402 587 1466 filius
618 1402 751 1466 Dei.
783 1425 814 1462 n

379 1513 442 1572 2.
474 1509 570 1572 Ad
596 1509 753 1574 illud
785 1509 956 1591 quod
984 1509 1305 1591 objicitur,
1354 1509 1525 1592 quod
1561 1510 1848 1592 praedes-

305 1617 531 1681 tinatio
555 1622 647 1681 est
664 1622 956 1699 respectu
976 1635 1286 1700 personae,
1312 1616 1655 1681 dicendum
1676 1617 1850 1701 quod

308 1725 420 1788 etsi
440 1724 523 1787 sit
550 1725 797 1789 ratione
828 1740 1155 1807 personae,
1186 1742 1315 1790 non
1356 1728 1569 1788 tamen
1610 1728 1705 1788 est
1746 1744 1852 1789 ra-

302 1832 473 1896 tione
498 1832 989 1913 personalitatis,
1030 1831 1142 1896 sed
1168 1831 1442 1914 alicujus
1472 1835 1744 1896 naturae.
1775 1831 1854 1898 Et

302 1937 443 2002 ideo
471 1955 605 2002 non
633 1942 882 2020 oportet
906 1939 986 2002 ad
1015 1939 1138 2003 hoc
1176 1939 1347 2021 quod
1382 1957 1595 2004 sermo
1624 1938 1855 2005 habeat

301 2046 659 2123 veritatem,
681 2045 1303 2129 praedestinationem
1323 2045 1690 2111 antecedere
1706 2065 1851 2130 per-

300 2169 524 2216 sonam
556 2152 961 2235 simpliciter;
1007 2152 1116 2217 sed
1153 2151 1385 2216 sufficit
1426 2152 1482 2215 si
1527 2154 1854 2219 antecedat

299 2276 443 2322 eam
468 2258 716 2322 ratione
763 2258 1041 2341 alicuius
1078 2262 1349 2322 naturae.
1397 2256 1474 2325 Et
1517 2258 1659 2323 ideo
1701 2278 1852 2324 cum

298 2367 533 2430 dicitur
562 2389 578 2430 ι
628 2391 658 2427 c
693 2365 900 2430 Homo
940 2371 1037 2429 est
1074 2365 1559 2448 praedestinatus
1601 2386 1736 2432 esse
1780 2368 1853 2433 fl-

294 2474 428 2539 lius
457 2474 583 2556 Dei,
612 2500 643 2535 n
686 2495 817 2539 non
840 2476 1222 2558 intelligitur
1247 2477 1421 2559 quod
1447 2476 1553 2541 illa
1585 2495 1854 2560 persona

295 2584 377 2646 sit
420 2583 870 2665 praedestinata
916 2584 1041 2647 nisi
1091 2585 1338 2648 ratione
1384 2584 1690 2650 humanae
1734 2603 1850 2651 na-

292 2696 483 2756 turae.
515 2693 675 2757 Cum
706 2712 863 2757 vero
886 2693 1119 2757 dicitur
1137 2694 1303 2775 quod
1328 2712 1596 2777 persona
1612 2699 1852 2759 aeterna

296 2819 429 2864 non
446 2804 539 2863 est
563 2800 1035 2883 praedestinata,
1060 2801 1405 2866 dicendum
1428 2802 1600 2885 quod
1622 2821 1850 2868 verum

293 2911 391 2968 est
425 2907 785 2971 secundum
824 2908 995 2989 quod
1037 2912 1129 2971 est
1183 2913 1454 2987 aeterna;
1508 2915 1709 2991 potest
1750 2914 1865 2974 tri--

302 3032 452 3078 men
497 3014 557 3077 ei
598 3016 949 3079 convenire
976 3017 1223 3080 ratione
1251 3021 1500 3081 naturae
1528 3020 1849 3100 tempora-

304 3120 452 3186 liter
473 3126 842 3205 assumptae.
964 3205 973 3216 ἱ

381 3235 446 3293 3.
489 3229 586 3293 Ad
627 3230 787 3293 illud
837 3234 1051 3294 autem
1098 3231 1269 3314 quod
1313 3231 1634 3315 objicitur,
1676 3233 1847 3315 quod

300 3337 787 3421 praedestinatus
814 3338 1123 3402 antecedit
1150 3338 1308 3404 illud
1347 3339 1426 3403 ad
1469 3341 1642 3422 quod
1678 3360 1844 3423 prae-

298 3445 679 3524 destinatur,
726 3444 1068 3509 dicendum
1114 3446 1284 3528 quod
1332 3466 1563 3511 verum
1607 3452 1737 3525 oet,
1784 3454 1861 3513 et'

298 3553 455 3617 illud
483 3570 618 3617 non
645 3552 840 3616 hahet
868 3554 1258 3632 instantiam,
1286 3555 1542 3636 quando
1571 3556 1848 3638 praedes-

297 3660 520 3724 tinatio
552 3651 859 3743 accipitur
901 3659 1155 3742 proprie
1194 3666 1485 3744 respectu
1517 3664 1745 3744 gratiae
1783 3668 1847 3728 et

302 3770 527 3853 gloriae
557 3789 574 3833 ε
611 3772 681 3834 in
705 3772 1027 3854 proposito
1054 3775 1275 3836 autem
1302 3791 1535 3837 nomen
1560 3774 1845 3855 proedes-

305 3880 646 3952 tinatimzis
672 3878 1041 3943 extenditur
1074 3879 1154 3943 ad
1183 3880 1481 3944 standum
1528 3897 1644 3962 pro
1668 3897 1845 3963 prce-

300 3988 544 4053 visione
599 3986 851 4050 ratione
912 3986 1456 4051 determinationis
1499 3987 1841 4070 adjunctae,

299 4094 650 4158 secundum
694 4092 872 4176 quod
913 4094 984 4156 in
1023 4094 1406 4175 praecedenti
1454 4094 1845 4178 problemate

302 4201 507 4265 visum
536 4206 652 4266 est.
697 4199 918 4264 Posset
960 4204 1177 4264 tamen
1211 4201 1334 4266 dici
1382 4203 1550 4285 quod
1591 4203 1845 4285 praedic·

299 4312 434 4372 tum
457 4311 734 4375 verbum
768 4308 1266 4391 intelligendum
1297 4314 1413 4387 est,
1438 4312 1694 4394 quando
1724 4331 1843 4378 vo-

300 4416 591 4482 cabulum
630 4416 1215 4502 praedestinationis
1273 4418 1425 4482 dicit
1463 4420 1844 4484 antecessio-

299 4542 443 4590 nem
464 4545 591 4592 non
618 4527 842 4593 solum
871 4527 1168 4607 respectu
1192 4525 1484 4608 subjecti,
1514 4525 1625 4591 sed
1649 4526 1840 4590 etiam

3381 531 3493 593 18¹

1957 660 2249 737 respectu
2285 655 2609 738 praedicati
2666 680 2682 723 z
2729 657 2824 721 sic
2869 662 3088 723 autem
3134 678 3265 725 non
3309 665 3404 725 est
3437 662 3508 726 in

1956 760 2299 842 proposito.
2336 760 2593 843 Oportet
2622 762 2817 827 etiam
2842 763 3199 846 intelligere
3226 765 3304 831 de
3329 785 3400 833 re
3426 766 3508 833 ad

1956 883 2158 947 quam
2177 867 2320 949 quis
2342 869 2870 951 praedestinatur,
2909 870 3019 934 sed
3057 871 3125 934 in
3169 889 3505 956 compara-

1959 974 2132 1038 tione
2174 975 2255 1039 ad
2312 977 2526 1057 ipsum
2568 977 2739 1059 quod
2785 978 3274 1060 praedestinatur
3308 1002 3324 1044 :
3374 1000 3507 1048 nou

1956 1081 2130 1144 enim
2161 1086 2407 1165 oportet
2457 1085 2626 1166 quod
2670 1084 2797 1163 ille,
2844 1085 2956 1167 qui
2989 1086 3502 1167 praedestinatur,

1958 1188 2039 1251 sit
2066 1193 2214 1253 ante
2241 1191 2518 1272 gratiam
2546 1190 2648 1254 vel
2675 1191 2949 1271 gloriam
2973 1192 3365 1275 simpliciter,
3396 1194 3507 1259 sed

1959 1295 2166 1359 solum
2196 1298 2549 1362 secundum
2578 1297 2749 1380 quod
2772 1298 2960 1361 estin
2987 1317 3063 1362 eo
3096 1318 3113 1362 ε
3147 1303 3212 1364 et
3241 1301 3331 1364 sic
3374 1319 3507 1366 non

1959 1402 2151 1467 habet
2177 1404 2545 1468 instantiam
2586 1405 2654 1468 in
2698 1406 3034 1488 proposito,
3070 1404 3232 1470 Nam
3258 1408 3375 1472 etsi
3401 1406 3509 1473 Fi-

1958 1508 2083 1573 lius
2112 1509 2218 1574 Dei
2239 1512 2556 1593 praecedat
2571 1512 2925 1591 hominem,
2946 1516 3166 1578 tamen
3181 1531 3312 1578 non
3329 1514 3509 1597 prius

1960 1615 2124 1681 inest
2148 1617 2419 1696 homini,
2453 1638 2652 1701 quam
2673 1619 2871 1684 homo
2898 1621 2982 1684 sit
3014 1637 3031 1681 ε
3065 1621 3197 1685 imo
3241 1640 3355 1705 per
3399 1640 3509 1686 na-

1961 1728 2174 1788 turam
2206 1726 2387 1808 prius
2423 1732 2519 1791 est
2553 1727 2956 1805 humanitas,
2993 1746 3193 1812 quam
3219 1728 3511 1795 uniretur

1961 1849 2252 1916 personae
2282 1831 2494 1897 Verbi.

2040 1944 2103 2003 4.
2134 1939 2231 2004 Ad
2257 1939 2417 2005 illud
2444 1940 2616 2023 quod
2663 1941 2985 2025 oincitur,
3041 1946 3266 2008 utrum
3314 1943 3511 2010 homo

1961 2045 2045 2109 sit
2074 2045 2560 2128 praedestinatus
2585 2066 2720 2113 esse
2747 2049 2917 2114 filius
2944 2049 3092 2127 Dei,
3134 2055 3248 2115 aut
3273 2068 3512 2116 secun-

1959 2151 2121 2215 dum
2146 2153 2320 2235 quod
2347 2158 2441 2218 est
2460 2153 2649 2231 DeuS‚
2682 2160 2796 2218 aut
2821 2156 3177 2221 secundum
3212 2157 3384 2238 quod
3419 2162 3514 2223 est

1959 2257 2189 2337 homo;
2234 2259 2376 2324 dico
2403 2261 2576 2343 quod
2602 2261 2958 2326 secundum
2984 2263 3153 2345 quod
3181 2262 3416 2327 homo:
3447 2267 3514 2328 et

1960 2365 2053 2429 sic
2080 2366 2205 2430 fuit
2230 2366 2311 2431 ab
2339 2371 2603 2434 aeterno.
2641 2367 2694 2432 N
2703 2388 2775 2433 ec
2804 2371 2973 2434 valet
3015 2393 3031 2434 ε
3084 2394 3114 2431 α
3143 2370 3314 2453 Ergo
3348 2388 3511 2454 sup-

1958 2474 2142 2555 ponit
2170 2492 2286 2556 pro
2305 2476 2653 2557 praeterito,
2693 2498 2724 2535 »
2755 2475 2888 2540 Hoc
2932 2478 3107 2541 enim
3132 2478 3511 2559 intelligitur

1958 2584 2037 2649 de
2056 2586 2256 2655 ,verbo
2284 2587 2590 2667 praeteriti
2617 2588 2942 2670 temporie,
2965 2589 3138 2671 quod
3160 2606 3290 2653 non
3316 2588 3510 2654 hahet

1959 2690 2094 2756 vim
2119 2691 2468 2775 ampliandi
2497 2693 2578 2758 ad
2604 2694 2921 2758 futurum.
2951 2693 3023 2762 ln
3045 2695 3146 2759 his
3168 2695 3342 2760 enim
3360 2714 3510 2779 quae

1958 2799 2198 2864 habent
2246 2800 2382 2864 vim
2425 2801 2772 2883 ampliandi
2816 2802 2897 2866 ad
2945 2803 3197 2881 futura,
3258 2821 3374 2885 pro
3429 2821 3506 2868 eo

1958 2909 2130 2991 quod
2155 2909 2458 2973 claudunt
2485 2911 2554 2973 in
2582 2928 2650 2973 se
2680 2915 2896 2974 actum
2931 2910 3010 2974 de
3053 2910 3294 2984 tutum.
3346 2928 3506 2993 prae·

1932 3016 2122 3079 dicta
2140 3017 2367 3098 regula
2397 3035 2528 3081 non
2557 3017 2748 3081 habet
2771 3016 3011 3082 locum.
3061 3016 3140 3082 Et
3179 3018 3268 3081 sic
3308 3021 3405 3081 est
3432 3017 3505 3083 in

1958 3126 2304 3209 proposito,
2321 3124 2472 3209 quia
2486 3124 2956 3208 praedestinatio
2979 3128 3275 3190 connotat
3301 3141 3500 3208 praes-

1957 3234 2253 3296 cientiam
2282 3233 2556 3315 alicujus
2578 3234 2777 3298 futuri
2827 3257 2842 3297 ι
2894 3236 2958 3298 et
2984 3233 3126 3298 ideo
3153 3251 3282 3298 non
3311 3251 3504 3316 opor-

1956 3343 2047 3404 tet
2091 3342 2286 3405 istum
2336 3341 2722 3420 terminum,
2762 3342 2978 3418 homo,
3026 3343 3320 3424 respectu
3364 3341 3504 3405 talis

1955 3449 2280 3531 praedicati
2304 3466 2663 3531 supponere
2702 3466 2817 3530 pro
2846 3446 3188 3529 praeterito.
3233 3446 3378 3511 Alia
3409 3451 3503 3512 est

1957 3557 2151 3621 etiam
2178 3557 2358 3632 ratio,
2383 3574 2580 3638 quare
2597 3555 2861 3637 ampliat
2882 3555 2960 3619 ad
2981 3572 3172 3618 omne
3200 3557 3457 3637 tempus
3482 3579 3497 3620 :

1957 3664 2110 3747 quia
2141 3663 2608 3746 praedestinatio
2635 3680 2768 3726 non
2796 3661 2974 3745 ponit
3013 3680 3151 3725 rem
3198 3680 3385 3726 suam
3431 3662 3501 3726 in

1955 3771 2403 3856 praedestinato
2418 3819 2436 3847 ‚
2485 3770 2593 3833 sed
2638 3769 2708 3832 in
2759 3768 3283 3851 praedestinanoe3
3336 3768 3503 3833 sicut

1953 3879 2096 3943 laus
2135 3895 2268 3942 non
2293 3877 2361 3941 in
2387 3876 2665 3956 laudato,
2690 3875 2798 3941 sed
2818 3876 2887 3938 in
2907 3874 3208 3939 laudante
3238 3897 3253 3939 ε
3276 3879 3341 3939 et
3356 3875 3499 3941 ideo

1955 3989 2116 4052 sicut
2142 3987 2283 4051 laus
2311 4005 2444 4051 non
2489 3991 2585 4050 est
2614 3989 2866 4050 tantum
2894 3984 2971 4048 de
3009 3982 3342 4067 primenti,
3390 3984 3500 4049 sed

1954 4095 2147 4159 etiam
2173 4094 2251 4159 de
2273 4093 2595 4176 praeterito
2621 4097 2685 4157 et
2709 4093 2963 4168 futuro;
2995 4091 3083 4155 ita
3119 4095 3183 4155 et
3219 4089 3499 4174 praedes-

1956 4203 2178 4267 tinatio
2210 4201 2529 4284 praeterita
2576 4204 2778 4283 potest
2811 4217 2946 4264 esse
2988 4198 3066 4263 de
3105 4216 3181 4263 eo
3211 4198 3381 4281 quod
3403 4197 3500 4262 est

1955 4310 2248 4374 futurum
2282 4331 2297 4373 :
2337 4316 2400 4374 et
2442 4310 2567 4374 ista
2604 4309 2958 4373 clarescunt
2996 4306 3227 4372 melius
3254 4324 3368 4389 per
3392 4324 3492 4388 ea,

1955 4434 2107 4501 quae
2134 4419 2201 4482 in
2225 4419 2432 4502 primo
2456 4417 2622 4483 libro
2649 4417 2812 4483 dicta
2833 4419 3007 4480 sunt.
