4185 6288
800 509 879 569 36
1879 495 2502 566 SENTENTIARUM
2545 499 2693 564 LlB.
2742 500 2847 564 111.

799 657 1166 724 expressam
1230 636 1714 703 similitudinem
1768 654 1919 701 cum
1964 653 2041 701 eo
2103 656 2118 697 :

801 747 971 812 idem
998 747 1169 830 quod
1199 746 1400 829 prius.

2183 652 2343 716 ergo

565 869 635 914 Ad
671 886 774 930 01³1>-
885 864 1005 929 Sed
1050 869 1310 929 contra:
1354 871 1412 927 1.
1457 862 1864 943 Augustinus
1903 858 1993 927 ad
2040 857 2344 926 Volusia-

804 976 1004 1040 ηαηι1
1048 994 1064 1039 :
1111 998 1140 1034 α
1183 974 1255 1036 ln
1308 973 1499 1036 rebus
1547 971 1945 1036 mirabilibus
1997 973 2132 1033 tota
2185 969 2349 1031 ratio

807 1085 945 1147 sacti
985 1088 1078 1147 est
1114 1083 1394 1166 potentia
1433 1081 1715 1145 facientis
1745 1103 1760 1143 :
1789 1102 1820 1139 n
1853 1098 2011 1160 ergo
2048 1098 2197 1142 cum
2241 1078 2349 1143 in-

804 1192 1086 1256 carnatio
1113 1191 1197 1254 sit
1226 1189 1577 1272 assumptio
1604 1192 1937 1262 creaturae,
1977 1192 2038 1251 et
2068 1188 2151 1252 sit
2186 1206 2351 1269 opus

803 1298 1118 1377 mirabile,
1149 1298 1403 1362 videtur
1428 1296 1602 1380 quod
1626 1300 1760 1360 tota
1784 1295 1946 1360 ratio
1972 1296 2352 1379 assumptio-

803 1408 904 1470 nis
936 1408 1018 1470 sit
1041 1426 1124 1471 ex
1154 1410 1330 1489 parte
1364 1405 1649 1469 facientis
1682 1426 1697 1467 ε
1733 1421 1892 1485 ergo
1918 1422 2050 1467 non
2078 1408 2175 1467 est
2210 1422 2350 1468 ma-

797 1516 908 1597 jor
943 1513 1313 1596 congruitas
1343 1513 1414 1576 in
1449 1511 1742 1577 rationali
1788 1515 2104 1588 creatura,
2152 1529 2350 1593 quam

806 1621 876 1685 in
900 1621 1026 1684 alia
1050 1623 1282 1684 natura
1306 1623 1535 1684 creata.

888 1734 948 1794 2.
980 1727 1137 1792 Item
1169 1728 1415 1791 infinite
1441 1726 1812 1790 distantium
1840 1744 1973 1789 non
2002 1724 2212 1806 magis
2237 1743 2352 1807 ap—

806 1837 1129 1919 proximat
1157 1854 1387 1913 unum,
1427 1853 1622 1917 quam
1648 1835 1922 1899 alterum
1957 1856 1972 1898 2
2008 1833 2115 1897 sed
2144 1832 2355 1897 omnis

810 1950 1100 2009 creatura
1123 1945 1311 2009 distat
1336 1965 1375 2009 a
1395 1948 1627 2009 natura
1649 1945 1865 2009 divina
1891 1944 1960 2007 in
1988 1942 2346 2008 infinitum:

808 2071 967 2134 ergo
1008 2071 1141 2116 non
1187 2058 1280 2116 est
1317 2052 1696 2133 congruitas
1734 2051 1801 2113 in
1843 2050 2135 2115 rationali
2176 2069 2352 2115 crea-

808 2164 957 2225 tura
982 2160 1214 2241 magis‚
1246 2178 1439 2241 quam
1469 2160 1532 2222 in
1564 2160 1721 2223 aliis,

891 2272 951 2332 3.
999 2268 1157 2332 Item
1203 2268 1553 2332 incarnatio
1596 2268 1745 2331 facit
1784 2268 1999 2349 aliquo
2037 2266 2228 2331 modo
2276 2267 2354 2330 ad

809 2374 1348 2459 complementum
1395 2376 1589 2439 totius
1626 2375 1909 2439 universi
1942 2398 1958 2436 :
1997 2375 2106 2438 sed
2147 2374 2357 2455 magis

812 2484 1224 2568 perficeretur
1266 2483 1645 2547 universum
1666 2532 1683 2562 ‚
1732 2483 1786 2545 si
1846 2481 2008 2546 Deus
2060 2482 2359 2545 uniretur

813 2590 936 2674 ipsi
960 2590 1100 2669 toti,
1126 2609 1320 2674 quam
1346 2590 1464 2673 ipsi
1489 2591 1649 2672 parti
1679 2612 1693 2653 ε
1723 2608 1881 2672 ergo
1903 2590 2162 2655 videtur
2183 2590 2356 2673 quod

810 2699 1023 2780 magis
1069 2699 1153 2761 sit
1199 2698 1429 2762 habilis
1481 2697 1559 2761 ad
1611 2698 1923 2762 unionem
1976 2697 2359 2763 universitas

811 2810 966 2883 tota,
995 2824 1193 2888 quam
1226 2805 1551 2870 rationalis
1577 2811 1887 2870 creatura.

893 2916 956 2975 4.
988 2911 1145 2977 ltem
1172 2912 1434 2977 effectus
1466 2911 1846 2976 universalis
1872 2912 2081 2993 magis
2109 2912 2358 2976 assimi-

815 3018 988 3082 latur
1013 3038 1220 3084 causae
1247 3019 1618 3098 universali,
1644 3039 1839 3103 quam
1869 3020 2130 3084 effectus
2156 3020 2358 3103 parti—

820 3125 1050 3190 cularis
1084 3149 1100 3190 2
1145 3126 1253 3191 sed
1296 3126 1676 3191 universum
1717 3127 1951 3192 claudit
1986 3127 2051 3192 in
2097 3147 2165 3193 se
2210 3128 2363 3193 uni-

817 3235 1147 3300 versaliter
1178 3252 1435 3300 omnem
1462 3235 1760 3301 effectum
1789 3235 1897 3300 Dei
1927 3259 1942 3300 :
1973 3255 2134 3318 ergo
2154 3237 2365 3318 magis

818 3342 1202 3406 assimilatur
1241 3340 1393 3420 De0,
1436 3360 1631 3424 quam
1678 3342 2001 3406 rationalis
2045 3349 2360 3408 creatura.

821 3445 943 3512 Sed
982 3447 1152 3529 quod
1187 3448 1401 3529 magis
1434 3447 1825 3512 assimilatur
1860 3449 2008 3529 Deo,
2053 3453 2364 3534 majorem

820 3554 1014 3618 habet
1038 3556 1524 3636 congruentiam
1552 3557 1632 3620 ad
1660 3556 1964 3621 unionem
1989 3575 2006 3619 z
2029 3575 2212 3638 ergO,
2243 3561 2362 3623 etc.

903 3663 964 3724 5.
1007 3659 1164 3725 ltem
1200 3662 1356 3726 illud
1398 3667 1493 3727 est
1523 3664 1730 3745 magis
1768 3664 2032 3742 unibile,
2076 3666 2143 3728 in
2180 3668 2367 3748 cujus

823 3770 1256 3852 assumptione
1287 3771 1497 3852 magis
1524 3771 1967 3836 manifestatur
2003 3772 2221 3836 divina
2254 3792 2366 3856 po-

823 3875 1045 3955 tentia,
1079 3877 1388 3959 sapientia
1418 3881 1480 3941 et
1513 3877 1806 3942 bonitas:
1838 3878 1945 3942 sed
1987 3879 2366 3944 universum

826 3987 923 4045 est
988 3982 1382 4065 hujusmodi.
1449 3981 1743 4050 Probatio
1808 3986 2094 4051 minoris.
2165 3986 2372 4069 Magis

828 4089 1001 4154 enim
1026 4093 1465 4155 manifestatur
1486 4093 1705 4157 divina
1731 4095 2034 4177 potentia,
2063 4097 2373 4178 sapientia

828 4202 893 4261 et
924 4198 1173 4262 bonitas
1199 4200 1270 4263 in
1304 4198 1662 4264 conditione
1687 4202 1884 4266 totius
1914 4203 2368 4284 universitatis,

830 4323 1024 4388 quam
1060 4305 1333 4389 alicujus
1370 4308 1513 4390 eJus
1550 4310 1768 4391 partis,
1809 4309 1963 4391 quia
2004 4329 2155 4375 cum
2189 4329 2372 4394 quae-

827 4411 982 4477 libet
1009 4432 1154 4496 pars
1175 4416 1317 4496 ejus
1343 4413 1425 4477 sit
1450 4414 1636 4493 bona,
1668 4417 1810 4498 ejus
1834 4417 2212 4483 universum
2243 4438 2373 4483 non

829 4525 924 4584 est
949 4522 1159 4584 solum
1188 4522 1457 4601 bonum,
1493 4522 1600 4586 sed
1628 4523 1819 4586 etiam
1857 4524 2042 4589 valde
2077 4527 2320 4592 bonum
2357 4551 2372 4593 ε

831 4646 991 4710 ergo
1031 4629 1085 4692 si
1115 4630 1326 4711 magis
1370 4630 1807 4695 manifestatur
1841 4632 1908 4695 in
1939 4633 2378 4700 universitatis

832 4734 1217 4813 conditione,
1250 4736 1454 4800 multo
1490 4738 1699 4818 magis
1734 4738 1986 4803 videtur
2020 4743 2194 4823 quod
2233 4762 2377 4807 ma-

832 4841 1166 4906 nifestetur
1191 4844 1257 4906 in
1288 4843 1721 4908 universitatis
1758 4847 2216 4928 assumptione.

897 4980 916 5015 ¹
941 4982 1177 5046 August„
1200 4982 1271 5032 ad
1298 4982 1485 5049 Volua,
1507 4984 1598 5048 Ep.
1625 4994 1707 5050 111,
1730 4997 1777 5033 c.
1802 4995 1862 5050 11,
1889 4984 1954 5035 al.
1981 4996 2221 5051 cxxxvn,
2246 5000 2301 5036 n.
2331 4989 2379 5037 8.

2966 757 3476 826 CONCLUSIO.

2453 938 2633 1008 Maqis
2658 954 2949 1010 conqruum
2974 944 3091 1010 fuit
3136 944 3341 999 Filium
3392 946 3490 1000 Dei
3516 958 3779 999 assumere
3830 946 3993 999 natu-

2526 1038 2646 1078 ram
2673 1028 3002 1083 rationalem
3029 1031 3091 1083 in
3117 1031 3333 1083 unitate
3365 1032 3659 1101 suppositi,
3692 1044 3855 1099 quam
3892 1044 3992 1083 na-

2531 1116 2709 1168 turam
2740 1117 2904 1171 totius
2930 1119 3171 1172 universi
3186 1120 3401 1172 ratione
3417 1118 3653 1172 unitatis
3669 1156 3685 1184 ,
3708 1116 3997 1187 dianitatis

2523 1204 2855 1276 personalis,
2880 1209 2931 1261 et
2957 1205 3360 1262 similitudinis.

2541 1362 2728 1446 Resp.
2782 1365 2861 1428 ad
2909 1365 3071 1448 Arg.
3121 1366 3471 1431 Dicendum
3518 1366 3690 1449 quod
3734 1385 3868 1432 non
3908 1374 4001 1432 est

2458 1474 2637 1535 tanta
2671 1473 2989 1553 nobilitas,
3030 1474 3134 1538 vel
3176 1475 3546 1555 congruitas
3578 1474 3657 1538 ad
3695 1474 3999 1539 unionem

2460 1579 2529 1642 in
2558 1580 2752 1645 totius
2778 1581 3210 1647 universitatis
3235 1583 3692 1665 assumptione,
3722 1582 3886 1647 sicut
3910 1589 4002 1649 est

2459 1686 2530 1751 in
2555 1689 2697 1770 ejus
2725 1695 2904 1772 parte
2934 1690 3171 1772 aliqua,
3200 1696 3419 1772 utpote
3455 1691 3523 1753 in
3560 1691 3857 1756 rationali
3885 1711 4002 1756 na-

2460 1799 2629 1863 tura.
2672 1798 2752 1863 Et
2778 1800 2938 1864 ratio
2965 1799 3165 1881 hujus
3199 1805 3296 1864 est
3324 1801 3602 1865 derectus
3630 1800 3915 1878 unitatiS,
3944 1805 4004 1865 et

2460 1907 2812 1988 personalis
2855 1907 3208 1989 dignitatis,
3257 1913 3322 1973 et
3359 1908 3825 1989 similitudinis,
3873 1910 4004 1973 sive

2462 2013 2940 2091 conformitatiS,
2991 2032 3140 2097 quae
3188 2014 3447 2098 quidem
3499 2033 3631 2078 non
3693 2016 4004 2098 reperitur

2463 2122 2532 2185 in
2585 2128 2718 2188 tota
2762 2123 3178 2190 universitate
3208 2147 3224 2190 ε
3267 2128 3332 2190 et.
3371 2129 3704 2207 propterea
3743 2140 3881 2187 non
3917 2127 4007 2187 est

2462 2231 2690 2295 idonea
2712 2231 2795 2296 ad
2825 2232 3131 2296 unionem
3162 2250 3312 2297 cum
3349 2249 3619 2313 persona
3644 2230 3888 2309 divina,
3916 2229 4006 2293 si—

2464 2344 2576 2403 cut
2640 2340 2968 2404 rationalis
3018 2345 3356 2431 creatura.
3384 2339 3770 2405 Universum
3838 2339 4005 2404 enim

2466 2446 2656 2510 habet
2705 2448 2987 2529 partium
3044 2447 3525 2512 multitudinem
3578 2447 4008 2512 differentium

2465 2572 2761 2635 numer0,
2793 2573 3031 2635 genere
3058 2560 3122 2620 et
3150 2556 3401 2638 specie:
3434 2561 3501 2620 et
3519 2556 3661 2620 ideo
3689 2574 3821 2620 non
3844 2574 4008 2621 com·

2464 2660 2621 2743 petit
2670 2661 2750 2724 ad
2799 2662 3111 2726 unionem
3165 2680 3312 2725 cum
3367 2661 3496 2726 Deo
3544 2663 3613 2725 in
3659 2663 4010 2747 hypostasis

2465 2768 2730 2833 unitate.
2760 2768 2965 2834 Habet
2986 2770 3182 2834 etiam
3209 2774 3421 2851 partes
3448 2775 3735 2835 carentes
3763 2772 3919 2849 vita,
3950 2778 4010 2835 et

2467 2875 2735 2954 ratione,
2771 2881 2834 2941 et
2863 2895 3087 2956 sensu3
3127 2882 3193 2942 et
3225 2877 3367 2941 ideo
3395 2876 3757 2941 deficientes
3793 2878 3874 2942 ab
3898 2896 4006 2941 ex-

2469 2985 2759 3049 cellentia
2794 2985 3199 3069 proprietatis
3231 2987 3580 3069 personalis
3610 3004 3628 3050 ε
3661 2991 3724 3051 et
3760 2990 4010 3071 propter

2470 3092 2593 3158 hoc
2627 3111 2758 3158 nou
2792 3093 2987 3159 habet
3024 3094 3432 3160 idoneitatem
3471 3095 3553 3160 ad
3591 3095 3903 3161 unionem
3943 3094 4009 3157 in

2470 3200 2715 3265 unitate
2739 3220 3049 3285 personae.
3074 3201 3278 3266 Habet
3300 3204 3494 3267 etiam
3522 3210 3756 3287 partes,
3786 3203 3855 3272 in
3877 3208 4014 3292 qui-

2470 3308 2594 3372 bus
2631 3311 2947 3391 reperitur
2984 3310 3193 3375 solum
3236 3312 3398 3377 ratio
3436 3314 3733 3396 vestigii3
3777 3321 3841 3382 et
3877 3317 4010 3381 ideo

2471 3414 2835 3480 deficientes
2859 3435 2899 3482 a
2923 3419 3361 3484 conformitate
3387 3439 3702 3504 expressae
3726 3423 4014 3488 similitu-

2473 3520 2674 3601 dinis;
2705 3528 2771 3587 et
2793 3530 3129 3607 propterea
3156 3525 3401 3609 ineptas
3427 3528 3508 3593 ad
3534 3533 3783 3594 tantam
3811 3531 4015 3596 excel·

2476 3628 2736 3693 lentiam
2760 3631 3039 3695 unionis.
3066 3631 3143 3696 In
3168 3633 3464 3698 rationali
3487 3640 3705 3702 autem
3730 3644 4017 3703 creatura

2477 3737 2742 3819 reperiri
2769 3742 2972 3820 potest
2994 3739 3229 3821 unitas,
3257 3744 3320 3804 et
3341 3745 3688 3824 personalis
3713 3745 4013 3827 dignitas,

2477 3851 2539 3909 et
2581 3865 2879 3931 expressa
2914 3850 3368 3916 conformitas:
3406 3857 3469 3917 et
3510 3853 3653 3918 ideo
3693 3858 3901 3938 major
3929 3859 4020 3918 est

2477 3954 2548 4018 in
2575 3974 2652 4019 ea
2686 3957 2767 4022 ad
2802 3961 3306 4042 assumptionem
3337 3961 3667 4044 idoneitas,
3698 3965 3838 4032 sive
3864 3982 4016 4028 con-

2480 4064 2751 4146 gruitas
2807 4064 2885 4130 Et
2939 4072 3273 4151 propterea
3318 4071 3599 4135 rationes
3620 4119 3637 4150 ,
3696 4090 3848 4156 quae
3901 4072 4016 4137 hoc

2480 4173 2842 4254 ostendunt,
2873 4175 3292 4242 concedendae
3317 4184 3491 4243 sunt.

2563 4283 2623 4342 1.
2654 4279 2752 4343 Ad
2778 4280 2937 4347 illud
2967 4283 3141 4364 quod
3171 4285 3519 4367 opponitur
3552 4286 3631 4351 de
3657 4288 3859 4352 verbo
3884 4287 4020 4350 Au-

2484 4385 2750 4465 gustini,
2781 4387 2952 4469 quod
2981 4393 3110 4453 tota
3136 4389 3299 4455 ratio
3326 4391 3472 4456 facti
3500 4396 3592 4456 est
3620 4393 3901 4476 potentia
3926 4394 4021 4456 fa-

2484 4492 2724 4571 cientiS,
2751 4494 3091 4560 dicendum
3113 4499 3285 4580 quod
3312 4502 3407 4562 est
3428 4500 3594 4564 ratio
3619 4499 4017 4573 causalitatiS,

2485 4602 2550 4662 et
2593 4601 2756 4664 ratio
2799 4603 3220 4683 congr-uitatis
3262 4623 3278 4668 :
3329 4606 3715 4670 causalitatis
3763 4608 3833 4670 in
3888 4605 4023 4669 effl-

2485 4706 2736 4787 ciendo,
2792 4711 3210 4790 congruitatis
3263 4711 3334 4775 in
3386 4714 3809 4796 suspiciendo.
3868 4712 4021 4779 Cum

2486 4831 2645 4895 ergo
2681 4815 2834 4879 dicit
2867 4816 3275 4899 Augustinus
3308 4821 3482 4904 quod
3517 4821 3678 4885 ratio
3718 4821 3866 4886 facti
3897 4824 4023 4884 tota

2486 4928 2581 4986 est
2628 4926 2911 5005 potentia
2955 4926 3272 5006 facientiS‚
3316 4929 3618 5012 intelligit
3663 4930 3741 4994 de
3788 4929 4024 4994 ratione

2487 5031 2892 5110 causalitatiS,
2918 5052 3049 5099 non
3075 5036 3153 5101 de
3179 5036 3424 5102 ratione
3449 5038 3894 5120 congruitatis.

2568 5144 2629 5204 2.
2668 5141 2767 5206 Ad
2801 5141 2962 5206 illud
3002 5144 3175 5225 quod
3219 5146 3564 5229 opponitur
3603 5148 3680 5213 de
3720 5145 4023 5211 infinitate

2488 5247 2880 5330 distantium,
2924 5250 3266 5318 dicendum
3303 5255 3498 5336 quod,
3543 5256 3706 5322 sicut
3738 5255 4022 5320 habitum

2489 5362 2583 5421 est
2621 5357 2691 5421 in
2727 5358 2937 5441 primo
2968 5365 3032 5425 et
3065 5363 3346 5428 secundo
3374 5363 3575 5446 libris,
3613 5383 3763 5430 cum
3798 5363 4025 5429 dicitur

2490 5465 2660 5548 quod
2688 5466 2897 5530 omnis
2931 5473 3220 5534 creatura
3246 5472 3436 5536 distat
3468 5493 3508 5536 a
3550 5472 3676 5539 Deo
3710 5473 3781 5538 in
3815 5472 4026 5538 infini-
