4185 6288
775 466 897 535 ⁴92

782 606 938 688 quia
971 605 1462 689 distinguuntur
1497 628 1690 693 penes
1733 612 1979 694 objecta
2020 614 2280 698 propria
2296 662 2315 695 ,

783 731 931 795 quae
960 732 1090 778 non
1117 718 1368 779 tantum
1394 716 1632 783 habent
1667 720 1978 785 rationem
2018 722 2322 787 materia-

781 819 882 899 lis,
904 839 1129 886 verum
1157 823 1350 887 etiam
1374 825 1687 891 rationem
1716 827 1960 892 motivi.
1985 827 2319 910 objectum

780 927 953 990 enim
991 929 1313 992 materiale
1351 948 1470 995 nec
1511 932 1656 996 facit
1700 936 2211 1000 convenientiam
2251 937 2322 1001 in

780 1032 1012 1114 specie,
1053 1052 1172 1098 nec
1205 1035 1628 1102 differentiam
1665 1061 1680 1104 z
1710 1044 1772 1103 et
1815 1043 2151 1122 propterea
2188 1058 2322 1105 non

781 1139 1066 1220 sequitur
1100 1140 1270 1221 quod
1307 1142 1465 1207 fides
1500 1146 1580 1206 sit
1608 1147 1971 1210 communis
2003 1146 2148 1211 aliis
2186 1147 2317 1212 vir-

779 1244 1025 1309 tutibus
1041 1293 1061 1324 ,
1086 1247 1241 1327 quia
1267 1248 1424 1311 tides
1450 1250 1702 1332 respicit
1727 1270 1953 1316 earum
1980 1254 2226 1337 objecta
2259 1257 2326 1318 et

780 1355 964 1419 fines.
993 1355 1268 1440 Respicit
1292 1360 1467 1424 enim
1490 1362 1598 1426 illa
1619 1362 2022 1430 solummodo
2050 1383 2163 1448 per
2191 1384 2323 1431 mo-

781 1466 939 1530 dum
967 1469 1283 1548 materiae,
1314 1472 1480 1535 circa
1519 1492 1713 1555 quam
1745 1480 2075 1553 versatum
2108 1476 2323 1558 objec-

781 1579 922 1639 tum
948 1580 1162 1641 tamen
1201 1580 1531 1662 proprium
1557 1586 1620 1644 et
1660 1584 1943 1665 primum
1973 1584 2166 1649 habet
2189 1585 2325 1649 dis-

779 1684 1050 1748 tinctum
1077 1685 1157 1749 ab
1174 1686 1314 1749 aliis
1342 1687 1684 1753 virtutibus
1709 1713 1724 1753 ε
1750 1692 2106 1757 secundum
2134 1696 2321 1775 cujus

782 1790 1012 1873 objecti
1062 1794 1369 1857 unitatem
1394 1841 1412 1873 ,
1476 1801 1571 1859 est
1626 1814 1860 1879 ponere
1926 1799 2119 1865 ssdem
2187 1819 2324 1865 esse

782 1915 982 1962 unam
1025 1899 1377 1963 secundum
1422 1902 1720 1985 speciem,
1761 1905 1922 1968 sicut
1963 1906 2034 1970 in
2086 1925 2323 1989 praece-

782 2004 1077 2070 dentibus
1103 2010 1426 2071 ostensum
1452 2013 1568 2073 est.

1283 2222 1687 2301 QUAESTIO
1730 2225 1842 2293 IV.

1011 2376 1106 2431 An
1129 2375 1258 2447 fides
1284 2379 1362 2433 sit
1387 2380 1582 2434 certior
1608 2395 1771 2449 quam
1796 2383 2022 2437 scientia
2054 2389 2092 2435 ¹.

871 2533 1097 2599 Utrum
1121 2537 1278 2601 fides
1303 2537 1384 2600 sit
1422 2538 1650 2602 certior
1666 2587 1683 2618 ,
1714 2558 1909 2622 quam
1934 2540 2195 2605 scientia
2218 2564 2235 2619 ;
2266 2547 2330 2607 et

790 2637 960 2719 quod
987 2639 1097 2716 sic,
1126 2640 1383 2705 videtur
1409 2659 1520 2723 per
1546 2641 1984 2723 Augustinum
2003 2648 2068 2707 ²:
2104 2669 2133 2705 α
2155 2643 2329 2709 Nihil

789 2748 883 2808 est
907 2744 1159 2811 homini
1200 2747 1432 2813 certius
1469 2767 1587 2811 sua
1620 2748 1767 2813 fide.
1798 2772 1828 2808 ο
1875 2750 2050 2832 Ergo
2077 2751 2332 2816 videtur

787 2857 958 2938 quod
1007 2858 1166 2922 fides
1208 2861 1520 2941 majorem
1542 2907 1560 2939 ,
1606 2859 1710 2924 vel
1751 2861 1970 2925 saltem
2012 2863 2328 2945 aequalem

785 2963 1229 3031 certitudinem
1259 2964 1487 3028 habeat
1510 2984 1707 3047 quam
1734 2968 2014 3032 scientia.

865 3075 929 3136 Ξ.
961 3070 1118 3134 Item
1145 3070 1603 3155 Philosophus⁸
1630 3092 1647 3135 ε
1678 3097 1709 3134 α
1733 3074 1953 3140 Virtus
1977 3076 2206 3140 certior
2233 3083 2330 3141 est

786 3179 966 3242 omni
1007 3183 1164 3244 arte.
1205 3203 1236 3239 υ
1308 3179 1431 3245 Sed
1486 3183 1644 3246 fides
1681 3184 1941 3266 ponitur
1982 3185 2052 3248 in
2094 3203 2332 3265 genere

787 3287 1064 3367 virtutiS,
1099 3287 1362 3351 scientia
1389 3292 1605 3352 autem
1633 3294 1694 3352 et
1720 3309 1823 3353 ars
1859 3294 2012 3355 sunt
2042 3293 2331 3372 ejusdem

787 3397 1091 3478 generis:
1122 3414 1280 3477 ergo
1323 3398 1530 3479 major
1568 3402 1663 3461 est
1704 3399 2012 3465 certitudo
2053 3401 2120 3465 in
2165 3402 2326 3481 fide,

791 3520 988 3585 quam
1017 3502 1191 3566 sitin
1215 3503 1440 3567 habitu
1466 3503 1766 3570 scientiae.

871 3615 931 3674 3.
964 3609 1119 3674 Item
1147 3610 1382 3674 certius
1408 3614 1814 3692 cognoscitur
1848 3615 2020 3697 quod
2053 3634 2331 3699 cognos-

787 3718 954 3782 citur
980 3717 1048 3781 in
1075 3718 1319 3783 lumine
1345 3720 1627 3783 veritatis
1652 3721 1910 3804 primae,
1943 3741 2136 3804 quam
2161 3725 2332 3806 quod

794 3827 1203 3908 cognoscitur
1228 3826 1294 3889 in
1322 3826 1567 3891 lumine
1593 3828 1879 3894 veritatis
1903 3834 2133 3894 creatae
2165 3853 2181 3895 ι
2222 3831 2332 3896 sed

792 3935 965 4017 quod
1012 3935 1419 4016 cognoscitur
1462 3937 1586 4001 fide
1603 3985 1621 4016 ,
1674 3938 2078 4018 cognoscitur
2117 3939 2184 4002 in
2228 3938 2335 4002 Iu-

794 4041 968 4106 mine
994 4042 1278 4107 veritatis
1303 4043 1530 4125 primae
1558 4066 1576 4122 ;
1621 4045 1793 4126 quod
1827 4049 2042 4109 autem
2073 4045 2335 4109 scientie.

794 4149 1223 4230 cognoscitur,
1254 4149 1322 4212 in
1349 4149 1594 4215 lumine
1624 4151 1904 4216 veritatis
1931 4155 2159 4216 creatae
2186 4169 2335 4235 cog-

793 4256 1081 4321 noscitur
1130 4275 1147 4320 ε
1202 4274 1359 4337 ergo
1408 4259 1614 4339 major
1657 4259 1752 4322 est
1795 4257 2108 4323 certitudo
2152 4258 2329 4338 fidei,

793 4381 988 4446 quam
1016 4364 1315 4428 scientiae.

872 4475 934 4535 4.
966 4471 1122 4537 Item
1148 4472 1381 4537 certius
1420 4477 1515 4537 est
1543 4471 1702 4537 illud
1744 4472 1811 4537 in
1839 4491 1970 4555 quo
2006 4490 2139 4536 non
2173 4473 2337 4560 cedit

795 4597 995 4660 error,
1042 4598 1240 4663 quam
1286 4579 1455 4644 circa
1499 4580 1672 4662 quod
1703 4579 2017 4662 contingit
2052 4598 2267 4645 errare
2315 4604 2330 4645 ε

794 4687 903 4753 sed
932 4686 1080 4752 fidei
1114 4705 1246 4751 non
1287 4687 1701 4769 permiscetur
1739 4706 1954 4766 error;
1988 4690 2336 4771 cognitioni

796 4797 1011 4858 autem
1040 4792 1566 4876 philosophorum
1596 4793 1780 4857 multi
1800 4811 2046 4858 errores
2072 4796 2338 4876 permis-

795 4905 1053 4966 centur:
1069 4918 1228 4982 ergo
1256 4902 1462 4984 major
1488 4905 1583 4964 est
1608 4900 1917 4966 certitudo
1935 4901 2077 4965 fidei
2099 4951 2116 4982 ,
2140 4920 2336 4984 quam

796 5010 878 5075 sit
908 5010 1216 5075 certitudo
1251 5010 1527 5092 ancujus
1551 5009 1831 5074 scientiae
1861 5010 2332 5093 philosophicae.

879 5122 938 5181 5.
971 5117 1129 5182 Item
1154 5116 1385 5182 certior
1409 5097 1673 5181 scientia
1709 5116 1944 5181 certius
1967 5117 2162 5181 habet
2186 5118 2339 5181 fun-

864 5316 884 5351 ί
903 5314 984 5378 Gt.
1007 5314 1150 5366 Alex.
1168 5314 1362 5378 Aleum,
1380 5328 1434 5379 p.
1458 5314 1545 5371 111,
1565 5329 1614 5378 q.
1639 5325 1823 5377 xcvm,
1841 5316 2034 5366 memb.
2059 5319 2147 5382 10,
2166 5319 2265 5370 ert.
2290 5320 2337 5380 ¹,

800 5388 852 5436 et
879 5385 1009 5436 Coti.
1038 5396 1199 5446 xxxv,
1221 5386 1318 5435 nrt.
1342 5384 1501 5448 unic.;
1526 5387 1581 5438 S.
1600 5383 1810 5447 Thoai„
1849 5386 1982 5446 11-11,
2010 5401 2061 5451 q.
2085 5399 2157 5448 iv,
2178 5388 2339 5450 art.7;

799 5459 853 5530 et
870 5457 935 5508 111
958 5454 1119 5515 θεοί..
1144 5455 1260 5508 dist.
1279 5467 1434 5516 xxm,
1457 5468 1582 5521 q.11‚
1600 5461 1698 5506 art.
1719 5460 1782 5521 55
1817 5457 1940 5507 etde
1970 5458 2142 5524 Verit„
2155 5473 2205 5525 q.
2229 5471 2339 5523 xxv,

1861 474 2484 547 SENTENTIARUM
2520 480 2669 551 ΗΒ.
2714 486 2823 554 111.

2427 617 2802 688 dementum
2833 645 2851 689 t
2883 627 2989 692 sed
3033 633 3273 711 quanto
3299 631 3515 716 aliqua
3553 633 3828 698 scientia
3861 652 3979 698 no-

2428 725 2613 792 bilior
2642 734 2706 793 et
2730 734 3061 815 perfectior
3086 742 3205 817 est,
3237 743 3413 803 tanto
3441 741 3676 805 certior
3697 747 3795 807 aet
3822 764 3840 806 ι
3873 744 3979 807 sed

2426 834 2692 901 scientia
2722 839 3063 924 theologiae
3095 848 3187 908 est
3213 847 3479 912 omnino
3505 848 3777 913 scientia
3802 849 3979 913 altis-

2426 941 2591 1006 sima
2641 951 2704 1008 et
2766 948 3156 1015 nobilissima
3210 973 3225 1015 z
3270 972 3430 1036 ergo
3480 957 3866 1021 certiaeima.
3912 955 3981 1022 Si

2428 1068 2585 1133 ergo
2610 1053 2770 1117 fides
2812 1060 2911 1120 est
2953 1057 3444 1126 fundamentum
3472 1064 3671 1127 totius
3699 1064 3980 1129 scientiae

2429 1158 2810 1241 theologicae
2833 1210 2850 1241 ,
2881 1181 3134 1252 necesse
3158 1171 3255 1231 est
3280 1168 3482 1250 ipsam
3523 1188 3664 1234 esse
3704 1172 3978 1234 certissi-

2430 1284 2627 1330 mam.
2657 1267 2765 1332 Est
2792 1287 2953 1353 ergo
2983 1272 3051 1335 in
3074 1292 3150 1337 ea
3179 1278 3386 1357 major
3411 1277 3755 1357 certitudO,
3787 1296 3979 1361 quam

2428 1371 2497 1436 in
2522 1373 2738 1458 alique
2759 1377 2885 1441 alie
2908 1379 3188 1445 scientia.

2510 1480 2629 1546 Sed
2661 1488 2882 1549 contra
2909 1507 2925 1550 z
2960 1487 3151 1570 Hugo
3177 1490 3254 1554 de
3284 1490 3350 1556 S.
3382 1491 3632 1557 Victore
3652 1493 3718 1557 ⁸:
3751 1491 3981 1559 «Fides
4002 1505 4150 1553 rne-

2429 1594 2525 1653 est
2549 1591 2860 1657 certitudo
2887 1596 3182 1676 quaedam
3211 1599 3410 1663 animi
3434 1599 3512 1664 de
3535 1600 3738 1665 rebus
3760 1603 3980 1666 absen-

2430 1697 2621 1776 tibus,
2672 1717 2866 1782 supra
2905 1703 3296 1785 opinionem,
3337 1709 3403 1772 et
3440 1706 3609 1772 infra
3648 1709 3978 1774 scientiam

2430 1804 2796 1872 constituta.
2841 1829 2872 1867 υ
2922 1808 3096 1891 Ergo
3140 1812 3352 1876 minor
3399 1817 3497 1878 est
3539 1814 3861 1880 certitudo
3910 1817 3978 1880 in

2431 1910 2568 1993 ipsa
2597 1912 2743 1993 ssde,
2775 1931 2970 1996 quem
2995 1916 3064 1979 in
3096 1916 3321 1982 habitu
3349 1920 3654 1986 scientiae.

2512 2020 2670 2085 Item
2691 2023 2925 2087 certius
2951 2027 3357 2106 cognoscitur
3375 2028 3563 2108 illud‚·
3586 2030 3666 2094 de
3692 2050 3827 2114 quo
3851 2051 3981 2097 non

2433 2133 2639 2210 potest
2682 2130 2991 2213 dubitari,
3038 2152 3235 2215 quam
3261 2134 3453 2216 illud,
3491 2137 3572 2202 de
3599 2157 3734 2221 quo
3781 2145 3981 2223 potest

2432 2234 2709 2299 dubitari
2742 2259 2757 2302 :
2789 2239 2896 2303 sed
2925 2242 3100 2321 quod
3139 2242 3284 2324 quis
3310 2245 3636 2326 cognoscit
3675 2248 3980 2311 scientiali

2433 2343 2817 2424 cognitione,
2858 2346 2947 2410 sic
2991 2348 3196 2428 novit,
3241 2351 3417 2432 quod
3455 2351 3534 2416 de
3566 2370 3644 2416 eo
3693 2354 3981 2419 dubitare

2435 2467 2564 2512 non
2600 2455 2842 2534 potest;
2882 2454 2995 2535 qui
3021 2460 3236 2521 autem
3267 2459 3448 2523 novit
3481 2459 3729 2542 aliquid
3758 2462 3980 2544 cogni-

2433 2556 2607 2620 tione
2638 2558 2821 2639 fidei,
2862 2565 3066 2643 potest
3094 2563 3171 2628 de
3195 2582 3273 2628 eo
3312 2566 3628 2647 dubitare,
3662 2569 3830 2632 sicut
3863 2588 3980 2652 pe-

2437 2667 2560 2729 tet:
2585 2684 2742 2748 ergo
2771 2669 2978 2750 major
2999 2672 3096 2733 est
3121 2671 3430 2736 certitudo
3448 2673 3760 2753 scientiae,
3786 2694 3978 2758 quam

2435 2770 2607 2835 fidei.

2517 2880 2675 2944 Item
2710 2881 2941 2946 certius
2980 2884 3386 2965 cognoscitur
3426 2888 3602 2968 quod
3642 2890 3974 2970 cognosci-

2437 2990 2546 3050 tur
2582 2992 2800 3070 aperta
2828 2987 3100 3069 visione,
3135 3008 3334 3072 quam
3373 2992 3544 3073 quod
3574 2997 3978 3076 cognoscitur

2439 3092 2572 3159 sola
2610 3095 3012 3161 credulitate:
3046 3097 3157 3162 sed
3192 3116 3307 3181 per
3340 3100 3672 3165 scientiam
3701 3120 3975 3185 cognos-

2391 3229 2411 3244 ·
2438 3204 2603 3267 citur
2641 3203 2878 3286 aliquid
2907 3208 3127 3287 aperta
3154 3207 3397 3272 visione
3420 3257 3437 3286 ,
3485 3228 3601 3292 per
3629 3212 3824 3275 fldem
3849 3213 3976 3276 sola

2438 3310 2805 3376 credulitate
2836 3332 2852 3375 ε
2883 3328 3041 3393 ergo
3072 3314 3300 3379 certior
3324 3323 3420 3380 est
3455 3317 3720 3382 scientia
3739 3367 3756 3396 ,
3785 3338 3975 3402 quam

2437 3418 2613 3484 fides,

2521 3528 2678 3593 Item
2720 3535 2963 3614 quanto
2991 3531 3231 3615 aliquid
3262 3533 3672 3615 cognoscitur
3706 3536 3970 3616 clarius,

2441 3640 2615 3700 tanto
2642 3638 3049 3719 cognoscitur
3067 3640 3299 3703 certius
3331 3660 3347 3704 ε
3379 3641 3488 3704 sed
3513 3641 3676 3708 fides
3704 3661 3972 3726 cognos-

2441 3743 2523 3807 cit
2552 3761 2667 3826 per
2691 3744 3022 3827 speculum
3056 3746 3129 3810 in
3158 3747 3503 3829 aenigmate
3522 3797 3539 3828 ,
3572 3749 3836 3814 scientia
3859 3770 3970 3815 au·
4012 3789 4015 3794 -

2440 3853 2569 3915 tem
2599 3851 2877 3917 revelata
2903 3852 3059 3917 facie
3087 3877 3102 3918 ε
3133 3871 3291 3935 ergo
3316 3856 3529 3936 major
3552 3859 3647 3919 est
3672 3857 3972 3925 certitudo

2441 3976 2636 4042 quam
2665 3959 2858 4023 habet
2886 3959 3146 4024 scientia
3163 4008 3180 4038 ,
3212 3979 3409 4044 quam
3432 3962 3540 4026 illa
3566 3982 3767 4047 quam
3793 3967 3974 4032 habet

2440 4067 2617 4132 fides.

2522 4172 2680 4238 Item
2708 4174 2942 4240 certius
2968 4175 3378 4257 cognoscitur
3407 4179 3578 4261 quod
3611 4185 3815 4263 potoet
3837 4202 3974 4267 pro-

2442 4284 2580 4348 bari
2597 4331 2619 4362 ,
2664 4302 2861 4366 quam
2903 4283 3075 4365 quod
3118 4302 3250 4347 non
3291 4288 3494 4367 potest
3534 4287 3797 4368 probari
3828 4291 3974 4354 :sed

2444 4391 2613 4473 quod
2641 4390 2787 4473 quis
2814 4391 3139 4472 cognoscit
3171 4391 3397 4456 habitu
3427 4394 3737 4476 scientiae,
3782 4403 3976 4480 potest

2444 4498 2711 4578 probare
2739 4498 2845 4561 alii
2884 4504 3475 4582 quantumcumque
3501 4503 3893 4585 adversanti,
3918 4511 3975 4572 et

2446 4623 2595 4669 eum
2652 4605 3029 4670 convincere
3072 4607 3427 4670 necessario
3449 4655 3467 4687 ,
3507 4608 3595 4672 ita
3634 4611 3809 4694 quod
3851 4632 3973 4679 non

2447 4716 2648 4796 potest
2689 4713 3147 4793 contradicere3
3194 4732 3327 4779 non
3370 4716 3464 4779 sic
3506 4721 3724 4782 autem
3766 4725 3862 4785 est
3903 4723 3977 4787 de

2446 4820 2571 4886 ssde
2598 4841 2616 4885 ε
2647 4839 2803 4903 ergo
2830 4822 2985 4885 fides
3011 4839 3140 4885 non
3168 4821 3358 4886 habet
3385 4826 3629 4889 tentam
3659 4829 3975 4894 certitudi-

2446 4947 2618 5006 nem,
2645 4932 2953 5012 quantam
2980 4928 3170 4993 habet
3194 4928 3453 4994 habitus
3479 4932 3787 5001 scientiae.

2446 5093 2542 5141 art.
2572 5094 2633 5153 2;
2664 5090 2927 5154 menard„
2965 5091 3030 5142 111
3053 5090 3219 5153 ,Sent.‚
3258 5091 3369 5141 dist.
3400 5103 3557 5155 xxm,
3599 5099 3697 5147 ert.
3734 5099 3797 5155 8,
3834 5113 3883 5163 q.
3928 5111 3972 5163 15

2448 5166 2625 5230 Steph.
2656 5167 2844 5218 Brulet'.
2861 5204 2879 5231 ,
2902 5167 2968 5217 111
2999 5165 3138 5217 Seni.
3154 5201 3173 5230 ,
3192 5165 3309 5216 dist.
3332 5177 3490 5230 xxm,
3518 5182 3572 5234 q.
3599 5182 3676 5222 xv,
3703 5197 3755 5208 -
3784 5173 3805 5203 ²
3834 5179 3971 5238 Aug„

2447 5242 2507 5292 de
2536 5239 2736 5304 Trinit„
2759 5240 2848 5291 lib.
2878 5239 3012 5301 xm,
3040 5252 3087 5290 c.
3119 5251 3158 5299 x,
3183 5253 3238 5289 n.
3267 5240 3295 5289 3
3328 5252 3341 5288 τ
3374 5254 3403 5286 α
3432 5240 3559 5292 Eam
3603 5242 3820 5308 (fidem)
3842 5251 3972 5298 tenet

2447 5312 2729 5365 certissima
2749 5311 2979 5377 scientia,
2999 5310 3282 5376 clamatque
3301 5313 3635 5365 conscientia.
3658 5333 3689 5363 a
3704 5317 3972 5381 —⁸Arist.‚

2448 5384 2638 5447 Etkic„
2655 5383 2742 5437 lib.
2774 5386 2839 5447 n,
2862 5397 2910 5435 c.
2937 5394 2988 5436 v·
3007 5410 3070 5422 —
3090 5382 3112 5419 δ
3131 5384 3285 5450 flag„
3307 5382 3635 5452 deSecmnu,
3661 5388 3753 5441 lib.
3791 5388 3833 5453 1,
3850 5403 3902 5455 p.
3922 5402 3971 5450 x,

2451 5469 2549 5509 c.1.
