4185 6288
812 501 931 565 5⁴8
1939 501 2569 572 SENTENTIARUM
2606 505 2756 572 mn.
2804 505 2911 572 111.

811 635 1086 702 aliorum
1114 636 1555 719 symbolorum
1569 680 1588 715 ,
1621 634 1963 703 dicendum
2002 639 2178 722 quod
2220 639 2345 706 alia

607 720 783 817 ⁵³³¹*
808 743 1098 828 symbola
1126 744 1285 825 duo,
1313 743 1605 810 videlicet
1630 744 1985 825 Athanasii,
2014 751 2078 812 et
2103 747 2346 813 Nicaeni

561 775 780 882 *dm'
765 852 1087 936 ¹concilii,
1112 853 1322 921 addita
1336 859 1491 921 sunt
1513 855 1594 920 ad
1622 857 1771 922 fidei
1800 860 2111 942 majorem
2129 860 2343 942 expla-

802 963 1127 1028 nationem
1143 1011 1164 1042 ,
1211 965 1277 1027 et
1318 961 1399 1027 ad
1446 962 1771 1028 haeresum
1818 966 2338 1032 confutationem.

798 1067 964 1147 Quia
1007 1067 1371 1153 symbolum
1406 1070 1742 1136 Athanasii
1790 1072 2064 1138 doctoris
2111 1075 2342 1157 praeci-

798 1177 913 1260 pui
939 1177 1220 1243 maxime
1248 1175 1614 1243 ordinatum
1650 1180 1772 1245 fuit
1811 1185 2029 1244 contra
2055 1198 2341 1247 errorem

799 1284 1010 1349 Arrii:
1042 1289 1107 1350 et
1147 1284 1289 1350 ideo
1323 1283 1412 1348 ibi
1449 1285 1736 1351 maxime
1780 1287 2085 1371 exprimit
2125 1289 2343 1354 unita·

797 1395 929 1457 tem
954 1393 1245 1459 essentias
1264 1442 1284 1473 ,
1303 1396 1369 1458 et
1392 1392 1864 1462 distinctionem
1889 1413 2337 1481 personarum,

797 1502 1119 1585 quomodo
1147 1498 1431 1567 Christus
1460 1505 1558 1569 est
1578 1504 1849 1586 cequalis
1880 1503 2073 1571 Patri
2107 1521 2336 1572 secun-

796 1603 956 1672 dum
996 1604 1457 1686 divinitatem,
1499 1607 1714 1673 minor
1758 1607 1948 1675 Patre
1986 1608 2340 1676 secundum

555 1667 769 1834 12:¹3?
698 1743 775 1773 on·
798 1712 1285 1780 humanitatem.
1314 1713 1696 1796 Symbolum
1726 1732 1881 1781 vero
1907 1714 1981 1780 Ν
1966 1734 2155 1781 icaem
2183 1735 2341 1782 con-

571 1792 753 1900 ,52:21
801 1820 929 1885 cilii
960 1821 1289 1886 conditum
1319 1821 1442 1886 fuit
1473 1821 1555 1887 ad
1581 1823 2078 1888 confutationem
2114 1823 2339 1889 multi-

799 1929 1139 1994 modarum
1164 1927 1488 1995 haeresum
1510 1928 1992 2012 pullulantium.
2024 1930 2202 1997 Unde
2226 1931 2339 1997 ad-'

798 2035 1043 2102 duntur
1081 2037 1300 2120 aliqua
1342 2038 1424 2104 ad
1462 2040 1775 2120 majorem
1821 2041 2292 2122 expressionem
2314 2088 2335 2120 ,

794 2162 911 2228 per
933 2163 1085 2229 quae
1114 2146 1354 2228 possint
1377 2146 1657 2212 haereses
1683 2147 1998 2211 confutari
2019 2165 2037 2210 ε
2060 2152 2125 2212 et
2147 2165 2335 2230 prop-

794 2257 968 2318 terea
994 2253 1074 2319 ad
1104 2254 1459 2322 elidendam
1489 2257 1787 2321 haeresim
1831 2257 2164 2324 Manichaei
2203 2277 2336 2323 non

793 2365 1045 2427 tantum
1067 2361 1303 2429 dicitur
1333 2384 1352 2429 t
1383 2359 1578 2432 Credo
1601 2366 1679 2430 in
1707 2366 1939 2444 Deum,
1956 2366 2103 2431 sed:
2137 2365 2334 2434 credo

794 2471 871 2534 in
893 2486 1095 2535 unum
1121 2470 1321 2537 Deum
1333 2490 1362 2552 ,·
1384 2489 1501 2536 nec
1523 2474 1777 2537 tantum
1808 2472 2164 2539 Creatorem
2192 2473 2338 2542 coeli

794 2585 856 2645 et
896 2586 1120 2660 tmoe,
1152 2581 1259 2646 sed
1286 2580 1481 2646 etiam
1522 2580 1879 2649 visibilium
1920 2587 1981 2648 et
2022 2582 2332 2649 invisibi-

793 2686 978 2754 lium
1014 2687 1114 2754 Ad
1151 2687 1645 2754 confutationem
1671 2706 1828 2752 vero
1868 2688 2132 2754 haeresis
2157 2690 2338 2756 Aria·

792 2811 898 2861 nae
949 2813 1082 2861 non
1121 2801 1373 2863 tantum
1415 2797 1649 2862 dicitur
1683 2818 1701 2864 ε
1754 2796 1952 2865 Credo
1996 2800 2073 2864 in
2118 2798 2337 2865 Iesum

797 2902 1123 2971 Christum
1146 2904 1488 2972 Dominum
1512 2909 1845 2986 nostrum
1870 2904 1982 2969 sed
2008 2904 2203 2970 etiam
2227 2905 2338 2970 ad-

793 3010 1009 3077 ditur:
1038 3014 1130 3079 Et
1164 3012 1242 3079 in
1272 3028 1476 3079 unum
1501 3012 1845 3080 Dominum
1878 3013 2097 3080 Jesum
2127 3012 2339 3081 Chris-

794 3127 929 3191 tum
979 3126 1229 3193 Filium
1286 3126 1409 3195 Dei
1454 3128 1903 3212 uniqenitum,
1946 3146 2153 3212 usqne
2190 3127 2281 3193 ihi
2314 3149 2331 3193 :

794 3233 916 3300 Per
940 3250 1127 3317 quem
1151 3234 1372 3302 omnia
1408 3234 1587 3316 sacta
1611 3241 1787 3302 sunt.
1827 3234 1927 3300 Ad
1958 3235 2337 3300 confutatio-

793 3358 946 3405 nem
972 3359 1127 3408 vero
1152 3342 1415 3407 haeresis
1443 3340 1750 3426 Eutychis
1788 3346 1852 3406 et
1889 3340 2193 3423 Nestorii,
2223 3343 2338 3425 qui

794 3447 1097 3513 dixerunt
1114 3446 1428 3533 Spiritum
1455 3454 1747 3542 sanctum
1776 3466 2038 3513 servum
2065 3465 2203 3513 esse
2222 3447 2340 3514 Pa·

792 3556 908 3621 tris
933 3560 1001 3621 et
1030 3555 1206 3638 Filii,
1244 3576 1377 3624 non
1411 3558 1647 3623 dicitur
1685 3561 1985 3622 tantum:
2023 3556 2219 3624 credo
2262 3559 2336 3625 in

795 3662 1123 3747 Spiritum
1144 3671 1475 3743 sanctum,
1499 3665 1608 3730 sed
1634 3664 1888 3731 additur
1919 3687 1935 3729 z
1962 3665 2334 3746 Dominum,

793 3777 855 3839 et
896 3774 1368 3855 vivificantem,
1409 3774 1528 3856 qui
1572 3789 1658 3840 ex
1695 3774 1881 3840 Patre
1918 3772 2212 3857 procedit
2221 3791 2252 3855 ;
2276 3778 2341 3839 et

793 3876 1000 3943 Latini
1041 3880 1461 3957 addiderunt,
1496 3879 1793 3963 Filioque
1813 3927 1833 3957 ,
1865 3884 2126 3963 propter
2154 3897 2337 3944 erro·-

793 4004 933 4052 rem
970 3986 1363 4052 Graecorum.
1394 3987 1517 4062 Qui
1553 4005 1697 4054 cum
1723 3988 1916 4055 Patre
1948 3993 2007 4055 et
2029 3987 2201 4055 Filio
2238 3990 2337 4054 si-

793 4095 930 4162 mul
951 4096 1287 4175 adoratur,
1315 4100 1436 4161 etc.
1478 4094 1558 4162 Et
1597 4096 1854 4161 additur
1885 4115 1902 4159 :
1937 4096 2062 4170 Qui
2090 4096 2334 4164 locutus

684 4202 692 4210 “
796 4207 891 4271 est
916 4220 1033 4287 per
1054 4203 1395 4286 prophetas
1409 4249 1427 4281 ,
1458 4202 1541 4267 ad
1565 4201 2061 4267 destructionem
2100 4204 2336 4270 erroris

795 4311 1228 4394 quorumdam
1251 4357 1270 4387 ,
1298 4309 1413 4394 qui
1453 4308 1759 4373 dixerunt
1797 4309 1970 4392 quod
2009 4309 2339 4394 prophetae

794 4406 991 4483 locuti
1018 4418 1147 4481 sint
1172 4417 1338 4482 sicut
1363 4415 1706 4501 phanatici.
1737 4414 1816 4480 Et
1842 4415 1934 4480 sic
1967 4418 2141 4500 patet
2165 4416 2340 4500 quod

795 4524 918 4590 ista
964 4522 1257 4608 symbola
1301 4541 1437 4588 non
1474 4522 1923 4605 superfluunt,
1958 4541 2078 4589 nec
2123 4529 2340 4590 tamen

797 4630 1182 4715 Symbolum
1250 4629 1704 4715 Apostolorum
1765 4630 1887 4694 fuit
1947 4629 2338 4696 diminutum

794 4739 971 4822 quia,
987 4738 1287 4823 quamvis
1310 4739 1378 4803 in
1406 4735 1517 4802 illo
1542 4738 1699 4803 fides
1725 4738 2113 4803 sufficienter
2135 4740 2338 4805 conti-

794 4851 1024 4911 neatur
1062 4848 1382 4930 quantum
1418 4843 1497 4909 ad
1535 4845 1861 4929 propriam
1896 4849 1959 4910 et
1988 4845 2340 4929 simplicem

795 4956 943 5022 fidei
981 4956 1471 5035 confessionem,
1497 4957 1712 5019 tamen
1753 4957 2190 5036 opportunum
2219 4955 2341 5019 fuit

796 5064 1038 5147 aliquid
1067 5062 1211 5129 addi
1240 5062 1321 5127 ad
1347 5060 1887 5144 explanationem,
1908 5065 2167 5145 propter
2184 5079 2336 5126 con-

800 5172 1128 5294 tutandam
1152 5172 1476 5236 haeresum
1502 5170 1905 5253 pravitatem.

559 5328 754 5373 lorumdl

555 5460 644 5502 qno
573 5331 772 5493 νεῗωὲάξ
800 5386 1098 5452 bolorum
1136 5385 1497 5450 diversitate
1522 5386 1841 5467 quantum
1879 5382 1959 5448 ad
2004 5384 2340 5450 continen-

795 5495 951 5560 tiam
980 5497 1045 5558 et
1070 5492 1675 5576 frequentationem,
1695 5494 1837 5575 ,iam
1863 5494 2035 5611 patet
2067 5509 2339 5574 respon-

2453 642 2550 708 sio
2575 615 2695 726 pro
2722 657 2964 724 magna
2987 645 3167 726 parte
3198 660 3282 707 ex
3295 641 3410 706 ‘his
3435 659 3587 727 quae
3628 643 3798 709 dicta
3823 648 3996 711 sunt.
4047 673 4156 715 m.

2452 746 2613 815 Nam
2633 749 3014 833 Symbolum
3041 749 3488 833 Apostolorum
3515 750 3825 834 pauciora
3846 769 3997 818 con·
4046 736 4158 790 ω

2452 857 2643 937 tinet,
2693 875 2890 941 quam
2937 857 3111 922 aliud
3129 905 3152 938 ,
3201 857 3358 941 quia
3399 860 3497 922 est
3537 858 3621 923 ad
3666 859 4002 942 praecisam

2455 964 2875 1030 articulorum
2914 965 3412 1048 expressionem.
3457 964 3605 1030 Alia
3656 983 3816 1031 vero
3874 967 4001 1032 duo

2453 1071 2742 1154 symbola
2795 1077 2947 1137 sunt
2989 1072 3072 1138 ad
3115 1071 3570 1139 haereticorum
3612 1073 4004 1139 confutatio-

2451 1193 2625 1243 nem.
2655 1178 2834 1244 Unde
2860 1179 2978 1245 etsi
3003 1179 3073 1244 in
3099 1179 3239 1244 aliis
3265 1179 3537 1245 addatur
3572 1186 3902 1264 quantum
3924 1182 4005 1247 ad

2449 1286 2922 1369 expressionem
2941 1287 3374 1369 quorumdam
3398 1287 3854 1366 articulorum,
3874 1307 4005 1354 non

2447 1391 2664 1454 tamen
2707 1390 2963 1455 articuli
3007 1392 3467 1475 exprimuntur
3508 1394 3725 1475 magis
3769 1394 3961 1476 plene
3983 1440 4005 1470 ,

2448 1494 2581 1561 imo
2609 1500 2672 1560 et
2696 1497 2768 1562 in
2796 1496 3102 1580 Symbolo
3128 1496 3371 1564 Nicaeni
3400 1498 3660 1565 Concilii
3687 1501 4010 1566 omittitur

2446 1603 2750 1668 articulus
2778 1604 2857 1669 de
2896 1604 3203 1671 descensu
3246 1606 3325 1670 ad
3373 1605 3611 1671 inferos
3634 1653 3652 1684 ,
3687 1607 3829 1672 sive
3856 1609 4010 1691 qnia

2445 1711 2612 1776 circa
2637 1712 2811 1777 hunc
2837 1711 3058 1794 pauci,
3082 1710 3187 1778 vel
3213 1711 3382 1778 nulli
3413 1720 3834 1794 erraverunt;
3866 1717 4006 1781 sive

2444 1817 2599 1901 quia
2622 1819 2692 1883 in
2719 1819 2855 1902 ipsa
2879 1818 3275 1884 confessione
3298 1819 3638 1884 descensus
3661 1819 3898 1886 Christi
3920 1822 4005 1886 ad

2445 1924 2682 1992 inferos
2723 1927 2922 2010 possit
2962 1926 3120 1992 oriri
3165 1945 3348 1992 error
3379 1947 3396 1991 x
3440 1926 3583 1992 ideo
3623 1929 4005 1994 maluerunt

2442 2034 2631 2100 illum
2672 2036 2988 2102 subticere
3004 2085 3021 2116 ,
3069 2040 3136 2102 et
3179 2034 3486 2120 implicite
3525 2037 3716 2102 illum
3762 2038 4004 2104 intelli-

2444 2165 2601 2228 gere
2628 2147 2698 2212 in
2721 2149 3205 2214 resurrectione.
3219 2147 3299 2213 Et
3322 2147 3470 2213 inde
3495 2152 3591 2213 est
3614 2150 3788 2232 quod
3809 2149 4001 2232 Sym·
4060 2198 4169 2241 Sd„

2443 2255 2665 2319 bolum
2692 2255 3141 2338 Apostolorum
3169 2254 3403 2321 dicitur
3428 2273 3567 2319 esse
3593 2257 3722 2336 maj
3734 2275 3836 2336 uS,
3866 2273 4000 2322 non
4023 2259 4169 2366 3¹²3:

2443 2367 2762 2448 quantum
2805 2366 2885 2430 ad
2930 2365 3386 2432 continentiam
3430 2365 3836 2446 verborum,
3885 2365 3998 2431 sed
4043 2400 4107 2428 ω
4122 2387 4169 2428 s»

2441 2477 2756 2555 quantum
2804 2473 2885 2538 ad
2928 2472 3385 2538 continentiam
3425 2472 3899 2552 articulorum,
3933 2479 3998 2539 et
4022 2455 4169 2554 ‘'J‘'

2441 2584 2758 2662 quantum
2802 2579 2885 2646 ad
2933 2580 3376 2646 auctoritatem
3436 2596 3579 2645 com
3588 2581 4066 2680 ροιιιιιιιίιιιιι..ἴε
4023 2588 4169 2616 '‘¹³¹¹“

2441 2685 2697 2769 Majoris
2736 2687 2915 2753 enim
2958 2687 3350 2752 auctoritatis
3394 2690 3491 2753 est
3531 2687 3695 2752 illud
3736 2688 3996 2769 symbo-
4021 2651 4169 2740 -e'm

4021 2769 4169 2805 reddi!

2440 2793 2578 2858 lum
2598 2812 2845 2877 ,quam
2889 2794 3017 2860 alia
3057 2795 3227 2860 duo·
3258 2794 3409 2860 hinc
3452 2797 3551 2860 est
3587 2795 3764 2877 quod
3794 2796 3996 2859 etiam
4037 2827 4168 2867 ,mu

2442 2900 2823 2985 Symbolum
2860 2903 3343 2986 Apostolorum,
3376 2900 3550 2986 quod
3579 2902 3911 2967 continet
3893 2921 3993 2985 1p-
4019 2891 4169 2996 :ss

2442 3026 2589 3074 sum
2614 3009 2763 3074 fidei
2802 3009 3331 3090 fundamentum,
3363 3009 3649 3095 quotidie
3689 3011 3996 3075 recitatur

2441 3117 2513 3182 in
2539 3117 2845 3199 Ecclesia,
2876 3122 2941 3184 et
2963 3119 3407 3202 frequentatur
3432 3134 3454 3181 ε
3481 3117 3608 3183 alia
3631 3135 3793 3184 vero
3827 3117 3992 3199 duo,

2442 3243 2591 3310 quae
2618 3227 2874 3292 suntad
2918 3226 3246 3292 haeresum
3282 3224 3789 3292 confutationem
3808 3274 3833 3305 ,
3865 3243 3999 3290 non

2441 3332 2795 3398 recitantur
2809 3334 2934 3398 nisi
2956 3334 3025 3397 in
3042 3332 3270 3398 diebus
3294 3332 3558 3397 solemni
3566 3333 3713 3410 bnS,
3733 3333 3996 3415 quando

2443 3444 2524 3509 ad
2542 3445 2834 3510 ecclesias
2862 3445 3163 3511 convenit
3176 3444 3475 3528 populus.
3499 3443 3666 3509 Hinc
3682 3448 3786 3510 est
3800 3446 3997 3511 etiam

2442 3552 2617 3636 quod
2662 3552 3045 3637 Symbolum
3082 3552 3537 3637 Apostolorum
3578 3552 3818 3616 dicitur
3856 3553 4001 3618 sub-

2444 3660 2660 3742 misse,
2673 3661 2824 3743 quia
2842 3666 2938 3726 est
2954 3662 3036 3727 ad
3067 3661 3344 3744 propriae
3377 3660 3792 3726 conscientiae
3808 3680 3996 3726 secu·

2443 3768 2697 3833 ritatem
2715 3789 2734 3847 ;
2756 3768 2882 3833 alia
2898 3785 3054 3835 vero
3070 3768 3377 3832 dicuntur
3402 3766 3552 3848 alte,
3569 3768 3728 3850 quia
3739 3774 3896 3834 sunt
3917 3766 3997 3833 ad

2444 3872 2969 3959 compescendam
3010 3874 3468 3942 haereticorum
3513 3875 3989 3957 garrulitatem.

2445 3982 2607 4049 Hinc
2629 3989 2724 4049 est
2743 3986 2935 4049 etiam
2949 3984 3125 4069 quod
3138 3983 3522 4068 Symbolum
3540 3983 3996 4067 Apostolorum

2443 4091 2675 4157 dicitur
2712 4092 2812 4158 bis
2855 4093 2923 4156 in
2960 4091 3099 4172 die,
3129 4109 3319 4158 mane
3360 4090 3689 4171 videlicet,
3719 4094 3788 4155 et
3814 4109 3992 4167 sero;

2443 4199 2597 4282 quia
2622 4199 2782 4264 fides
2807 4202 2902 4265 est
2924 4199 3246 4265 bonarum
3284 4198 3736 4281 operationum
3763 4198 3998 4282 prinei·

2444 4307 2659 4390 pium,
2686 4310 2751 4371 et
2777 4308 3031 4371 scutum
3053 4306 3139 4371 ad
3165 4305 3502 4372 victoriam
3523 4305 3990 4382 tentationum,

2444 4417 2510 4481 et
2533 4413 2927 4497 operationes
2953 4412 3143 4479 bonae
3177 4412 3506 4495 potissime
3533 4411 3705 4477 fiunt
3723 4412 3807 4477 in
3850 4412 3988 4493 die,

2445 4524 2510 4587 et
2533 4521 2910 4587 tentationes
2935 4519 3014 4586 de
3047 4524 3232 4585 nocte
3259 4520 3634 4602 insurgunt.
3663 4518 3813 4585 Alia
3836 4538 3989 4589 vero
4026 4548 4169 4604 s...-

2443 4623 2574 4689 duo
2601 4623 2891 4708 symbola
2916 4622 3217 4688 dicuntur
3242 4622 3321 4688 de
3346 4621 3450 4687 die
3480 4622 3717 4703 solum,
3744 4626 3816 4688 et
3835 4641 3990 4707 prae-
4018 4616 4158 4717 *ξ’

2446 4733 2720 4797 mittitur
2768 4731 3151 4815 Symbolum
3211 4728 3543 4796 Athanasii
3571 4777 3593 4809 ,
3636 4736 3705 4795 et
3753 4731 3992 4797 dicitur
4031 4740 4162 4843 ⁹12²·-

2447 4841 2609 4907 hora
2635 4840 2859 4925 prima.
2903 4837 3283 4923 Symbolum
3328 4841 3698 4903 sanctorum
3731 4844 3991 4921 patrum

2446 4948 2683 5015 dicitur
2707 4950 2774 5013 in
2802 4947 3028 5027 Missa,
3052 4965 3168 5030 pro
3198 4963 3277 5012 eo
3306 4946 3479 5029 quod
3505 4946 3725 5030 plures
3752 4948 3849 5011 ibi
3867 4947 3995 5012 hae-

2447 5076 2617 5123 reses
2643 5056 2996 5135 eliduntur,
3026 5059 3092 5120 et
3117 5053 3379 5136 majoris
3405 5054 3529 5118 fuit
3573 5054 3989 5120 auctoritatis.

2447 5162 2885 5247 compositum
2920 5162 3096 5227 enim
3135 5161 3259 5228 fuit
3302 5179 3345 5226 a
3385 5165 3749 5234 tercentum
3792 5168 3856 5229 et
3880 5162 3991 5228 de-

2316 5307 2344 5326 ·
2448 5290 2588 5338 cem
2612 5275 2677 5336 et
2712 5276 2853 5337 octo
2886 5270 3210 5354 patribus,
3244 5268 3358 5353 qui
3400 5271 3811 5354 praefigurati
3845 5274 3990 5337 sunt

2446 5398 2563 5464 per
2603 5382 2958 5446 tercentum
2996 5380 3059 5442 et
3086 5376 3308 5444 decem
3340 5381 3405 5442 et
3433 5383 3580 5445 octo
3618 5380 3990 5447 vernaculos

2447 5487 2729 5556 Abrahae
2744 5535 2767 5569 ,
2796 5505 2959 5572 quos
2992 5484 3359 5554 numeravit
3398 5488 3666 5572 quando
3691 5488 3987 5575 postravit
