4185 6288
1297 452 1492 520 ms'r.
1536 452 1613 521 X.
1669 451 1852 518 Am.
1898 452 1950 517 1.
1994 451 2297 531 QUAEST.
2341 453 2449 520 111.

253 596 487 671 catum,
524 594 643 656 aut
687 589 1100 663 substantiale
1144 612 1158 653 t
1200 606 1331 653 non
1376 588 1757 654 accidentale
1775 636 1798 667 ,

250 702 370 767 hoc
433 705 717 779 constat,
770 718 920 765 cum
987 701 1183 766 homo
1230 718 1382 764 vere
1436 699 1683 764 dicatur
1726 700 1805 764 de

252 809 530 887 Christo,
561 809 731 873 sient
773 813 835 872 et
879 807 958 873 de
997 807 1140 871 aliis
1181 806 1592 886 hominibus;
1627 806 1681 869 si
1715 825 1805 871 es·

250 917 532 996 sentiale,
562 933 726 997 ergo
753 915 855 983 uel
884 918 977 979 est
999 932 1239 996 genus,
1265 912 1369 977 vel
1396 914 1638 996 species
1654 962 1670 990 ‚
1702 912 1803 978 vel

253 1022 645 1087 differentia:
679 1039 811 1086 non
839 1038 1049 1102 genus
1080 1019 1184 1085 vel
1209 1020 1568 1084 differentia
1599 1041 1614 1083 ε
1648 1036 1806 1101 ergo

253 1131 487 1213 species
525 1152 541 1192 ε
584 1129 695 1192 sed
722 1127 963 1210 species
998 1125 1455 1209 specialissima
1495 1126 1804 1208 praedica·

253 1240 358 1302 tur
381 1237 460 1302 de
487 1235 840 1301 individuis
871 1234 1081 1299 solum
1119 1234 1241 1298 sub
1278 1232 1417 1317 ipsa
1442 1234 1753 1299 contentis
1785 1256 1800 1297 :

252 1362 407 1425 ergo
436 1342 725 1408 Christus
750 1345 847 1406 est
869 1340 1276 1408 individuum
1302 1340 1602 1404 hominis.

331 1451 488 1515 Item
517 1450 663 1516 haec
688 1454 785 1515 est
806 1468 962 1514 vera
988 1468 1013 1513 .·
1049 1473 1080 1510 α
1109 1448 1418 1527 Christus,
1450 1447 1807 1513 secundum

254 1561 421 1644 quod
461 1560 662 1624 homo
677 1607 695 1635 ‚
730 1561 829 1623 est
867 1557 1222 1623 substantia
1251 1575 1269 1620 ε
1301 1580 1331 1615 1>
1367 1556 1476 1621 sed
1518 1556 1810 1621 substan·

253 1667 340 1729 tia
364 1665 678 1731 dividitur
714 1664 1051 1728 sufficienti
1089 1663 1402 1729 divisione
1439 1681 1479 1726 a
1524 1661 1811 1728 Philoso-

253 1773 415 1856 pho¹
466 1791 583 1856 per
619 1772 895 1854 primam
933 1774 997 1834 et
1035 1769 1385 1834 secundam
1431 1791 1445 1832 :
1489 1773 1602 1834 aut
1650 1788 1809 1851 ergo

256 1879 542 1944 Christus
568 1884 665 1941 est
690 1876 1040 1942 substantia
1065 1875 1273 1958 prima
1293 1924 1310 1950 ,
1338 1881 1454 1939 aut
1476 1875 1754 1941 secunda
1789 1898 1803 1939 ε

256 2004 384 2051 non
414 1984 731 2063 secunda,
762 2002 912 2047 cum
961 2001 1093 2047 non
1134 1983 1217 2045 sit
1258 2000 1496 2064 genus,
1530 1982 1635 2046 vel
1663 2001 1807 2066 spe-

257 2092 381 2157 cies
434 2114 450 2154 z
506 2109 668 2172 ergo
706 2091 917 2174 prima
968 2113 983 2153 ι
1042 2090 1151 2155 sed
1200 2090 1409 2172 prima
1453 2090 1813 2156 substantia

257 2199 424 2263 idem
452 2198 743 2280 estquod
771 2198 1176 2262 individuum
1209 2220 1223 2260 ε
1257 2215 1443 2279 ergo,
1469 2202 1590 2261 etc.

336 2306 494 2371 item
523 2307 667 2370 haec
688 2310 797 2370 est
814 2325 966 2370 vera
998 2325 1015 2370 ε
1057 2330 1088 2366 α
1118 2305 1425 2383 Christus,
1455 2307 1809 2371 secundum

258 2415 426 2497 qnod
469 2413 713 2492 hom0‚
761 2416 855 2477 est
904 2413 1089 2476 albus
1130 2430 1147 2474 :
1195 2433 1227 2471 n
1270 2417 1333 2475 et
1371 2411 1596 2476 albedo
1649 2412 1813 2477 inest

260 2520 505 2586 Christo
528 2569 547 2599 ,
596 2519 955 2585 secundum
992 2520 1164 2602 quod
1214 2519 1408 2583 homo
1444 2540 1459 2582 ε
1492 2519 1601 2583 sed
1645 2520 1812 2584 acci-

260 2629 470 2692 dentia
521 2628 733 2711 primo
784 2632 849 2692 et
895 2645 1006 2710 per
1037 2645 1103 2691 se
1141 2627 1387 2691 suntin
1415 2628 1807 2693 individuis:

261 2753 412 2818 ergo
436 2735 668 2800 albedo
693 2735 860 2798 inest
888 2732 1134 2799 Christo
1153 2734 1507 2798 secundum
1528 2736 1700 2818 quod
1717 2740 1814 2801 est

263 2844 542 2908 hominis
568 2840 1001 2906 individuum.

76 2962 241 3009 rma.
337 2951 461 3015 Sed
517 2953 741 3015 contra
784 2970 800 3013 ;
847 2946 1021 3012 Idem
1068 2951 1162 3010 est
1220 2966 1356 3011 esse
1410 2948 1813 3014 individuum

264 3058 635 3123 substantiae
657 3106 675 3136 ,
710 3061 775 3120 et
814 3055 1234 3138 hypositasim
1268 3077 1282 3117 :
1323 3055 1434 3120 sed
1460 3056 1527 3119 in
1566 3056 1812 3121 Christo

265 3185 391 3231 una
417 3167 555 3230 sola
578 3170 674 3229 est
699 3163 1099 3247 hypostasis;
1130 3163 1437 3245 quoniam
1471 3163 1541 3227 in
1567 3165 1812 3247 hypos-

265 3274 376 3338 tasi
414 3276 495 3337 fit
531 3273 687 3336 unio
708 3320 725 3348 ‚
776 3276 848 3338 ut
888 3270 1037 3334 dicit
1065 3269 1534 3335 Damascenus¹
1555 3319 1575 3347 ‚
1604 3275 1668 3335 et
1693 3271 1815 3336 ista

264 3380 623 3464 hypostasis
668 3384 764 3443 est
780 3377 1021 3455 divina,
1056 3396 1185 3441 non
1214 3377 1525 3457 humana,
1549 3378 1673 3441 nisi
1699 3397 1813 3463 per

266 3490 573 3553 unionem
622 3505 639 3549 z
690 3503 849 3567 ergo
894 3484 948 3546 si
991 3483 1135 3547 haec
1171 3487 1266 3547 est
1294 3483 1495 3549 falsa:
1541 3506 1572 3544 α
1600 3483 1843 3550 Chris-

264 3601 386 3674 tus,
417 3594 779 3658 secundum
806 3591 978 3675 quod
1010 3590 1229 3670 homo,
1260 3596 1353 3654 est
1376 3590 1735 3674 hypostasis
1750 3612 1805 3674 ;»

262 3702 401 3767 haec
441 3700 801 3766 similiciter
830 3703 923 3764 est
948 3698 1147 3763 falsa:
1188 3723 1219 3759 α
1246 3697 1552 3776 Christus,
1582 3718 1809 3766 secun-

262 3810 417 3874 dum
450 3809 629 3892 quod
667 3808 886 3884 homo,
916 3811 1010 3870 est
1035 3805 1464 3870 individuum.
1495 3827 1526 3865 n

340 3918 508 3982 ltem
539 3917 593 3979 si
634 3914 916 3980 Christus
934 3960 952 3991 ‚
982 3912 1337 3977 secundum
1382 3914 1555 3996 quod
1592 3914 1811 3994 hom0‚

263 4029 357 4092 est
402 4023 857 4099 individuum
889 4019 1245 4086 secundum
1284 4020 1455 4103 quod
1486 4019 1652 4085 Deus
1673 4070 1691 4100 ,
1721 4027 1817 4086 est

263 4131 624 4198 substantia
654 4129 986 4195 individua
1015 4150 1030 4192 :
1062 4107 1185 4191 hoc
1216 4130 1480 4208 constat,
1501 4131 1567 4191 et
1583 4147 1814 4193 secun-

263 4241 426 4306 dum
468 4237 779 4302 rationem
822 4233 1345 4298 individuationis
1374 4238 1471 4297 est
1501 4253 1814 4301 numera-

264 4348 354 4412 tio
383 4370 398 4411 :
429 4362 592 4425 ergo
632 4342 916 4406 Christus
958 4345 1053 4404 est
1078 4340 1207 4404 duo
1241 4362 1256 4403 ε
1287 4340 1396 4404 sed
1423 4341 1545 4405 hoc
1569 4346 1663 4405 est
1697 4342 1815 4406 fal-

252 4472 438 4533 sum,
489 4451 656 4515 sicut
686 4456 1010 4514 ostensum
1040 4452 1136 4513 est
1151 4466 1348 4531 supra
1374 4449 1396 4484 ⁸
1428 4469 1443 4511 :
1478 4467 1658 4530 ergo,
1690 4454 1811 4517 etc.

348 4561 511 4625 Item
549 4576 741 4622 omne
771 4557 1183 4622 individuum
1210 4560 1308 4619 est
1337 4574 1447 4638 per
1475 4574 1543 4620 se
1580 4576 1810 4637 unum,

272 4675 334 4734 et
361 4686 571 4735 unum
596 4683 873 4730 numero
905 4687 920 4729 ε
951 4664 1060 4728 sed
1095 4663 1257 4727 nihil
1285 4662 1408 4727 tale
1434 4668 1528 4727 est
1557 4665 1813 4729 unitum

275 4778 639 4843 substantiae
670 4773 781 4838 alii
822 4771 1212 4842 antecedenti
1240 4772 1594 4840 secundum
1620 4791 1755 4860 esse
1792 4797 1807 4839 ε

280 4905 427 4967 ergo
477 4903 624 4970 cnm
690 4882 979 4945 humana
1029 4883 1263 4944 natura
1309 4878 1380 4943 in
1432 4878 1679 4943 Christo
1733 4881 1815 4946 sit

281 4994 451 5059 unita
472 4990 684 5059 Verbo
713 4992 979 5065 aeterno,
1010 4985 1265 5050 videtur
1291 4986 1462 5067 quod
1499 4987 1812 5052 rationem

282 5096 796 5167 individuationis
823 5113 956 5159 non
983 5098 1191 5158 teneat
1212 5093 1282 5156 in
1304 5092 1463 5176 ipsc.

348 5210 499 5278 ltem
520 5202 845 5295 quidquid
873 5201 1099 5266 dicitur
1128 5218 1282 5266 vere
1324 5200 1402 5264 de
1436 5199 1568 5264 filio
1602 5200 1816 5266 homi-

272 5318 383 5403 nis,
427 5320 664 5387 dicitur
690 5312 778 5378 de
808 5307 971 5372 Filio
1001 5307 1107 5372 Dei
1140 5325 1340 5389 :ergo
1389 5324 1539 5372 cum
1579 5307 1814 5375 indivi-

327 5450 342 5484 ι
351 5448 595 5518 Μηνᾶς
614 5436 948 5500 micam„
964 5449 1009 5486 c.
1031 5434 1091 5485 de
1109 5433 1420 5488 Substantia.
1443 5457 1502 5470 —
1520 5434 1816 5502 ¹Damasc.,

3342 459 3455 529 221

1912 588 2298 654 duumdicat
2307 589 2741 656 collectionem
2752 590 3240 674 proprietatum,
3262 608 3461 673 quam

1912 696 2300 781 impossibile
2327 700 2513 763 estin
2541 699 2668 763 alio
2696 699 2986 782 reperiri,
3023 699 3191 765 etde
3213 700 3341 766 alio
3370 700 3466 767 in-

1915 804 2177 870 dividuo
2219 805 2381 886 dici,
2420 807 2807 889 impossibile
2853 812 2949 871 est
2979 808 3153 891 quod
3180 808 3465 875 Christus

1914 910 1995 975 sit
2012 911 2188 976 aliud
2214 918 2277 977 et
2302 913 2475 978 aliud
2492 913 2897 979 individuum
2919 910 3465 999 secundumquod

1916 1016 2116 1083 homo
2143 1067 2161 1099 ‚
2196 1023 2258 1083 et
2291 1020 2646 1086 secundum
2677 1021 2851 1103 quod
2877 1021 3082 1087 Deus:
3112 1041 3271 1106 ergo
3301 1024 3466 1088 sicut

1917 1125 1985 1189 in
2028 1125 2277 1191 Christo
2318 1131 2412 1190 est
2452 1128 2666 1191 unitas
2709 1129 3209 1211 personalitatis,
3243 1129 3333 1194 ita
3371 1136 3466 1196 est

1916 1232 2133 1297 unitas
2180 1230 2708 1299 individuationis
2738 1257 2754 1301 t
2789 1254 2950 1318 ergo
2984 1235 3148 1301 sicut
3191 1236 3332 1307 haec
3371 1242 3467 1303 est

1916 1338 2073 1402 falsa
2097 1361 2112 1402 ε
2143 1363 2174 1401 ι
2201 1339 2489 1404 Christus
2508 1344 2604 1405 est
2629 1360 2901 1423 persona
2917 1343 3272 1409 secundum
3290 1346 3465 1427 quod

1916 1446 2148 1527 homo;
2177 1468 2208 1505 n
2253 1448 2338 1511 ita
2364 1494 2383 1523 ‚
2429 1451 2501 1511 ut
2551 1448 2846 1529 videtur,
2895 1450 3036 1515 haec
3088 1450 3209 1515 erit
3254 1450 3458 1517 falsa:

1926 1573 1955 1612 ι
1981 1551 2265 1617 Christus
2313 1558 2409 1618 est
2432 1554 2843 1620 individuum
2861 1604 2878 1631 ‚
2911 1558 3265 1623 secundum
3291 1558 3462 1641 quod

1917 1662 2134 1727 homo,
2162 1685 2193 1722 u
2222 1662 2542 1742 Quaeritur
2567 1684 2726 1749 ergo
2752 1668 2831 1732 de
2858 1668 3003 1747 hac,
3032 1672 3096 1733 et
3123 1669 3466 1734 consimili-

1917 1771 2040 1835 bus
2077 1821 2096 1852 ,
2162 1772 2455 1838 videlicet
2515 1779 2737 1840 utrum
2798 1776 2930 1840 sint
2995 1777 3411 1843 concedenda!
3443 1799 3459 1841 ε

1925 1903 1956 1940 α
1984 1877 2272 1945 Christus
2315 1886 2409 1946 est
2450 1883 2856 1949 individuum
2900 1886 3255 1951 secundum
3292 1887 3466 1969 quod

1918 1984 2158 2065 homo;
2211 1986 2498 2053 Christus
2538 1995 2632 2054 est
2661 1992 3065 2074 suppositum
3109 1993 3464 2058 secundum

1917 2093 2089 2175 quod
2117 2094 2312 2158 homo
2329 2118 2346 2174 ;
2387 2095 2670 2161 Christus
2700 2103 2793 2162 est
2825 2098 3188 2180 hypostasis
3225 2119 3462 2167 secun-

1918 2201 2076 2267 dum
2107 2203 2279 2285 quod
2297 2203 2491 2267 homo
2521 2226 2537 2268 ε
2568 2225 2599 2263 n
2635 2209 2698 2269 et
2719 2204 2797 2269 de
2821 2205 2968 2269 aliis
3004 2206 3459 2286 consimilibus,

1918 2309 2074 2392 quid
2104 2310 2390 2374 veritatis
2416 2310 2691 2377 habeant
2709 2357 2727 2388 ‚
2767 2312 3013 2395 etquid
3038 2313 3459 2396 proprietatis.
3489 2307 3502 2320 ⁶

2468 2505 2916 2576 CONCLUSlO.

1922 2661 2224 2733 Christian,
2267 2661 2553 2718 secundum
2601 2660 2746 2732 quod
2779 2665 2855 2718 est
2892 2662 3080 2726 homo,
3117 2677 3222 2720 esse
3256 2663 3465 2720 indivi-

1992 2752 2156 2808 duum
2174 2793 2188 2817 ‚
2219 2753 2305 2809 vel
2330 2754 2698 2823 tamesim,
2730 2752 2782 2808 si
2809 2749 3173 2824 reduplicatio
3198 2756 3468 2811 rationem

1987 2843 2271 2912 tomalem
2299 2840 2479 2905 dicat,
2517 2855 2702 2898 verum
2730 2845 2808 2897 est
2833 2842 2897 2897 de
2921 2845 3196 2916 supposito
3223 2843 3288 2901 de
3321 2860 3458 2916 quo,

1992 2936 2046 2989 et
2071 2936 2134 2987 ut
2161 2931 2505 2987 individuum
2533 2930 2673 2986 dicit
2700 2930 2997 2987 indivisum
3023 2935 3085 2988 in
3111 2947 3198 3001 ⁸⁶3
3230 2949 3336 2991 non
3362 2950 3465 2990 au-

1996 3029 2100 3079 tem
2127 3027 2189 3078 ut
2216 3021 2352 3077 dicit
2390 3020 2628 3077 divisum
2657 3021 2728 3076 ab
2768 3022 2902 3077 aliis
2926 3062 2942 3089 ,
2990 3026 3043 3079 et
3075 3024 3368 3082 subsistens
3406 3027 3468 3081 in

1988 3128 2072 3178 se,
2103 3118 2156 3168 et
2181 3111 2246 3170 de
2268 3113 2545 3185 supposito
2572 3114 2632 3168 in
2660 3127 2782 3183 quo.

2004 3268 2190 3352 Resp.
2236 3269 2316 3334 ad
2343 3288 2483 3352 arg.
2518 3269 2863 3335 Dicendum
2892 3269 3063 3352 quod
3102 3270 3466 3354 accipiendo

1927 3379 2186 3462 proprie
2227 3380 2394 3442 hanc
2448 3378 2810 3453 dictionem,
2860 3378 3228 3456 secundum,
3276 3386 3469 3461 prout

1927 3486 2077 3550 dicit
2102 3486 2541 3551 habitudinem
2558 3505 2790 3566 causae,
2817 3487 3112 3568 quaedam
3136 3505 3220 3551 ex
3245 3485 3467 3570 hujus·

1921 3593 2095 3657 modi
2137 3593 2565 3658 locutionibus
2606 3593 2975 3675 simpliciter
3013 3598 3165 3657 sunt
3203 3594 3379 3658 falsae
3404 3600 3468 3660 et

1921 3700 2297 3782 impropriae
2326 3748 2348 3779 ‚
2400 3699 2696 3782 quaedam
2750 3704 2902 3763 sunt
2955 3699 3424 3782 distinguendae
3446 3750 3463 3778 ‚

1922 3827 2038 3891 pro
2067 3827 2144 3874 eo
2171 3808 2344 3892 quod
2382 3807 2618 3871 habent
2662 3806 2903 3888 aliquid
2937 3808 3342 3890 proprietatis
3361 3855 3379 3888 ,
3407 3813 3470 3873 et

1921 3916 2162 4000 aliquid
2213 3914 2726 3999 improprietatis,
2779 3913 2931 3977 Haec
2970 3913 3141 3977 enim
3169 3917 3264 3978 est
3289 3914 3464 3994 falsa,

1922 4029 1984 4091 et
2003 4022 2353 4108 impropria
2384 4044 2445 4087 :a
2471 4021 2776 4102 ChristuS‚
2800 4021 3153 4086 secundum
3172 4022 3468 4105 quodho-

1923 4152 2053 4211 mo,
2084 4138 2179 4198 est
2204 4149 2512 4216 persona;
2543 4133 2647 4196 »et
2669 4130 2810 4194 haec
2831 4129 3120 4193 similiter
3155 4151 3217 4193 :a
3247 4129 3458 4192 Chris·

1920 4246 2045 4322 tus,
2077 4240 2436 4306 secundum
2457 4240 2629 4322 quod
2644 4238 2837 4302 homo
2860 4285 2878 4316 ,
2908 4242 3003 4301 est
3031 4236 3457 4320 hypostasis.»

1922 4348 2045 4416 Sed
2086 4349 2295 4432 prima
2335 4350 2430 4410 est
2470 4345 2628 4409 falsa
2668 4362 2752 4409 ex
2782 4342 3019 4427 duplici
3045 4362 3236 4408 causa
3271 4366 3286 4407 ε
3323 4347 3464 4408 tum

1921 4457 2075 4540 quia
2115 4473 2387 4539 persona
2429 4453 2730 4536 importat
2768 4451 3212 4534 proprietatem
3240 4450 3466 4532 digni·-

1921 4564 2102 4644 tatis;
2153 4568 2294 4626 tum
2332 4561 2525 4625 etiam
2564 4559 2719 4641 quia
2755 4559 3057 4640 importat
3084 4557 3466 4621 fundamen-

1921 4676 2063 4736 tum
2125 4669 2320 4734 totius
2362 4665 2715 4731 existentiae
2759 4663 3089 4728 naturalis,
3148 4663 3463 4728 Neutrum

1921 4781 2139 4843 autem
2180 4775 2416 4840 horum
2454 4775 2618 4836 inoet
2656 4771 2904 4835 Christo
2944 4769 3188 4834 ratione
3215 4773 3463 4835 naturae

1920 4886 2267 4966 assumpta}
2293 4929 2311 4957 ,
2357 4880 2465 4944 sed
2516 4877 2916 4943 assumentis.
2968 4876 3258 4941 Secunda
3309 4895 3462 4940 vero

1921 5000 2015 5060 est
2043 4992 2199 5056 falsa
2225 4989 2420 5052 altera
2445 4986 2703 5050 illarum
2744 5002 3083 5048 causarum
3109 5000 3125 5046 z
3155 4984 3463 5067 quoniam

1922 5101 2039 5166 etsi
2064 5093 2425 5182 hypostasis
2452 5111 2582 5156 non
2608 5091 2782 5167 dicat·
2797 5089 3245 5173 proprietatem
3260 5090 3467 5155 excel·-

1922 5206 2158 5285 lentiae,
2175 5202 2325 5267 dicit
2333 5203 2548 5262 tamen
2565 5196 3053 5262 fundamentum
3072 5196 3423 5262 existentiae
3441 5216 3460 5261 ε

1922 5365 1983 5415 de
2010 5359 2216 5413 Orthod.
2246 5355 2390 5415 Fide,
2429 5355 2521 5408 lib.
2553 5355 2650 5418 ln,
2679 5368 2728 5405 c.
2770 5364 2850 5416 ιιι,
2880 5363 2953 5416 iv,
2991 5364 3042 5406 v.
3079 5378 3142 5394 --
3166 5353 3190 5389 ⁸
3217 5353 3346 5405 Dist.
3374 5362 3462 5420 vt,

1925 5441 2021 5488 art.
2053 5442 2100 5497 ¹,
2129 5448 2182 5504 q.
2211 5444 2249 5484 ι.
