4185 6288
603 496 725 557 378

602 626 769 692 nihil
795 626 1067 710 petebat,
1101 624 1223 688 nisi
1264 623 1434 708 quod
1460 622 1694 689 sciebat
1719 622 1922 687 Deum
1947 618 2137 698 velle,

603 733 942 800 dicendum
992 731 1164 814 quod
1216 748 1445 795 verum
1494 734 1636 809 est3
1688 728 1799 793 sed
1857 726 2143 791 Christus

606 841 770 906 bene
811 839 1047 903 sciebat
1079 837 1252 919 quod
1293 836 1460 900 Deus
1509 836 1807 920 quaedam
1868 833 2142 908 volebat,

608 964 755 1030 quae
802 945 1038 1009 sciebat
1085 941 1405 1007 Christum
1446 943 1629 1025 nobis
1657 943 2147 1024 impetraturum

608 1071 724 1136 per
748 1071 935 1117 suam
956 1052 1305 1117 orationem
1341 1069 1358 1114 ε
1389 1055 1454 1114 et
1487 1050 1629 1116 ideo
1668 1050 1907 1114 orando
1946 1051 2010 1112 et
2034 1066 2146 1130 pe-

608 1160 801 1225 tendo
826 1159 998 1243 quod
1041 1158 1209 1222 Deus
1253 1157 1509 1221 volebat
1524 1206 1542 1236 ,
1574 1174 1705 1221 non
1731 1157 1966 1220 trustra
1995 1172 2150 1219 ora-

612 1267 747 1342 bat,
775 1268 930 1350 quia
955 1265 1081 1330 hoc
1101 1265 1311 1347 ipsum
1333 1263 1528 1346 quod,
1546 1263 1712 1327 Deus
1727 1262 2148 1344 disposuerat,

614 1373 801 1438 nobis
834 1392 954 1437 sua
992 1371 1276 1436 oratione
1317 1369 1717 1453 impetrabat.
1773 1367 1935 1432 Cum
1975 1367 2151 1432 enim

616 1480 783 1545 Deus
815 1478 1094 1562 disponit
1142 1476 1246 1541 vel
1289 1476 1433 1542 vult
1467 1474 1709 1557 aliquid
1749 1476 1979 1549 facere,
2018 1492 2153 1538 non

616 1586 889 1670 disponit
928 1586 998 1649 in
1038 1601 1298 1649 omnem
1347 1586 1654 1647 eventum
1677 1629 1695 1659 ,
1726 1581 1837 1645 sed
1863 1599 2151 1663 praesup-

616 1695 836 1778 positis
861 1692 1363 1775 congruentibus
1397 1691 1952 1757 antecedentibus:
1991 1691 2157 1755 sicut

617 1802 893 1885 disponit
941 1818 1060 1865 nos
1094 1801 1341 1864 salvare
1362 1847 1380 1877 ,
1413 1799 1468 1863 si
1491 1802 1707 1863 tamen
1744 1799 2016 1865 velimus
2043 1816 2156 1880 per

617 1909 789 1974 bona
834 1909 1064 1974 merita
1110 1908 1383 1972 salutem
1431 1907 1757 1989 aequitere
1809 1930 1826 1972 ε
1880 1908 1970 1971 sic
1995 1905 2156 1970 etin

620 2017 943 2100 proposito
972 2015 1460 2098 intelligendum
1491 2019 1605 2079 est.

1150 2236 1507 2318 QUAESTIO
1551 2237 1630 2304 11.

530 2455 535 2460 .
620 2399 714 2457 An
735 2398 976 2457 christus
992 2402 1055 2456 in
1078 2401 1225 2455 omni
1244 2401 1484 2455 oratione
1503 2414 1603 2456 sua
1620 2401 1792 2468 licerit
1808 2398 2096 2455 exauditas
2115 2400 2154 2454 ¹.

382 2575 588 2622 Fundana.

701 2557 928 2623 Utrum
954 2558 1239 2623 Christus
1263 2559 1330 2621 in
1358 2557 1535 2622 omni
1561 2557 1844 2623 oratione
1874 2575 1992 2621 sua
2019 2557 2161 2621 fue-

618 2665 703 2729 rit
727 2665 1099 2743 exauditus3
1131 2669 1194 2728 et
1216 2664 1386 2747 quod
1414 2665 1537 2743 sic,
1573 2664 1834 2730 videtur
1859 2682 1974 2747 per
2000 2662 2162 2729 illud

615 2773 786 2855 quod
813 2771 1046 2837 dicitur
1069 2780 1094 2814 ⁸
1115 2795 1129 2836 ε
1160 2773 1292 2855 qu
1310 2776 1523 2839 autem
1543 2771 1837 2850 sciebam,
1853 2773 2162 2853 quoniam

615 2895 861 2962 semper
904 2878 1100 2945 audis
1136 2895 1234 2944 me
1266 2878 1425 2944 :sed
1467 2877 1624 2942 illud
1654 2875 1882 2944 audire
1907 2895 2036 2941 non
2068 2882 2164 2941 est

616 2986 812 3066 aliud,
842 3003 1038 3068 quam
1068 2985 1384 3052 exaudire
1405 3005 1427 3047 .-
1455 3003 1636 3067 ergo,
1678 2989 1798 3050 etc.

696 3092 855 3158 Item
899 3109 1094 3176 super
1132 3091 1288 3157 illud
1347 3091 1578 3157 Psalmi
1623 3097 1645 3132 ⁸
1690 3114 1706 3157 z
1753 3092 2162 3161 Desiderium

617 3202 854 3268 animoe
888 3199 1028 3282 ejus
1077 3199 1369 3267 tribuisti
1405 3200 1489 3277 ei,
1520 3206 1580 3267 et
1605 3199 1930 3267 voluntate
1965 3200 2158 3267 labio·

616 3324 762 3375 rum
787 3306 929 3389 ejus
955 3324 1083 3375 non
1112 3306 1445 3390 fraudasti
1471 3322 1657 3387 eum;
1682 3306 1938 3371 Glossa:
1970 3330 2001 3368 a
2038 3309 2163 3374 Vo-

616 3415 867 3483 cantate
931 3413 1248 3481 labiorum
1292 3412 1431 3496 ejus
1457 3461 1475 3490 ,
1537 3412 1602 3478 id
1676 3418 1772 3478 est
1814 3414 2164 3480 verborum

617 3528 779 3610 ejus,
824 3526 949 3591 hoc
993 3529 1087 3592 est
1117 3545 1132 3587 ε
1169 3525 1289 3591 Per
1344 3525 1540 3590 verba
1563 3525 1808 3608 prolata
1833 3543 1963 3589 non
1987 3526 2162 3590 frau-

617 3632 776 3697 dasti
833 3650 1025 3697 eum:
1088 3631 1398 3717 quidquid
1452 3632 1626 3697 enim
1666 3632 1827 3697 dixit
1855 3680 1874 3711 ,
1924 3632 2165 3696 factum

618 3743 735 3817 est,
754 3760 786 3798 n
809 3741 928 3803 ete.

702 3844 883 3923 Item,
919 3843 1202 3909 Christus
1227 3844 1437 3926 magis
1466 3844 1705 3926 dignus
1725 3847 1821 3908 est
1844 3844 2160 3925 exaudiri,

620 3971 817 4037 quam
845 3951 1136 4018 membra
1154 3954 1298 4035 ejus
1316 3952 1596 4035 petentia
1613 3953 1683 4016 in
1700 3952 1962 4017 nomine
1983 3953 2160 4035 ejus:

624 4060 734 4125 sed
763 4060 994 4126 dicitur
1011 4060 1034 4096 ⁴
1051 4080 1073 4122 .·
1105 4060 1448 4143 Quidquid
1471 4060 1551 4143 (a)
1566 4060 1895 4143 petieritis
1914 4060 2169 4125 Patrem

625 4171 701 4237 in
749 4170 1005 4236 nomine
1054 4184 1189 4236 meo
1211 4216 1229 4246 ‚
1285 4168 1471 4235 dabit
1509 4169 1707 4236 vobis.
1759 4168 1930 4248 Ergo
1957 4167 2164 4232 multo

627 4276 856 4342 fortius
880 4276 1190 4360 quidquid
1216 4276 1350 4361 ipse
1371 4276 1572 4360 petiit,
1610 4276 1906 4341 obtinuit.

713 4382 871 4449 Item
890 4432 908 4462 ‚
936 4384 1233 4449 voluntas
1265 4383 1493 4449 Christi
1518 4383 1646 4448 fuit
1669 4382 1903 4449 divinae
1939 4383 2172 4448 volun-

629 4489 745 4555 tati
779 4490 1118 4555 conformis
1150 4512 1166 4556 :
1200 4509 1359 4572 ergo
1401 4491 1563 4555 nihil
1609 4489 1789 4573 petiit
1830 4493 1893 4553 et
1918 4488 2168 4554 deside-

628 4592 819 4672 ravit,
844 4592 968 4657 nisi
995 4593 1166 4675 quod
1194 4593 1361 4658 Deus
1387 4593 1625 4658 voluit:
1651 4590 1761 4657 sed
1788 4609 1979 4655 omne
1997 4593 2172 4674 quod

629 4699 795 4764 Deus
825 4698 1031 4765 voluit
1057 4747 1076 4778 ,
1116 4700 1262 4765 fecit
1284 4704 1349 4764 et
1372 4699 1562 4765 tacit:
1595 4717 1754 4782 ergo
1779 4717 1971 4766 omne
1996 4700 2171 4783 quod

628 4803 913 4872 Christus
943 4806 1148 4889 petiit,
1180 4806 1567 4889 impetravit.

707 4912 866 4979 Item
889 4913 1060 4997 quod
1077 4913 1361 4978 Christus
1376 4912 1577 4997 petiit,
1605 4915 1730 4998 pie,
1759 4931 2169 4998 perseveran-

625 5022 723 5085 ter
749 5025 814 5085 et
838 5020 919 5086 ad
944 5020 1214 5087 salutem
1240 5021 1442 5104 petiit,
1471 5038 1590 5087 nec
1613 5021 1842 5087 habuit
1868 5021 1937 5085 in
1953 5020 2171 5103 aliquo

626 5142 988 5192 remorsum
1028 5127 1428 5193 conscientiae
1455 5149 1473 5191 ε
1503 5128 1614 5192 sed
1652 5128 2047 5211 quicumque
2072 5125 2165 5192 sic

691 5242 710 5279 ¹
735 5241 878 5294 Alex.
905 5242 1121 5306 Alensis,
1149 5258 1198 5308 p.
1236 5245 1323 5303 111,
1354 5258 1408 5309 q.
1434 5256 1540 5307 xv1,
1560 5246 1753 5296 memb.
1779 5249 1836 5308 2;
1855 5246 1908 5296 S.
1929 5244 2174 5309 Thomas,

626 5311 781 5376 p.1n‚
803 5327 854 5377 q.
876 5318 1098 5375 ξηαπ.
1126 5316 1169 5376 4;
1198 5319 1251 5365 et
1274 5316 1336 5364 ΙΙΙ
1363 5316 1499 5365 Seut.
1526 5316 1642 5366 dist.
1664 5328 1792 5378 xvu,
1816 5329 1866 5381 q.
1899 5318 2092 5377 11n,art.
2123 5318 2152 5365 3

628 5387 679 5434 et
711 5385 886 5448 opusc.
914 5386 1000 5449 m,
1031 5401 1078 5437 c.
1108 5398 1242 5447 6ης
1270 5386 1567 5451 Richardus,
1596 5388 1662 5438 III
1694 5387 1855 5445 Sena,
1877 5386 1995 5437 dist.
2024 5398 2133 5436 xvu

690 5467 761 5526 (a)
791 5465 935 5529 ναῖς.
965 5468 1344 5531 quodcumque.

1715 482 2335 552 SENTENTIARUM
2376 484 2524 549 LIB.
2565 482 2670 548 111.

2252 621 2430 704 petit,
2461 621 2757 703 impetrat
2782 617 2955 700 quod
2982 617 3181 700 petit:
3210 635 3370 701 ergo
3396 637 3590 686 omne
3617 624 3789 706 quod

2253 726 2535 792 Christus
2565 726 2766 810 petiit,
2791 723 3088 790 obtinuit.

2332 833 2454 899 Sed
2482 837 2700 898 contra
2731 838 2801 897 :1
2816 879 2832 896 .
2865 830 2939 895 In
2969 830 3218 896 Psalmo
3232 831 3462 897 dicitur
3476 832 3555 897 de
3578 832 3788 898 Chris·
3826 857 3899 902 u
3931 870 4064 913 opp.

2252 941 2605 1024 to⁸2Deus
2653 955 2847 1013 metes.
2897 938 3532 1021 clamabam-diem,
3575 947 3794 1008 elnon

2253 1046 2593 1113 exaudies.
2619 1045 2790 1127 Ergo
2828 1064 2960 1110 non
3000 1045 3327 1110 exaudivit
3347 1046 3557 1130 ipsum
3597 1048 3668 1112 in
3689 1067 3791 1127 eo,

2254 1154 2425 1236 quod
2449 1153 2744 1217 clamavit
2778 1176 2792 1217 ε
2829 1171 2961 1216 non
2999 1169 3157 1234 ergo
3205 1152 3538 1219 exaudivit
3582 1155 3796 1238 ipsum

2256 1261 2326 1324 in
2345 1261 2522 1325 omni
2556 1278 2633 1324 eo
2660 1261 2834 1343 quod
2858 1261 3059 1343 petiit.
3829 1291 3838 1300 ·

2337 1372 2400 1431 2.
2423 1368 2578 1432 Item
2609 1367 2680 1430 in
2718 1361 2927 1431 littera
2960 1366 3191 1430 dicitur
3235 1388 3251 1430 ε
3294 1389 3326 1427 ι
3356 1365 3643 1433 Christus
3667 1369 3797 1433 cla-

2258 1494 2444 1540 mans
2466 1493 2599 1539 non
2615 1473 2961 1538 exauditur
2980 1473 3059 1537 ad
3079 1472 3348 1538 salutem
3366 1475 3757 1557 corporalem
3777 1499 3794 1541 z

2259 1584 2505 1648 bonum
2532 1581 2791 1665 quidem
2820 1579 3023 1662 petiit,
3054 1580 3287 1644 scilieet
3326 1586 3400 1645 ut
3432 1599 3564 1646 non
3586 1601 3798 1649 more·

2260 1696 2438 1755 retur
2468 1690 2616 1754 :sed
2643 1689 2871 1754 melius
2903 1692 3040 1752 erat
3064 1691 3139 1754 ut
3160 1692 3537 1755 moreretur.
3565 1714 3597 1750 n
3627 1681 3801 1774 Ergo

2263 1796 2551 1862 Christus
2575 1813 2707 1859 non
2749 1796 2872 1860 fuit
2921 1795 2992 1859 in
3015 1795 3194 1859 omni
3232 1813 3332 1876 eo,
3379 1797 3551 1879 quod
3595 1797 3798 1881 petiit,

2261 1903 2624 1968 exauditus..

2345 2015 2403 2074 3.
2450 2008 2607 2073 Item
2637 2007 2919 2073 Christus
2969 2007 3147 2091 petiit
3192 2011 3258 2072 et
3308 2007 3515 2072 oravit
3540 2011 3613 2074 ut
3638 2007 3806 2074 calix

2263 2116 2563 2182 transiret
2588 2116 2670 2180 ab
2695 2134 2771 2180 eo
2819 2138 2835 2179 ε
2876 2116 2986 2180 sed
3016 2115 3182 2179 calix
3222 2135 3356 2180 non
3408 2117 3698 2182 transivit
3721 2120 3806 2183 ab

2264 2242 2342 2289 eo
2373 2246 2389 2288 :
2424 2241 2581 2304 ergo
2625 2240 2758 2287 non
2800 2221 2869 2285 in
2913 2222 3091 2286 omni
3125 2240 3202 2287 eo
3244 2224 3415 2306 quod
3443 2225 3643 2306 petiit,
3685 2225 3809 2289 fuit

2264 2330 2627 2395 exauditus

2344 2442 2406 2501 4.
2451 2435 2610 2500 Item
2638 2434 2923 2500 Christus
2946 2435 3155 2499 oravit
3178 2453 3295 2518 pro
3312 2436 3446 2500 suis
3472 2438 3808 2502 crucifixo-

2265 2545 2490 2609 ribus:
2537 2562 2655 2608 nec
2693 2547 2908 2607 tamen
2960 2561 3184 2607 omnes
3230 2544 3450 2608 salvati
3494 2545 3802 2610 fuerunt:

2266 2671 2427 2735 ergo
2453 2670 2585 2717 non
2613 2653 2734 2716 fuit
2754 2652 3087 2717 exauditus
3111 2652 3181 2715 in
3204 2652 3525 2716 omnibus.

2347 2765 2409 2824 5.
2432 2759 2615 2837 Item,
2646 2758 2931 2822 Christus
2958 2758 3165 2822 oravit
3217 2777 3334 2842 pro
3357 2759 3699 2842 discipulis,
3734 2765 3809 2825 ut

2267 2869 2676 2933 servarentur
2726 2884 2766 2929 a
2808 2865 3000 2944 malo,
3031 2866 3386 2930 seeundum
3438 2868 3609 2949 quod
3656 2867 3814 2931 dici·

2268 2979 2376 3038 tur
2401 2982 2424 3016 ⁶
2457 2995 2472 3037 :
2517 2974 2659 3041 Non
2687 2980 2940 3042 tantum
2957 2990 3077 3056 pro
3096 2976 3191 3040 eie
3217 2991 3398 3057 rofio:
3427 2975 3539 3043 sed
3553 2992 3671 3059 pro
3692 2980 3808 3056 eis,

2268 3083 2386 3165 qui
2411 3080 2726 3149 credituri
2763 3087 2935 3161 sunt,
2968 3086 3088 3147 etc.
3121 3081 3244 3147 Sed
3271 3101 3400 3147 non
3423 3101 3646 3149 omnes
3670 3084 3812 3148 fue-

2269 3194 2421 3253 nmt
2446 3190 2682 3255 servati
2724 3209 2765 3253 a
2799 3190 2968 3253 malo
2999 3213 3014 3254 :
3064 3208 3223 3271 ergo
3251 3210 3382 3256 non
3419 3192 3489 3255 in
3515 3192 3819 3256 omnibus

2270 3313 2418 3380 quae
2444 3296 2644 3379 petiit,
2673 3295 3018 3361 exauditus
3047 3297 3189 3361 fuit.

2830 3531 3257 3597 CONCLUSIO.

2279 3690 2518 3749 Christus
2536 3690 2741 3748 orando
2757 3696 2821 3747 ut
2836 3690 3203 3758 exaudiretur,
3223 3696 3275 3748 et
3293 3695 3535 3752 oratione
3546 3695 3820 3768 absoluta,

2714 3800 2920 3857 semper
2944 3788 3059 3854 tait
3085 3785 3387 3843 exauditus.

2355 3946 2540 4027 Resp.
2565 3943 2912 4009 Dicendum
2938 3944 3131 4027 quod,
3164 3963 3314 4009 eum
3341 3946 3544 4011 oratio
3587 3947 3670 4011 sit
3711 3967 3821 4030 pe-

2276 4052 2415 4117 titio
2439 4051 2783 4135 procedens
2806 4069 2888 4115 ex
2908 4050 3238 4116 voluntate
3261 4057 3326 4117 et
3351 4053 3682 4134 desideri0‚
3706 4074 3814 4120 se·

2278 4158 2565 4224 cundum
2638 4157 2807 4240 quod
2872 4157 3169 4221 voluntas
3237 4158 3522 4225 humana
3585 4161 3705 4226 fnit
3746 4162 3822 4227 in

2279 4268 2526 4334 Christo
2551 4264 2902 4330 secundum
2925 4265 3233 4348 triplicem
3259 4267 3705 4348 differentiam,
3726 4269 3824 4334 sic

2278 4380 2342 4441 et
2366 4375 2587 4440 oratio.
2647 4371 2809 4437 Nam
2851 4373 3149 4455 quaedam
3199 4375 3400 4440 oratio
3455 4376 3575 4441 fuit
3602 4377 3824 4459 expri-

2279 4501 2464 4547 mens
2513 4481 2648 4545 sive
2685 4479 3027 4562 procedens
3067 4500 3108 4545 a
3156 4481 3483 4547 voluntate
3528 4483 3818 4562 rationis,

2280 4588 2577 4671 quaedam
2596 4606 2636 4651 a
2668 4586 2996 4652 voluntate
3023 4585 3304 4668 pietatiS,
3326 4587 3622 4670 quaedam
3645 4607 3685 4652 a
3709 4607 3824 4653 vo-

2279 4695 2525 4761 luntate
2564 4696 2794 4758 carnis.
2824 4692 3034 4759 Oratio
3061 4694 3406 4776 procedens
3428 4712 3469 4759 a
3489 4695 3823 4760 voluntate

2280 4803 2547 4870 rationis
2571 4800 2995 4885 procedebata
3019 4801 3369 4877 voluntate,
3390 4818 3538 4884 quae
3561 4801 3827 4885 quidem

2280 4910 2645 4995 requirebat
2671 4908 2961 4975 exaudiri
2994 4925 3011 4972 ε
3037 4914 3100 4973 et
3122 4908 3266 4974 talis
3297 4908 3498 4973 oratio
3525 4907 3595 4972 in
3620 4909 3827 4974 omni-

2281 5018 2406 5086 bus
2433 5020 2529 5083 est
2551 5015 2848 5085 exaudita
2880 5036 2895 5079 :
2922 5018 3064 5079 tum
3091 5019 3347 5099 propter
3359 5015 3483 5080 hoc
3507 5015 3683 5098 quod
3702 5015 3829 5083 ista

2282 5126 2579 5192 voluntas
2601 5124 2737 5187 erat
2763 5138 2879 5205 per
2902 5122 3123 5187 omnia
3148 5120 3489 5186 conformis
3507 5121 3828 5189 voluntati

2286 5254 2379 5303 art.
2409 5253 2458 5312 2,
2486 5261 2535 5312 q.
2568 5258 2649 5309 ιη
2682 5246 2926 5310 Stephan.
2972 5245 3184 5309 Brulet„
3223 5246 3290 5297 III
3326 5246 3488 5309 Sena,
3522 5246 3638 5298 dist.
3673 5258 3786 5299 xv11
3806 5285 3824 5311 ,

2286 5333 2418 5388 q.v;
2446 5318 2578 5371 Guil.
2596 5317 2780 5381 Voril.,
2808 5318 2875 5368 ΙΙΙ
2899 5318 3058 5381 Seni„
3080 5316 3197 5369 dist.
3230 5328 3361 5381 xvn,
3391 5332 3445 5382 q.
3468 5328 3503 5368 1.
3532 5319 3628 5356 -ἱ
3655 5318 3824 5381 1οαη.,

2287 5410 2362 5461 11,
2387 5400 2464 5447 42.
2489 5394 2584 5431 —⁸
2610 5391 2747 5444 psal.
2778 5404 2868 5454 xx,
2894 5395 2942 5443 3.
2959 5391 3055 5429 —⁸
3080 5392 3243 5453 loon„
3265 5403 3375 5451 xiv,
3407 5393 3486 5444 13.
3503 5419 3566 5431 —
3587 5394 3610 5428 ⁸
3630 5394 3823 5445 Psalm.

2287 5480 2397 5532 ιιι,
2423 5468 2471 5518 3.
2489 5490 2551 5503 -
2577 5465 2600 5499 ⁸
2623 5464 2784 5524 lomi„
2811 5474 2943 5527 xvn,
2976 5465 3025 5512 9.
