<?xml version="1.0" encoding="UTF-8"?>
<!DOCTYPE html PUBLIC "-//W3C//DTD XHTML 1.0 Transitional//EN"
    "http://www.w3.org/TR/xhtml1/DTD/xhtml1-transitional.dtd">
<html xmlns="http://www.w3.org/1999/xhtml" xml:lang="en" lang="en">
 <head>
  <title>
</title>
<meta http-equiv="Content-Type" content="text/html;charset=utf-8" />
  <meta name='ocr-system' content='tesseract 3.04.00' />
  <meta name='ocr-capabilities' content='ocr_page ocr_carea ocr_par ocr_line ocrx_word'/>
</head>
<body>
  <div class='ocr_page' id='page_1' title='image "./srecardinalissb01cargoog_0114.png"; bbox 0 0 4185 6288; ppageno 0'>
   <div class='ocr_carea' id='block_1_1' title="bbox 731 458 2820 529">
    <p class='ocr_par' dir='ltr' id='par_1_1' title="bbox 731 458 2820 529">
     <span class='ocr_line' id='line_1_1' title="bbox 731 458 2820 529; baseline 0.002 -4"><span class='ocrx_word' id='word_1_1' title='bbox 731 462 810 525; x_wconf 74' lang='lat'><strong>92</strong></span> <span class='ocrx_word' id='word_1_2' title='bbox 1846 459 1991 526; x_wconf 84' lang='lat' dir='ltr'><strong>SEN</strong></span> <span class='ocrx_word' id='word_1_3' title='bbox 2001 458 2472 526; x_wconf 81' lang='lat' dir='ltr'>TENTIARUM</span> <span class='ocrx_word' id='word_1_4' title='bbox 2517 461 2665 528; x_wconf 85' lang='lat' dir='ltr'><strong>LIB.</strong></span> <span class='ocrx_word' id='word_1_5' title='bbox 2712 464 2820 529; x_wconf 86' lang='lat'><strong>111.</strong></span> 
     </span>
    </p>
   </div>
   <div class='ocr_carea' id='block_1_2' title="bbox 728 594 2279 769">
    <p class='ocr_par' dir='ltr' id='par_1_2' title="bbox 728 594 2279 769">
     <span class='ocr_line' id='line_1_2' title="bbox 728 594 2279 679; baseline 0 -20"><span class='ocrx_word' id='word_1_6' title='bbox 728 612 924 677; x_wconf 86' lang='lat' dir='ltr'><strong>quam</strong></span> <span class='ocrx_word' id='word_1_7' title='bbox 953 594 1269 659; x_wconf 89' lang='lat' dir='ltr'><strong>nativitas.</strong></span> <span class='ocrx_word' id='word_1_8' title='bbox 1307 594 1471 659; x_wconf 92' lang='lat' dir='ltr'><strong>Nam</strong></span> <span class='ocrx_word' id='word_1_9' title='bbox 1496 595 1720 661; x_wconf 81' lang='lat' dir='ltr'><strong>filiatio</strong></span> <span class='ocrx_word' id='word_1_10' title='bbox 1763 597 1915 661; x_wconf 90' lang='lat' dir='ltr'><strong>dicit</strong></span> <span class='ocrx_word' id='word_1_11' title='bbox 1953 595 2279 679; x_wconf 79' lang='lat' dir='ltr'>originem</span> 
     </span>
     <span class='ocr_line' id='line_1_3' title="bbox 731 703 1381 769; baseline 0.005 -4"><span class='ocrx_word' id='word_1_12' title='bbox 731 719 882 767; x_wconf 89' lang='lat' dir='ltr'><strong>cum</strong></span> <span class='ocrx_word' id='word_1_13' title='bbox 909 703 1381 769; x_wconf 76' lang='lat' dir='ltr'><strong>assimilatione.</strong></span> 
     </span>
    </p>
   </div>
   <div class='ocr_carea' id='block_1_3' title="bbox 1367 1008 1641 1054">
    <p class='ocr_par' dir='ltr' id='par_1_3' title="bbox 1367 1008 1641 1054">
     <span class='ocr_line' id='line_1_4' title="bbox 1367 1008 1641 1054; baseline 0.004 -1"><span class='ocrx_word' id='word_1_14' title='bbox 1367 1008 1506 1054; x_wconf 78' lang='lat' dir='ltr'><strong>mm.</strong></span> <span class='ocrx_word' id='word_1_15' title='bbox 1549 1008 1641 1054; x_wconf 89' lang='lat'><strong>111.</strong></span> 
     </span>
    </p>
   </div>
   <div class='ocr_carea' id='block_1_4' title="bbox 730 1149 2284 1297">
    <p class='ocr_par' dir='ltr' id='par_1_4' title="bbox 730 1149 2284 1297">
     <span class='ocr_line' id='line_1_5' title="bbox 730 1149 2284 1215; baseline 0 -14"><span class='ocrx_word' id='word_1_16' title='bbox 730 1150 979 1202; x_wconf 79' lang='lat' dir='ltr'><strong>Dicuntur</strong></span> <span class='ocrx_word' id='word_1_17' title='bbox 1018 1149 1173 1201; x_wconf 85' lang='lat' dir='ltr'><strong>etiam</strong></span> <span class='ocrx_word' id='word_1_18' title='bbox 1197 1150 1284 1201; x_wconf 85' lang='lat' dir='ltr'><strong>filii</strong></span> <span class='ocrx_word' id='word_1_19' title='bbox 1313 1151 1565 1215; x_wconf 81' lang='lat' dir='ltr'><strong>gehennae</strong></span> <span class='ocrx_word' id='word_1_20' title='bbox 1593 1166 1702 1202; x_wconf 91' lang='lat' dir='ltr'><strong>non</strong></span> <span class='ocrx_word' id='word_1_21' title='bbox 1737 1166 1798 1204; x_wconf 83' lang='lat' dir='ltr'><strong>ex</strong></span> <span class='ocrx_word' id='word_1_22' title='bbox 1826 1153 1911 1203; x_wconf 87' lang='lat' dir='ltr'><strong>illa</strong></span> <span class='ocrx_word' id='word_1_23' title='bbox 1937 1152 2070 1212; x_wconf 87' lang='lat' dir='ltr'><strong>nati,</strong></span> <span class='ocrx_word' id='word_1_24' title='bbox 2102 1153 2194 1202; x_wconf 86' lang='lat' dir='ltr'><strong>sed</strong></span> <span class='ocrx_word' id='word_1_25' title='bbox 2229 1151 2284 1201; x_wconf 91' lang='lat' dir='ltr'><strong>in</strong></span> 
     </span>
     <span class='ocr_line' id='line_1_6' title="bbox 1267 1231 1735 1297; baseline 0 -16"><span class='ocrx_word' id='word_1_26' title='bbox 1267 1231 1414 1282; x_wconf 88' lang='lat' dir='ltr'><strong>illam</strong></span> <span class='ocrx_word' id='word_1_27' title='bbox 1441 1232 1735 1297; x_wconf 83' lang='lat' dir='ltr'><strong>praeparati.</strong></span> 
     </span>
    </p>
   </div>
   <div class='ocr_carea' id='block_1_5' title="bbox 732 1382 2293 2965">
    <p class='ocr_par' dir='ltr' id='par_1_5' title="bbox 813 1382 2287 1468">
     <span class='ocr_line' id='line_1_7' title="bbox 813 1382 2287 1468; baseline 0.001 -22"><span class='ocrx_word' id='word_1_28' title='bbox 813 1382 1042 1447; x_wconf 78' lang='lat' dir='ltr'>Contra</span> <span class='ocrx_word' id='word_1_29' title='bbox 1075 1406 1090 1447; x_wconf 82' lang='lat' dir='ltr'><strong>t</strong></span> <span class='ocrx_word' id='word_1_30' title='bbox 1119 1383 1214 1449; x_wconf 85' lang='lat' dir='ltr'><strong>Ex</strong></span> <span class='ocrx_word' id='word_1_31' title='bbox 1247 1384 1370 1449; x_wconf 89' lang='lat' dir='ltr'><strong>hoc</strong></span> <span class='ocrx_word' id='word_1_32' title='bbox 1406 1386 1578 1468; x_wconf 91' lang='lat' dir='ltr'><strong>quod</strong></span> <span class='ocrx_word' id='word_1_33' title='bbox 1607 1385 1849 1468; x_wconf 91' lang='lat' dir='ltr'><strong>aliquid</strong></span> <span class='ocrx_word' id='word_1_34' title='bbox 1889 1388 2287 1467; x_wconf 69' lang='lat' dir='ltr'><strong>praeparatur</strong></span> 
     </span>
    </p>

    <p class='ocr_par' dir='ltr' id='par_1_6' title="bbox 732 1490 2293 2965">
     <span class='ocr_line' id='line_1_8' title="bbox 732 1490 2287 1573; baseline 0.001 -19"><span class='ocrx_word' id='word_1_35' title='bbox 732 1490 807 1554; x_wconf 90' lang='lat' dir='ltr'><strong>ad</strong></span> <span class='ocrx_word' id='word_1_36' title='bbox 856 1490 1095 1572; x_wconf 90' lang='lat' dir='ltr'><strong>aliquid</strong></span> <span class='ocrx_word' id='word_1_37' title='bbox 1143 1495 1285 1573; x_wconf 89' lang='lat' dir='ltr'><strong>post</strong></span> <span class='ocrx_word' id='word_1_38' title='bbox 1330 1510 1523 1555; x_wconf 90' lang='lat' dir='ltr'><strong>suum</strong></span> <span class='ocrx_word' id='word_1_39' title='bbox 1570 1511 1704 1555; x_wconf 91' lang='lat' dir='ltr'><strong>esse</strong></span> <span class='ocrx_word' id='word_1_40' title='bbox 1723 1539 1739 1570; x_wconf 93' lang='lat'>‚</span> <span class='ocrx_word' id='word_1_41' title='bbox 1780 1492 2034 1555; x_wconf 90' lang='lat' dir='ltr'><strong>videtur</strong></span> <span class='ocrx_word' id='word_1_42' title='bbox 2076 1491 2287 1573; x_wconf 90' lang='lat' dir='ltr'><strong>potius</strong></span> 
     </span>
     <span class='ocr_line' id='line_1_9' title="bbox 734 1598 2281 1681; baseline 0 -20"><span class='ocrx_word' id='word_1_43' title='bbox 734 1598 1045 1662; x_wconf 88' lang='lat' dir='ltr'><strong>rationem</strong></span> <span class='ocrx_word' id='word_1_44' title='bbox 1085 1599 1305 1681; x_wconf 87' lang='lat' dir='ltr'><strong>patris,</strong></span> <span class='ocrx_word' id='word_1_45' title='bbox 1361 1618 1559 1681; x_wconf 89' lang='lat' dir='ltr'><strong>quam</strong></span> <span class='ocrx_word' id='word_1_46' title='bbox 1599 1600 1714 1662; x_wconf 82' lang='lat' dir='ltr'><strong>filii</strong></span> <span class='ocrx_word' id='word_1_47' title='bbox 1758 1600 1825 1662; x_wconf 92' lang='lat' dir='ltr'><strong>in</strong></span> <span class='ocrx_word' id='word_1_48' title='bbox 1871 1618 1937 1663; x_wconf 92' lang='lat' dir='ltr'><strong>se</strong></span> <span class='ocrx_word' id='word_1_49' title='bbox 1980 1599 2215 1662; x_wconf 90' lang='lat' dir='ltr'><strong>habere</strong></span> <span class='ocrx_word' id='word_1_50' title='bbox 2267 1621 2281 1661; x_wconf 91' lang='lat'>:</span> 
     </span>
     <span class='ocr_line' id='line_1_10' title="bbox 732 1706 2284 1788; baseline 0.001 -21"><span class='ocrx_word' id='word_1_51' title='bbox 732 1723 890 1786; x_wconf 91' lang='lat' dir='ltr'><strong>ergo</strong></span> <span class='ocrx_word' id='word_1_52' title='bbox 941 1706 1193 1769; x_wconf 90' lang='lat' dir='ltr'><strong>videtur</strong></span> <span class='ocrx_word' id='word_1_53' title='bbox 1240 1707 1412 1788; x_wconf 90' lang='lat' dir='ltr'><strong>quod</strong></span> <span class='ocrx_word' id='word_1_54' title='bbox 1471 1707 1683 1788; x_wconf 88' lang='lat' dir='ltr'><strong>potius</strong></span> <span class='ocrx_word' id='word_1_55' title='bbox 1727 1707 2027 1772; x_wconf 89' lang='lat' dir='ltr'><strong>deberent</strong></span> <span class='ocrx_word' id='word_1_56' title='bbox 2067 1706 2284 1772; x_wconf 88' lang='lat' dir='ltr'><strong>vocari</strong></span> 
     </span>
     <span class='ocr_line' id='line_1_11' title="bbox 734 1814 1707 1896; baseline 0.003 -23"><span class='ocrx_word' id='word_1_57' title='bbox 734 1815 945 1894; x_wconf 89' lang='lat' dir='ltr'><strong>patres</strong></span> <span class='ocrx_word' id='word_1_58' title='bbox 974 1814 1314 1893; x_wconf 67' lang='lat' dir='ltr'><strong>gehennae,</strong></span> <span class='ocrx_word' id='word_1_59' title='bbox 1345 1833 1540 1896; x_wconf 90' lang='lat' dir='ltr'><strong>quam</strong></span> <span class='ocrx_word' id='word_1_60' title='bbox 1565 1814 1707 1876; x_wconf 90' lang='lat' dir='ltr'><strong>fllii.</strong></span> 
     </span>
     <span class='ocr_line' id='line_1_12' title="bbox 748 1917 2290 2002; baseline 0 -21"><span class='ocrx_word' id='word_1_61' title='bbox 748 1985 757 1996; x_wconf 64' lang='grc'><strong>,</strong></span> <span class='ocrx_word' id='word_1_62' title='bbox 816 1917 1001 2001; x_wconf 86' lang='lat' dir='ltr'><strong>Resp.</strong></span> <span class='ocrx_word' id='word_1_63' title='bbox 1073 1919 1418 1983; x_wconf 82' lang='lat' dir='ltr'><strong>Dicendum</strong></span> <span class='ocrx_word' id='word_1_64' title='bbox 1479 1921 1646 2002; x_wconf 90' lang='lat' dir='ltr'><strong>quod</strong></span> <span class='ocrx_word' id='word_1_65' title='bbox 1723 1919 2041 2001; x_wconf 82' lang='lat' dir='ltr'><strong>duplicem</strong></span> <span class='ocrx_word' id='word_1_66' title='bbox 2096 1918 2290 1981; x_wconf 89' lang='lat' dir='ltr'><strong>habet</strong></span> 
     </span>
     <span class='ocr_line' id='line_1_13' title="bbox 736 2023 2288 2108; baseline 0.001 -21"><span class='ocrx_word' id='word_1_67' title='bbox 736 2027 1184 2108; x_wconf 82' lang='lat' dir='ltr'><strong>proprietatem</strong></span> <span class='ocrx_word' id='word_1_68' title='bbox 1227 2026 1399 2089; x_wconf 84' lang='lat' dir='ltr'><strong>filius</strong></span> <span class='ocrx_word' id='word_1_69' title='bbox 1439 2030 1724 2107; x_wconf 84' lang='lat' dir='ltr'><strong>respectu</strong></span> <span class='ocrx_word' id='word_1_70' title='bbox 1757 2025 1976 2106; x_wconf 78' lang='lat' dir='ltr'><strong>patris,</strong></span> <span class='ocrx_word' id='word_1_71' title='bbox 2008 2023 2147 2088; x_wconf 87' lang='lat' dir='ltr'><strong>Una</strong></span> <span class='ocrx_word' id='word_1_72' title='bbox 2192 2028 2288 2088; x_wconf 89' lang='lat' dir='ltr'><strong>at-</strong></span> 
     </span>
     <span class='ocr_line' id='line_1_14' title="bbox 736 2132 2291 2217; baseline 0 -22"><span class='ocrx_word' id='word_1_73' title='bbox 736 2133 1017 2197; x_wconf 79' lang='lat' dir='ltr'><strong>tenditur</strong></span> <span class='ocrx_word' id='word_1_74' title='bbox 1034 2138 1349 2217; x_wconf 91' lang='lat' dir='ltr'><strong>quantum</strong></span> <span class='ocrx_word' id='word_1_75' title='bbox 1378 2134 1454 2196; x_wconf 90' lang='lat' dir='ltr'><strong>ad</strong></span> <span class='ocrx_word' id='word_1_76' title='bbox 1486 2134 1980 2207; x_wconf 84' lang='lat' dir='ltr'><strong>emanationem,</strong></span> <span class='ocrx_word' id='word_1_77' title='bbox 2003 2135 2068 2196; x_wconf 89' lang='lat' dir='ltr'><strong>et</strong></span> <span class='ocrx_word' id='word_1_78' title='bbox 2095 2132 2291 2195; x_wconf 87' lang='lat' dir='ltr'><strong>altera</strong></span> 
     </span>
     <span class='ocr_line' id='line_1_15' title="bbox 735 2238 2292 2325; baseline -0.003 -20"><span class='ocrx_word' id='word_1_79' title='bbox 735 2246 1053 2323; x_wconf 89' lang='lat' dir='ltr'><strong>quantum</strong></span> <span class='ocrx_word' id='word_1_80' title='bbox 1096 2242 1173 2305; x_wconf 85' lang='lat' dir='ltr'><strong>ad</strong></span> <span class='ocrx_word' id='word_1_81' title='bbox 1221 2241 1632 2325; x_wconf 85' lang='lat' dir='ltr'><strong>possessionis</strong></span> <span class='ocrx_word' id='word_1_82' title='bbox 1678 2238 2114 2304; x_wconf 71' lang='lat' dir='ltr'><strong>haereditatem</strong></span> <span class='ocrx_word' id='word_1_83' title='bbox 2166 2258 2181 2301; x_wconf 77' lang='lat' dir='ltr'>z</span> <span class='ocrx_word' id='word_1_84' title='bbox 2229 2243 2292 2301; x_wconf 92' lang='lat' dir='ltr'><strong>et</strong></span> 
     </span>
     <span class='ocr_line' id='line_1_16' title="bbox 737 2344 2293 2429; baseline -0.002 -17"><span class='ocrx_word' id='word_1_85' title='bbox 737 2349 947 2429; x_wconf 89' lang='lat' dir='ltr'><strong>prima</strong></span> <span class='ocrx_word' id='word_1_86' title='bbox 973 2349 1314 2424; x_wconf 86' lang='lat' dir='ltr'><strong>antecedit,</strong></span> <span class='ocrx_word' id='word_1_87' title='bbox 1348 2354 1411 2413; x_wconf 88' lang='lat' dir='ltr'><strong>et</strong></span> <span class='ocrx_word' id='word_1_88' title='bbox 1437 2347 1717 2412; x_wconf 87' lang='lat' dir='ltr'><strong>secunda</strong></span> <span class='ocrx_word' id='word_1_89' title='bbox 1743 2345 2178 2427; x_wconf 85' lang='lat' dir='ltr'><strong>subsequitur.</strong></span> <span class='ocrx_word' id='word_1_90' title='bbox 2212 2344 2293 2409; x_wconf 86' lang='lat' dir='ltr'><strong>Et</strong></span> 
     </span>
     <span class='ocr_line' id='line_1_17' title="bbox 737 2453 2289 2535; baseline -0.001 -17"><span class='ocrx_word' id='word_1_91' title='bbox 737 2454 850 2518; x_wconf 83' lang='lat' dir='ltr'><strong>filii</strong></span> <span class='ocrx_word' id='word_1_92' title='bbox 898 2454 1213 2535; x_wconf 83' lang='lat' dir='ltr'><strong>gehennae</strong></span> <span class='ocrx_word' id='word_1_93' title='bbox 1252 2456 1558 2520; x_wconf 83' lang='lat' dir='ltr'><strong>dicuntur</strong></span> <span class='ocrx_word' id='word_1_94' title='bbox 1597 2473 1730 2518; x_wconf 93' lang='lat' dir='ltr'><strong>non</strong></span> <span class='ocrx_word' id='word_1_95' title='bbox 1774 2454 2018 2518; x_wconf 91' lang='lat' dir='ltr'><strong>ratione</strong></span> <span class='ocrx_word' id='word_1_96' title='bbox 2059 2453 2289 2535; x_wconf 83' lang='lat' dir='ltr'><strong>primae</strong></span> 
     </span>
     <span class='ocr_line' id='line_1_18' title="bbox 739 2559 2288 2644; baseline -0.002 -20"><span class='ocrx_word' id='word_1_97' title='bbox 739 2563 1139 2644; x_wconf 87' lang='lat' dir='ltr'><strong>proprietatis</strong></span> <span class='ocrx_word' id='word_1_98' title='bbox 1159 2611 1175 2642; x_wconf 89' lang='lat'><strong>,</strong></span> <span class='ocrx_word' id='word_1_99' title='bbox 1206 2563 1315 2625; x_wconf 89' lang='lat' dir='ltr'><strong>sed</strong></span> <span class='ocrx_word' id='word_1_100' title='bbox 1347 2563 1591 2626; x_wconf 90' lang='lat' dir='ltr'><strong>ratione</strong></span> <span class='ocrx_word' id='word_1_101' title='bbox 1618 2560 1916 2624; x_wconf 82' lang='lat' dir='ltr'><strong>secuudae</strong></span> <span class='ocrx_word' id='word_1_102' title='bbox 1938 2608 1954 2635; x_wconf 93' lang='lat'><strong>,</strong></span> <span class='ocrx_word' id='word_1_103' title='bbox 1981 2559 2058 2622; x_wconf 89' lang='lat' dir='ltr'><strong>ad</strong></span> <span class='ocrx_word' id='word_1_104' title='bbox 2087 2577 2288 2641; x_wconf 90' lang='lat' dir='ltr'><strong>quam</strong></span> 
     </span>
     <span class='ocr_line' id='line_1_19' title="bbox 737 2665 2290 2750; baseline -0.003 -18"><span class='ocrx_word' id='word_1_105' title='bbox 737 2672 1180 2750; x_wconf 83' lang='lat' dir='ltr'><strong>praeparantur</strong></span> <span class='ocrx_word' id='word_1_106' title='bbox 1219 2686 1333 2750; x_wconf 89' lang='lat' dir='ltr'><strong>per</strong></span> <span class='ocrx_word' id='word_1_107' title='bbox 1361 2668 1643 2750; x_wconf 85' lang='lat' dir='ltr'><strong>aliquam</strong></span> <span class='ocrx_word' id='word_1_108' title='bbox 1671 2666 2194 2730; x_wconf 86' lang='lat' dir='ltr'><strong>assimilationem</strong></span> <span class='ocrx_word' id='word_1_109' title='bbox 2221 2665 2290 2728; x_wconf 90' lang='lat' dir='ltr'><strong>in</strong></span> 
     </span>
     <span class='ocr_line' id='line_1_20' title="bbox 738 2772 2287 2856; baseline -0.002 -18"><span class='ocrx_word' id='word_1_110' title='bbox 738 2774 1054 2856; x_wconf 89' lang='lat' dir='ltr'><strong>perversis</strong></span> <span class='ocrx_word' id='word_1_111' title='bbox 1086 2774 1354 2849; x_wconf 78' lang='lat' dir='ltr'><strong>actibuS,</strong></span> <span class='ocrx_word' id='word_1_112' title='bbox 1401 2774 1468 2837; x_wconf 91' lang='lat' dir='ltr'><strong>in</strong></span> <span class='ocrx_word' id='word_1_113' title='bbox 1508 2773 1744 2856; x_wconf 90' lang='lat' dir='ltr'><strong>quibus</strong></span> <span class='ocrx_word' id='word_1_114' title='bbox 1781 2772 2117 2836; x_wconf 81' lang='lat' dir='ltr'><strong>imitantur</strong></span> <span class='ocrx_word' id='word_1_115' title='bbox 2151 2772 2287 2836; x_wconf 90' lang='lat' dir='ltr'><strong>dia-</strong></span> 
     </span>
     <span class='ocr_line' id='line_1_21' title="bbox 738 2880 2002 2965; baseline -0.002 -19"><span class='ocrx_word' id='word_1_116' title='bbox 738 2883 982 2963; x_wconf 89' lang='lat' dir='ltr'><strong>bolum,</strong></span> <span class='ocrx_word' id='word_1_117' title='bbox 1013 2886 1199 2965; x_wconf 89' lang='lat' dir='ltr'><strong>cujus</strong></span> <span class='ocrx_word' id='word_1_118' title='bbox 1225 2882 1532 2947; x_wconf 82' lang='lat' dir='ltr'><strong>habitatio</strong></span> <span class='ocrx_word' id='word_1_119' title='bbox 1559 2887 1652 2945; x_wconf 88' lang='lat' dir='ltr'><strong>est</strong></span> <span class='ocrx_word' id='word_1_120' title='bbox 1681 2880 2002 2962; x_wconf 83' lang='lat' dir='ltr'><strong>gehenna.</strong></span> 
     </span>
    </p>
   </div>
   <div class='ocr_carea' id='block_1_6' title="bbox 1379 3119 1651 3166">
    <p class='ocr_par' dir='ltr' id='par_1_7' title="bbox 1379 3119 1651 3166">
     <span class='ocr_line' id='line_1_22' title="bbox 1379 3119 1651 3166; baseline 0.004 -2"><span class='ocrx_word' id='word_1_121' title='bbox 1379 3119 1515 3166; x_wconf 88' lang='lat' dir='ltr'><strong>DUB.</strong></span> <span class='ocrx_word' id='word_1_122' title='bbox 1560 3119 1651 3165; x_wconf 79' lang='lat' dir='ltr'><strong>tv.</strong></span> 
     </span>
    </p>
   </div>
   <div class='ocr_carea' id='block_1_7' title="bbox 1017 3254 2017 3320">
    <p class='ocr_par' dir='ltr' id='par_1_8' title="bbox 1017 3254 2017 3320">
     <span class='ocr_line' id='line_1_23' title="bbox 1017 3254 2017 3320; baseline 0.001 -16"><span class='ocrx_word' id='word_1_123' title='bbox 1017 3254 1202 3305; x_wconf 83' lang='lat' dir='ltr'><strong>Divina</strong></span> <span class='ocrx_word' id='word_1_124' title='bbox 1225 3255 1389 3320; x_wconf 85' lang='lat' dir='ltr'><strong>gratia</strong></span> <span class='ocrx_word' id='word_1_125' title='bbox 1417 3254 1752 3319; x_wconf 83' lang='lat' dir='ltr'><strong>corporaliter</strong></span> <span class='ocrx_word' id='word_1_126' title='bbox 1775 3257 2017 3320; x_wconf 85' lang='lat' dir='ltr'><strong>repletus.</strong></span> 
     </span>
    </p>
   </div>
   <div class='ocr_carea' id='block_1_8' title="bbox 697 3405 2302 5519">
    <p class='ocr_par' dir='ltr' id='par_1_9' title="bbox 742 3405 2293 3705">
     <span class='ocr_line' id='line_1_24' title="bbox 826 3405 2290 3489; baseline -0.002 -17"><span class='ocrx_word' id='word_1_127' title='bbox 826 3407 1054 3472; x_wconf 88' lang='lat' dir='ltr'><strong>Contra</strong></span> <span class='ocrx_word' id='word_1_128' title='bbox 1086 3428 1101 3470; x_wconf 91' lang='lat'><strong>:</strong></span> <span class='ocrx_word' id='word_1_129' title='bbox 1138 3405 1206 3471; x_wconf 91' lang='lat' dir='ltr'><strong>Si</strong></span> <span class='ocrx_word' id='word_1_130' title='bbox 1244 3408 1416 3471; x_wconf 90' lang='lat' dir='ltr'><strong>enim</strong></span> <span class='ocrx_word' id='word_1_131' title='bbox 1455 3407 1668 3489; x_wconf 88' lang='lat' dir='ltr'><strong>gratia</strong></span> <span class='ocrx_word' id='word_1_132' title='bbox 1712 3425 1841 3470; x_wconf 92' lang='lat' dir='ltr'><strong>non</strong></span> <span class='ocrx_word' id='word_1_133' title='bbox 1884 3406 2004 3469; x_wconf 83' lang='lat' dir='ltr'><strong>fuit</strong></span> <span class='ocrx_word' id='word_1_134' title='bbox 2033 3408 2100 3469; x_wconf 91' lang='lat' dir='ltr'><strong>in</strong></span> <span class='ocrx_word' id='word_1_135' title='bbox 2145 3425 2290 3470; x_wconf 88' lang='lat' dir='ltr'><strong>cor-</strong></span> 
     </span>
     <span class='ocr_line' id='line_1_25' title="bbox 746 3514 2293 3599; baseline -0.001 -20"><span class='ocrx_word' id='word_1_136' title='bbox 746 3533 928 3599; x_wconf 86' lang='lat' dir='ltr'><strong>pore,</strong></span> <span class='ocrx_word' id='word_1_137' title='bbox 959 3515 1066 3578; x_wconf 86' lang='lat' dir='ltr'><strong>sed</strong></span> <span class='ocrx_word' id='word_1_138' title='bbox 1105 3515 1371 3596; x_wconf 87' lang='lat' dir='ltr'><strong>spiritu,</strong></span> <span class='ocrx_word' id='word_1_139' title='bbox 1412 3533 1542 3578; x_wconf 88' lang='lat' dir='ltr'><strong>non</strong></span> <span class='ocrx_word' id='word_1_140' title='bbox 1589 3514 1843 3578; x_wconf 86' lang='lat' dir='ltr'><strong>videtur</strong></span> <span class='ocrx_word' id='word_1_141' title='bbox 1885 3515 2057 3596; x_wconf 90' lang='lat' dir='ltr'><strong>quod</strong></span> <span class='ocrx_word' id='word_1_142' title='bbox 2102 3515 2293 3578; x_wconf 84' lang='lat' dir='ltr'><strong>fuerit</strong></span> 
     </span>
     <span class='ocr_line' id='line_1_26' title="bbox 742 3621 2082 3705; baseline -0.001 -19"><span class='ocrx_word' id='word_1_143' title='bbox 742 3624 1021 3705; x_wconf 88' lang='lat' dir='ltr'><strong>repletus</strong></span> <span class='ocrx_word' id='word_1_144' title='bbox 1048 3622 1481 3705; x_wconf 85' lang='lat' dir='ltr'><strong>corporaliter,</strong></span> <span class='ocrx_word' id='word_1_145' title='bbox 1514 3623 1621 3686; x_wconf 88' lang='lat' dir='ltr'><strong>sed</strong></span> <span class='ocrx_word' id='word_1_146' title='bbox 1649 3621 2082 3704; x_wconf 84' lang='lat' dir='ltr'><strong>spiritualiter.</strong></span> 
     </span>
    </p>

    <p class='ocr_par' dir='ltr' id='par_1_10' title="bbox 697 3728 2302 5411">
     <span class='ocr_line' id='line_1_27' title="bbox 827 3728 2292 3812; baseline -0.002 -18"><span class='ocrx_word' id='word_1_147' title='bbox 827 3730 1008 3812; x_wconf 90' lang='lat' dir='ltr'><strong>Resp.</strong></span> <span class='ocrx_word' id='word_1_148' title='bbox 1042 3728 1390 3793; x_wconf 86' lang='lat' dir='ltr'><strong>Dicendum</strong></span> <span class='ocrx_word' id='word_1_149' title='bbox 1436 3729 1610 3812; x_wconf 89' lang='lat' dir='ltr'><strong>quod</strong></span> <span class='ocrx_word' id='word_1_150' title='bbox 1653 3728 1776 3791; x_wconf 90' lang='lat' dir='ltr'><strong>hoc</strong></span> <span class='ocrx_word' id='word_1_151' title='bbox 1815 3729 2121 3807; x_wconf 86' lang='lat' dir='ltr'><strong>verbum,</strong></span> <span class='ocrx_word' id='word_1_152' title='bbox 2163 3746 2292 3810; x_wconf 91' lang='lat' dir='ltr'><strong>quo</strong></span> 
     </span>
     <span class='ocr_line' id='line_1_28' title="bbox 747 3835 2288 3917; baseline -0.003 -14"><span class='ocrx_word' id='word_1_153' title='bbox 747 3837 1032 3903; x_wconf 87' lang='lat' dir='ltr'><strong>Christus</strong></span> <span class='ocrx_word' id='word_1_154' title='bbox 1063 3837 1291 3900; x_wconf 90' lang='lat' dir='ltr'><strong>dicitur</strong></span> <span class='ocrx_word' id='word_1_155' title='bbox 1311 3836 1596 3917; x_wconf 88' lang='lat' dir='ltr'><strong>repletus</strong></span> <span class='ocrx_word' id='word_1_156' title='bbox 1619 3835 2029 3917; x_wconf 88' lang='lat' dir='ltr'><strong>corporaliter</strong></span> <span class='ocrx_word' id='word_1_157' title='bbox 2056 3835 2288 3916; x_wconf 87' lang='lat' dir='ltr'><strong>gratia,</strong></span> 
     </span>
     <span class='ocr_line' id='line_1_29' title="bbox 742 3943 2292 4025; baseline -0.001 -19"><span class='ocrx_word' id='word_1_158' title='bbox 742 3943 1067 4025; x_wconf 86' lang='lat' dir='ltr'><strong>tripliciter</strong></span> <span class='ocrx_word' id='word_1_159' title='bbox 1098 3943 1461 4025; x_wconf 84' lang='lat' dir='ltr'><strong>exponitur.</strong></span> <span class='ocrx_word' id='word_1_160' title='bbox 1497 3943 1633 4007; x_wconf 91' lang='lat' dir='ltr'><strong>Uno</strong></span> <span class='ocrx_word' id='word_1_161' title='bbox 1673 3943 1864 4006; x_wconf 91' lang='lat' dir='ltr'><strong>modo</strong></span> <span class='ocrx_word' id='word_1_162' title='bbox 1905 3943 2141 4006; x_wconf 89' lang='lat' dir='ltr'><strong>dicitur</strong></span> <span class='ocrx_word' id='word_1_163' title='bbox 2184 3961 2292 4005; x_wconf 93' lang='lat' dir='ltr'><strong>re-</strong></span> 
     </span>
     <span class='ocr_line' id='line_1_30' title="bbox 747 4049 2294 4133; baseline -0.001 -21"><span class='ocrx_word' id='word_1_164' title='bbox 747 4050 937 4133; x_wconf 89' lang='lat' dir='ltr'><strong>pletio</strong></span> <span class='ocrx_word' id='word_1_165' title='bbox 976 4049 1318 4131; x_wconf 89' lang='lat' dir='ltr'><strong>corporalis</strong></span> <span class='ocrx_word' id='word_1_166' title='bbox 1364 4067 1478 4130; x_wconf 89' lang='lat' dir='ltr'><strong>per</strong></span> <span class='ocrx_word' id='word_1_167' title='bbox 1523 4049 1984 4131; x_wconf 87' lang='lat' dir='ltr'><strong>oppositionem</strong></span> <span class='ocrx_word' id='word_1_168' title='bbox 2025 4050 2107 4112; x_wconf 91' lang='lat' dir='ltr'><strong>ad</strong></span> <span class='ocrx_word' id='word_1_169' title='bbox 2151 4068 2294 4112; x_wconf 92' lang='lat' dir='ltr'><strong>um-</strong></span> 
     </span>
     <span class='ocr_line' id='line_1_31' title="bbox 746 4156 2293 4237; baseline 0 -16"><span class='ocrx_word' id='word_1_170' title='bbox 746 4157 929 4222; x_wconf 90' lang='lat' dir='ltr'><strong>bram</strong></span> <span class='ocrx_word' id='word_1_171' title='bbox 977 4158 1215 4237; x_wconf 83' lang='lat' dir='ltr'><strong>figurae</strong></span> <span class='ocrx_word' id='word_1_172' title='bbox 1270 4179 1283 4219; x_wconf 89' lang='lat'>:</span> <span class='ocrx_word' id='word_1_173' title='bbox 1335 4156 1568 4219; x_wconf 86' lang='lat' dir='ltr'><strong>veritas</strong></span> <span class='ocrx_word' id='word_1_174' title='bbox 1619 4157 1793 4219; x_wconf 91' lang='lat' dir='ltr'><strong>enim</strong></span> <span class='ocrx_word' id='word_1_175' title='bbox 1841 4176 1908 4220; x_wconf 91' lang='lat' dir='ltr'><strong>se</strong></span> <span class='ocrx_word' id='word_1_176' title='bbox 1966 4157 2161 4221; x_wconf 88' lang='lat' dir='ltr'><strong>habet</strong></span> <span class='ocrx_word' id='word_1_177' title='bbox 2213 4157 2293 4221; x_wconf 90' lang='lat' dir='ltr'><strong>ad</strong></span> 
     </span>
     <span class='ocr_line' id='line_1_32' title="bbox 746 4261 2294 4345; baseline -0.001 -17"><span class='ocrx_word' id='word_1_178' title='bbox 746 4265 1067 4345; x_wconf 84' lang='lat' dir='ltr'><strong>figuram,</strong></span> <span class='ocrx_word' id='word_1_179' title='bbox 1124 4263 1289 4325; x_wconf 91' lang='lat' dir='ltr'><strong>sicut</strong></span> <span class='ocrx_word' id='word_1_180' title='bbox 1332 4280 1564 4344; x_wconf 90' lang='lat' dir='ltr'><strong>corpus</strong></span> <span class='ocrx_word' id='word_1_181' title='bbox 1612 4262 1691 4324; x_wconf 90' lang='lat' dir='ltr'><strong>ad</strong></span> <span class='ocrx_word' id='word_1_182' title='bbox 1747 4263 2069 4327; x_wconf 87' lang='lat' dir='ltr'><strong>umbram.</strong></span> <span class='ocrx_word' id='word_1_183' title='bbox 2119 4261 2294 4327; x_wconf 91' lang='lat' dir='ltr'><strong>Unde</strong></span> 
     </span>
     <span class='ocr_line' id='line_1_33' title="bbox 747 4369 2291 4454; baseline 0 -19"><span class='ocrx_word' id='word_1_184' title='bbox 747 4372 1025 4454; x_wconf 89' lang='lat' dir='ltr'><strong>repletus</strong></span> <span class='ocrx_word' id='word_1_185' title='bbox 1072 4369 1479 4452; x_wconf 86' lang='lat' dir='ltr'><strong>corporaliter</strong></span> <span class='ocrx_word' id='word_1_186' title='bbox 1526 4370 1759 4433; x_wconf 89' lang='lat' dir='ltr'><strong>dicitur</strong></span> <span class='ocrx_word' id='word_1_187' title='bbox 1780 4418 1797 4448; x_wconf 86' lang='lat'><strong>,</strong></span> <span class='ocrx_word' id='word_1_188' title='bbox 1847 4370 1913 4434; x_wconf 92' lang='lat' dir='ltr'><strong>id</strong></span> <span class='ocrx_word' id='word_1_189' title='bbox 1958 4375 2051 4434; x_wconf 90' lang='lat' dir='ltr'><strong>est</strong></span> <span class='ocrx_word' id='word_1_190' title='bbox 2102 4389 2291 4451; x_wconf 92' lang='lat' dir='ltr'><strong>vere,</strong></span> 
     </span>
     <span class='ocr_line' id='line_1_34' title="bbox 748 4477 2297 4561; baseline -0.001 -19"><span class='ocrx_word' id='word_1_191' title='bbox 748 4497 879 4544; x_wconf 92' lang='lat' dir='ltr'><strong>non</strong></span> <span class='ocrx_word' id='word_1_192' title='bbox 928 4482 1183 4543; x_wconf 89' lang='lat' dir='ltr'><strong>tantum</strong></span> <span class='ocrx_word' id='word_1_193' title='bbox 1231 4478 1596 4559; x_wconf 83' lang='lat' dir='ltr'><strong>figurative.</strong></span> <span class='ocrx_word' id='word_1_194' title='bbox 1659 4477 1799 4542; x_wconf 86' lang='lat' dir='ltr'><strong>Alio</strong></span> <span class='ocrx_word' id='word_1_195' title='bbox 1851 4478 2039 4542; x_wconf 92' lang='lat' dir='ltr'><strong>modo</strong></span> <span class='ocrx_word' id='word_1_196' title='bbox 2096 4482 2297 4561; x_wconf 87' lang='lat' dir='ltr'><strong>potest</strong></span> 
     </span>
     <span class='ocr_line' id='line_1_35' title="bbox 748 4582 2298 4666; baseline -0.003 -17"><span class='ocrx_word' id='word_1_197' title='bbox 748 4584 1013 4666; x_wconf 84' lang='lat' dir='ltr'><strong>exponi,</strong></span> <span class='ocrx_word' id='word_1_198' title='bbox 1042 4587 1117 4645; x_wconf 92' lang='lat' dir='ltr'><strong>ut</strong></span> <span class='ocrx_word' id='word_1_199' title='bbox 1138 4583 1386 4645; x_wconf 87' lang='lat' dir='ltr'><strong>dicatur</strong></span> <span class='ocrx_word' id='word_1_200' title='bbox 1414 4582 1825 4664; x_wconf 85' lang='lat' dir='ltr'><strong>corporaliter</strong></span> <span class='ocrx_word' id='word_1_201' title='bbox 1845 4582 2114 4664; x_wconf 88' lang='lat' dir='ltr'><strong>repleri,</strong></span> <span class='ocrx_word' id='word_1_202' title='bbox 2146 4584 2298 4665; x_wconf 89' lang='lat' dir='ltr'><strong>quia</strong></span> 
     </span>
     <span class='ocr_line' id='line_1_36' title="bbox 749 4688 2297 4775; baseline -0.002 -20"><span class='ocrx_word' id='word_1_203' title='bbox 749 4692 962 4775; x_wconf 88' lang='lat' dir='ltr'><strong>ipsum</strong></span> <span class='ocrx_word' id='word_1_204' title='bbox 990 4708 1223 4773; x_wconf 88' lang='lat' dir='ltr'><strong>corpus</strong></span> <span class='ocrx_word' id='word_1_205' title='bbox 1248 4689 1368 4752; x_wconf 85' lang='lat' dir='ltr'><strong>fuit</strong></span> <span class='ocrx_word' id='word_1_206' title='bbox 1403 4688 1471 4751; x_wconf 89' lang='lat' dir='ltr'><strong>in</strong></span> <span class='ocrx_word' id='word_1_207' title='bbox 1512 4689 1826 4752; x_wconf 89' lang='lat' dir='ltr'><strong>unitatem</strong></span> <span class='ocrx_word' id='word_1_208' title='bbox 1861 4707 2151 4771; x_wconf 85' lang='lat' dir='ltr'><strong>personae</strong></span> <span class='ocrx_word' id='word_1_209' title='bbox 2196 4708 2297 4752; x_wconf 88' lang='lat' dir='ltr'><strong>as-</strong></span> 
     </span>
     <span class='ocr_line' id='line_1_37' title="bbox 750 4795 2299 4881; baseline -0.001 -21"><span class='ocrx_word' id='word_1_210' title='bbox 750 4803 1104 4881; x_wconf 89' lang='lat' dir='ltr'><strong>sumptum.</strong></span> <span class='ocrx_word' id='word_1_211' title='bbox 1168 4795 1346 4859; x_wconf 85' lang='lat' dir='ltr'><strong>Unde</strong></span> <span class='ocrx_word' id='word_1_212' title='bbox 1397 4813 1510 4877; x_wconf 89' lang='lat' dir='ltr'><strong>per</strong></span> <span class='ocrx_word' id='word_1_213' title='bbox 1560 4796 1955 4877; x_wconf 89' lang='lat' dir='ltr'><strong>corporalem</strong></span> <span class='ocrx_word' id='word_1_214' title='bbox 2000 4796 2299 4878; x_wconf 89' lang='lat' dir='ltr'><strong>repletio-</strong></span> 
     </span>
     <span class='ocr_line' id='line_1_38' title="bbox 697 4902 2298 4984; baseline -0.001 -18"><span class='ocrx_word' id='word_1_215' title='bbox 697 4942 703 4948; x_wconf 91' lang='lat'><em>-</em></span> <span class='ocrx_word' id='word_1_216' title='bbox 752 4922 899 4967; x_wconf 91' lang='lat' dir='ltr'><strong>nem</strong></span> <span class='ocrx_word' id='word_1_217' title='bbox 960 4902 1382 4984; x_wconf 82' lang='lat' dir='ltr'><strong>intelligimus</strong></span> <span class='ocrx_word' id='word_1_218' title='bbox 1434 4904 1776 4984; x_wconf 82' lang='lat' dir='ltr'><strong>perfectam</strong></span> <span class='ocrx_word' id='word_1_219' title='bbox 1831 4910 1893 4967; x_wconf 89' lang='lat' dir='ltr'><strong>et</strong></span> <span class='ocrx_word' id='word_1_220' title='bbox 1945 4902 2298 4983; x_wconf 86' lang='lat' dir='ltr'><strong>gratuitam</strong></span> 
     </span>
     <span class='ocr_line' id='line_1_39' title="bbox 751 5006 2300 5091; baseline -0.001 -18"><span class='ocrx_word' id='word_1_221' title='bbox 751 5009 1035 5091; x_wconf 85' lang='lat' dir='ltr'><strong>corporis</strong></span> <span class='ocrx_word' id='word_1_222' title='bbox 1086 5011 1150 5073; x_wconf 89' lang='lat' dir='ltr'><strong>et</strong></span> <span class='ocrx_word' id='word_1_223' title='bbox 1192 5009 1426 5072; x_wconf 80' lang='lat' dir='ltr'><strong>animae</strong></span> <span class='ocrx_word' id='word_1_224' title='bbox 1472 5007 1802 5072; x_wconf 91' lang='lat' dir='ltr'><strong>unionem.</strong></span> <span class='ocrx_word' id='word_1_225' title='bbox 1848 5006 2062 5072; x_wconf 90' lang='lat' dir='ltr'><strong>Tertio</strong></span> <span class='ocrx_word' id='word_1_226' title='bbox 2110 5009 2300 5073; x_wconf 90' lang='lat' dir='ltr'><strong>modo</strong></span> 
     </span>
     <span class='ocr_line' id='line_1_40' title="bbox 751 5116 2301 5200; baseline 0 -20"><span class='ocrx_word' id='word_1_227' title='bbox 751 5120 956 5200; x_wconf 85' lang='lat' dir='ltr'><strong>potest</strong></span> <span class='ocrx_word' id='word_1_228' title='bbox 997 5117 1232 5198; x_wconf 83' lang='lat' dir='ltr'><strong>exponi</strong></span> <span class='ocrx_word' id='word_1_229' title='bbox 1268 5120 1338 5178; x_wconf 89' lang='lat' dir='ltr'><strong>ut</strong></span> <span class='ocrx_word' id='word_1_230' title='bbox 1377 5116 1622 5179; x_wconf 88' lang='lat' dir='ltr'><strong>dicatur</strong></span> <span class='ocrx_word' id='word_1_231' title='bbox 1658 5117 2065 5197; x_wconf 84' lang='lat' dir='ltr'><strong>corporaliter</strong></span> <span class='ocrx_word' id='word_1_232' title='bbox 2094 5116 2301 5198; x_wconf 88' lang='lat' dir='ltr'><strong>reple-</strong></span> 
     </span>
     <span class='ocr_line' id='line_1_41' title="bbox 749 5220 2299 5305; baseline -0.001 -19"><span class='ocrx_word' id='word_1_233' title='bbox 749 5227 852 5286; x_wconf 91' lang='lat' dir='ltr'><strong>tus</strong></span> <span class='ocrx_word' id='word_1_234' title='bbox 890 5240 1005 5305; x_wconf 87' lang='lat' dir='ltr'><strong>per</strong></span> <span class='ocrx_word' id='word_1_235' title='bbox 1044 5220 1523 5285; x_wconf 90' lang='lat' dir='ltr'><strong>similitudinem</strong></span> <span class='ocrx_word' id='word_1_236' title='bbox 1565 5222 1640 5285; x_wconf 90' lang='lat' dir='ltr'><strong>ad</strong></span> <span class='ocrx_word' id='word_1_237' title='bbox 1694 5221 2008 5304; x_wconf 90' lang='lat' dir='ltr'><strong>triplicem</strong></span> <span class='ocrx_word' id='word_1_238' title='bbox 2048 5221 2299 5286; x_wconf 82' lang='lat' dir='ltr'><strong>dimen-</strong></span> 
     </span>
     <span class='ocr_line' id='line_1_42' title="bbox 748 5327 2302 5411; baseline 0.001 -19"><span class='ocrx_word' id='word_1_239' title='bbox 748 5330 995 5394; x_wconf 87' lang='lat' dir='ltr'><strong>sionem</strong></span> <span class='ocrx_word' id='word_1_240' title='bbox 1026 5351 1042 5392; x_wconf 72' lang='grc' dir='ltr'><strong><em>ι</em></strong></span> <span class='ocrx_word' id='word_1_241' title='bbox 1081 5327 1234 5408; x_wconf 92' lang='lat' dir='ltr'><strong>quia</strong></span> <span class='ocrx_word' id='word_1_242' title='bbox 1268 5327 1471 5392; x_wconf 89' lang='lat' dir='ltr'><strong>deitas</strong></span> <span class='ocrx_word' id='word_1_243' title='bbox 1505 5327 1629 5391; x_wconf 84' lang='lat' dir='ltr'><strong>fuit</strong></span> <span class='ocrx_word' id='word_1_244' title='bbox 1654 5329 1721 5392; x_wconf 93' lang='lat' dir='ltr'><strong>in</strong></span> <span class='ocrx_word' id='word_1_245' title='bbox 1764 5328 2009 5392; x_wconf 83' lang='lat' dir='ltr'><strong>Christo</strong></span> <span class='ocrx_word' id='word_1_246' title='bbox 2053 5347 2168 5411; x_wconf 91' lang='lat' dir='ltr'><strong>per</strong></span> <span class='ocrx_word' id='word_1_247' title='bbox 2196 5349 2302 5394; x_wconf 91' lang='lat' dir='ltr'><strong>es-</strong></span> 
     </span>
    </p>

    <p class='ocr_par' dir='ltr' id='par_1_11' title="bbox 818 5452 2300 5519">
     <span class='ocr_line' id='line_1_43' title="bbox 818 5452 2300 5519; baseline 0.002 -16"><span class='ocrx_word' id='word_1_248' title='bbox 818 5457 832 5488; x_wconf 87' lang='lat'><strong>¹</strong></span> <span class='ocrx_word' id='word_1_249' title='bbox 857 5452 1209 5513; x_wconf 82' lang='lat' dir='ltr'><strong>Dist.xxxv11‚</strong></span> <span class='ocrx_word' id='word_1_250' title='bbox 1232 5466 1281 5514; x_wconf 88' lang='lat' dir='ltr'><strong>p.</strong></span> <span class='ocrx_word' id='word_1_251' title='bbox 1309 5455 1346 5512; x_wconf 86' lang='grc'><strong>1,</strong></span> <span class='ocrx_word' id='word_1_252' title='bbox 1368 5455 1463 5506; x_wconf 77' lang='lat' dir='ltr'><strong>art.</strong></span> <span class='ocrx_word' id='word_1_253' title='bbox 1486 5458 1513 5503; x_wconf 76' lang='lat'><strong>2</strong></span> <span class='ocrx_word' id='word_1_254' title='bbox 1536 5466 1629 5515; x_wconf 86' lang='lat' dir='ltr'><strong>per</strong></span> <span class='ocrx_word' id='word_1_255' title='bbox 1643 5455 1913 5505; x_wconf 67' lang='lat' dir='ltr'><strong>totum—¹</strong></span> <span class='ocrx_word' id='word_1_256' title='bbox 1931 5454 2135 5515; x_wconf 67' lang='lat' dir='ltr'><strong>Mueck„</strong></span> <span class='ocrx_word' id='word_1_257' title='bbox 2152 5464 2234 5519; x_wconf 85' lang='lat'><strong>111,</strong></span> <span class='ocrx_word' id='word_1_258' title='bbox 2254 5458 2300 5505; x_wconf 85' lang='grc'><strong>9.</strong></span> 
     </span>
    </p>
   </div>
   <div class='ocr_carea' id='block_1_9' title="bbox 2388 600 3941 1010">
    <p class='ocr_par' dir='ltr' id='par_1_12' title="bbox 2388 600 3941 1010">
     <span class='ocr_line' id='line_1_44' title="bbox 2391 600 3941 693; baseline 0.012 -32"><span class='ocrx_word' id='word_1_259' title='bbox 2391 600 2659 664; x_wconf 88' lang='lat' dir='ltr'><strong>sentiam</strong></span> <span class='ocrx_word' id='word_1_260' title='bbox 2674 648 2692 680; x_wconf 93' lang='lat'><strong>,</strong></span> <span class='ocrx_word' id='word_1_261' title='bbox 2723 601 2888 667; x_wconf 88' lang='lat' dir='ltr'><strong>sicut</strong></span> <span class='ocrx_word' id='word_1_262' title='bbox 2923 602 2994 666; x_wconf 93' lang='lat' dir='ltr'><strong>in</strong></span> <span class='ocrx_word' id='word_1_263' title='bbox 3037 605 3340 671; x_wconf 91' lang='lat' dir='ltr'><strong>omnibus</strong></span> <span class='ocrx_word' id='word_1_264' title='bbox 3377 612 3712 693; x_wconf 85' lang='lat' dir='ltr'><strong>creaturis,</strong></span> <span class='ocrx_word' id='word_1_265' title='bbox 3743 618 3810 679; x_wconf 90' lang='lat' dir='ltr'><strong>et</strong></span> <span class='ocrx_word' id='word_1_266' title='bbox 3851 617 3941 681; x_wconf 88' lang='lat' dir='ltr'><strong>ita</strong></span> 
     </span>
     <span class='ocr_line' id='line_1_45' title="bbox 2388 709 3930 800; baseline 0.011 -30"><span class='ocrx_word' id='word_1_267' title='bbox 2388 725 2503 790; x_wconf 89' lang='lat' dir='ltr'><strong>per</strong></span> <span class='ocrx_word' id='word_1_268' title='bbox 2523 709 2785 773; x_wconf 90' lang='lat' dir='ltr'><strong>modum</strong></span> <span class='ocrx_word' id='word_1_269' title='bbox 2811 711 3230 792; x_wconf 82' lang='lat' dir='ltr'><strong>longitudinis</strong></span> <span class='ocrx_word' id='word_1_270' title='bbox 3250 735 3267 792; x_wconf 89' lang='grc'>;</span> <span class='ocrx_word' id='word_1_271' title='bbox 3291 719 3354 779; x_wconf 89' lang='lat' dir='ltr'><strong>et</strong></span> <span class='ocrx_word' id='word_1_272' title='bbox 3380 734 3494 799; x_wconf 88' lang='lat' dir='ltr'><strong>per</strong></span> <span class='ocrx_word' id='word_1_273' title='bbox 3518 719 3818 800; x_wconf 81' lang='lat' dir='ltr'><strong>gratiam,</strong></span> <span class='ocrx_word' id='word_1_274' title='bbox 3846 722 3930 786; x_wconf 91' lang='lat' dir='ltr'><strong>si-</strong></span> 
     </span>
     <span class='ocr_line' id='line_1_46' title="bbox 2391 815 3938 907; baseline 0.012 -31"><span class='ocrx_word' id='word_1_275' title='bbox 2391 818 2501 877; x_wconf 88' lang='lat' dir='ltr'><strong>cut</strong></span> <span class='ocrx_word' id='word_1_276' title='bbox 2528 815 2597 879; x_wconf 92' lang='lat' dir='ltr'><strong>in</strong></span> <span class='ocrx_word' id='word_1_277' title='bbox 2625 818 2928 882; x_wconf 91' lang='lat' dir='ltr'><strong>omnibus</strong></span> <span class='ocrx_word' id='word_1_278' title='bbox 2973 817 3248 897; x_wconf 78' lang='lat' dir='ltr'><strong>SanctIS,</strong></span> <span class='ocrx_word' id='word_1_279' title='bbox 3281 825 3345 886; x_wconf 87' lang='lat' dir='ltr'><strong>et</strong></span> <span class='ocrx_word' id='word_1_280' title='bbox 3384 823 3474 887; x_wconf 88' lang='lat' dir='ltr'><strong>sic</strong></span> <span class='ocrx_word' id='word_1_281' title='bbox 3520 844 3631 907; x_wconf 90' lang='lat' dir='ltr'><strong>per</strong></span> <span class='ocrx_word' id='word_1_282' title='bbox 3673 828 3938 893; x_wconf 91' lang='lat' dir='ltr'><strong>modum</strong></span> 
     </span>
     <span class='ocr_line' id='line_1_47' title="bbox 2390 922 3937 1010; baseline 0.011 -26"><span class='ocrx_word' id='word_1_283' title='bbox 2390 922 2784 1004; x_wconf 88' lang='lat' dir='ltr'><strong>latitudinis;</strong></span> <span class='ocrx_word' id='word_1_284' title='bbox 2815 930 2879 990; x_wconf 91' lang='lat' dir='ltr'><strong>et</strong></span> <span class='ocrx_word' id='word_1_285' title='bbox 2922 945 3036 1010; x_wconf 91' lang='lat' dir='ltr'><strong>per</strong></span> <span class='ocrx_word' id='word_1_286' title='bbox 3076 929 3380 993; x_wconf 90' lang='lat' dir='ltr'><strong>unionem</strong></span> <span class='ocrx_word' id='word_1_287' title='bbox 3404 978 3422 1008; x_wconf 95' lang='lat'><strong>,</strong></span> <span class='ocrx_word' id='word_1_288' title='bbox 3451 936 3516 995; x_wconf 87' lang='lat' dir='ltr'><strong>et</strong></span> <span class='ocrx_word' id='word_1_289' title='bbox 3548 933 3628 997; x_wconf 89' lang='lat' dir='ltr'><strong>ad</strong></span> <span class='ocrx_word' id='word_1_290' title='bbox 3672 937 3937 1001; x_wconf 92' lang='lat' dir='ltr'><strong>modum</strong></span> 
     </span>
    </p>
   </div>
   <div class='ocr_carea' id='block_1_10' title="bbox 2391 1030 3941 1216">
    <p class='ocr_par' dir='ltr' id='par_1_13' title="bbox 2391 1030 3941 1216">
     <span class='ocr_line' id='line_1_48' title="bbox 2391 1030 3941 1131; baseline 0.01 -40"><span class='ocrx_word' id='word_1_291' title='bbox 2391 1030 2858 1110; x_wconf 83' lang='lat' dir='ltr'><strong>profunditatis.</strong></span> <span class='ocrx_word' id='word_1_292' title='bbox 2897 1032 2975 1097; x_wconf 86' lang='lat' dir='ltr'><strong>Et</strong></span> <span class='ocrx_word' id='word_1_293' title='bbox 3001 1034 3173 1100; x_wconf 88' lang='lat' dir='ltr'><strong>istud</strong></span> <span class='ocrx_word' id='word_1_294' title='bbox 3194 1041 3434 1131; x_wconf 67' lang='lat' dir='ltr'><strong>tactum</strong></span> <span class='ocrx_word' id='word_1_295' title='bbox 3460 1038 3581 1102; x_wconf 79' lang='lat' dir='ltr'><strong>fuit</strong></span> <span class='ocrx_word' id='word_1_296' title='bbox 3604 1040 3857 1123; x_wconf 87' lang='lat' dir='ltr'><strong>plenius</strong></span> <span class='ocrx_word' id='word_1_297' title='bbox 3873 1044 3941 1108; x_wconf 92' lang='lat' dir='ltr'><strong>in</strong></span> 
     </span>
     <span class='ocr_line' id='line_1_49' title="bbox 2395 1136 2852 1216; baseline 0.013 -19"><span class='ocrx_word' id='word_1_298' title='bbox 2395 1136 2601 1216; x_wconf 92' lang='lat' dir='ltr'><strong>primo</strong></span> <span class='ocrx_word' id='word_1_299' title='bbox 2629 1137 2852 1203; x_wconf 83' lang='lat' dir='ltr'><strong>libro².</strong></span> 
     </span>
    </p>
   </div>
   <div class='ocr_carea' id='block_1_11' title="bbox 3029 1378 3277 1423">
    <p class='ocr_par' dir='ltr' id='par_1_14' title="bbox 3029 1378 3277 1423">
     <span class='ocr_line' id='line_1_50' title="bbox 3029 1378 3277 1423; baseline 0.008 -2"><span class='ocrx_word' id='word_1_300' title='bbox 3029 1378 3166 1423; x_wconf 84' lang='lat' dir='ltr'><strong>DUB.</strong></span> <span class='ocrx_word' id='word_1_301' title='bbox 3211 1378 3277 1423; x_wconf 85' lang='lat' dir='ltr'><strong>V.</strong></span> 
     </span>
    </p>
   </div>
   <div class='ocr_carea' id='block_1_12' title="bbox 2581 1510 3754 1582">
    <p class='ocr_par' dir='ltr' id='par_1_15' title="bbox 2581 1510 3754 1582">
     <span class='ocr_line' id='line_1_51' title="bbox 2581 1510 3754 1582; baseline 0.01 -23"><span class='ocrx_word' id='word_1_302' title='bbox 2581 1511 2739 1560; x_wconf 84' lang='lat' dir='ltr'><strong>Natus</strong></span> <span class='ocrx_word' id='word_1_303' title='bbox 2767 1510 2831 1561; x_wconf 90' lang='lat' dir='ltr'><strong>de</strong></span> <span class='ocrx_word' id='word_1_304' title='bbox 2860 1512 3052 1577; x_wconf 88' lang='lat' dir='ltr'><strong>Spiritu</strong></span> <span class='ocrx_word' id='word_1_305' title='bbox 3082 1520 3290 1579; x_wconf 87' lang='lat' dir='ltr'><strong>sanct0,</strong></span> <span class='ocrx_word' id='word_1_306' title='bbox 3319 1519 3440 1582; x_wconf 86' lang='lat' dir='ltr'><strong>quia</strong></span> <span class='ocrx_word' id='word_1_307' title='bbox 3467 1531 3587 1569; x_wconf 85' lang='lat' dir='ltr'><strong>eum</strong></span> <span class='ocrx_word' id='word_1_308' title='bbox 3616 1519 3754 1571; x_wconf 72' lang='lat' dir='ltr'><strong>tecit.</strong></span> 
     </span>
    </p>
   </div>
   <div class='ocr_carea' id='block_1_13' title="bbox 2396 1680 3943 3592">
    <p class='ocr_par' dir='ltr' id='par_1_16' title="bbox 2396 1680 3943 2196">
     <span class='ocr_line' id='line_1_52' title="bbox 2475 1680 3943 1775; baseline 0.008 -31"><span class='ocrx_word' id='word_1_309' title='bbox 2475 1680 2702 1746; x_wconf 90' lang='lat' dir='ltr'><strong>Contra</strong></span> <span class='ocrx_word' id='word_1_310' title='bbox 2733 1705 2748 1746; x_wconf 72' lang='grc' dir='ltr'>ε</span> <span class='ocrx_word' id='word_1_311' title='bbox 2784 1683 2922 1748; x_wconf 87' lang='lat' dir='ltr'><strong>Hoc</strong></span> <span class='ocrx_word' id='word_1_312' title='bbox 2948 1686 3119 1748; x_wconf 90' lang='lat' dir='ltr'><strong>enim</strong></span> <span class='ocrx_word' id='word_1_313' title='bbox 3176 1705 3307 1751; x_wconf 92' lang='lat' dir='ltr'><strong>non</strong></span> <span class='ocrx_word' id='word_1_314' title='bbox 3345 1688 3621 1753; x_wconf 88' lang='lat' dir='ltr'><strong>habetur</strong></span> <span class='ocrx_word' id='word_1_315' title='bbox 3651 1690 3721 1754; x_wconf 88' lang='lat' dir='ltr'><strong>in</strong></span> <span class='ocrx_word' id='word_1_316' title='bbox 3751 1691 3943 1775; x_wconf 84' lang='lat' dir='ltr'><strong>Sym-</strong></span> 
     </span>
     <span class='ocr_line' id='line_1_53' title="bbox 2397 1788 3939 1879; baseline 0.008 -27"><span class='ocrx_word' id='word_1_317' title='bbox 2397 1788 2542 1852; x_wconf 90' lang='lat' dir='ltr'><strong>bolo</strong></span> <span class='ocrx_word' id='word_1_318' title='bbox 2564 1838 2583 1868; x_wconf 92' lang='lat'><strong>,</strong></span> <span class='ocrx_word' id='word_1_319' title='bbox 2618 1789 2723 1853; x_wconf 89' lang='lat' dir='ltr'><strong>sed</strong></span> <span class='ocrx_word' id='word_1_320' title='bbox 2761 1814 2774 1855; x_wconf 90' lang='lat'>:</span> <span class='ocrx_word' id='word_1_321' title='bbox 2807 1802 3146 1876; x_wconf 75' lang='lat' dir='ltr'><strong>conceptus</strong></span> <span class='ocrx_word' id='word_1_322' title='bbox 3173 1802 3262 1861; x_wconf 80' lang='lat' dir='ltr'><strong>est</strong></span> <span class='ocrx_word' id='word_1_323' title='bbox 3286 1796 3364 1862; x_wconf 83' lang='lat' dir='ltr'><strong>de</strong></span> <span class='ocrx_word' id='word_1_324' title='bbox 3405 1796 3668 1878; x_wconf 81' lang='lat' dir='ltr'><strong>Spiritu</strong></span> <span class='ocrx_word' id='word_1_325' title='bbox 3695 1805 3939 1879; x_wconf 79' lang='lat' dir='ltr'><strong>sancte,</strong></span> 
     </span>
     <span class='ocr_line' id='line_1_54' title="bbox 2396 1899 3941 1990; baseline 0.007 -30"><span class='ocrx_word' id='word_1_326' title='bbox 2396 1903 2594 1962; x_wconf 74' lang='lat' dir='ltr'><strong>natus</strong></span> <span class='ocrx_word' id='word_1_327' title='bbox 2643 1915 2727 1963; x_wconf 71' lang='lat' dir='ltr'><strong>esc</strong></span> <span class='ocrx_word' id='word_1_328' title='bbox 2784 1899 3004 1967; x_wconf 80' lang='lat' dir='ltr'><strong>Maria</strong></span> <span class='ocrx_word' id='word_1_329' title='bbox 3066 1902 3356 1985; x_wconf 63' lang='lat' dir='ltr'><strong>Virgine.</strong></span> <span class='ocrx_word' id='word_1_330' title='bbox 3419 1902 3746 1980; x_wconf 84' lang='lat' dir='ltr'><strong>Quaeritur</strong></span> <span class='ocrx_word' id='word_1_331' title='bbox 3790 1924 3941 1990; x_wconf 89' lang='lat' dir='ltr'><strong>ergo</strong></span> 
     </span>
     <span class='ocr_line' id='line_1_55' title="bbox 2397 2006 3943 2096; baseline 0.008 -30"><span class='ocrx_word' id='word_1_332' title='bbox 2397 2023 2596 2086; x_wconf 90' lang='lat' dir='ltr'><strong>quare</strong></span> <span class='ocrx_word' id='word_1_333' title='bbox 2642 2006 2851 2088; x_wconf 88' lang='lat' dir='ltr'><strong>magis</strong></span> <span class='ocrx_word' id='word_1_334' title='bbox 2896 2009 3266 2073; x_wconf 86' lang='lat' dir='ltr'><strong>attribuitur</strong></span> <span class='ocrx_word' id='word_1_335' title='bbox 3310 2011 3641 2092; x_wconf 87' lang='lat' dir='ltr'><strong>conceptio</strong></span> <span class='ocrx_word' id='word_1_336' title='bbox 3685 2011 3943 2096; x_wconf 90' lang='lat' dir='ltr'><strong>Spiritui</strong></span> 
     </span>
     <span class='ocr_line' id='line_1_56' title="bbox 2397 2115 3220 2196; baseline 0.005 -22"><span class='ocrx_word' id='word_1_337' title='bbox 2397 2118 2635 2187; x_wconf 91' lang='lat' dir='ltr'><strong>sancto,</strong></span> <span class='ocrx_word' id='word_1_338' title='bbox 2668 2132 2865 2196; x_wconf 86' lang='lat' dir='ltr'><strong>quam</strong></span> <span class='ocrx_word' id='word_1_339' title='bbox 2898 2115 3220 2178; x_wconf 76' lang='lat' dir='ltr'><strong>nativitas,</strong></span> 
     </span>
    </p>

    <p class='ocr_par' dir='ltr' id='par_1_17' title="bbox 2398 2220 3943 3592">
     <span class='ocr_line' id='line_1_57' title="bbox 2480 2220 3943 2311; baseline 0.005 -27"><span class='ocrx_word' id='word_1_340' title='bbox 2480 2220 2663 2302; x_wconf 89' lang='lat' dir='ltr'><strong>Resp.</strong></span> <span class='ocrx_word' id='word_1_341' title='bbox 2716 2221 3063 2284; x_wconf 88' lang='lat' dir='ltr'><strong>Dicendum</strong></span> <span class='ocrx_word' id='word_1_342' title='bbox 3119 2223 3290 2305; x_wconf 89' lang='lat' dir='ltr'><strong>quod</strong></span> <span class='ocrx_word' id='word_1_343' title='bbox 3349 2228 3703 2309; x_wconf 88' lang='lat' dir='ltr'><strong>utrumque</strong></span> <span class='ocrx_word' id='word_1_344' title='bbox 3749 2233 3943 2311; x_wconf 61' lang='lat' dir='ltr'><strong>potest</strong></span> 
     </span>
     <span class='ocr_line' id='line_1_58' title="bbox 2398 2328 3943 2417; baseline 0.006 -28"><span class='ocrx_word' id='word_1_345' title='bbox 2398 2328 2661 2392; x_wconf 87' lang='lat' dir='ltr'><strong>attribui</strong></span> <span class='ocrx_word' id='word_1_346' title='bbox 2690 2329 2990 2410; x_wconf 86' lang='lat' dir='ltr'><strong>utrique;</strong></span> <span class='ocrx_word' id='word_1_347' title='bbox 3028 2328 3093 2390; x_wconf 89' lang='lat' dir='ltr'><strong>in</strong></span> <span class='ocrx_word' id='word_1_348' title='bbox 3141 2329 3446 2412; x_wconf 83' lang='lat' dir='ltr'><strong>Symbolo</strong></span> <span class='ocrx_word' id='word_1_349' title='bbox 3486 2337 3709 2399; x_wconf 88' lang='lat' dir='ltr'><strong>tamen</strong></span> <span class='ocrx_word' id='word_1_350' title='bbox 3741 2336 3943 2417; x_wconf 88' lang='lat' dir='ltr'><strong>magis</strong></span> 
     </span>
     <span class='ocr_line' id='line_1_59' title="bbox 2398 2436 3937 2520; baseline 0.006 -23"><span class='ocrx_word' id='word_1_351' title='bbox 2398 2436 2769 2499; x_wconf 86' lang='lat' dir='ltr'><strong>attribuitur</strong></span> <span class='ocrx_word' id='word_1_352' title='bbox 2813 2436 2952 2517; x_wconf 91' lang='lat' dir='ltr'><strong>ipsa</strong></span> <span class='ocrx_word' id='word_1_353' title='bbox 3000 2437 3332 2518; x_wconf 91' lang='lat' dir='ltr'><strong>conceptio</strong></span> <span class='ocrx_word' id='word_1_354' title='bbox 3376 2436 3649 2520; x_wconf 89' lang='lat' dir='ltr'><strong>Spiritui</strong></span> <span class='ocrx_word' id='word_1_355' title='bbox 3696 2454 3937 2520; x_wconf 88' lang='lat' dir='ltr'><strong>sanct0,</strong></span> 
     </span>
     <span class='ocr_line' id='line_1_60' title="bbox 2399 2543 3941 2627; baseline 0.007 -22"><span class='ocrx_word' id='word_1_356' title='bbox 2399 2561 2596 2626; x_wconf 90' lang='lat' dir='ltr'><strong>quam</strong></span> <span class='ocrx_word' id='word_1_357' title='bbox 2660 2543 2959 2608; x_wconf 89' lang='lat' dir='ltr'><strong>nativitas</strong></span> <span class='ocrx_word' id='word_1_358' title='bbox 2982 2593 2999 2623; x_wconf 86' lang='lat'><strong>,</strong></span> <span class='ocrx_word' id='word_1_359' title='bbox 3067 2551 3326 2627; x_wconf 89' lang='lat' dir='ltr'><strong>propter</strong></span> <span class='ocrx_word' id='word_1_360' title='bbox 3388 2549 3941 2616; x_wconf 79' lang='lat' dir='ltr'><strong>sanctificationem</strong></span> 
     </span>
     <span class='ocr_line' id='line_1_61' title="bbox 2400 2651 3943 2740; baseline 0.008 -28"><span class='ocrx_word' id='word_1_361' title='bbox 2400 2668 2550 2733; x_wconf 83' lang='lat' dir='ltr'><strong>quae</strong></span> <span class='ocrx_word' id='word_1_362' title='bbox 2593 2652 2713 2714; x_wconf 81' lang='lat' dir='ltr'><strong>ruit</strong></span> <span class='ocrx_word' id='word_1_363' title='bbox 2763 2651 2830 2713; x_wconf 91' lang='lat' dir='ltr'><strong>in</strong></span> <span class='ocrx_word' id='word_1_364' title='bbox 2875 2651 3010 2732; x_wconf 88' lang='lat' dir='ltr'><strong>ipsa</strong></span> <span class='ocrx_word' id='word_1_365' title='bbox 3057 2656 3509 2735; x_wconf 88' lang='lat' dir='ltr'><strong>conceptione;</strong></span> <span class='ocrx_word' id='word_1_366' title='bbox 3541 2660 3609 2721; x_wconf 90' lang='lat' dir='ltr'><strong>et</strong></span> <span class='ocrx_word' id='word_1_367' title='bbox 3651 2659 3802 2740; x_wconf 89' lang='lat' dir='ltr'><strong>quia</strong></span> <span class='ocrx_word' id='word_1_368' title='bbox 3839 2678 3943 2722; x_wconf 92' lang='lat' dir='ltr'><strong>no-</strong></span> 
     </span>
     <span class='ocr_line' id='line_1_62' title="bbox 2402 2759 3940 2845; baseline 0.007 -25"><span class='ocrx_word' id='word_1_369' title='bbox 2402 2777 2552 2821; x_wconf 91' lang='lat' dir='ltr'><strong>men</strong></span> <span class='ocrx_word' id='word_1_370' title='bbox 2579 2759 2928 2823; x_wconf 90' lang='lat' dir='ltr'><strong>nativitatis</strong></span> <span class='ocrx_word' id='word_1_371' title='bbox 2955 2761 3099 2842; x_wconf 90' lang='lat' dir='ltr'><strong>plus</strong></span> <span class='ocrx_word' id='word_1_372' title='bbox 3129 2763 3606 2845; x_wconf 87' lang='lat' dir='ltr'><strong>appropinquat</strong></span> <span class='ocrx_word' id='word_1_373' title='bbox 3630 2766 3712 2828; x_wconf 88' lang='lat' dir='ltr'><strong>ad</strong></span> <span class='ocrx_word' id='word_1_374' title='bbox 3737 2772 3940 2830; x_wconf 89' lang='lat' dir='ltr'><strong>actum</strong></span> 
     </span>
     <span class='ocr_line' id='line_1_63' title="bbox 2402 2866 3936 2952; baseline 0.007 -24"><span class='ocrx_word' id='word_1_375' title='bbox 2402 2866 2867 2947; x_wconf 89' lang='lat' dir='ltr'><strong>generationis,</strong></span> <span class='ocrx_word' id='word_1_376' title='bbox 2898 2872 2963 2931; x_wconf 89' lang='lat' dir='ltr'><strong>et</strong></span> <span class='ocrx_word' id='word_1_377' title='bbox 3004 2868 3143 2951; x_wconf 91' lang='lat' dir='ltr'><strong>ipsa</strong></span> <span class='ocrx_word' id='word_1_378' title='bbox 3189 2871 3518 2952; x_wconf 89' lang='lat' dir='ltr'><strong>conceptio</strong></span> <span class='ocrx_word' id='word_1_379' title='bbox 3563 2872 3646 2935; x_wconf 86' lang='lat' dir='ltr'><strong>ad</strong></span> <span class='ocrx_word' id='word_1_380' title='bbox 3687 2874 3936 2938; x_wconf 84' lang='lat' dir='ltr'><strong>fabrica-</strong></span> 
     </span>
     <span class='ocr_line' id='line_1_64' title="bbox 2403 2973 3940 3060; baseline 0.006 -24"><span class='ocrx_word' id='word_1_381' title='bbox 2403 2973 2641 3037; x_wconf 90' lang='lat' dir='ltr'><strong>tionem</strong></span> <span class='ocrx_word' id='word_1_382' title='bbox 2673 2976 2955 3058; x_wconf 84' lang='lat' dir='ltr'><strong>oorporis</strong></span> <span class='ocrx_word' id='word_1_383' title='bbox 2988 2999 3002 3039; x_wconf 76' lang='grc' dir='ltr'>ε</span> <span class='ocrx_word' id='word_1_384' title='bbox 3050 2976 3223 3041; x_wconf 89' lang='lat' dir='ltr'><strong>unde</strong></span> <span class='ocrx_word' id='word_1_385' title='bbox 3254 2978 3462 3059; x_wconf 88' lang='lat' dir='ltr'><strong>magis</strong></span> <span class='ocrx_word' id='word_1_386' title='bbox 3500 2980 3759 3060; x_wconf 88' lang='lat' dir='ltr'><strong>proprie</strong></span> <span class='ocrx_word' id='word_1_387' title='bbox 3796 2981 3940 3045; x_wconf 90' lang='lat' dir='ltr'><strong>dici-</strong></span> 
     </span>
     <span class='ocr_line' id='line_1_65' title="bbox 2403 3083 3941 3167; baseline 0.007 -24"><span class='ocrx_word' id='word_1_388' title='bbox 2403 3085 2508 3146; x_wconf 89' lang='lat' dir='ltr'><strong>tur</strong></span> <span class='ocrx_word' id='word_1_389' title='bbox 2545 3086 2885 3165; x_wconf 90' lang='lat' dir='ltr'><strong>conceptus</strong></span> <span class='ocrx_word' id='word_1_390' title='bbox 2923 3083 3001 3147; x_wconf 89' lang='lat' dir='ltr'><strong>de</strong></span> <span class='ocrx_word' id='word_1_391' title='bbox 3035 3083 3277 3167; x_wconf 89' lang='lat' dir='ltr'><strong>Spiritu</strong></span> <span class='ocrx_word' id='word_1_392' title='bbox 3315 3089 3560 3152; x_wconf 84' lang='lat' dir='ltr'><strong>sancto.</strong></span> <span class='ocrx_word' id='word_1_393' title='bbox 3594 3086 3746 3153; x_wconf 84' lang='lat' dir='ltr'><strong>Haec</strong></span> <span class='ocrx_word' id='word_1_394' title='bbox 3779 3090 3941 3153; x_wconf 91' lang='lat' dir='ltr'><strong>enim</strong></span> 
     </span>
     <span class='ocr_line' id='line_1_66' title="bbox 2402 3190 3938 3274; baseline 0.005 -21"><span class='ocrx_word' id='word_1_395' title='bbox 2402 3191 2786 3274; x_wconf 68' lang='lat' dir='ltr'><strong>praepositio,</strong></span> <span class='ocrx_word' id='word_1_396' title='bbox 2835 3190 2937 3270; x_wconf 84' lang='lat' dir='ltr'><strong>de,</strong></span> <span class='ocrx_word' id='word_1_397' title='bbox 2983 3197 3236 3257; x_wconf 87' lang='lat' dir='ltr'><strong>tenetur</strong></span> <span class='ocrx_word' id='word_1_398' title='bbox 3281 3194 3376 3257; x_wconf 90' lang='lat' dir='ltr'><strong>ibi</strong></span> <span class='ocrx_word' id='word_1_399' title='bbox 3422 3213 3557 3259; x_wconf 89' lang='lat' dir='ltr'><strong>non</strong></span> <span class='ocrx_word' id='word_1_400' title='bbox 3604 3198 3938 3262; x_wconf 90' lang='lat' dir='ltr'><strong>materiali·</strong></span> 
     </span>
     <span class='ocr_line' id='line_1_67' title="bbox 2401 3299 3940 3384; baseline 0.004 -25"><span class='ocrx_word' id='word_1_401' title='bbox 2401 3303 2534 3373; x_wconf 89' lang='lat' dir='ltr'><strong>ter,</strong></span> <span class='ocrx_word' id='word_1_402' title='bbox 2575 3315 2691 3361; x_wconf 80' lang='lat' dir='ltr'><strong>nec</strong></span> <span class='ocrx_word' id='word_1_403' title='bbox 2730 3299 3260 3376; x_wconf 88' lang='lat' dir='ltr'><strong>substantialiter,</strong></span> <span class='ocrx_word' id='word_1_404' title='bbox 3294 3301 3404 3365; x_wconf 85' lang='lat' dir='ltr'><strong>sed</strong></span> <span class='ocrx_word' id='word_1_405' title='bbox 3448 3306 3841 3384; x_wconf 88' lang='lat' dir='ltr'><strong>potestative.</strong></span> <span class='ocrx_word' id='word_1_406' title='bbox 3872 3303 3940 3367; x_wconf 90' lang='lat' dir='ltr'><strong>Et</strong></span> 
     </span>
     <span class='ocr_line' id='line_1_68' title="bbox 2402 3405 3939 3495; baseline 0.006 -28"><span class='ocrx_word' id='word_1_407' title='bbox 2402 3405 2539 3486; x_wconf 88' lang='lat' dir='ltr'><strong>ipsa</strong></span> <span class='ocrx_word' id='word_1_408' title='bbox 2576 3408 2904 3488; x_wconf 86' lang='lat' dir='ltr'><strong>conceptio</strong></span> <span class='ocrx_word' id='word_1_409' title='bbox 2933 3408 3261 3490; x_wconf 85' lang='lat' dir='ltr'><strong>potissime</strong></span> <span class='ocrx_word' id='word_1_410' title='bbox 3293 3414 3513 3473; x_wconf 90' lang='lat' dir='ltr'><strong>sancto</strong></span> <span class='ocrx_word' id='word_1_411' title='bbox 3546 3409 3806 3495; x_wconf 90' lang='lat' dir='ltr'><strong>Spiritui</strong></span> <span class='ocrx_word' id='word_1_412' title='bbox 3832 3412 3939 3475; x_wconf 89' lang='lat' dir='ltr'><strong>ha-</strong></span> 
     </span>
     <span class='ocr_line' id='line_1_69' title="bbox 2403 3511 2976 3592; baseline 0.01 -19"><span class='ocrx_word' id='word_1_413' title='bbox 2403 3511 2510 3574; x_wconf 92' lang='lat' dir='ltr'><strong>bet</strong></span> <span class='ocrx_word' id='word_1_414' title='bbox 2535 3513 2820 3592; x_wconf 85' lang='lat' dir='ltr'><strong>attribui,</strong></span> <span class='ocrx_word' id='word_1_415' title='bbox 2853 3520 2976 3578; x_wconf 91' lang='lat' dir='ltr'><strong>etc.</strong></span> 
     </span>
    </p>
   </div>
   <div class='ocr_carea' id='block_1_14' title="bbox 3040 3741 3316 3787">
    <p class='ocr_par' dir='ltr' id='par_1_18' title="bbox 3040 3741 3316 3787">
     <span class='ocr_line' id='line_1_70' title="bbox 3040 3741 3316 3787; baseline 0.004 -2"><span class='ocrx_word' id='word_1_416' title='bbox 3040 3741 3177 3786; x_wconf 84' lang='lat' dir='ltr'><strong>DUB.</strong></span> <span class='ocrx_word' id='word_1_417' title='bbox 3225 3741 3316 3787; x_wconf 83' lang='lat' dir='ltr'><strong>vl.</strong></span> 
     </span>
    </p>
   </div>
   <div class='ocr_carea' id='block_1_15' title="bbox 2739 3877 3601 3942">
    <p class='ocr_par' dir='ltr' id='par_1_19' title="bbox 2739 3877 3601 3942">
     <span class='ocr_line' id='line_1_71' title="bbox 2739 3877 3601 3942; baseline 0.006 -16"><span class='ocrx_word' id='word_1_418' title='bbox 2739 3877 3031 3940; x_wconf 87' lang='lat' dir='ltr'><strong>Conceptus</strong></span> <span class='ocrx_word' id='word_1_419' title='bbox 3057 3890 3181 3942; x_wconf 85' lang='lat' dir='ltr'><strong>ergo</strong></span> <span class='ocrx_word' id='word_1_420' title='bbox 3211 3880 3262 3928; x_wconf 89' lang='lat' dir='ltr'><strong>et</strong></span> <span class='ocrx_word' id='word_1_421' title='bbox 3284 3881 3435 3929; x_wconf 83' lang='lat' dir='ltr'><strong>natus</strong></span> <span class='ocrx_word' id='word_1_422' title='bbox 3455 3915 3469 3942; x_wconf 93' lang='lat'><strong>,</strong></span> <span class='ocrx_word' id='word_1_423' title='bbox 3501 3882 3601 3931; x_wconf 87' lang='lat' dir='ltr'><strong>etc.</strong></span> 
     </span>
    </p>
   </div>
   <div class='ocr_carea' id='block_1_16' title="bbox 2406 4036 3935 4769">
    <p class='ocr_par' dir='ltr' id='par_1_20' title="bbox 2406 4036 3935 4769">
     <span class='ocr_line' id='line_1_72' title="bbox 2487 4036 3935 4121; baseline 0.001 -21"><span class='ocrx_word' id='word_1_424' title='bbox 2487 4036 2703 4102; x_wconf 89' lang='lat' dir='ltr'><strong>Innuit</strong></span> <span class='ocrx_word' id='word_1_425' title='bbox 2732 4037 3035 4119; x_wconf 86' lang='lat' dir='ltr'><strong>Magister</strong></span> <span class='ocrx_word' id='word_1_426' title='bbox 3069 4038 3240 4119; x_wconf 90' lang='lat' dir='ltr'><strong>quod</strong></span> <span class='ocrx_word' id='word_1_427' title='bbox 3289 4038 3578 4104; x_wconf 84' lang='lat' dir='ltr'><strong>Christus</strong></span> <span class='ocrx_word' id='word_1_428' title='bbox 3618 4043 3935 4121; x_wconf 83' lang='lat' dir='ltr'><strong>conceptus</strong></span> 
     </span>
     <span class='ocr_line' id='line_1_73' title="bbox 2406 4145 3933 4231; baseline -0.001 -21"><span class='ocrx_word' id='word_1_429' title='bbox 2406 4152 2500 4210; x_wconf 87' lang='lat' dir='ltr'><strong>est</strong></span> <span class='ocrx_word' id='word_1_430' title='bbox 2527 4147 2605 4210; x_wconf 89' lang='lat' dir='ltr'><strong>de</strong></span> <span class='ocrx_word' id='word_1_431' title='bbox 2641 4146 2884 4229; x_wconf 88' lang='lat' dir='ltr'><strong>Spiritu</strong></span> <span class='ocrx_word' id='word_1_432' title='bbox 2909 4150 3125 4210; x_wconf 73' lang='lat' dir='ltr'><strong>sancto</strong></span> <span class='ocrx_word' id='word_1_433' title='bbox 3148 4195 3165 4225; x_wconf 88' lang='lat'><strong>,</strong></span> <span class='ocrx_word' id='word_1_434' title='bbox 3199 4147 3352 4227; x_wconf 84' lang='lat' dir='ltr'><strong>quia</strong></span> <span class='ocrx_word' id='word_1_435' title='bbox 3382 4167 3497 4229; x_wconf 93' lang='lat' dir='ltr'><strong>per</strong></span> <span class='ocrx_word' id='word_1_436' title='bbox 3531 4149 3802 4231; x_wconf 87' lang='lat' dir='ltr'><strong>gratiam</strong></span> <span class='ocrx_word' id='word_1_437' title='bbox 3836 4145 3933 4210; x_wconf 90' lang='lat' dir='ltr'><strong>Dei</strong></span> 
     </span>
     <span class='ocr_line' id='line_1_74' title="bbox 2407 4252 3930 4336; baseline 0 -19"><span class='ocrx_word' id='word_1_438' title='bbox 2407 4257 2470 4318; x_wconf 91' lang='lat' dir='ltr'><strong>et</strong></span> <span class='ocrx_word' id='word_1_439' title='bbox 2495 4253 2928 4336; x_wconf 87' lang='lat' dir='ltr'><strong>operationem</strong></span> <span class='ocrx_word' id='word_1_440' title='bbox 2953 4300 2969 4330; x_wconf 89' lang='lat'><strong>,</strong></span> <span class='ocrx_word' id='word_1_441' title='bbox 3000 4256 3118 4315; x_wconf 93' lang='lat' dir='ltr'><strong>etc.</strong></span> <span class='ocrx_word' id='word_1_442' title='bbox 3152 4252 3217 4316; x_wconf 93' lang='lat' dir='ltr'><strong>Si</strong></span> <span class='ocrx_word' id='word_1_443' title='bbox 3245 4254 3419 4317; x_wconf 91' lang='lat' dir='ltr'><strong>enim</strong></span> <span class='ocrx_word' id='word_1_444' title='bbox 3447 4255 3593 4319; x_wconf 82' lang='lat' dir='ltr'><strong>haec</strong></span> <span class='ocrx_word' id='word_1_445' title='bbox 3630 4260 3725 4319; x_wconf 88' lang='lat' dir='ltr'><strong>est</strong></span> <span class='ocrx_word' id='word_1_446' title='bbox 3747 4254 3895 4318; x_wconf 89' lang='lat' dir='ltr'><strong>ratio</strong></span> <span class='ocrx_word' id='word_1_447' title='bbox 3912 4301 3930 4330; x_wconf 91' lang='lat'><strong>,</strong></span> 
     </span>
     <span class='ocr_line' id='line_1_75' title="bbox 2410 4361 3933 4445; baseline -0.002 -19"><span class='ocrx_word' id='word_1_448' title='bbox 2410 4362 2663 4426; x_wconf 88' lang='lat' dir='ltr'><strong>videtur</strong></span> <span class='ocrx_word' id='word_1_449' title='bbox 2700 4362 2839 4445; x_wconf 89' lang='lat' dir='ltr'><strong>pari</strong></span> <span class='ocrx_word' id='word_1_450' title='bbox 2875 4362 3119 4425; x_wconf 90' lang='lat' dir='ltr'><strong>ratione</strong></span> <span class='ocrx_word' id='word_1_451' title='bbox 3164 4362 3333 4443; x_wconf 83' lang='lat' dir='ltr'><strong>quod</strong></span> <span class='ocrx_word' id='word_1_452' title='bbox 3375 4361 3654 4444; x_wconf 88' lang='lat' dir='ltr'><strong>Spiritus</strong></span> <span class='ocrx_word' id='word_1_453' title='bbox 3698 4364 3933 4426; x_wconf 87' lang='lat' dir='ltr'><strong>sanctus</strong></span> 
     </span>
     <span class='ocr_line' id='line_1_76' title="bbox 2409 4468 3931 4551; baseline -0.003 -17"><span class='ocrx_word' id='word_1_454' title='bbox 2409 4488 2556 4534; x_wconf 87' lang='lat' dir='ltr'><strong>eum</strong></span> <span class='ocrx_word' id='word_1_455' title='bbox 2594 4469 2821 4551; x_wconf 87' lang='lat' dir='ltr'><strong>genuit</strong></span> <span class='ocrx_word' id='word_1_456' title='bbox 2852 4492 2867 4532; x_wconf 74' lang='grc' dir='ltr'><strong><em>ι</em></strong></span> <span class='ocrx_word' id='word_1_457' title='bbox 2900 4474 2963 4533; x_wconf 92' lang='lat' dir='ltr'><strong>et</strong></span> <span class='ocrx_word' id='word_1_458' title='bbox 3004 4468 3129 4532; x_wconf 88' lang='lat' dir='ltr'><strong>hoc</strong></span> <span class='ocrx_word' id='word_1_459' title='bbox 3168 4468 3475 4551; x_wconf 89' lang='lat' dir='ltr'><strong>probatur</strong></span> <span class='ocrx_word' id='word_1_460' title='bbox 3519 4487 3633 4551; x_wconf 91' lang='lat' dir='ltr'><strong>per</strong></span> <span class='ocrx_word' id='word_1_461' title='bbox 3672 4468 3931 4533; x_wconf 88' lang='lat' dir='ltr'><strong>Glossam</strong></span> 
     </span>
     <span class='ocr_line' id='line_1_77' title="bbox 2410 4576 3927 4662; baseline -0.004 -20"><span class='ocrx_word' id='word_1_462' title='bbox 2410 4599 2601 4662; x_wconf 88' lang='lat' dir='ltr'><strong>super</strong></span> <span class='ocrx_word' id='word_1_463' title='bbox 2623 4582 2646 4616; x_wconf 81' lang='lat'>²</span> <span class='ocrx_word' id='word_1_464' title='bbox 2677 4600 2694 4644; x_wconf 72' lang='grc' dir='ltr'>ε</span> <span class='ocrx_word' id='word_1_465' title='bbox 2728 4580 2955 4644; x_wconf 81' lang='lat' dir='ltr'><strong>Potens</strong></span> <span class='ocrx_word' id='word_1_466' title='bbox 2995 4583 3086 4643; x_wconf 81' lang='lat' dir='ltr'><strong>est</strong></span> <span class='ocrx_word' id='word_1_467' title='bbox 3121 4579 3287 4644; x_wconf 79' lang='lat' dir='ltr'><strong>Deus</strong></span> <span class='ocrx_word' id='word_1_468' title='bbox 3328 4578 3406 4644; x_wconf 79' lang='lat' dir='ltr'><strong>de</strong></span> <span class='ocrx_word' id='word_1_469' title='bbox 3440 4576 3798 4661; x_wconf 80' lang='lat' dir='ltr'><strong>lapidibus,</strong></span> <span class='ocrx_word' id='word_1_470' title='bbox 3825 4580 3927 4639; x_wconf 87' lang='lat' dir='ltr'><strong>etc.</strong></span> 
     </span>
     <span class='ocr_line' id='line_1_78' title="bbox 2412 4681 3932 4769; baseline -0.005 -17"><span class='ocrx_word' id='word_1_471' title='bbox 2412 4688 2483 4752; x_wconf 88' lang='lat' dir='ltr'><strong>In</strong></span> <span class='ocrx_word' id='word_1_472' title='bbox 2530 4686 2728 4769; x_wconf 87' lang='lat' dir='ltr'><strong>hujus</strong></span> <span class='ocrx_word' id='word_1_473' title='bbox 2771 4686 2864 4750; x_wconf 88' lang='lat' dir='ltr'><strong>rei</strong></span> <span class='ocrx_word' id='word_1_474' title='bbox 2913 4685 3352 4750; x_wconf 90' lang='lat' dir='ltr'><strong>testimonium</strong></span> <span class='ocrx_word' id='word_1_475' title='bbox 3398 4686 3563 4751; x_wconf 90' lang='lat' dir='ltr'><strong>Deus</strong></span> <span class='ocrx_word' id='word_1_476' title='bbox 3608 4685 3826 4767; x_wconf 88' lang='lat' dir='ltr'><strong>genuit</strong></span> <span class='ocrx_word' id='word_1_477' title='bbox 3863 4681 3932 4746; x_wconf 86' lang='lat' dir='ltr'><strong>de</strong></span> 
     </span>
    </p>
   </div>
   <div class='ocr_carea' id='block_1_17' title="bbox 2392 4781 3931 4876">
    <p class='ocr_par' dir='ltr' id='par_1_21' title="bbox 2392 4781 3931 4876">
     <span class='ocr_line' id='line_1_79' title="bbox 2392 4781 3931 4876; baseline -0.004 -18"><span class='ocrx_word' id='word_1_478' title='bbox 2392 4781 2568 4858; x_wconf 50' lang='lat' dir='ltr'><strong>¹Sara</strong></span> <span class='ocrx_word' id='word_1_479' title='bbox 2595 4794 2801 4858; x_wconf 84' lang='lat' dir='ltr'><strong>filium</strong></span> <span class='ocrx_word' id='word_1_480' title='bbox 2836 4813 2852 4856; x_wconf 76' lang='grc' dir='ltr'>ε</span> <span class='ocrx_word' id='word_1_481' title='bbox 2882 4811 3041 4875; x_wconf 91' lang='lat' dir='ltr'><strong>ergo</strong></span> <span class='ocrx_word' id='word_1_482' title='bbox 3079 4793 3337 4857; x_wconf 89' lang='lat' dir='ltr'><strong>videtur</strong></span> <span class='ocrx_word' id='word_1_483' title='bbox 3375 4793 3549 4876; x_wconf 91' lang='lat' dir='ltr'><strong>quod</strong></span> <span class='ocrx_word' id='word_1_484' title='bbox 3579 4793 3775 4856; x_wconf 91' lang='lat' dir='ltr'><strong>multo</strong></span> <span class='ocrx_word' id='word_1_485' title='bbox 3815 4792 3931 4854; x_wconf 84' lang='lat' dir='ltr'><strong>for·</strong></span> 
     </span>
    </p>
   </div>
   <div class='ocr_carea' id='block_1_18' title="bbox 2411 4896 3931 5517">
    <p class='ocr_par' dir='ltr' id='par_1_22' title="bbox 2411 4896 3930 5091">
     <span class='ocr_line' id='line_1_80' title="bbox 2411 4896 3930 4985; baseline -0.004 -20"><span class='ocrx_word' id='word_1_486' title='bbox 2411 4902 2541 4966; x_wconf 85' lang='lat' dir='ltr'><strong>tius</strong></span> <span class='ocrx_word' id='word_1_487' title='bbox 2582 4903 2777 4985; x_wconf 88' lang='lat' dir='ltr'><strong>possit</strong></span> <span class='ocrx_word' id='word_1_488' title='bbox 2816 4902 2973 4981; x_wconf 87' lang='lat' dir='ltr'><strong>dici,</strong></span> <span class='ocrx_word' id='word_1_489' title='bbox 3029 4902 3198 4983; x_wconf 89' lang='lat' dir='ltr'><strong>quod</strong></span> <span class='ocrx_word' id='word_1_490' title='bbox 3246 4901 3581 4983; x_wconf 89' lang='lat' dir='ltr'><strong>generavit</strong></span> <span class='ocrx_word' id='word_1_491' title='bbox 3625 4900 3823 4964; x_wconf 85' lang='lat' dir='ltr'><strong>fllium</strong></span> <span class='ocrx_word' id='word_1_492' title='bbox 3865 4896 3930 4958; x_wconf 82' lang='lat' dir='ltr'><strong>de</strong></span> 
     </span>
     <span class='ocr_line' id='line_1_81' title="bbox 2412 5006 3927 5091; baseline -0.007 -17"><span class='ocrx_word' id='word_1_493' title='bbox 2412 5009 2677 5090; x_wconf 84' lang='lat' dir='ltr'><strong>Virgine</strong></span> <span class='ocrx_word' id='word_1_494' title='bbox 2705 5009 2924 5089; x_wconf 92' lang='lat' dir='ltr'><strong>Maria,</strong></span> <span class='ocrx_word' id='word_1_495' title='bbox 2947 5009 3001 5073; x_wconf 90' lang='lat' dir='ltr'><strong>si</strong></span> <span class='ocrx_word' id='word_1_496' title='bbox 3028 5008 3314 5091; x_wconf 87' lang='lat' dir='ltr'><strong>concepit</strong></span> <span class='ocrx_word' id='word_1_497' title='bbox 3341 5009 3417 5072; x_wconf 91' lang='lat' dir='ltr'><strong>de</strong></span> <span class='ocrx_word' id='word_1_498' title='bbox 3445 5006 3685 5091; x_wconf 90' lang='lat' dir='ltr'><strong>Spiritu</strong></span> <span class='ocrx_word' id='word_1_499' title='bbox 3710 5006 3927 5068; x_wconf 89' lang='lat' dir='ltr'><strong>sancto.</strong></span> 
     </span>
    </p>

    <p class='ocr_par' dir='ltr' id='par_1_23' title="bbox 2413 5106 3931 5517">
     <span class='ocr_line' id='line_1_82' title="bbox 2494 5106 3930 5199; baseline -0.009 -19"><span class='ocrx_word' id='word_1_500' title='bbox 2494 5117 2678 5199; x_wconf 88' lang='lat' dir='ltr'><strong>Resp.</strong></span> <span class='ocrx_word' id='word_1_501' title='bbox 2717 5117 3059 5181; x_wconf 87' lang='lat' dir='ltr'><strong>Dicendum</strong></span> <span class='ocrx_word' id='word_1_502' title='bbox 3084 5120 3178 5179; x_wconf 88' lang='lat' dir='ltr'><strong>est</strong></span> <span class='ocrx_word' id='word_1_503' title='bbox 3204 5116 3282 5179; x_wconf 89' lang='lat' dir='ltr'><strong>ad</strong></span> <span class='ocrx_word' id='word_1_504' title='bbox 3313 5116 3456 5194; x_wconf 86' lang='lat' dir='ltr'><strong>hoc,</strong></span> <span class='ocrx_word' id='word_1_505' title='bbox 3488 5115 3675 5198; x_wconf 84' lang='lat' dir='ltr'><strong>quod,</strong></span> <span class='ocrx_word' id='word_1_506' title='bbox 3698 5113 3847 5174; x_wconf 88' lang='lat' dir='ltr'><strong>sicut</strong></span> <span class='ocrx_word' id='word_1_507' title='bbox 3873 5106 3930 5167; x_wconf 91' lang='lat' dir='ltr'><strong>in</strong></span> 
     </span>
     <span class='ocr_line' id='line_1_83' title="bbox 2413 5216 3931 5307; baseline -0.01 -17"><span class='ocrx_word' id='word_1_508' title='bbox 2413 5225 2704 5307; x_wconf 89' lang='lat' dir='ltr'><strong>sequenti</strong></span> <span class='ocrx_word' id='word_1_509' title='bbox 2730 5225 2930 5306; x_wconf 88' lang='lat' dir='ltr'><strong>capite</strong></span> <span class='ocrx_word' id='word_1_510' title='bbox 2959 5223 3262 5300; x_wconf 90' lang='lat' dir='ltr'><strong>habetur,</strong></span> <span class='ocrx_word' id='word_1_511' title='bbox 3296 5222 3503 5285; x_wconf 84' lang='lat' dir='ltr'><strong>differt</strong></span> <span class='ocrx_word' id='word_1_512' title='bbox 3532 5233 3851 5304; x_wconf 64' lang='lat' dir='ltr'><strong>ueneram,</strong></span> <span class='ocrx_word' id='word_1_513' title='bbox 3876 5216 3931 5275; x_wconf 89' lang='lat' dir='ltr'><strong>et</strong></span> 
     </span>
     <span class='ocr_line' id='line_1_84' title="bbox 2414 5325 3924 5415; baseline -0.013 -13"><span class='ocrx_word' id='word_1_514' title='bbox 2414 5335 2654 5413; x_wconf 74' lang='lat' dir='ltr'><strong>facere,</strong></span> <span class='ocrx_word' id='word_1_515' title='bbox 2685 5332 2840 5415; x_wconf 88' lang='lat' dir='ltr'><strong>quia</strong></span> <span class='ocrx_word' id='word_1_516' title='bbox 2868 5333 3072 5411; x_wconf 73' lang='lat' dir='ltr'><strong>facere</strong></span> <span class='ocrx_word' id='word_1_517' title='bbox 3110 5328 3262 5393; x_wconf 91' lang='lat' dir='ltr'><strong>dicit</strong></span> <span class='ocrx_word' id='word_1_518' title='bbox 3287 5329 3714 5411; x_wconf 89' lang='lat' dir='ltr'><strong>operationem</strong></span> <span class='ocrx_word' id='word_1_519' title='bbox 3742 5325 3924 5386; x_wconf 88' lang='lat' dir='ltr'><strong>virtu·</strong></span> 
     </span>
     <span class='ocr_line' id='line_1_85' title="bbox 2417 5429 3927 5517; baseline -0.011 -15"><span class='ocrx_word' id='word_1_520' title='bbox 2417 5441 2499 5502; x_wconf 85' lang='lat' dir='ltr'><strong>tis</strong></span> <span class='ocrx_word' id='word_1_521' title='bbox 2527 5440 2857 5517; x_wconf 65' lang='lat' dir='ltr'><strong>effectivae,</strong></span> <span class='ocrx_word' id='word_1_522' title='bbox 2888 5437 3021 5501; x_wconf 89' lang='lat' dir='ltr'><strong>sive</strong></span> <span class='ocrx_word' id='word_1_523' title='bbox 3045 5451 3258 5499; x_wconf 79' lang='lat' dir='ltr'><strong>causae</strong></span> <span class='ocrx_word' id='word_1_524' title='bbox 3285 5434 3641 5512; x_wconf 80' lang='lat' dir='ltr'><strong>efficientis,</strong></span> <span class='ocrx_word' id='word_1_525' title='bbox 3673 5429 3927 5496; x_wconf 84' lang='lat' dir='ltr'><strong>maxime</strong></span> 
     </span>
    </p>
   </div>
  </div>
 </body>
</html>
