4185 6288
1275 478 1477 547 msT.
1519 479 1707 547 xxn.
1753 479 1936 547 ΛΒΤ.
1981 480 2031 547 1.
2077 481 2378 562 QUAEST.
2423 484 2531 553 vl.

297 615 379 682 ad
410 616 711 684 inferiora
740 635 941 701 :ergo
969 635 1100 683 non
1126 617 1385 683 videtur
1410 615 1584 702 quod
1611 616 1845 682 animae

297 729 668 791 sanctorum
711 726 925 791 statim
966 729 1108 807 post
1143 726 1417 790 mortem
1446 723 1678 791 Christi
1701 743 1849 809 per-

300 831 509 898 ductae
535 832 771 897 fuerint
807 832 878 896 in
905 830 1161 897 coelum.

842 1074 1299 1143 CONCLUSIO.

305 1244 527 1303 Anima
570 1243 636 1300 de
689 1245 905 1311 interno
940 1257 1043 1315 per
1087 1242 1357 1300 Christum
1408 1244 1685 1317 liberata,
1742 1261 1851 1304 non

370 1334 562 1391 statim
607 1334 669 1389 in
709 1334 898 1388 coelum
938 1332 1322 1398 ascenderunt,
1363 1336 1612 1405 quamvis
1657 1338 1851 1393 statim

368 1422 609 1480 viderint
637 1423 814 1479 lumen
841 1427 1096 1480 aternum
1117 1463 1133 1492 ,
1165 1427 1218 1480 et
1247 1423 1416 1480 beatoe
1436 1425 1600 1493 factm
1624 1426 1755 1481 sint.

382 1584 569 1667 Roep.
598 1584 680 1650 ad
704 1602 848 1666 arg.
877 1583 1226 1648 Dicendum
1244 1582 1417 1666 quod
1446 1583 1684 1649 animae
1711 1602 1854 1649 san-

303 1701 555 1761 ctornm
581 1712 716 1759 non
742 1694 956 1759 statim
977 1699 1117 1777 post
1144 1698 1417 1758 mortem
1442 1694 1672 1760 Christi
1699 1713 1847 1778 per-

302 1804 514 1869 ductae
555 1806 708 1868 sunt
751 1803 819 1866 in
866 1801 1100 1866 coelum
1143 1805 1458 1884 quantum
1485 1802 1567 1866 ad
1592 1802 1808 1866 locum
1827 1824 1848 1881 3

301 1911 519 1976 statim
567 1914 785 1975 tamen
829 1912 973 1992 post
1019 1908 1477 1973 resolutionem
1529 1908 1764 1973 animae
1813 1928 1854 1974 a

302 2038 567 2104 corpore
615 2019 685 2084 in
724 2019 954 2084 Christi
1010 2018 1318 2083 descensu
1363 2018 1446 2083 ad
1487 2019 1726 2083 inferos
1754 2019 1852 2084 vi-

302 2126 535 2193 derunt
551 2126 773 2190 lumen
795 2130 1136 2205 aeternum,
1157 2129 1217 2189 et
1245 2126 1448 2190 beatae
1477 2126 1655 2191 factae
1677 2131 1852 2206 sunt,

303 2239 370 2299 et
407 2235 790 2318 patefactum
837 2237 932 2298 est
979 2232 1214 2299 coelum
1264 2234 1358 2298 eis
1401 2239 1716 2316 quantum
1775 2233 1854 2298 ad

302 2342 681 2426 proemium.
751 2340 931 2406 Unde
991 2342 1060 2404 in
1109 2341 1248 2405 loco
1304 2342 1500 2406 etiam
1553 2342 1854 2407 infernali

302 2453 646 2519 existentes
659 2450 1030 2516 habuerunt
1048 2449 1440 2533 paradisum,
1473 2454 1536 2514 et
1562 2453 1849 2533 apertam

303 2563 415 2628 Dei
445 2562 783 2640 visionem,
831 2579 979 2644 quae
1002 2577 1137 2624 non
1167 2563 1261 2623 est
1289 2558 1464 2623 aliud
1495 2576 1693 2641 quam
1724 2557 1860 2622 vita

305 2674 566 2733 aeterna.
623 2667 794 2732 Licet
854 2670 1070 2731 autem
1126 2665 1586 2729 beatitudinem
1642 2663 1858 2728 statim

305 2780 448 2861 post
497 2780 771 2841 mortem
826 2775 1054 2839 Christi
1111 2774 1441 2852 haberent,
1476 2789 1609 2835 non
1643 2773 1860 2835 tamen

307 2888 522 2949 locum
540 2882 952 2948 beatitudinis
987 2881 1201 2945 statim
1228 2880 1473 2962 adeptae
1493 2882 1676 2942 sunt:
1696 2896 1859 2961 quo-

310 2993 486 3057 niam
531 2991 667 3074 ipse
712 2989 1000 3055 Christus
1037 2988 1257 3053 debuit
1301 2988 1370 3050 in
1406 2986 1708 3052 omnibus
1733 2986 1867 3067 pri-

311 3104 560 3166 matum
579 3103 819 3178 tenere,
847 3101 911 3162 et
939 3093 1410 3180 primogenitus
1435 3111 1569 3159 esse
1597 3092 1664 3156 in
1691 3093 1863 3157 mul·

309 3210 390 3274 tis
416 3209 741 3286 fratribus,
761 3211 1068 3289 tanquam
1092 3208 1280 3286 eaput
1294 3203 1612 3266 omnium.
1635 3200 1866 3267 Resur-

310 3319 506 3382 rectio
549 3321 768 3380 autem
805 3313 1057 3392 Christi,
1105 3317 1166 3376 et
1194 3313 1335 3393 ejus
1374 3309 1698 3386 ascensio,
1743 3309 1864 3373 dir-

309 3425 460 3490 ferri
496 3422 718 3488 debuit
760 3426 1019 3505 propter
1064 3423 1299 3483 nostrae
1344 3416 1494 3481 fidei
1523 3417 1866 3480 conflrma-

309 3533 589 3597 tionem:
628 3528 764 3593 ideo
796 3527 970 3592 enim
995 3525 1185 3591 dilata
1214 3524 1338 3588 fuit
1363 3523 1769 3600 resurrectio,
1795 3526 1869 3587 ut

313 3639 752 3704 ostenderetur
794 3634 966 3719 quod
1021 3651 1174 3698 vere
1233 3631 1520 3696 Christus
1573 3635 1869 3696 mortuus

313 3747 489 3811 furit.
534 3743 612 3809 Et
651 3743 789 3808 ideo
836 3743 1030 3807 etiam
1070 3741 1263 3806 dilata
1306 3741 1427 3805 suit
1457 3741 1762 3820 ascensio,
1792 3742 1872 3803 ut

313 3871 430 3937 per
480 3852 685 3917 multa
729 3854 1114 3934 argumenta
1163 3847 1601 3915 ostenderetur
1622 3896 1639 3924 ,
1695 3848 1868 3932 quod

314 3979 468 4026 vere
496 3959 939 4037 resurrexerit,
973 3957 1327 4022 secundum
1357 3958 1528 4040 quod
1557 3956 1789 4020 dicitur
1817 3962 1863 4019 ¹:

323 4069 602 4136 Praebuit
626 4070 1035 4151 semetipsum
1077 4069 1151 4133 in
1188 4064 1414 4132 multis
1447 4066 1866 4147 arqumentis,

319 4191 641 4259 apparens
668 4177 783 4254 eis,
817 4179 935 4239 etc.
969 4172 1285 4251 Quoniam
1323 4189 1483 4253 ergo
1513 4171 1696 4235 nulla
1730 4169 1872 4234 ani-

320 4302 428 4347 ma
468 4283 540 4346 in
583 4282 816 4347 coelum
854 4280 1074 4345 debuit
1116 4278 1454 4344 ascendere
1495 4281 1642 4341 ante
1699 4275 1874 4342 Chri-

319 4394 517 4469 stum,
564 4393 629 4454 et
673 4388 902 4454 Christi
947 4387 1233 4451 ascensio
1286 4389 1545 4469 propter
1587 4388 1872 4449 nostram

321 4497 593 4563 salutem
621 4495 842 4563 debuit
868 4494 1113 4560 differri
1139 4494 1326 4559 :hinc
1339 4497 1434 4558 est
1450 4492 1617 4576 quod
1638 4492 1875 4557 animae

386 4669 404 4704 ¹
430 4668 617 4731 Act.,1,
641 4670 798 4720 3.--’
816 4666 972 4729 Aug„
998 4665 1182 4729 Epist„
1204 4674 1329 4724 nvn,
1354 4677 1401 4714 c.
1422 4673 1500 4723 ιιι,
1518 4660 1584 4711 al.
1607 4673 1873 4726 chxxvn,

320 4759 375 4797 n.
399 4746 448 4796 Ἰ.
476 4772 537 4783 -
570 4745 635 4811 (α)
663 4744 803 4796 Edit.
831 4741 970 4792 Vent.
998 4742 1204 4794 Lucam.

3390 494 3511 556 473

1954 623 2321 685 sanctorum
2381 639 2500 686 nec
2570 621 2787 685 statim
2854 621 3124 686 fuerunt
3174 623 3254 688 de
3312 623 3510 688 limbo

1954 728 2226 805 eductae,
2266 745 2386 793 nec
2426 728 2639 793 statim
2672 728 2740 792 in
2787 728 3022 794 coelesti
3051 731 3344 814 paradiso
3376 732 3513 797 fne-

1955 838 2117 901 runt
2160 835 2381 901 locatae
2407 883 2425 914 ,
2458 835 2678 902 divina
2712 837 3182 921 dispensatione
3232 838 3356 905 hoc
3414 839 3511 904 fa-

1957 943 2165 1007 ciente
2196 944 2276 1009 ad
2305 949 2587 1009 nostram
2616 945 2913 1010 salutem.

2041 1055 2098 1114 l.
2131 1051 2229 1116 Ad
2254 1052 2411 1117 illud
2438 1053 2610 1137 quod
2637 1053 2939 1136 objicitur
2965 1055 3342 1122 auctoritate
3386 1057 3508 1123 Do·

1956 1159 2121 1224 mini
2140 1160 2211 1225 in
2235 1163 2413 1227 Luca
2438 1162 2542 1244 (a),
2576 1162 2921 1227 dicendum
2937 1163 3133 1245 quod,
3168 1164 3337 1229 sicut
3364 1164 3515 1231 dicit

1958 1268 2411 1349 Augustinus·
2442 1269 2566 1334 hoc
2605 1271 2884 1335 verbum
2912 1289 3275 1354 exponenS,
3307 1274 3513 1340 Para-

1959 1371 2150 1437 disus
2204 1371 2294 1435 ibi
2334 1372 2571 1437 dicitur
2616 1390 2747 1436 non
2799 1373 2975 1438 locus
3019 1375 3340 1459 empyrei,
3396 1396 3514 1442 nec

1957 1477 2138 1543 locus
2173 1477 2452 1561 paradisi
2488 1478 2828 1560 terrestris,
2873 1479 2984 1546 sed
3023 1480 3161 1564 ipsa
3187 1482 3296 1546 Dei
3323 1482 3510 1549 visio.

1962 1593 2365 1677 Ubicumque
2429 1594 2605 1659 enim
2653 1594 2851 1659 homo
2899 1597 3029 1676 sit,
3086 1597 3245 1662 dum
3297 1603 3513 1667 tamen

1961 1704 2163 1768 Deum
2210 1705 2428 1785 aperte
2461 1703 2708 1783 videat,
2752 1706 2958 1786 potest
2985 1704 3109 1770 dici
3137 1724 3273 1772 esse
3310 1707 3378 1773 in
3408 1727 3515 1791 pa-

1959 1810 2194 1875 radisO.

2041 1923 2104 1983 2.
2145 1918 2244 1984 Ad
2289 1917 2449 1983 illud
2490 1919 2665 2001 quod
2715 1919 3037 2002 objicitur,
3087 1921 3261 2005 quod
3301 1922 3515 1987 statim

1958 2026 2080 2091 fuit
2111 2028 2321 2109 janua
2359 2031 2581 2108 aperta
2602 2074 2619 2103 ‚
2654 2029 2719 2092 et
2761 2027 2926 2092 nihil
2970 2032 3107 2093 erat
3158 2030 3511 2110 retardans,

1962 2133 2304 2198 dicendum
2342 2133 2514 2216 quod
2555 2134 2771 2198 statim
2812 2137 2954 2217 post
2994 2137 3268 2200 mortem
3314 2139 3517 2219 janua

1966 2240 2089 2304 tuit
2113 2244 2333 2323 aperta
2358 2242 2676 2324 quantum
2697 2240 2776 2305 ad
2800 2240 3138 2321 meritum3
3171 2242 3280 2307 sed
3307 2243 3376 2306 in
3410 2259 3513 2307 re-

1973 2347 2372 2412 surrectione
2397 2352 2713 2430 quantum
2741 2348 2821 2412 ad
2839 2366 3171 2430 egressum
3195 2349 3273 2413 de
3290 2348 3513 2428 limbo,

1967 2457 2035 2519 in
2076 2456 2443 2519 ascensione
2486 2474 2640 2519 vero
2682 2459 3002 2538 quantum
3046 2456 3127 2521 ad
3181 2475 3517 2521 ascensum

1967 2563 2035 2626 in
2063 2562 2321 2627 coelum.
2353 2562 2530 2627 Unde
2566 2562 2635 2626 in
2662 2563 2962 2657 omnibus
2986 2562 3092 2627 his
3118 2563 3327 2627 tribus
3366 2563 3520 2629 dici-

1967 2675 2078 2734 tur
2098 2673 2302 2752 janua
2327 2670 2522 2734 fuisse
2548 2673 2790 2752 aperta,
2819 2670 3066 2734 ratione
3108 2674 3323 2733 tamen
3369 2669 3516 2734 alia.

1973 2779 2316 2856 Praeterea,
2364 2776 2535 2861 quod
2577 2778 2811 2842 dicitur
2849 2777 3021 2860 quod
3068 2777 3227 2841 nihil
3255 2781 3390 2842 erat
3417 2796 3520 2842 re·

1969 2886 2228 2950 tardans
2251 2932 2268 2960 ,
2299 2885 2588 2966 intellige
2634 2889 2952 2968 quantum
2996 2885 3077 2950 ad
3106 2884 3518 2963 violentiam3

1971 2995 2111 3056 erat
2149 2994 2366 3054 tamen
2414 2989 2655 3073 aliquid
2694 2991 3023 3054 retardans
3051 3009 3133 3055 ex
3165 2990 3523 3054 rationabili

1971 3119 2199 3181 causa,
2231 3099 2520 3164 videlicet
2561 3099 2783 3165 dilatio
2829 3099 3215 3164 ascensionis
3265 3097 3520 3177 Christi,

1973 3230 2122 3294 quae
2145 3210 2386 3275 differri
2408 3209 2683 3274 habebat·
2701 3227 2784 3272 ex
2813 3226 3006 3273 causa
3033 3225 3229 3291 supra
3253 3206 3441 3272 dicta.

2056 3324 2117 3384 3.
2136 3319 2234 3384 Ad
2249 3318 2405 3382 illud
2432 3334 2586 3383 vero
2604 3316 2779 3400 quod
2796 3316 3117 3399 oincitur,
3150 3316 3323 3398 quod
3351 3317 3528 3381 locus

1973 3423 2267 3505 superior
2313 3420 2614 3503 competit
2658 3420 2851 3483 statui
2896 3419 3147 3500 gloriae,
3180 3419 3524 3484 dicendum

1974 3531 2149 3614 quod
2175 3547 2405 3595 verum
2422 3533 2560 3592 est:
2590 3531 2895 3606 attamen,
2920 3527 3086 3590 sicut
3112 3525 3328 3607 angeli
3356 3527 3526 3591 beati

1978 3657 2059 3703 ex
2090 3655 2283 3701 causa
2329 3635 2675 3699 mittuntur
2706 3634 3007 3698 deorsum
3046 3633 3124 3697 ad
3157 3637 3393 3698 nostrae
3422 3652 3528 3699 sa-

1980 3745 2132 3810 lutis
2159 3743 2707 3827 procurationem,
2736 3741 3059 3825 quamviS,
3106 3740 3174 3804 in
3214 3745 3528 3825 quantum

1981 3853 2151 3918 beati
2195 3855 2367 3932 sunt,
2414 3851 2505 3915 eis
2541 3853 2860 3933 competat
2894 3848 3073 3913 locus
3117 3866 3406 3927 sursum3
3438 3848 3529 3914 sic

1983 3962 2176 4028 etiam
2203 3960 2380 4024 locus
2409 3958 2633 4041 gloriae
2677 3955 2923 4021 differri
2961 3958 3207 4039 poterat
3232 3973 3315 4020 ex
3341 3972 3534 4019 causa

1982 4071 2105 4134 illis
2129 4068 2469 4133 animabus
2495 4067 2572 4131 ad
2605 4069 2880 4147 tempus,

2061 4181 2125 4241 4.
2177 4175 2277 4242 Ad
2322 4174 2478 4238 illud
2525 4172 2697 4257 quod
2744 4170 3070 4252 objicitur,
3101 4167 3272 4252 quod
3300 4167 3536 4235 animae

1983 4284 2259 4348 aliorum
2313 4286 2682 4346 sanctorum
2738 4297 2912 4342 nunc
2978 4277 3192 4341 statim
3254 4275 3533 4356 evolant,

1976 4394 2117 4475 jam
2145 4392 2314 4473 patet
2343 4386 2670 4471 responsio
2702 4406 2716 4450 :
2749 4385 2904 4468 quia
2944 4387 3135 4466 caput
3169 4401 3394 4448 eorum
3442 4387 3536 4448 est

1984 4515 2203 4580 supra,
2236 4513 2356 4561 nec
2376 4499 2471 4559 est
2498 4493 2741 4576 aliquid
2765 4510 2848 4557 ex
2880 4497 3059 4575 parte
3079 4491 3391 4574 ipsarum,
3419 4508 3539 4555 nec

1987 4625 2071 4671 ex
2097 4606 2279 4687 parte
2303 4605 2522 4667 nostra
2538 4647 2555 4679 ‚
2591 4600 2766 4683 quod
2809 4599 3035 4665 debeat
3076 4598 3397 4664 retardare
3427 4602 3537 4664 :et

1985 4713 2130 4778 ideo
2160 4727 2293 4776 non
2320 4713 2415 4774 est
2436 4707 2669 4786 simile,
2694 4712 2815 4774 etc.
