4185 6288
487 2744 620 2803 Opin-
640 2751 682 2792 1.
731 2782 744 2795 .

701 396 819 458 624

699 528 926 593 debeat
950 533 1013 594 et
1038 529 1235 613 possit
1252 530 1526 613 impleri.
1545 529 1741 597 Juxta
1757 530 1880 596 hoc
1897 531 2234 614 quaeritur,

700 636 874 719 quod
893 636 945 700 si
964 638 1195 702 modus
1219 638 1323 702 ille
1351 657 1484 702 non
1509 638 1704 720 possit
1729 638 1979 720 impleri
2005 638 2073 701 in
2103 638 2233 713 via,

703 762 822 807 nec
849 744 992 827 quis
1020 751 1270 809 tenetur
1296 745 1482 810 illum
1510 745 1773 829 implere
1790 795 1808 824 ,
1835 747 1915 810 ad
1943 745 2100 828 quid
2128 764 2240 828 ap-

704 850 964 934 ponitur
1011 852 1178 915 inter
1227 857 1544 934 praecepta
1587 852 1806 917 divina
1840 855 1871 916 ⁴?
1918 851 1984 917 Si
2028 852 2200 915 dicas
2222 899 2241 927 ,

705 954 870 1017 sicut
917 953 1066 1018 dicit
1104 954 1510 1036 Augustinus
1534 958 1552 992 ¹
1577 1006 1597 1035 ,
1648 957 1818 1039 quod
1867 955 1991 1021 hoc
2032 960 2130 1020 est
2175 960 2247 1019 ut

708 1063 986 1126 sciamus
1011 1081 1143 1145 quo
1165 1063 1419 1127 tendere
1446 1063 1811 1144 debeamus;
1833 1064 1972 1147 pari
1997 1063 2247 1128 ratione

710 1186 867 1250 ergo
893 1170 1145 1234 videtur
1172 1170 1342 1253 quod
1370 1169 1538 1235 Deus
1564 1171 1853 1235 debuerit
1878 1170 2248 1253 praecepisse

710 1281 787 1339 ut
815 1275 1146 1341 videamus
1187 1296 1337 1341 eum
1379 1278 1536 1342 facie
1562 1277 1643 1342 ad
1687 1279 1912 1343 faciem
1942 1300 1958 1341 :
1992 1277 2166 1360 quod
2193 1276 2249 1339 si

710 1400 843 1446 non
898 1382 1123 1447 debuit
1167 1384 1372 1448 facere
1405 1431 1422 1459 ‚
1470 1403 1600 1448 non
1647 1385 1900 1450 videtur
1943 1384 2050 1447 illa
2088 1381 2250 1446 ratio

712 1490 1031 1555 sufficiens
1048 1539 1067 1570 ,
1107 1509 1302 1573 quam
1328 1491 1732 1574 Augustinus
1757 1491 2059 1572 assignat.

1266 1738 1416 1807 (1οΝ
1420 1738 1714 1806 CLUSIO.

715 1920 1046 1994 Proeceptmn
1096 1921 1159 1977 de
1196 1921 1469 1992 diliqendo
1511 1921 1617 1978 Deo
1660 1920 1848 1976 datum
1895 1921 1975 1976 sic
2020 1923 2258 1974 tenemur

790 2013 1010 2083 implere
1036 2053 1050 2078 ,
1080 2012 1222 2083 quod
1247 2013 1428 2068 nullus
1452 2013 1527 2068 sit
1560 2014 1623 2066 in
1650 2011 1801 2066 corde
1826 2013 2007 2065 nostro
2035 2009 2257 2079 affectus

789 2102 897 2158 Deo
926 2106 1254 2170 contrariu-⁴13
1298 2118 1405 2158 non
1441 2107 1647 2167 tamen,
1688 2101 1830 2171 quod
1872 2100 2002 2155 talis
2042 2098 2259 2154 dilectio

783 2195 1004 2265 penitus
1020 2209 1391 2265 quemcumque
1409 2193 1657 2263 affectum
1676 2195 1988 2248 &trunsum
2003 2188 2253 2259 abjiciat.

801 2352 988 2436 Raep.
1014 2352 1096 2417 ad
1119 2371 1261 2434 arg.
1290 2352 1387 2416 Ad
1418 2351 1866 2435 praedictorum
1893 2349 2258 2429 intelligen-

721 2461 876 2524 tiam
904 2466 1000 2525 est
1025 2459 1402 2535 notandum,
1421 2459 1594 2543 quod
1619 2478 1767 2524 cum
1795 2457 2136 2541 aliquando
2163 2456 2262 2520 di-

722 2574 870 2632 cant
894 2568 1056 2632 sacri
1083 2567 1368 2632 doctores
1389 2567 1651 2632 modum
1677 2567 2054 2650 praedictum
2082 2581 2265 2646 posse

725 2675 976 2758 impleri
997 2724 1017 2756 ,
1063 2675 1404 2757 aliquando
1447 2693 1602 2739 vero
1647 2675 1858 2738 dicant
1904 2691 2036 2737 non
2079 2689 2263 2754 posse

729 2781 1002 2865 impleri,
1023 2800 1106 2846 ex
1123 2781 1243 2846 boc
1267 2782 1688 2848 admonemur
1712 2781 1797 2862 (si
1810 2783 2162 2861 utcumque
2180 2777 2259 2859 (a)

729 2889 948 2955 videre
976 2890 1343 2972 possumus)
1375 2889 1544 2970 quod
1577 2905 1710 2956 uno
1747 2887 1937 2951 modo
1977 2886 2056 2950 ad
2097 2903 2264 2968 prae·

728 2998 970 3062 dictum
995 2997 1263 3061 modum
1300 2997 1669 3076 obligamur
1701 2994 1782 3059 ad
1821 2993 2262 3078 implendum,

729 3105 858 3170 alio
889 3105 1079 3170 modo
1114 3103 1472 3169 excitamur
1517 3102 1596 3167 ad
1640 3103 1854 3186 ipsum
1897 3100 2264 3166 desideran-

732 3212 912 3277 dum.
945 3211 1123 3276 Unde
1165 3210 1393 3274 modus
1416 3208 1757 3293 praedictus
1786 3226 1918 3272 uno
1956 3207 2148 3271 modo
2174 3210 2268 3271 est

734 3319 1054 3403 dispositio
1099 3318 1351 3396 meriti3
1398 3317 1523 3381 alio
1566 3316 1757 3380 modo
1810 3320 1906 3379 est
1945 3313 2269 3398 dispositio

653 3498 680 3529 N
733 3427 1007 3510 praemii.
1040 3423 1171 3490 Hoc
1196 3430 1415 3489 autem
1441 3429 1537 3488 est
1572 3422 1925 3487 secundum
1949 3422 2269 3504 duplicem

736 3535 1000 3599 modum
1031 3532 1354 3597 totalitatis
1379 3531 1616 3610 cordis,
1643 3531 1879 3615 animis
1918 3533 1983 3594 et
2009 3530 2265 3594 mentis.

734 3641 1080 3725 Dupliciter
1121 3640 1296 3705 enim
1325 3643 1529 3723 potest
1560 3636 1832 3719 intelligi
1875 3636 2047 3719 quod
2085 3654 2271 3701 amor

737 3749 850 3813 Dei
877 3747 1195 3831 possideat
1225 3751 1432 3811 totum
1468 3763 1580 3810 cor
1623 3766 1640 3808 ε
1685 3748 1799 3809 aut
1840 3744 1928 3808 ita
1955 3744 2127 3828 quod
2152 3763 2271 3809 ex-

737 3855 949 3920 cludat
974 3872 1235 3919 omnem
1263 3853 1561 3917 affectum
1590 3854 1999 3928 extraneum,
2027 3856 2091 3916 et
2115 3856 2271 3916 tunc

738 3964 1105 4030 dominatur
1131 3962 1316 4048 plene
1357 3967 1421 4026 et
1447 3960 1716 4044 perfecte
1750 3946 1964 4024 cordi:
1998 3959 2120 4024 hoc
2145 3972 2269 4024 au-

736 4076 867 4137 tem
908 4076 1037 4151 est,
1088 4069 1344 4154 quando
1383 4086 1605 4133 omnes
1649 4073 1863 4132 motus
1910 4066 2114 4131 cordis
2156 4084 2272 4149 per

738 4197 1024 4244 amorem
1068 4177 1429 4242 reseruntur
1464 4175 1533 4237 in
1570 4173 1772 4238 Deum
1805 4197 1822 4235 :
1853 4176 1917 4236 et
1942 4172 2084 4236 haec
2106 4177 2267 4237 tota-

737 4287 881 4351 litas
931 4286 1112 4370 ponit
1155 4283 1514 4349 dominium
1556 4282 1820 4364 plenum
1857 4301 1871 4342 :
1907 4280 2032 4344 alio
2081 4279 2271 4344 modo

737 4395 966 4460 dicitur
992 4410 1174 4457 amor
1199 4390 1309 4454 Dei
1337 4394 1546 4454 totum
1572 4407 1680 4452 cor
1706 4388 2047 4471 possidere,
2069 4406 2272 4470 quan·

738 4504 820 4567 do
861 4501 1144 4568 excludit
1189 4517 1448 4564 omnem
1490 4496 1786 4561 affectum
1836 4494 2227 4559 contrarium
2249 4542 2268 4575 ,

739 4613 861 4677 hoc
885 4615 1014 4689 est,
1044 4608 1212 4691 quod
1253 4605 1413 4670 nibil
1453 4603 1759 4685 diligatur
1800 4620 1995 4685 supra
2029 4601 2232 4666 Deum
2250 4651 2268 4682 ,

740 4721 846 4787 vel
871 4718 1202 4802 aequaliter
1229 4715 1351 4798 ipsi
1392 4713 1518 4791 Deo
1550 4735 1565 4775 :
1600 4709 1777 4775 etsie
1820 4708 2029 4790 diligit
2072 4708 2272 4774 Deum

741 4849 825 4894 ex
851 4834 984 4893 toto
1011 4824 1197 4890 corde
1215 4870 1236 4902 ,
1267 4821 1378 4905 qui
1405 4818 1614 4900 diligit
1643 4835 1795 4881 eum
1821 4820 2079 4899 propter
2105 4835 2172 4880 se
2212 4820 2276 4881 et

741 4954 931 5022 super
958 4933 1195 5000 omnia.
1228 4929 1444 4994 Prima
1470 4925 1742 4991 totalitas
1755 4971 1778 5003 ,
1810 4942 1957 5007 quae
1995 4924 2276 4990 excludit

741 5061 999 5111 omnem
1025 5046 1404 5106 extraneum
1433 5038 1686 5098 motum
1699 5081 1717 5112 ,
1750 5037 1844 5096 est
1876 5032 2132 5114 perfecti
2159 5032 2275 5098 do-

739 5150 963 5229 minii,
1009 5167 1129 5213 nec
1171 5149 1375 5230 potest
1417 5140 1639 5207 baberi
1682 5143 1828 5204 ante
1871 5139 2275 5222 adeptionem

807 5316 869 5378 (α)
896 5314 1020 5365 Coet.
1045 5310 1168 5360 edit.
1197 5311 1576 5370 utrumque.—
1607 5303 1677 5369 (ὁ)
1709 5302 1878 5366 Vulg„
1919 5304 2195 5353 maximum
2227 5307 2276 5353 ,ι

711 5390 907 5455 'primu
874 5401 1062 5435 αηι-
1085 5384 1144 5443 (ο)
1179 5381 1300 5430 Coee.
1320 5377 1441 5428 edit
1478 5379 1714 5427 attentet.

1804 392 2428 461 SENTENTIARUM
2468 394 2617 462 LIB.
2663 395 2771 462 111.

2348 530 2606 613 gloriae,
2635 533 2749 597 ubi
2776 533 2857 596 ad
2882 533 3097 616 ipsum
3139 533 3344 598 Deum
3374 533 3761 615 aspiciemus
3782 581 3802 610 ,
3828 537 3887 598 et

2349 638 2419 703 in
2461 640 2671 722 ipsum
2709 642 2993 705 feremur
3035 641 3356 704 continue.
3399 640 3696 705 Secunda
3743 658 3886 704 vero

2351 748 2622 810 totalitas
2662 752 2864 830 potest
2908 748 3130 812 haberi
3171 766 3287 831 per
3319 746 3715 811 infusionem
3756 766 3893 827 gra-

2350 853 2458 920 tiae
2478 902 2497 933 ,
2528 873 2678 937 quae
2713 860 2809 919 est
2847 855 3182 938 expulsiva
3209 854 3420 918 omnis
3446 853 3737 917 mortalis
3761 851 3893 916 cul·

2356 979 2477 1043 pae.
2526 960 2592 1026 Si
2640 980 2802 1043 ergo
2849 962 2921 1025 in
2968 962 3079 1026 illo
3134 966 3451 1044 praecepto
3500 960 3892 1040 intelligatur

2352 1069 2521 1134 Deus
2547 1070 2731 1151 diligi
2757 1088 2841 1133 ex
2866 1074 3000 1133 tota
3024 1070 3242 1132 anima
3261 1116 3281 1146 ,
3313 1073 3376 1131 et
3400 1086 3483 1132 ex
3507 1071 3641 1130 toto
3666 1065 3851 1130 corde
3872 1114 3890 1141 ,

2353 1182 2417 1241 et
2456 1195 2539 1240 ex
2576 1181 2707 1240 tota
2750 1182 2965 1242 mente
3002 1182 3320 1258 quantum
3355 1175 3437 1239 ad
3479 1176 3758 1257 primam
3794 1192 3895 1238 ac-

2355 1285 2708 1367 ceptionem
2753 1284 3077 1348 totalitatis
3106 1332 3125 1363 ,
3176 1284 3267 1346 sic
3322 1282 3555 1346 modus
3608 1281 3718 1345 ille
3773 1299 3891 1344 non

2356 1392 2599 1474 obligat
2632 1391 2714 1456 ad
2739 1392 2838 1456 sui
2871 1391 3345 1474 impletionem;
3377 1390 3486 1454 sed
3518 1389 3893 1471 exprimitur

2358 1500 2427 1563 in
2470 1503 2783 1583 praecepto
2806 1546 2825 1577 ,
2868 1503 2943 1562 ut
2972 1500 3248 1562 sciamus
3287 1515 3419 1580 quo
3460 1514 3579 1579 per
3618 1514 3893 1559 amorem

2359 1605 2705 1669 debeamus
2732 1603 3021 1684 tendere,
3051 1609 3117 1668 et
3141 1610 3212 1669 ut
3237 1622 3430 1667 nemo
3457 1621 3527 1666 se
3554 1603 3889 1685 perfectum

2360 1713 3061 1794 arbitretur,quousque
3070 1712 3246 1775 illam
3259 1711 3711 1794 perfectionem
3724 1710 3895 1773 suerit

2360 1826 2707 1886 assecutus.
2739 1820 2805 1885 Si
2847 1839 3003 1885 vero
3047 1821 3293 1884 dicatur
3338 1818 3612 1900 diligere
3654 1836 3741 1881 ex
3776 1823 3893 1880 toto

2362 1930 2550 1993 corde
2576 1930 2933 1993 secundum
2962 1928 3308 1992 secundam
3336 1927 3792 2009 acceptionem,
3817 1925 3895 1987 sic

2363 2042 2659 2101 tenemur
2704 2036 2782 2099 ad
2834 2036 3019 2099 illum
3067 2035 3333 2098 modum
3374 2032 3803 2117 implendum.
3828 2030 3896 2095 Et

2365 2145 2519 2228 quia
2540 2144 2894 2207 secundum
2940 2146 3284 2225 utramque
3322 2140 3763 2223 acceptionem
3788 2157 3894 2204 vo·

2366 2252 2487 2316 luit
2539 2251 2816 2333 Spiritus
2879 2252 3135 2313 sanctus
3199 2248 3477 2329 intelligi
3531 2248 3897 2331 praedictum

2366 2357 2780 2434 mandatum3
2830 2356 2981 2419 hinc
3025 2360 3123 2419 est
3167 2355 3340 2437 quod
3384 2354 3651 2437 quidam
3697 2353 3899 2418 dieunt

2366 2467 2582 2549 ipsum
2625 2480 2811 2548 posse
2851 2463 3104 2546 impleri
3151 2462 3223 2525 in
3264 2461 3407 2540 via,
3448 2462 3719 2543 quidam
3764 2478 3900 2526 vero

2369 2575 2591 2638 dicunt
2624 2573 2794 2656 quod
2834 2589 2971 2636 non
3013 2575 3219 2654 potest
3259 2568 3511 2651 impleri
3529 2617 3548 2645 ,
3580 2585 3900 2650 quousque

2370 2681 2777 2764 perveniatur
2820 2681 2899 2744 ad
2946 2678 3240 2762 patriam.
3286 2676 3366 2741 Et
3390 2675 3754 2740 secundum
3798 2676 3902 2738 boe

2371 2789 2722 2871 procedunt
2746 2789 3021 2852 rationes
3049 2786 3131 2851 ad
3152 2790 3363 2868 partes
3390 2783 3741 2866 oppositas.

2451 2894 2519 2959 Si
2555 2901 2769 2960 autem
2809 2898 3183 2977 quaeratur,
3222 2910 3422 2975 quare
3467 2891 3539 2954 in
3586 2891 3713 2954 isto
3754 2907 3903 2972 prae-

2373 3007 2552 3086 cepto
2582 3003 2794 3084 magis
2820 3001 3206 3085 exprimitur
3242 3017 3374 3082 quo
3399 2999 3663 3063 tendere
3693 2998 3903 3061 debea-

2375 3127 2556 3189 mus,
2603 3129 2802 3194 quam
2844 3110 2915 3174 in
2956 3108 3098 3173 aliis
3138 3106 3505 3191 praeceptis,
3548 3103 3907 3189 responderi

2373 3222 2607 3301 potest,
2659 3218 2813 3301 quia
2834 3214 3233 3298 'plenitudo
3281 3215 3439 3296 lepis
3488 3220 3586 3280 est
3627 3211 3904 3303 ᾴιῖεαιῖο,

2375 3324 2479 3389 et⁸
2504 3325 2662 3406 finis
2685 3325 2994 3407 proecepti
3022 3328 3116 3389 est
3154 3322 3479 3401 charitas,
3511 3325 3577 3385 et
3606 3326 3631 3360 ⁸
3649 3319 3912 3386 manda-

2376 3439 2515 3500 tum
2550 3431 2904 3496 dilectionis
2941 3435 3037 3495 est
3074 3433 3361 3512 primum
3400 3434 3461 3495 et
3485 3446 3809 3495 summum
3838 3426 3907 3507 (b)

2376 3538 2728 3603 secundum
2757 3538 3056 3603 divinum
3094 3536 3534 3601 testimonium
3565 3558 3584 3598 z
3617 3536 3761 3600 ideo
3784 3535 3912 3599 dis-

2375 3641 2555 3725 ponit
2600 3641 2874 3723 Spiritus
2926 3645 3181 3705 sanctus
3224 3641 3390 3704 circa
3434 3640 3652 3723 ipsum
3699 3638 3909 3721 expri-

2378 3768 2552 3815 mere
2598 3749 3042 3831 perfectionem
3060 3796 3081 3828 ,
3145 3752 3209 3811 et
3259 3747 3803 3829 complementum
3838 3745 3917 3810 ad

2378 3856 2550 3939 quod
2578 3854 2835 3936 singula
2859 3855 3030 3919 bona
3055 3859 3119 3919 et
3164 3854 3464 3917 mandata
3514 3854 3913 3931 ordinantur,

2379 3964 2591 4045 magis
2616 3981 2812 4045 quam
2832 3961 2903 4026 in
2923 3961 3137 4045 aliquo
3168 3966 3634 4046 praeceptorum
3670 3983 3687 4024 :
3721 3963 3786 4026 et
3810 3976 3920 4043 per

2378 4071 2502 4135 hoc
2523 4074 2742 4153 patent
2758 4069 2979 4133 omnia
3001 4086 3148 4151 quae
3174 4069 3345 4132 circa
3369 4068 3493 4133 hoc
3513 4072 3917 4151 quaeruntur.

2379 4178 2445 4243 Si
2466 4179 2612 4261 quis
2629 4181 2845 4242 autem
2863 4180 3163 4259 opponat,
3182 4176 3320 4240 sive
3330 4175 3631 4239 obtendat
3651 4175 3752 4258 (c),
3776 4192 3922 4237 mo-

2381 4286 2536 4351 dum
2572 4285 2759 4349 illum
2804 4284 3172 4367 simpliciter
3216 4300 3399 4365 posse
3437 4282 3693 4365 impleri
3720 4281 3787 4344 in
3819 4280 3924 4346 via

2381 4397 2696 4477 quantum
2721 4391 2802 4454 ad
2831 4390 3087 4473 aliquod
3123 4394 3381 4471 tempus
3391 4436 3413 4468 ,
3443 4389 3515 4452 111
3551 4407 3684 4471 quo
3721 4392 3923 4471 potest

2381 4500 2575 4565 homo
2591 4499 2863 4564 totaliter
2885 4499 3035 4562 ferri
3069 4498 3141 4562 in
3164 4496 3368 4562 Deum
3390 4547 3408 4577 ,
3435 4498 3526 4561 ita
3550 4501 3624 4562 ut
3644 4515 3767 4562 nec
3795 4497 3922 4561 sint

2382 4609 2452 4672 in
2474 4626 2550 4672 eo
2575 4612 2790 4671 motus
2818 4605 3106 4671 charitati
3134 4605 3439 4689 oppositi,
3460 4625 3579 4669 nec
3594 4605 3787 4669 etiam
3812 4623 3922 4669 ex·

2382 4715 2622 4796 trauei;
2674 4712 3036 4798 responderi
3084 4717 3291 4796 potest
3305 4761 3324 4791 ,
3379 4713 3552 4797 quod
3603 4712 3754 4777 licet
3798 4712 3921 4777 hoc

2382 4824 2582 4908 possit
2627 4842 2763 4888 esse
2793 4871 2811 4899 ,
2857 4828 2923 4888 et
2966 4821 3295 4905 aliquande
3351 4823 3435 4886 sit
3474 4822 3548 4885 111
3597 4821 3923 4905 aliquibus

2384 4931 2671 5015 personis
2694 4930 3147 4995 excellentibus
3160 4977 3181 5008 ‚
3214 4948 3346 4994 non
3376 4933 3597 4993 tamen
3628 4948 3921 4995 commu·

2384 5041 2549 5105 niter
2588 5039 2902 5123 reperitur
2945 5038 3015 5101 111
3064 5036 3433 5102 bominibus
3472 5036 3688 5119 iustis.
3740 5034 3924 5101 1³1·ae-

2384 5149 2588 5226 terea,
2617 5147 2763 5212 licet
2787 5146 2870 5211 sit
2893 5144 2985 5209 ibi
3002 5143 3277 5209 totalitas
3300 5148 3605 5210 motuum
3628 5149 3708 5210 ut
3725 5162 3921 5225 nune,

2453 5304 2472 5339 ¹
2497 5305 2647 5368 Aug„
2671 5304 2803 5353 cont.
2825 5301 3043 5366 Coelest„
3069 5305 3187 5367 post
3208 5316 3348 5369 resp.
3366 5316 3476 5355 xvi.
3496 5331 3558 5345 -
3575 5307 3600 5341 ⁸
3626 5306 3783 5369 Rom„
3807 5317 3926 5369 xm,

2390 5378 2467 5426 to.
2488 5400 2552 5413 —
2570 5376 2594 5410 ⁸
2614 5375 2634 5425 1
2665 5374 2811 5438 Tim„
2838 5387 2875 5438 1,
2904 5379 2952 5425 ὅ.
2979 5399 3044 5412 -
3060 5373 3083 5410 ⁸
3106 5374 3313 5440 Mania„
3336 5387 3475 5439 xm,
3500 5379 3585 5428 38.
