4185 6288
737 788 854 840 m

732 923 1161 1009 promulgata.
1192 947 1224 988 ι
1263 924 1452 1007 (Dist.
1480 941 1638 1004 xvn,
1663 926 1826 1009 part.
1858 921 1939 1001 11,
1971 925 2091 986 art.
2125 927 2187 1001 1,
2212 938 2277 1003 q.
2304 938 2394 999 m,
2427 921 2498 985 in
2523 921 2721 1003 corp.)
2751 954 2832 968 —
2867 942 2899 983 α
2925 919 3431 987 confirmationis
3455 924 3927 986 sacramentnm

734 1048 1022 1115 Christus
1054 1067 1188 1115 non
1210 1048 1531 1115 instituit:
1563 1049 1718 1133 quia
1750 1048 2074 1114 credentes
2113 1049 2257 1131 post
2279 1045 2716 1143 ascensionem
2741 1048 2885 1130 ejus
2918 1049 3101 1112 erant
3136 1046 3581 1113 confirmandi.
3622 1045 3928 1113 Formam

732 1172 931 1258 hujus
974 1174 1351 1239 sacramenti
1374 1222 1394 1253 ‚
1440 1172 1711 1238 dictante
1758 1172 1997 1256 Spiritu
2046 1172 2277 1238 Sancto
2293 1158 2332 1253 ‚¹
2361 1171 2643 1256 Apostoli
2705 1174 3120 1240 instituerunt
3159 1196 3175 1239 ε
3222 1174 3612 1240 elementum
3653 1176 3929 1240 rectores

731 1297 1050 1377 Ecclesiae,
1082 1298 1324 1382 Spiritu
1351 1298 1583 1364 Sancto
1610 1298 1903 1364 dictante.
1932 1321 1964 1361 ιι
2003 1298 2186 1381 (Dist.
2214 1316 2326 1378 vn,
2351 1302 2472 1365 art.
2505 1305 2566 1378 ¹,
2596 1317 2662 1382 q.
2695 1317 2764 1379 11,
2790 1298 2862 1363 in
2893 1301 3215 1384 corp.)-«
3242 1299 3565 1366 Extremae
3607 1298 3929 1366 unctionis

731 1428 1201 1490 sacramentum
1240 1424 1324 1490 ab
1366 1422 1708 1507 Apostolis,
1753 1423 1997 1508 Spiritu
2039 1422 2269 1489 Sancto
2325 1424 2597 1490 dictante
2618 1474 2637 1505 ‚
2686 1425 2807 1490 fuit
2856 1425 3263 1506 institutum;
3311 1426 3421 1491 sed
3462 1441 3579 1510 per
3632 1428 3923 1490 sanctum

729 1549 763 1615 J
765 1551 1038 1617 acobum
1088 1549 1605 1634 promulgatum,
1680 1550 1848 1615 sicut
1927 1551 2121 1616 etiam
2194 1549 2704 1616 confirmationis
2778 1552 2844 1615 et
2928 1550 3341 1616 consessionis
3422 1553 3920 1616 sacramentum.

699 1667 1011 1760 ‘Apostoli
1048 1675 1244 1742 etiam
1259 1724 1277 1757 ,
1329 1676 1423 1755 si,
1467 1674 1709 1760 Spiritu
1750 1675 1979 1741 Sancto
2018 1675 2295 1741 dictante
2314 1724 2335 1756 ‚
2385 1676 2657 1745 sormam
2705 1675 3012 1760 Baptismi
3054 1695 3095 1741 a
3136 1675 3383 1742 Christo
3447 1674 3814 1740 institutam
3865 1675 3929 1738 et

610 1823 617 1829 ·
728 1802 1194 1881 confirmatam,
1225 1802 1303 1866 ad
1330 1805 1585 1885 tempus
1611 1805 2049 1882 mutaverunt,
2080 1806 2324 1884 quanto
2351 1804 2586 1885 magis,
2626 1802 2800 1886 quod
2832 1801 3122 1868 Christus
3165 1802 3553 1881 insinuavit,
3594 1802 3926 1866 instituere

727 1931 1118 2012 potuerunt?
1144 1951 1176 1990 ιι
1216 1926 1399 2010 (nist.
1431 1930 1858 2007 xxm,art.1,
1888 1946 1953 2011 q.
1984 1946 2051 2007 11,
2084 1927 2155 1991 in
2182 1906 2393 2012 corp.)

807 2054 960 2121 Haec
1001 2059 1154 2122 eunt
1174 2104 1195 2135 ‚
1240 2074 1387 2139 quae
1431 2053 1808 2138 scrupulum
1876 2054 2139 2138 injicere
2208 2058 2476 2139 queunt.
2525 2056 2648 2121 Sed
2692 2056 2763 2120 in
2820 2055 3105 2138 ejusdem
3161 2054 3443 2144 Doctoris
3497 2052 3921 2136 Breviloquim

727 2186 889 2268 part.
917 2180 1024 2262 vl,
1056 2201 1195 2266 cap.
1219 2200 1310 2259 w,
1343 2181 1524 2247 docte
1549 2181 1836 2264 quidem,
1884 2184 1959 2244 ut
1982 2179 2223 2258 omnia,
2255 2172 2672 2262 explicantur’
2698 2180 2769 2246 in
2812 2180 2980 2246 hanc
3028 2180 3379 2248 verborum
3413 2180 3690 2245 formam
3721 2201 3737 2244 ε
3779 2201 3810 2240 α
3837 2177 3926 2244 De

726 2306 1127 2373 institutione
1151 2310 1699 2373 sacramentorum
1731 2308 1859 2371 hoc
1901 2306 2255 2373 tenendum
2305 2310 2401 2372 est
2418 2356 2437 2389 ,
2490 2307 2666 2396 quod
2710 2312 3106 2385 sacramenta
3145 2306 3312 2389 legis
3362 2308 3590 2390 gratiae
3634 2305 3929 2371 Christus

724 2432 1023 2513 instituit,
1053 2436 1363 2516 tanquam
1386 2432 1540 2499 novi
1564 2430 1949 2497 Testamenti
1992 2433 2327 2510 mediator,
2371 2437 2435 2499 et
2459 2408 2845 2518 ‘praecipuus
2885 2434 3049 2500 lator
3088 2433 3253 2530 legis
3308 2457 3327 2497 ε
3369 2434 3440 2497 in
3487 2450 3620 2516 qua
3667 2431 3928 2497 vocavit

725 2557 807 2623 ad
851 2558 1167 2640 promissa
1208 2561 1480 2638 aeterna,
1532 2558 1703 2624 dedit
1750 2562 2065 2642 praecepta
2100 2558 2447 2641 dirigentia
2466 2608 2486 2639 ‚
2527 2562 2592 2624 et
2630 2559 2879 2624 institui
2887 2561 2914 2631 t
2942 2563 3340 2626 sacramenta
3370 2557 3853 2645 sanctificantia.
3884 2579 3916 2615 n

722 2685 802 2751 Et
821 2685 990 2750 infra
1008 2684 1270 2751 subdit:
1310 2707 1342 2746 ι
1372 2682 1651 2748 Instituit
1686 2688 1905 2749 autem
1935 2685 2239 2768 praedicta
2276 2689 2672 2751 sacramenta
2719 2684 3146 2750 diversimode
3188 2706 3204 2748 ε
3235 2683 3535 2767 quaedam
3578 2682 3818 2746 scilicet
3841 2699 3926 2747 ex

721 2811 814 2876 eis
852 2810 1286 2876 confirmando
1308 2856 1331 2889 ‚
1384 2808 1793 2894 approbando
1810 2858 1828 2890 ‚
1876 2813 1942 2874 et
1981 2812 2521 2891 consummando,
2573 2815 2649 2875 ut
2700 2810 3190 2875 matrimonium
3216 2858 3235 2885 ‚
3285 2814 3349 2874 et
3385 2778 3868 2893 “poenitentiam
3902 2831 3920 2886 ;

721 2935 1017 3018 qnaedam
1043 2939 1259 3000 autem
1285 2933 1698 3013 insinuando,
1748 2938 1812 2999 et
1844 2934 2157 3001 initiando
2174 2984 2194 3015 ‚
2234 2940 2309 3001 ut
2347 2935 2901 3001 confirmationem
2916 2984 2935 3016 ‚
2974 2939 3039 3000 et
3081 2935 3452 3027 unctionem
3501 2937 3859 2999 extremam
3892 2951 3915 3014 ;

725 3060 1024 3143 quae‘dam
1048 3079 1205 3127 vero
1226 3059 1558 3139 initiando,
1588 3063 1654 3125 et
1675 3061 2181 3127 consummando
2199 3110 2216 3139 ‚
2263 3066 2328 3128 et
2367 3062 2435 3125 in
2472 3062 2809 3147 semetipso
2852 3061 3255 3146 suscipiendo
3275 3106 3298 3140 ,
3336 3064 3414 3125 ut
3447 3062 3924 3126 sacramentum

726 3183 1053 3270 baptismi,
1085 3185 1526 3266 Eucharistiae,
1558 3189 1622 3250 et
1648 3185 1921 3250 Ordinis.
1955 3185 2108 3252 Haec
2134 3186 2307 3252 enim
2334 3187 2456 3253 tria
2481 3193 2546 3253 et
2570 3188 2933 3273 plenissime
2959 3187 3280 3266 instituit,
3329 3192 3393 3252 et
3431 3186 3628 3252 etiam
3673 3186 3926 3270 primus

719 3311 1015 3395 suscepit.
1057 3334 1095 3376 n.
1141 3311 1294 3379 Haec
1332 3317 1590 3379 sanctus
1626 3312 2099 3378 Bonaventura.
2153 3312 2328 3379 ldem
2375 3314 2508 3378 fere
2550 3314 2620 3377 in
2663 3314 3077 3396 Gadiloquio,
3127 3316 3291 3395 part.
3332 3310 3442 3388 111,
3495 3314 3647 3375 sect.
3707 3327 3919 3387 van;

718 3437 788 3502 in
818 3438 1200 3522 compendio
1228 3441 1585 3525 uoeoloqicae
1608 3441 1934 3521 veritatis,
1965 3441 2075 3505 lib.
2108 3461 2200 3522 vr,
2234 3460 2372 3527 cap.
2403 3462 2490 3507 ιιι.

798 3564 901 3632 Ex
942 3566 1066 3633 hac
1105 3567 1510 3634 distinctione
1545 3568 1971 3635 diversimode
2014 3568 2389 3634 instituendi
2429 3571 2827 3633 sacramenta
2846 3615 2866 3646 ,
2928 3567 3096 3632 clare
3152 3565 3585 3649 dignoscitur,
3633 3580 3923 3647 quonam

700 3675 911 3756 'modo
950 3691 1117 3758 dicta
1155 3692 1357 3759 sancti
1410 3687 1878 3760 Bonaventurae
1916 3694 1995 3759 de
2022 3697 2437 3762 sacramentis
2477 3694 2547 3757 in
2591 3696 2822 3776 quarto
2851 3691 3014 3756 libro
3050 3690 3523 3756 Sententiarum
3541 3736 3560 3768 ‚
3607 3665 3923 3771 superiori

717 3812 859 3881 loeo
900 3817 1259 3900 proposita,
1316 3818 1592 3903 intelligi
1637 3822 1703 3884 et
1761 3818 2065 3903 explicari
2123 3824 2380 3903 queant.
2438 3820 2497 3885 Is
2551 3820 2726 3885 enim
2786 3819 3046 3898 flector,
3111 3818 3268 3884 dum
3331 3816 3550 3883 omnia
3622 3813 3922 3882 Eoclaeiae

718 3949 1117 4009 sacramenta
1141 3963 1183 4009 a
1206 3942 1243 4010 J
1244 3961 1359 4012 esu
1385 3944 1629 4011 Christo
1654 3943 1923 4010 Domino
1948 3948 2168 4012 nostro
2210 3945 2499 4011 instituta
2526 3945 2719 4010 fuisse
2759 3946 2991 4011 fatetur
3010 3994 3029 4026 ‚
3069 3964 3146 4011 ac
3188 3945 3412 4023 docet,
3449 3964 3491 4010 a
3538 3938 3922 4007 sacrosancti

723 4068 970 4135 concilii
1006 4068 1356 4137 Tridentini
1394 4089 1637 4138 canone
1672 4071 1904 4155 primo,
1957 4090 2109 4138 sess.
2159 4089 2272 4153 vn,
2312 4090 2446 4138 non
2491 4077 2586 4139 est
2638 4071 2912 4150 alienus,
2968 4071 3217 4138 etiamsi
3280 4049 3433 4137 eum
3491 4073 3639 4133 ante
3681 4065 3922 4133 dictam

709 4190 1032 4275 synodum
1054 4196 1149 4258 tot
1183 4210 1504 4260 annorum
1531 4193 1698 4258 inter
1710 4193 1882 4259 vallo
1906 4192 2199 4262 tlomisse
2239 4198 2503 4261 constet.
