4185 6288
571 465 689 529 398

566 592 801 659 littera.
866 587 1044 654 Ratio
1089 588 1306 651 antem
1347 585 1547 669 hujus
1586 587 1716 665 est,
1746 583 1903 669 qnia
1931 583 2118 650 Chri-

566 706 734 782 stus,
778 698 888 764 Dei
915 700 979 762 et
1004 695 1347 761 bominum
1392 694 1706 761 mediator
1728 742 1746 773 ,
1784 694 1979 759 simul
2006 692 2116 760 de-

564 808 707 872 buit
732 824 869 871 esse
897 802 1413 886 comprehensor,
1441 806 1504 866 et
1529 801 1739 867 viator
1769 822 1785 865 t
1819 818 2114 884 compre-

564 912 823 994 hensor,
853 915 1111 996 propter
1136 927 1322 975 suam
1338 908 1751 990 dignitatem3
1786 911 1853 973 et
1877 908 2107 987 viator,

564 1024 825 1105 propter
863 1022 1149 1084 nostram
1182 1016 1624 1082 necessitatem
1655 1038 1672 1081 ε
1706 1020 1769 1080 et
1792 1015 1933 1080 ideo
1960 1033 2111 1098 par-

562 1128 679 1194 tim
723 1126 944 1194 debuit
988 1144 1122 1191 esse
1164 1124 1233 1189 in
1274 1128 1445 1189 statu
1483 1123 1736 1205 gloriae,
1778 1122 2011 1206 partim
2040 1121 2110 1186 in

560 1239 730 1299 statu
768 1233 1067 1298 miseriae.
1104 1231 1180 1296 In
1210 1235 1377 1296 statu
1414 1233 1633 1295 autem
1678 1229 1949 1293 miseriae
1976 1246 2109 1292 non

560 1341 780 1407 debuit
819 1360 952 1406 esse
989 1338 1343 1404 secundum
1392 1338 1788 1421 superiorem
1833 1339 2107 1420 partem,

558 1449 667 1514 sed
695 1446 1050 1514 secundum
1086 1446 1451 1510 inferiorem
1470 1494 1488 1525 ,
1531 1444 1596 1509 id
1629 1448 1723 1508 est
1751 1443 2107 1509 secundum

559 1573 841 1621 carnem.
869 1554 945 1620 Et
971 1554 1113 1620 ideo
1143 1552 1496 1617 secundum
1524 1551 1810 1617 divinam
1835 1550 2109 1634 disposi-

557 1663 855 1727 sitionem
903 1660 1334 1726 necessarium
1378 1659 1499 1724 fuit
1547 1658 1790 1724 differri
1826 1659 2108 1742 corporis

558 1769 787 1836 Christi
816 1768 1350 1851 glorificationem
1364 1816 1385 1848 ,
1413 1771 1487 1831 ut
1514 1766 1800 1832 Christus
1838 1771 1999 1831 esset
2031 1766 2105 1830 in

555 1882 748 1958 statu,
775 1876 846 1941 in
871 1894 1003 1959 quo
1025 1892 1141 1957 pro
1172 1874 1356 1938 nobis
1381 1877 1594 1956 posset
1626 1873 1860 1938 mereri
1894 1878 1959 1937 et
1994 1892 2106 1942 sa-

554 1986 865 2050 tisfacere.
905 1984 1070 2048 Dum
1114 1985 1332 2046 autem
1362 1980 1647 2046 Christus
1677 1979 1863 2044 nobis
1893 1997 2105 2044 mere-

556 2093 769 2167 batur,
816 2094 880 2155 et
918 2108 1034 2174 pro
1079 2089 1266 2153 nobis
1321 2087 1740 2152 satisfaciebat
1770 2135 1789 2163 ,
1833 2087 2107 2151 faciebat

558 2217 720 2282 opus
730 2197 858 2262 Deo
872 2195 1434 2281 placentissimum,
1453 2198 1515 2259 et
1528 2195 1616 2258 ita
1631 2193 2104 2260 remunerabile

556 2305 913 2371 secundum
931 2304 1212 2387 aliquam
1227 2307 1473 2385 partem
1492 2301 1740 2384 gloriae.
1764 2301 1924 2367 Cum
1943 2318 2104 2383 ergo

556 2412 952 2478 remunerari
984 2429 1115 2475 non
1152 2415 1363 2494 posset
1408 2413 1725 2494 quantum
1756 2408 1837 2472 ad
1872 2408 2102 2473 stolam

556 2520 853 2603 primam,
883 2519 992 2583 sed
1011 2521 1327 2601 quantum
1354 2515 1433 2580 ad
1471 2514 1701 2580 stolam
1728 2514 2099 2595 secundam,

554 2621 917 2688 merebatur
946 2621 1169 2702 utique
1203 2623 1357 2683 tunc
1384 2617 1672 2683 Christus
1684 2618 1923 2701 proprii
1952 2634 2100 2681 cor-

552 2730 724 2814 poris
753 2729 1054 2812 gloriam.
1103 2725 1284 2792 Unde
1323 2725 1739 2791 concedendae
1787 2729 1944 2790 sunt
1990 2743 2097 2790 ra-

552 2838 779 2919 tiones,
822 2855 969 2921 quae
993 2839 1146 2900 sunt
1172 2834 1253 2899 ad
1274 2834 1460 2899 istam
1490 2836 1759 2918 partem.

636 2947 696 3011 1.
740 2944 838 3009 Ad
888 2943 1045 3009 illud
1089 2960 1246 3008 vero
1301 2940 1474 3024 quod
1526 2940 1826 3023 objicitur
1848 2988 1867 3020 ,
1926 2940 2099 3023 quod

554 3053 900 3137 praemium
926 3054 1020 3116 est
1045 3048 1459 3115 excellentius
1479 3049 1728 3126 merito,
1754 3047 2097 3112 dicendum

552 3160 724 3245 quod
766 3159 919 3226 illud
963 3177 1094 3223 non
1120 3157 1313 3223 babet
1338 3174 1591 3239 semper
1623 3155 1956 3221 veritatem
1984 3176 2000 3218 ε
2034 3160 2101 3219 et

549 3268 602 3333 si
644 3268 766 3333 hoc
813 3284 1047 3333 verum
1090 3265 1172 3330 sit
1220 3265 1301 3329 de
1357 3264 1626 3348 praemio
1666 3262 2091 3339 substantiali,

547 3394 676 3460 quo
715 3374 881 3441 Deus
917 3376 1289 3438 remunerat
1322 3370 1884 3453 bominem'supra
1939 3388 2095 3434 oon-

546 3483 822 3565 dignum
844 3531 863 3562 ,
892 3499 1024 3546 non
1070 3484 1290 3543 tamen
1341 3480 1592 3561 oportet
1632 3476 1804 3559 quod
1852 3475 2096 3559 ubique

545 3588 778 3654 habeat
800 3589 1042 3653 locum.
1073 3585 1301 3669 Majori
1325 3585 1500 3650 enim
1528 3585 1697 3649 bono
1724 3587 1930 3667 potest
1953 3601 2095 3648 me-

542 3697 672 3762 reri
695 3698 895 3761 homo
921 3696 1139 3760 minus
1159 3694 1447 3758 bonum:
1479 3696 1544 3757 et
1566 3691 1710 3757 ideo
1745 3709 1878 3755 non
1924 3690 2096 3755 valet

542 3796 664 3868 ista
687 3804 853 3868 ratio
874 3803 944 3866 in
971 3802 1223 3881 meritc,
1254 3799 1429 3883 quod
1456 3799 1710 3882 respicit
1744 3798 2089 3863 secundam

541 3912 792 3977 stolam.
822 3909 1041 3976 Posset
1074 3913 1292 3975 tamen
1322 3907 1512 3972 aliter
1540 3906 1689 3986 dici,
1718 3906 1890 3989 quod
1920 3923 2089 3988 prae·

544 4019 750 4085 mium
791 4023 886 4085 est
940 4017 1357 4084 excellentius
1405 4016 1636 4079 merito
1658 4063 1680 4095 ,
1731 4014 2088 4078 secundum

541 4123 714 4212 quod
740 4129 818 4193 fit
842 4126 1232 4211 comparatio
1257 4125 1339 4191 ad
1365 4128 1606 4189 statum
1630 4171 1651 4203 ,
1695 4126 1759 4189 et
1796 4123 1876 4187 ad
1924 4141 2088 4205 opus

543 4253 658 4318 per
702 4235 873 4319 quod
921 4233 1068 4319 quis
1112 4235 1399 4297 meretur
1433 4233 1546 4295 :et
1581 4230 1669 4294 sic
1725 4247 1854 4294 non
1895 4230 2088 4296 babet

541 4341 910 4408 instantiam
928 4343 996 4406 in
1013 4339 1361 4424 proposito.
1395 4338 1449 4404 N
1452 4357 1556 4403 am
1582 4342 1782 4403 status
1802 4339 2088 4421 corporis

542 4450 664 4516 fuit
710 4448 984 4515 nobilior
1032 4451 1174 4532 post
1243 4446 1777 4529 glorificationem
1806 4496 1826 4527 ,
1884 4465 2083 4531 quam

541 4562 724 4639 ante;
774 4558 982 4641 gloria
1043 4557 1233 4624 etiam
1284 4557 1567 4641 corporis
1627 4558 1969 4623 excedebat
2013 4559 2083 4625 in

540 4667 712 4734 bono
750 4664 998 4731 labores
1032 4664 1338 4747 corporis,
1366 4683 1528 4748 quos
1574 4663 1861 4731 Christus
1888 4665 2081 4730 susti-

539 4774 703 4839 nuit.
751 4770 969 4838 Posset
1016 4771 1210 4837 etiam
1257 4771 1445 4835 tertio
1493 4771 1685 4836 modo
1734 4771 1880 4853 dici,
1910 4771 2084 4855 quod

538 4879 698 4946 illud
730 4880 925 4944 habet
957 4877 1290 4945 veritatem
1328 4876 1405 4943 de
1450 4877 1680 4943 merito
1713 4878 1887 4962 quod
1915 4880 2082 4957 ordi-

539 4991 733 5053 natur
757 4986 838 5052 ad
863 4985 1205 5070 praemium
1244 4986 1549 5068 finaliter,
1580 4990 1642 5052 et
1669 5006 1818 5052 oum
1846 4990 2079 5072 praeei-

539 5095 743 5175 sione;
775 5095 865 5160 sic
888 5097 1108 5160 autem
1144 5112 1275 5158 non
1314 5096 1409 5159 est
1434 5094 1504 5158 in
1529 5095 1889 5178 proposito:
1922 5113 2077 5165 nam

537 5203 823 5270 Christus
855 5203 1291 5289 principaliter
1332 5221 1464 5268 non
1505 5204 1876 5269 merebatur
1916 5224 2076 5290 pro-

537 5315 680 5393 pter
719 5310 1000 5395 corporis
1041 5311 1146 5375 sui
1181 5309 1734 5391 glorificationem,
1771 5311 1881 5377 sed
1923 5331 2075 5397 pro.
2125 5394 2130 5399 ὁ

537 5422 678 5501 pter
700 5418 972 5485 humani
998 5416 1254 5501 generis
1280 5417 1765 5499 reparationem.

1602 445 2230 520 SENTENTIARUM
2269 451 2418 519 LlB.
2462 452 2571 520 111.

2302 590 2364 650 2.
2408 587 2506 652 Ad
2539 587 2698 653 illud
2737 587 2912 672 quod
2952 586 3285 670 objicitur,
3326 587 3499 671 quod
3545 587 3766 653 anima

2219 691 2361 757 sine
2406 694 2649 759 meritis
2690 695 2916 761 habuit
2957 695 3184 759 stolam
3211 694 3511 778 primam,
3542 693 3764 759 dicen-

2220 797 2377 863 dum
2416 801 2587 884 quod
2615 820 2747 866 non
2781 804 2877 867 est
2902 802 3132 879 simile,
3160 801 3312 884 quia
3345 801 3506 866 unio
3526 801 3766 865 divinae

2219 910 2469 972 naturae
2518 909 2599 973 ad
2638 908 2989 975 humanam
3032 910 3245 993 potius
3271 910 3512 992 patitur
3538 910 3765 992 imper-

2217 1012 2553 1079 fectionem
2593 1033 2678 1080 ex
2724 1021 2902 1099 parte
2945 1016 3150 1081 carnis
3171 1065 3188 1096 ,
3219 1033 3417 1100 quam
3458 1034 3541 1080 ex
3587 1020 3765 1099 parte

2217 1120 2450 1184 animae
2467 1170 2486 1201 ,
2522 1128 2782 1206 propter
2818 1123 2944 1187 hoc
2982 1123 3154 1207 quod
3189 1128 3284 1187 est
3338 1123 3424 1187 ibi
3481 1122 3764 1187 carentia

2215 1229 2485 1293 minoris
2523 1230 2671 1293 boni
2695 1278 2714 1309 ,
2763 1235 2838 1294 ut
2879 1230 3110 1295 melius
3149 1233 3357 1313 potest
3395 1230 3618 1294 haberi
3680 1248 3763 1294 ex

2214 1336 2316 1399 bis
2333 1384 2358 1414 ‚
2386 1355 2532 1419 quae
2574 1338 2788 1402 habita
2818 1339 3084 1402 fuerunt
3109 1338 3177 1401 in
3199 1337 3708 1421 praecedentibus
3739 1357 3758 1402 ε

2212 1442 2376 1520 ideo,
2410 1445 2709 1526 quamvis
2735 1445 2944 1528 gloria
2965 1444 3201 1509 animae
3219 1445 3606 1527 praecesserit
3625 1461 3763 1508 om-

2212 1550 2328 1614 nia
2374 1552 2607 1615 merita
2627 1600 2646 1632 ,
2689 1553 2895 1634 gloria
2947 1555 3165 1618 tamen
3223 1551 3508 1635 corporis
3551 1551 3762 1634 potuit

2212 1659 2435 1741 sequi,
2475 1676 2549 1723 ac
2593 1677 2709 1742 per
2747 1659 2870 1726 boc
2917 1660 3347 1727 mediantibus
3373 1659 3619 1725 meritis
3647 1677 3756 1725 ac-

2210 1784 2405 1849 quiri.

2293 1878 2351 1937 3.
2388 1874 2486 1938 Ad
2535 1875 2693 1941 illud
2739 1875 2910 1959 quod
2950 1875 3252 1958 oincitur
3271 1924 3290 1956 ,
3319 1874 3494 1959 qnod
3523 1892 3756 1958 corpus

2209 1979 2366 2045 illud
2403 1999 2537 2046 non
2579 1982 2860 2047 habebat
2885 1982 3173 2048 debitum
3200 1982 3624 2061 mortalitatis,
3653 1981 3756 2047 di·-

2210 2089 2484 2154 cendum
2524 2092 2695 2173 quod
2739 2110 2823 2155 ex
2861 2091 2987 2155 hoc
3033 2109 3165 2155 non
3204 2094 3412 2174 potest
3438 2089 3750 2173 concludi,

2209 2196 2380 2278 quod
2410 2197 2698 2263 Christus
2730 2197 3006 2281 gloriam
3032 2199 3313 2281 corporis
3338 2216 3469 2262 non
3496 2215 3755 2261 merue-

2208 2304 2314 2384 rit,
2347 2306 2470 2368 nisi
2498 2324 2576 2371 eo
2603 2306 2796 2370 modo
2821 2306 3068 2372 dicendi
3089 2307 3418 2387 meritum,
3449 2324 3580 2389 quo
3606 2305 3753 2389 quis

2207 2409 2439 2475 dicitur
2463 2412 2542 2476 de
2567 2412 2848 2477 indebito
2882 2415 3087 2479 facere
3125 2414 3454 2478 debitum:
3486 2413 3608 2478 hoc
3632 2432 3752 2477 au-

2205 2521 2339 2582 tem
2383 2519 2575 2584 modo
2619 2520 2904 2586 Christus
2939 2522 3060 2585 sibi
3102 2539 3237 2586 non
3290 2521 3547 2598 meruit,
3589 2520 3752 2585 siout

2206 2626 2385 2709 prius
2412 2627 2652 2692 dictum
2683 2629 2823 2707 fuit,
2855 2629 2964 2694 sed
2989 2628 3115 2693 alio
3140 2627 3331 2692 modo
3355 2626 3625 2704 dicendi,
3659 2627 3754 2692 vi-

2205 2733 2428 2800 delicet
2483 2755 2613 2820 quo
2662 2738 2808 2819 quis
2851 2738 2929 2802 de
2975 2737 3186 2802 debito
3222 2755 3359 2801 uno
3386 2736 3577 2801 modo
3605 2735 3754 2799 facit

2203 2841 2493 2906 debitum
2522 2845 2647 2908 alio
2676 2844 2886 2909 modo.
2925 2844 3093 2923 Ideo,
3133 2845 3277 2909 licet
3309 2843 3753 2908 immortalitas

2202 2950 2537 3016 deberetur
2570 2952 2816 3017 Christo
2838 3000 2856 3029 ,
2887 2953 3308 3017 nihilominus
3356 2951 3745 3017 immortali-

2203 3063 2300 3122 tas
2348 3060 2553 3143 potuit
2604 3059 2827 3125 cadere
2872 3062 2996 3125 sub
3054 3063 3199 3147 ejus
3250 3061 3577 3141 meritum,
3626 3059 3747 3124 isto

2203 3169 2394 3233 modo
2421 3175 2750 3253 acceptum
2782 3170 2890 3252 (a).

2281 3280 2345 3341 4.
2374 3276 2472 3341 Ad
2498 3277 2655 3342 illud
2680 3278 2853 3362 quod
2884 3279 3236 3361 quaeritur,
3266 3277 3321 3342 si
3360 3280 3496 3342 erat
3539 3275 3749 3357 magis

2201 3383 2560 3466 gloriosum
2603 3386 2840 3451 habere
2888 3405 3003 3469 per
3056 3385 3285 3451 merita
3299 3433 3318 3467 ,
3364 3403 3559 3469 quam
3605 3384 3748 3450 sine

2201 3493 2465 3573 meritis,
2495 3494 3022 3575 glorificationem
3039 3495 3342 3579 corporis,
3358 3499 3503 3573 etc.,
3533 3493 3742 3559 dicen-

2200 3598 2356 3663 dum
2386 3601 2559 3683 quod
2585 3600 2708 3666 hoc
2733 3607 2870 3667 erat
2895 3603 3178 3667 maxime
3195 3602 3573 3685 gloriosum,
3594 3600 3746 3683 quia

2199 3708 2616 3772 conveniebat
2642 3708 2910 3788 Christo,
2937 3710 3006 3774 in
3023 3714 3340 3794 quantum
3367 3709 3744 3792 Redemptor

2198 3818 2263 3878 et
2289 3813 2594 3879 Mediator
2623 3837 2638 3880 :
2671 3816 2842 3899 quod
2868 3818 3130 3900 quidem
3163 3821 3260 3882 est
3282 3817 3566 3882 officium
3596 3834 3742 3881 ma-

2199 3938 2351 4003 gnae
2394 3923 2621 4004 gloriae
2665 3930 2730 3989 et
2765 3920 3177 4006 excellentiae,
3208 3923 3503 3988 videlicet
3526 3926 3604 3987 ut
3628 3939 3742 4006 per

2194 4026 2623 4093 humilitatem
2660 4032 2970 4114 passionis
3011 4032 3373 4118 perveniret
3415 4031 3550 4115 ipse
3590 4047 3740 4095 cum

2194 4135 2502 4199 membris
2534 4138 2670 4201 suis
2713 4139 2795 4203 ad
2830 4137 3288 4204 sublimitatem
3318 4137 3738 4202 resurrectio·

2191 4240 2315 4306 nis.
2355 4241 2434 4307 Et
2476 4242 2624 4333 ideo·
2654 4261 2785 4308 non
2812 4247 2909 4308 est
2928 4245 3135 4310 simile
3163 4263 3246 4311 ex
3273 4248 3454 4328 parte
3474 4244 3735 4325 animm,

2191 4349 2347 4431 quia
2369 4368 2499 4415 non
2524 4352 2618 4416 sic
2642 4351 2818 4417 decet
2847 4351 3258 4418 Mediatorem
3287 4352 3401 4418 Dei
3428 4358 3491 4417 et
3522 4351 3734 4418 homi-

2189 4474 2351 4521 num
2397 4458 2700 4524 habuisse
2762 4463 2998 4525 statum
3063 4460 3329 4525 viatoris
3380 4459 3734 4526 secundnm

2189 4569 2436 4647 partem
2473 4567 2866 4650 superiorem
2912 4567 3183 4648 animae,
3217 4568 3386 4633 sicut
3429 4586 3512 4633 ex
3555 4569 3734 4650 parte

2188 4690 2421 4738 carms.

2270 4786 2330 4844 5.
2350 4781 2446 4845 Ad
2460 4782 2615 4847 illud
2631 4783 2804 4867 quod
2819 4781 3136 4867 objicitur,
3167 4807 3198 4843 ι
3211 4782 3280 4848 Si
3296 4786 3435 4848 erat
3450 4798 3729 4846 neeessa-

2185 4888 2360 4953 rium
2390 4891 2623 4955 mereri
2650 4891 2927 4973 gloriam
2954 4891 3255 4974 corporis,
3276 4912 3306 4950 ι
3341 4894 3487 4968 etc„
3520 4889 3728 4954 dicen·

2184 4997 2343 5061 dum
2369 4998 2542 5080 quod
2566 5001 2998 5066 necessarium
3034 4998 3116 5063 ad
3152 5017 3436 5083 praesens
3457 4998 3580 5064 dici
3608 5017 3726 5081 po-

2183 5107 2304 5168 test
2328 5104 2664 5188 dupliciter
2679 5156 2698 5188 ,
2730 5106 3017 5173 videlicet
3040 5125 3123 5172 ex
3148 5106 3520 5190 indigentia,
3552 5110 3615 5171 et
3640 5125 3724 5172 ex

2181 5210 2558 5278 sufficientia
2596 5232 2614 5277 ε
2655 5232 2740 5279 ex
2781 5214 3140 5298 indigentia
3158 5263 3176 5295 ‚
3223 5214 3386 5279 sicut
3431 5213 3714 5280 dicitur:

2189 5342 2224 5380 α
2248 5317 2686 5386 Necessarium
2707 5326 2803 5387 est
2824 5323 3018 5388 alicui
3045 5323 3373 5389 comedere
3396 5324 3477 5390 ad
3500 5324 3623 5389 hoe
3646 5327 3720 5388 ut

2248 5443 2321 5511 (α)
2342 5444 2462 5498 Cot.
2485 5446 2608 5498 edit.
2636 5448 2848 5513 merito,
2871 5448 2970 5503 isto
2986 5450 3145 5504 modo
3162 5458 3392 5516 accepto.
