4185 6288
776 473 897 538 350

778 607 1084 691 temporis
1126 608 1205 674 de
1244 606 1586 673 Mediatore
1628 607 1790 671 nihil
1846 605 2105 673 credere
2147 611 2321 671 tene·

783 715 1063 779 bantur:
1094 732 1254 797 ergo
1281 715 1416 779 sine
1461 715 1587 779 fide
1629 713 1988 780 Mediatoris
2031 714 2326 796 poterant

784 822 1120 905 pervenire
1145 816 1224 885 ad
1249 820 1546 886 salutem.

551 951 760 995 ranam.
871 928 1100 993 Contra
1123 926 1248 992 hoc
1269 930 1421 992 sunt
1446 927 1846 993 auctoritates
1874 926 2098 993 multae
2120 976 2138 1006 ,
2169 944 2332 1010 quas

791 1034 1094 1117 Magister
1120 1033 1374 1099 adducit
1399 1035 1468 1098 in
1495 1034 1736 1114 littera3
1759 1037 1821 1097 et
1846 1034 1970 1099 hoc
1995 1034 2210 1117 ipsum
2232 1050 2328 1098 os-

792 1143 1075 1208 tenditur
1115 1143 1359 1209 ratione
1389 1162 1406 1207 :
1438 1142 1722 1208 Christus
1762 1148 1856 1208 est
1900 1147 2089 1227 caput
2134 1142 2331 1207 totius

792 1249 1087 1314 Ecclesiae
1110 1266 1309 1332 :ergo
1335 1249 1554 1315 nullus
1570 1252 1776 1334 potest
1794 1250 2048 1329 salvari,
2073 1249 2197 1315 nisi
2219 1250 2332 1313 fiat

793 1358 1161 1422 membrum
1200 1357 1432 1424 Christi
1477 1380 1492 1422 ε
1541 1357 1651 1423 sed
1697 1358 2065 1423 membrum
2105 1354 2334 1421 Christi

794 1483 927 1530 non
959 1468 1164 1550 potest
1203 1467 1348 1549 quis
1392 1467 1535 1531 fleri
1570 1515 1588 1547 ,
1626 1466 1750 1530 nisi
1784 1466 1996 1530 credat
2039 1465 2111 1529 in
2157 1463 2334 1530 Chri-

794 1577 967 1637 stum
1002 1592 1019 1637 :
1050 1591 1207 1656 ergo
1245 1574 1387 1639 sine
1416 1575 1543 1638 fide
1584 1571 1942 1638 Mediatoris
1971 1571 2191 1637 nullus
2214 1590 2337 1636 un-

793 1699 989 1763 quam
1013 1679 1245 1745 salvari
1269 1681 1496 1762 potuit.

878 1786 1035 1852 ltem
1091 1787 1311 1852 nullus
1359 1788 1566 1871 potuit
1616 1787 1873 1870 ingredi
1912 1787 2177 1866 coelum,
2216 1786 2338 1850 nisi

797 1899 1015 1978 aperta
1034 1896 1239 1978 janua
1274 1917 1288 1959 ε
1320 1895 1427 1959 sed
1454 1897 1658 1977 janua
1700 1913 1831 1959 non
1873 1896 2081 1979 potuit
2108 1894 2340 1978 aperiri

797 2001 921 2065 nisi
950 2020 1064 2084 per
1088 2001 1447 2085 passionem
1476 2001 1705 2067 Christi
1735 2021 1752 2066 ε
1780 2020 1938 2083 ergo
1971 2002 2192 2066 nullus
2220 2019 2340 2085 po-

796 2108 918 2172 tuit
946 2109 1178 2175 salvari
1207 2109 1327 2173 nisi
1357 2110 1587 2175 merito
1625 2109 1933 2192 passionis
1963 2107 2190 2174 Christi
2229 2109 2339 2175 sed

798 2218 1099 2280 meritum
1128 2216 1434 2300 passionis
1458 2216 1687 2283 Christi
1713 2236 1843 2283 non
1875 2217 2045 2283 valet
2074 2218 2198 2283 nisi
2225 2217 2338 2297 eis,

799 2321 869 2386 in
896 2323 1130 2405 quihus
1160 2324 1402 2389 habitat
1437 2324 1723 2390 Christus
1748 2325 1839 2389 :si
1868 2343 2027 2409 ergo
2054 2325 2343 2391 Christus

645 2477 661 2490 ·
797 2434 1113 2500 inhabitat
1150 2455 1265 2520 per
1295 2436 1486 2501 fldem
1518 2441 1581 2502 et
1605 2438 2008 2517 charitatem,
2040 2455 2188 2520 quae
2225 2436 2341 2500 ha-

800 2540 987 2606 betur
1031 2543 1111 2607 ad
1157 2543 1372 2627 ipsum
1398 2593 1415 2621 ,
1465 2544 1853 2627 impossibile
1895 2546 2016 2610 fuit
2057 2545 2340 2629 aliquem

800 2648 1033 2714 salvari
1069 2650 1208 2713 sine
1248 2650 1372 2715 fide
1400 2650 1781 2716 Mediatoris.

882 2754 1041 2820 Item
1060 2755 1280 2821 nullus
1307 2762 1511 2840 potest
1535 2757 1771 2823 salvari
1802 2760 1939 2824 sine
1968 2759 2344 2826 remissione

718 2879 723 2884 ·
802 2863 1040 2945 peccati
1087 2865 1421 2948 originalis
1456 2888 1470 2928 ε
1504 2865 1614 2930 sed
1658 2866 1972 2949 originale
2010 2872 2343 2951 peccatum

803 2989 932 3035 non
979 2975 1184 3054 potest
1233 2974 1470 3037 remitti
1513 2973 1637 3037 nisi
1684 2993 1796 3056 per
1836 2974 2030 3039 fldem
2052 3022 2071 3054 ,
2100 2975 2204 3040 vel
2231 2995 2345 3059 per

801 3077 1057 3162 aliquod
1090 3079 1238 3142 ssdei
1277 3084 1782 3160 sacramentum,
1822 3081 1993 3166 quod
2031 3083 2114 3148 sit
2147 3067 2347 3167 ipsius

802 3189 1165 3255 Mediatoris
1192 3191 1460 3274 signum
1492 3215 1508 3256 ι
1538 3210 1699 3273 ergo
1727 3192 1945 3258 nullus
1973 3192 2180 3277 potuit
2207 3210 2348 3277 per-

804 3296 1021 3362 venire
1062 3297 1142 3363 ad
1188 3298 1459 3364 salutem
1500 3304 1647 3364 ante
1684 3300 2031 3366 adventum
2071 3299 2344 3379 Christi,

804 3399 1071 3482 quinon
1100 3401 1382 3466 crederet
1408 3401 1835 3467 Mediator-em.

886 3507 1045 3572 Item
1071 3510 1291 3575 nullus
1316 3513 1523 3593 potest
1548 3511 1883 3594 pervenire
1924 3511 2003 3575 ad
2031 3510 2302 3576 salutem
2325 3560 2344 3592 ,

806 3614 927 3678 nisi
952 3616 1064 3698 qui
1092 3621 1306 3700 sperat
1333 3635 1350 3681 ε
1382 3616 1494 3682 sed
1520 3616 1741 3682 nullus
1767 3622 1935 3682 recte
1960 3623 2193 3702 sperat,
2220 3619 2346 3683 nisi

803 3723 917 3804 qui
944 3723 1141 3787 credit
1168 3725 1245 3789 ad
1293 3724 1564 3789 salutem
1610 3743 1679 3789 se
1726 3730 2190 3808 perventurum
2235 3747 2349 3811 per

808 3830 1064 3910 merita,
1094 3833 1243 3915 quia
1266 3850 1410 3916 spes
1441 3835 1725 3916 procedit
1764 3853 1845 3899 ex
1875 3835 2084 3917 gratia
2114 3842 2176 3901 et
2211 3854 2350 3900 me-

805 3937 968 4001 ritiS.
1013 3938 1079 4003 Si
1122 3958 1282 4021 ergo
1327 3940 1420 4003 illi
1462 3941 1576 4024 qui
1623 3949 2086 4026 praecesserunt
2119 3944 2344 4009 Christi

806 4044 1151 4110 adventum
1175 4096 1194 4127 ,
1246 4047 1660 4113 salvabantur
1679 4098 1696 4128 ,
1737 4051 2076 4115 credebant
2123 4068 2191 4114 se
2234 4069 2349 4134 per

807 4158 1033 4222 merita
1059 4157 1295 4224 salvari
1327 4179 1343 4224 ε
1373 4165 1488 4225 aut
1527 4179 1684 4244 ergo
1731 4164 2072 4228 credebant
2103 4164 2348 4228 merita

806 4270 1065 4353 propria
1088 4271 1205 4336 sibi
1238 4273 1528 4339 sufficere
1545 4324 1561 4354 ‚
1583 4280 1695 4340 aut
1721 4277 1964 4340 meritis
1990 4277 2217 4341 alienis
2246 4277 2349 4342 in-

806 4376 1047 4459 digere.
1076 4378 1143 4444 Si
1172 4381 1512 4445 credebant
1532 4383 1790 4465 propria
1816 4383 2045 4447 merita
2071 4383 2195 4447 sihi
2223 4384 2351 4448 suf·

806 4486 997 4550 ficere
1016 4534 1036 4565 ‚
1077 4505 1234 4569 ergo
1263 4488 1691 4554 efferebantur
1717 4493 1780 4554 et
1818 4489 2293 4573 decipiebantur
2329 4512 2345 4556 :

807 4610 965 4673 ergo
983 4610 1113 4657 non
1137 4593 1570 4661 salvabantur.
1596 4595 1662 4661 Si
1682 4597 2021 4662 credebant
2039 4617 2107 4662 se
2126 4598 2350 4663 alienis

810 4700 1053 4765 meritis
1098 4700 1428 4784 indigere,
1461 4721 1620 4785 ergo
1660 4703 1982 4767 habebant
2031 4706 2226 4771 fldem
2272 4706 2351 4770 de

805 4807 1147 4873 Mediator-e
1177 4829 1193 4872 ε
1237 4828 1395 4891 ergo
1434 4810 1653 4874 nullus
1687 4810 1919 4875 salvari
1964 4812 2172 4895 potuit
2212 4817 2353 4897 post

804 4916 1058 4999 lapsum
1084 4917 1326 5000 absque
1356 4917 1483 4982 fide
1513 4917 1970 5001 RedemptoriS.

874 5093 1075 5155 Uvam,
1105 5103 1124 5141 1
1148 5126 1161 5152 ‚
1190 5093 1262 5140 27.
1292 5117 1353 5130 —
1382 5093 1405 5127 ἱ
1429 5093 1581 5157 Ηιις.,
1605 5091 1665 5142 de
1693 5092 1941 5157 Soet-mn„
1968 5094 2057 5146 lib.
2094 5096 2148 5159 l,
2177 5111 2231 5160 p.
2268 5109 2350 5160 xl,

809 5175 856 5213 c.
882 5173 975 5213 vn.

876 5257 946 5323 (a)
972 5257 1114 5310 Edit.
1150 5257 1312 5309 Venet.
1351 5261 1503 5327 1753,
1532 5257 1795 5323 implicite.

1917 467 2541 537 saurummnuu
2579 455 2728 539 ue.
2772 472 2882 539 111.

2977 664 3435 734 CONCLUSIO.

2437 815 2634 871 Nullus
2662 819 2786 888 post
2812 816 3020 888 lapsum
3055 817 3252 889 absque
3275 817 3598 875 Mediator-is
3635 818 3744 890 fide
3780 820 3993 876 salvari

2503 908 2692 977 potuit
2715 905 2908 961 saltem
2925 906 3199 977 implicita
3220 905 3316 978 (a),
3338 907 3465 962 licet
3490 908 3752 978 explicite
3771 923 3880 964 non
3909 913 3993 965 te-

2510 997 2761 1051 nerentur
2781 994 3004 1061 credere,
3024 997 3137 1052 nisi
3161 998 3211 1051 ii
3230 996 3428 1067 quibus
3447 1001 3568 1054 erat
3594 998 3925 1054 revelation.

2524 1147 2710 1231 Resp.
2740 1147 2823 1213 ad
2843 1166 2987 1230 arg.
3019 1148 3371 1214 Dicendum
3393 1150 3570 1232 quod
3584 1198 3603 1229 ‚
3634 1150 3814 1214 sicut
3835 1149 3996 1215 mul-

2443 1253 2525 1319 tis
2551 1254 3029 1320 auctoritatibus
3054 1256 3281 1338 probat
3317 1256 3625 1338 Magister
3650 1257 3720 1321 in
3745 1257 3965 1322 littera
3979 1308 3995 1339 ,

2445 1363 2585 1441 post
2621 1360 2874 1444 lapsum
2903 1360 3059 1425 Adae
3087 1361 3306 1426 nullus
3331 1362 3570 1427 salvari
3597 1363 3822 1445 potuit
3846 1364 3998 1428 abs-

2444 1483 2570 1549 que
2594 1466 2718 1531 ssde
2737 1465 3118 1532 Mediatoris.
3146 1467 3375 1533 Nullus
3403 1468 3581 1533 enim
3606 1469 3692 1533 ab
3719 1468 3838 1532 illo
3861 1487 4002 1552 pec·

2445 1575 2584 1637 cato
2610 1573 2914 1655 originali
2946 1579 3192 1657 poterat
3216 1575 3471 1640 liberari
3488 1623 3507 1653 ,
3537 1575 3666 1639 nisi
3705 1576 3783 1639 in
3813 1575 4000 1640 illum

2446 1676 2857 1745 Mediatorem
2902 1682 3216 1762 crederet,
3270 1682 3374 1748 vel
3418 1682 3553 1765 ipse
3599 1700 3721 1764 pro
3781 1701 3853 1747 se
3881 1731 3902 1760 ,
3952 1684 4003 1746 si

2446 1790 2611 1850 esset
2657 1787 2949 1866 adultus,
2981 1788 3085 1853 vel
3121 1789 3285 1853 alius
3324 1807 3441 1872 pro
3493 1789 3631 1871 ipso
3676 1790 3797 1870 qui
3839 1794 4003 1853 oeset

2446 1893 2774 1977 parvulus.
2821 1893 2900 1959 Et
2944 1897 3107 1961 ratio
3148 1897 3350 1979 hujus
3393 1901 3490 1961 est
3517 1945 3538 1975 ,
3582 1896 3746 1978 quia
3801 1914 3956 1960 cum
3981 1907 4000 1940 ¹

2445 2003 2661 2083 qratia
2687 2008 2745 2069 et
2774 2005 3015 2070 veritas
3049 2019 3170 2085 per
3206 2003 3422 2070 Iesum
3461 2002 3794 2069 Christum
3824 2005 4000 2083 tacta

2447 2109 2574 2187 sit,
2605 2112 2668 2173 et
2691 2109 2981 2175 liberatio
3014 2111 3093 2174 ab
3139 2110 3253 2174 illo
3295 2113 3554 2194 peccato
3581 2110 3899 2192 originali
3924 2111 4002 2174 sit

2448 2232 2563 2297 per
2588 2215 2816 2280 merita
2841 2214 3102 2295 Christi,
3137 2221 3200 2282 et
3225 2217 3453 2280 merita
3479 2215 3716 2280 Christi
3764 2235 3901 2281 non
3933 2236 4001 2282 se

2449 2322 2795 2387 extendant
2838 2322 2967 2386 nisi
3013 2322 3095 2388 ad
3135 2323 3275 2387 illos
3313 2324 3424 2406 qui
3452 2323 3837 2388 efficiuntur
3861 2328 4001 2406 ejus

2450 2429 2770 2509 membra,
2799 2434 2865 2495 et
2904 2431 2964 2495 ei
3001 2431 3386 2514 copulantur
3420 2448 3536 2513 per
3561 2431 3764 2494 fidem
3794 2454 3810 2494 :
3844 2432 4004 2498 sicut

2449 2538 2836 2621 impossibile
2878 2542 2975 2604 est
3021 2557 3198 2603 nunc
3235 2538 3524 2622 aliquem
3566 2538 3854 2618 salvari,
3881 2540 4005 2604 nisi

2451 2644 2658 2710 eidem
2683 2645 3017 2729 copuletur
3059 2663 3173 2728 per
3208 2645 3402 2710 fidem
3418 2695 3444 2725 ,
3478 2644 3586 2710 vel
3611 2645 3769 2709 fidei
3796 2666 4005 2713 sacra·

2452 2757 2775 2833 mentum;
2800 2752 2890 2817 sic
2908 2757 2970 2817 et
2987 2750 3380 2835 impossibile
3397 2752 3525 2815 fuit
3543 2755 3704 2825 tunc
3720 2753 4005 2837 aliquem

2452 2865 2593 2946 post
2614 2861 2869 2944 lapsum
2895 2861 3232 2944 pervenire
3273 2860 3353 2924 ad
3394 2861 3669 2926 salutem
3688 2911 3707 2942 ,
3736 2864 3858 2946 qui
3886 2865 4005 2928 aii·

2457 2987 2587 3052 quo
2613 2970 2803 3034 modo
2832 2969 2899 3033 in
2922 2969 3242 3035 Christum
3271 2967 3688 3032 mediatorem
3718 2988 3858 3034 non
3877 2989 4004 3036 cre-

2455 3077 2651 3143 deret.
2686 3076 2834 3142 Ideo
2861 3081 3078 3142 autem
3121 3076 3262 3141 dico
3308 3076 3529 3159 aliquo
3571 3075 3763 3143 modo
3786 3127 3804 3158 ‚
3853 3081 4003 3162 qnia
4088 3077 4160 3183 ζῇ

2453 3186 2611 3250 fides
2643 3185 3007 3251 Mediatoris
3041 3190 3244 3268 potest
3274 3185 3500 3249 haberi
3527 3184 3890 3267 dupliciter,
3914 3190 4003 3252 vi-
4037 3146 4145 3246 ἔκ·

2454 3291 2678 3357 delicet
2707 3291 3010 3374 implicite
3034 3340 3053 3371 ,
3083 3295 3147 3356 et
3174 3291 3471 3374 explicite
3503 3313 3519 3355 :
3559 3291 3860 3375 explicite
3876 3341 3895 3370 ‚
3934 3298 4000 3357 ut
4045 3269 4148 3371 ζζ

2455 3399 2510 3462 si
2551 3399 2697 3482 quis
2746 3400 3028 3465 crederet
3073 3399 3310 3465 Filium
3348 3398 3457 3463 Dei
3516 3403 3997 3481 assumpturum
4018 3404 4158 3497 25²*

2455 3510 2740 3569 nostram
2782 3505 3246 3572 humanitatem
3264 3556 3281 3587 ,
3319 3506 3721 3570 nasciturum
3754 3505 3836 3570 de
3856 3506 3996 3571 Vir·

2459 3612 2611 3694 gine
2629 3661 2646 3691 ,
2677 3630 3020 3696 passurum
3045 3612 3115 3675 in
3140 3631 3360 3692 cruce,
3390 3616 3456 3677 et
3480 3617 3999 3678 resurrecturum

2457 3719 2644 3783 tertia
2669 3720 2770 3784 die
2793 3742 2810 3797 ;
2832 3724 2896 3785 et
2911 3720 3034 3784 hoc
3059 3720 3250 3785 modo
3274 3719 3568 3801 explicite
3596 3719 3858 3785 credere
3872 3738 3997 3785 non

2457 3831 2594 3891 erat
2629 3829 2929 3893 omnibus
2965 3834 3445 3911 opportunum,
3473 3827 3584 3892 sed
3627 3828 3729 3891 his
3755 3826 3994 3906 solum,

2456 3933 2695 4016 quibus
2721 3938 2857 3998 erat
2882 3953 2923 3999 a
2951 3934 3074 3999 Deo
3109 3934 3466 3998 revelatum
3482 3982 3499 4012 ,
3532 3934 3702 3998 sicut
3737 3936 4000 3999 sanctis-

2458 4041 2638 4105 simis
2678 4040 2987 4123 patrihus.
3029 4040 3337 4125 Implicite
3374 4058 3533 4105 vero
3569 4042 3866 4120 credere,
3913 4047 3998 4106 est

2459 4149 2712 4213 credere
2741 4148 3224 4232 Redemptorem
3273 4153 3625 4214 venturum
3667 4149 3909 4228 taliter,
3941 4155 3998 4213 et

2460 4276 2535 4323 eo
2563 4257 2784 4337 mod0,
2817 4256 3112 4340 qualiter,
3157 4260 3219 4319 et
3244 4273 3376 4338 quo
3404 4254 3595 4320 modo
3636 4256 3730 4319 ini
3775 4256 3995 4321 crede-

2460 4364 2644 4445 bant,
2692 4365 2929 4447 quibus
2966 4382 3006 4428 a
3047 4363 3316 4429 Domino
3364 4366 3459 4426 est
3503 4361 3911 4427 revelatum:
3942 4367 3999 4427 et

2459 4475 2581 4540 hoc
2608 4471 2868 4556 quidem
2902 4475 3038 4536 erat
3083 4470 3385 4536 omnibus
3428 4474 3897 4553 opportunum.
3929 4469 4002 4535 Et

2460 4584 2582 4648 hoc
2608 4588 2703 4648 est
2728 4581 2902 4666 quod
2927 4580 3079 4646 dicit
3107 4580 3415 4661 magister
3439 4577 3634 4660 Hugo
3658 4579 3736 4644 de
3768 4578 3992 4644 Sancto

2460 4690 2708 4757 Victore
2748 4690 2818 4752 in
2859 4687 3025 4752 libro
3062 4687 3141 4753 de
3179 4686 3618 4753 sacramentis
3656 4688 3679 4720 ²
3718 4707 3733 4748 ε
3785 4709 3819 4747 α
3857 4684 3999 4750 flaee

2460 4800 2644 4876 sunt,
2672 4794 2922 4879 inquit,
2951 4796 3188 4878 quibus
3222 4794 3304 4858 ab
3352 4793 3540 4858 initio
3578 4792 3741 4857 nihil
3792 4792 4003 4856 minus

2463 4911 2632 4972 recta
2670 4905 2829 4970 fides
2864 4921 3155 4986 unquam
3199 4902 3436 4967 habere
3483 4902 3721 4985 potuit,
3752 4900 4001 4966 coedere

2464 5013 2757 5082 videlicet
2790 5029 3000 5077 unum
3035 5028 3172 5075 esse
3208 5008 3411 5074 Deum
3434 5056 3453 5087 ,
3483 5012 3838 5073 creatorem
3863 5025 3996 5071 om·

2463 5122 2671 5200 nium,
2693 5123 2757 5185 et
2781 5121 3089 5184 rectorem
3115 5116 3609 5194 universorum;
3636 5116 3853 5199 ipsum
3869 5115 4000 5198 qui·

2464 5234 2612 5300 dem
2638 5248 2771 5295 non
2793 5245 2931 5294 esse
2963 5225 3114 5291 mali
3137 5229 3489 5304 auctorem,
3512 5243 3744 5291 eorum
3767 5228 3994 5302 tamen,

2466 5339 2677 5426 quiin
2701 5336 2887 5402 malis
2912 5333 3046 5398 suis
3066 5331 3568 5398 misericordiam
3597 5334 3742 5416 ejus
3767 5347 4000 5416 quare-

2466 5451 2613 5519 rent
2635 5451 2699 5515 et
2724 5443 3147 5529 expectarent,
3173 5440 3470 5507 futurum
3492 5438 3997 5527 Redemptorem-
