4185 6288
451 2644 658 2690 Fundam.

698 473 817 535 620
1852 464 2480 536 SENTENTIARUM
2520 466 2669 534 ΗΒ.
2715 468 2821 534 111.

697 605 870 689 quod
891 605 1233 688 spirituale
1250 610 1380 672 est:
1400 603 1511 670 sed
1531 604 1779 670 dilectio
1797 604 2076 689 proximi
2101 622 2239 669 sen·

696 714 939 780 sibilior
983 718 1107 791 est,
1156 711 1404 777 dilectio
1441 711 1548 775 Dei
1594 712 1983 795 spiritualior
2021 731 2039 776 ε
2072 730 2236 794 ergo

696 822 874 906 prius
900 822 1146 905 oportet
1175 819 1472 884 affectum
1510 819 1806 884 inclinari
1844 820 1925 885 ad
1960 820 2238 900 diligen·

694 927 852 992 dum
872 926 1265 1010 proximum,
1277 942 1473 1008 quam
1489 925 1570 989 ad
1585 925 1985 1007 diligendum
2003 926 2230 991 Deum.

775 1033 935 1098 Item
962 1051 1292 1116 processus
1328 1035 1422 1096 est
1460 1032 1542 1096 ab
1586 1033 2003 1123 inferioribus⁹
2021 1032 2104 1097 ad
2129 1051 2242 1097 su-

694 1141 948 1224 periora
966 1189 983 1219 ‚
1015 1145 1079 1205 et
1103 1141 1184 1204 ab
1216 1140 1583 1222 imperfecto
1612 1141 1693 1205 ad
1721 1141 2068 1223 perfectum
2086 1188 2108 1220 ,
2138 1158 2237 1204 se-

695 1249 984 1314 cundum
1027 1252 1273 1313 rectum
1308 1248 1630 1328 ordinem,
1661 1267 1791 1313 non
1819 1268 1855 1313 e
1884 1267 2234 1314 converso:

695 1356 752 1419 si
779 1374 938 1438 ergo
966 1355 1215 1421 dilectio
1245 1355 1354 1420 Dei
1380 1356 1713 1438 perfectior
1739 1360 1835 1420 est
1860 1360 1923 1422 et
1948 1357 2242 1439 superior

695 1483 893 1549 quam
920 1465 1170 1530 dilectio
1213 1465 1528 1548 proximi,
1565 1465 1643 1549 (a)
1674 1465 1923 1531 dilectio
1960 1467 2241 1549 proximi

694 1578 790 1637 est
811 1573 920 1636 via
945 1573 1023 1637 ad
1053 1572 1229 1637 illam
1256 1574 1405 1637 :sed
1435 1574 1545 1638 via
1570 1578 1664 1640 est
1693 1574 1868 1656 prior
1893 1592 2092 1658 quam
2119 1579 2241 1639 ter-

692 1681 909 1746 minus
941 1702 956 1744 :
987 1698 1144 1761 ergo
1173 1699 1286 1764 per
1313 1681 1494 1763 prius
1523 1685 1617 1744 est
1645 1684 1858 1745 motus
1884 1681 2240 1745 dilectionis

692 1786 760 1851 in
788 1787 1158 1869 proximum
1177 1836 1195 1867 ,
1222 1805 1418 1870 quam
1444 1789 1515 1852 in
1542 1788 1763 1852 Deum.

773 1892 931 1958 Item
959 1894 1133 1976 prior
1160 1900 1255 1958 est
1289 1896 1483 1972 actio,
1514 1914 1711 1978 quam
1752 1896 2197 1980 contemplatio
2216 1944 2233 1974 ‚

694 2002 1048 2067 secundum
1076 2006 1323 2066 rectum
1350 2001 1637 2065 ordinem
1661 2018 1680 2065 ε
1702 2003 1814 2066 sed
1830 2002 2078 2067 dilectio
2097 2020 2239 2087 pro-

693 2110 856 2176 ximi
884 2111 1029 2175 tacit
1066 2111 1397 2175 hominem
1428 2110 1669 2176 versari
1709 2111 1874 2175 circa
1898 2111 2100 2176 vitam
2128 2130 2235 2176 ac-

692 2220 892 2284 tivam
910 2268 929 2299 ,
960 2219 1214 2284 dilectio
1247 2219 1360 2283 Dei
1386 2219 1626 2284 versari
1663 2219 1832 2283 circa
1853 2220 2053 2284 vitam
2081 2239 2238 2285 con·

692 2330 819 2390 tem
825 2325 1129 2409 plativam
1161 2345 1178 2389 :
1209 2344 1371 2408 ergo
1395 2327 1751 2391 secundum
1789 2330 2036 2391 rectum
2065 2326 2239 2392 ordi-

692 2451 842 2498 nem
893 2433 1067 2516 prior
1111 2437 1205 2498 est
1247 2438 1460 2498 motus
1512 2434 1838 2499 charitatis
1891 2435 1960 2498 in
2015 2435 2234 2517 proxi-

695 2558 875 2604 mum
899 2587 915 2620 ,
947 2558 1146 2623 qnam
1173 2540 1240 2603 in
1273 2540 1497 2605 Deum.

769 2645 892 2711 Sed
917 2650 1138 2710 contra
1167 2667 1184 2710 t
1218 2645 1584 2711 Secundum
1612 2665 1765 2712 eum
1792 2647 2056 2713 modum
2084 2647 2240 2713 cha-

689 2752 847 2816 ritas
875 2758 1091 2817 movet
1111 2754 1445 2818 hominem
1471 2754 1550 2818 ad
1579 2754 1984 2836 diligendum
2008 2755 2233 2837 Deum,

686 2863 1040 2928 secundum
1087 2881 1280 2946 quem
1333 2862 1498 2927 Deus
1547 2865 1833 2947 praecipit
1866 2886 1881 2930 ε
1916 2865 2027 2930 sed
2070 2865 2275 2960 Deus·

686 2971 975 3054 praecipit
1014 2970 1222 3053 primo
1262 2969 1464 3034 amari
1509 2987 1610 3049 se,
1643 2975 1707 3034 et
1752 2971 1979 3036 deinde
2018 2990 2237 3036 amare

686 3078 1081 3161 proximum,
1117 3077 1268 3167 quia
1296 3077 1585 3161 primum
1609 3082 1673 3142 et
1701 3096 2032 3143 summum
2061 3098 2239 3144 man-

683 3186 906 3251 datum
962 3189 1056 3250 est
1117 3193 1136 3227 ¹
1206 3208 1221 3250 :
1281 3186 1531 3270 Diliqes
1611 3188 1950 3254 Dominum
2030 3191 2237 3256 Deum

687 3298 891 3372 tuum,
918 3297 1039 3357 etc.
1071 3293 1428 3359 Secundum
1450 3300 1666 3362 autem
1694 3296 1907 3362 simile
1924 3302 2016 3363 est
2038 3298 2191 3365 huic
2212 3317 2235 3363 .-

684 3400 933 3483 Ditiqes
973 3402 1347 3483 proximum
1391 3406 1571 3468 tuum
1598 3451 1619 3482 ,
1661 3403 2020 3468 secundum
2062 3405 2235 3487 quod

685 3506 919 3573 dicitur
959 3508 1029 3572 in
1076 3509 1383 3577 Matthoeo
1416 3511 1489 3592 (b)
1529 3535 1543 3575 :
1590 3530 1752 3593 ergo
1794 3512 1973 3595 prius
2020 3516 2238 3579 movet

691 3615 1058 3681 charitasad
1074 3619 1419 3684 amandum
1446 3620 1672 3700 Deum,
1699 3637 1897 3703 quam
1915 3620 1993 3685 ad
2016 3638 2237 3686 aman·

685 3723 843 3788 dum
870 3724 1262 3805 proximum.

770 3826 928 3893 Item
954 3848 1147 3896 causa
1175 3834 1350 3915 prior
1384 3839 1479 3899 est
1519 3854 1639 3900 suo
1679 3836 1910 3901 effectu
1948 3860 1962 3903 z
1999 3839 2110 3903 sed
2139 3838 2237 3902 di-

685 3936 870 4000 lectio
898 3935 1009 4001 Dei
1037 3957 1227 4003 causa
1246 3944 1341 4005 aet
1363 3941 1716 4007 dilectionis
1737 3944 2045 4027 proximi,
2073 3945 2229 4028 quia

689 4043 828 4109 ideo
877 4044 1085 4127 diligit
1128 4047 1325 4112 homo
1366 4050 1739 4132 proximum
1761 4101 1779 4132 ,
1825 4052 1980 4136 quia
2023 4052 2235 4134 diligit

687 4151 916 4231 Deum,
938 4156 1127 4236 cujus
1145 4161 1241 4220 est
1262 4158 1594 4239 proximus
1625 4160 1841 4241 imago
1863 4178 1880 4225 ε
1908 4179 2094 4242 erg0,
2111 4164 2229 4225 etc.

771 4259 928 4324 Item
970 4261 1283 4343 diligibile
1335 4267 1506 4348 quod
1554 4265 1732 4348 prius
1776 4269 1872 4331 est
1912 4268 1982 4331 in
2019 4268 2234 4332 inten-

686 4365 857 4432 tione
876 4416 892 4448 ‚
925 4368 1105 4451 prius
1150 4373 1243 4435 est
1288 4371 1357 4435 in
1401 4372 1732 4438 affectione
1764 4396 1780 4439 :
1816 4375 1924 4440 sed
1966 4375 2232 4441 intentio

687 4494 800 4559 per
825 4477 1008 4560 prius
1037 4483 1133 4544 est
1171 4485 1460 4563 respectu
1499 4483 1683 4563 flniS,
1715 4503 1911 4567 quam
1940 4490 2234 4569 respectu

684 4587 824 4667 ejus
853 4586 1024 4669 quod
1063 4587 1143 4653 ad
1169 4589 1371 4653 finem
1397 4593 1492 4654 est
1523 4612 1540 4655 ε
1573 4609 1733 4674 ergo
1761 4598 1824 4657 et
1849 4593 2099 4659 dilectio
2128 4616 2145 4658 ι
2179 4594 2232 4658 si

683 4710 845 4775 ergo
873 4694 1041 4759 Deus
1077 4696 1376 4778 diligitur
1412 4698 1483 4762 in
1507 4700 1750 4765 ratione
1777 4700 1925 4764 finis
1946 4750 1964 4779 ,
1993 4705 2055 4766 et
2082 4718 2232 4784 pro-

685 4800 901 4865 ximus
938 4802 1007 4866 in
1045 4804 1290 4867 ratione
1332 4806 1472 4887 ejus
1510 4807 1680 4888 quod
1724 4809 1818 4871 est
1860 4807 1940 4872 ad
1986 4809 2185 4872 finem
2209 4856 2228 4888 ‚

685 4910 1037 4975 necessario
1066 4911 1321 4977 videtur
1347 4914 1518 4997 quod
1545 4914 1793 4980 dilectio
1824 4915 1933 4981 Dei
1961 4934 2232 4999 praeam-

682 5014 836 5079 bula
862 5016 943 5079 sit
969 5015 1047 5081 ad
1078 5018 1481 5085 dilectionem
1509 5022 1811 5104 proximi.

764 5121 922 5187 Item
954 5142 1135 5190 amor
1153 5126 1411 5192 inclinat
1439 5128 1518 5193 ad
1545 5127 1698 5194 illud
1728 5130 1929 5213 priuS,
1954 5130 2034 5196 ad
2056 5132 2230 5215 quod

683 5227 944 5295 inclinat
965 5233 1309 5315 ardentius,
1331 5235 1485 5318 quia
1510 5236 1775 5303 affectus
1809 5239 2098 5322 sequitur
2127 5240 2231 5304 in-

747 5387 820 5452 (a)
867 5388 990 5440 eat.
1029 5391 1150 5442 edit.
1195 5392 1310 5445 add.
1348 5398 1417 5446 et.
1447 5421 1510 5434 -
1556 5396 1621 5461 (b)
1668 5396 1745 5449 Al.
1790 5412 1897 5450 non
1946 5399 2133 5466 legitur
2173 5399 2227 5451 in

686 5457 942 5524 Hatthoeo,
963 5459 1132 5514 nisiin
1160 5465 1405 5530 margine.

2351 602 2759 671 clinationem
2789 608 3100 689 majorem
3133 628 3149 669 :
3198 604 3309 669 sed
3341 600 3671 667 charitatis
3713 609 3892 665 amor

2351 711 2678 777 ardentius
2694 711 2957 776 inclinat
2973 712 3054 776 ad
3077 711 3427 776 amandum
3450 710 3679 789 Deum,
3698 726 3889 791 qnam

2350 819 2766 902 proximum:
2796 837 2955 901 ergo
2980 819 3131 883 facit
3169 817 3350 901 prius
3390 816 3570 882 exire
3602 817 3672 880 in
3713 815 3890 879 illum

2353 931 2601 991 motum
2620 975 2638 1005 ‚
2668 944 2870 1010 quam
2899 928 2970 991 in
2993 927 3218 990 istum.

2896 1162 3352 1231 CONCLUSIO.

2352 1345 2654 1405 charitatis
2679 1350 2851 1403 mones
2876 1346 3057 1418 quoad
3080 1347 3495 1403 inclinationem
3526 1350 3687 1419 prius
3722 1345 3886 1402 tenfflt

2424 1438 2485 1491 in
2522 1438 2691 1493 Deum
2713 1451 2875 1507 quam
2900 1438 2964 1491 in
2986 1438 3325 1508 pron-imnum
3356 1435 3450 1491 sed
3489 1435 3669 1507 quoad
3696 1437 3886 1492 ara-ci—

2425 1528 2562 1582 tium
2582 1528 2743 1599 prius
2769 1527 2831 1583 in
2851 1528 3192 1598 proximum,
3232 1541 3397 1597 quam
3422 1527 3488 1581 in
3514 1527 3701 1581 Dema.

2432 1685 2616 1768 Resp.
2648 1685 2739 1773 ad·
2754 1703 2895 1767 arg.
2941 1684 3293 1749 Dicendum
3310 1734 3329 1763 ,
3360 1684 3531 1767 qnod
3558 1683 3885 1767 dupliciter

2350 1792 2668 1873 contingit
2702 1809 3071 1875 comparare
3098 1791 3252 1856 istos
3289 1795 3502 1856 motus
3543 1790 3883 1855 dilectionis

2350 1900 2429 1964 ad
2466 1898 2757 1963 habitum
2792 1898 3118 1963 charitatis
3152 1920 3167 1961 ε
3199 1902 3315 1962 aut
3357 1898 3717 1963 secundum
3762 1899 3879 1981 pri-

2352 2025 2526 2071 mam
2562 2005 2764 2088 ipsius
2792 2005 3051 2070 habitus
3088 2005 3566 2069 inclinationem
3589 2053 3611 2085 ,
3649 2010 3765 2071 aut
3789 2024 3883 2070 se-

2350 2113 2635 2176 cundum
2686 2111 2970 2175 exercitii
3018 2111 3494 2195 perfectionem.
3543 2111 3613 2176 Si
3667 2130 3882 2177 secun-

2349 2220 2508 2284 dum
2533 2220 2811 2302 primam
2836 2218 3312 2282 inclinationem
3338 2221 3480 2301 eJus
3496 2267 3511 2293 ,
3543 2219 3641 2283 sic
3670 2238 3879 2284 conce-

2350 2326 2633 2391 dendum
2652 2330 2747 2390 est
2760 2375 2778 2406 ‚
2805 2326 2976 2408 quod
2998 2331 3210 2391 motus
3225 2326 3583 2392 dilectionis
3605 2328 3679 2392 in
3694 2328 3881 2394 Deum

2350 2436 2526 2518 prior
2552 2440 2649 2500 est
2665 2483 2681 2514 ‚
2713 2453 2909 2518 quam
2941 2439 3153 2500 motus
3180 2435 3535 2500 dilectionis
3560 2436 3635 2500 in
3678 2438 3884 2520 proxi·

2353 2561 2536 2608 mum
2577 2565 2593 2607 :
2637 2543 2942 2625 quoniam
2984 2542 3257 2607 charitas
3299 2542 3479 2626 prius
3514 2543 3785 2608 inclinat
3819 2545 3885 2608 ad

2351 2649 2588 2730 Deum,
2621 2667 2817 2733 quam
2858 2649 2940 2713 ad
2979 2649 3383 2732 proximum,
3417 2668 3569 2714 cum
3612 2650 3781 2715 Deus
3820 2653 3888 2715 sit

2350 2757 2451 2838 obj
2460 2759 2673 2821 ectum
2696 2756 3144 2839 principalius;
3174 2760 3240 2820 et
3264 2756 3593 2821 inclinatio
3609 2762 3885 2840 respecm

2350 2865 2552 2947 ipsius
2599 2863 2709 2928 Dei
2756 2865 2837 2928 sit
2885 2882 3076 2928 causa
3124 2864 3552 2928 inclinationis
3607 2870 3887 2949 respectu

2349 2971 2651 3054 proximi.
2693 2970 2977 3036 Charitas
3002 2972 3175 3036 enim
3216 2971 3418 3036 Deum
3452 2973 3602 3037 facit
3631 2973 3885 3056 diligere

2351 3082 2607 3163 propter
2632 3097 2736 3160 se,
2764 3082 2829 3142 et
2855 3079 3223 3163 proximum
3250 3084 3510 3165 propter
3535 3081 3744 3146 Deum
3769 3105 3785 3146 ε
3810 3083 3884 3146 ita

2350 3189 2523 3272 quod
2550 3192 2804 3271 propter
2830 3189 2983 3253 dicit
3004 3189 3447 3255 habitudinem
3475 3209 3689 3257 causae
3736 3193 3887 3255 fina-

2350 3295 2462 3374 lis,
2494 3298 2556 3360 et
2600 3313 2812 3360 causae
2857 3297 3206 3376 moventis,
3257 3300 3323 3361 et
3351 3297 3711 3363 inducentis
3744 3322 3762 3363 ι
3802 3316 3887 3363 se-

2351 3403 2519 3468 cund
2528 3422 2634 3468 um
2676 3422 2833 3486 ergo
2871 3404 3146 3488 primam
3183 3405 3506 3471 charitatis
3539 3408 3881 3473 inclinatio

2350 3530 2501 3576 nem
2530 3561 2551 3593 ,
2600 3513 2775 3596 prior
2819 3517 2916 3578 est
2964 3531 3096 3578 non
3140 3514 3347 3578 solum
3389 3515 3739 3597 dignitate,
3781 3516 3886 3581 sed

2350 3620 2543 3685 etiam
2587 3621 2836 3702 origine
2879 3624 3093 3685 motus
3138 3621 3491 3687 dilectionis
3538 3623 3607 3686 in
3645 3624 3843 3688 Deum
3864 3671 3882 3701 ,

2351 3745 2547 3810 quam
2599 3732 2811 3792 motus
2858 3728 3208 3792 dilectionis
3259 3730 3329 3794 in
3380 3730 3780 3812 proximum.
3821 3729 3886 3796 Si

2348 3853 2503 3901 vero
2522 3834 2866 3918 loquamur
2885 3835 3240 3900 secundum
3260 3837 3737 3902 exercitationis
3758 3858 3887 3923 per·

2349 3942 2681 4007 tectionem
2707 3990 2727 4021 ,
2756 3960 2932 4007 cum
2988 3942 3364 4007 exercitium
3414 3943 3770 4010 dilectionis
3822 3947 3886 4010 in

2347 4049 2718 4132 proximum
2746 4049 3043 4131 respiciat
3068 4051 3266 4114 vitam
3295 4050 3571 4116 activam
3594 4100 3613 4130 ,
3643 4054 3887 4118 exerci-

2347 4156 2515 4220 tium
2539 4175 2696 4223 vero
2733 4160 2944 4221 motus
2969 4156 3322 4222 dilectionis
3347 4158 3418 4221 in
3458 4160 3664 4224 Deum
3699 4163 3889 4244 respi-

2348 4264 2471 4327 ciat
2495 4262 2696 4328 vitam
2724 4263 3321 4345 contemplativam3
3354 4271 3416 4330 et
3444 4266 3550 4332 ille
3579 4272 3787 4333 status
3812 4270 3890 4333 sit

2345 4372 2467 4437 isto
2494 4370 2756 4436 inferior
2791 4372 2853 4435 et
2879 4369 3334 4453 imperfectior,
3364 4372 3540 4456 prior
3566 4380 3665 4439 est
3700 4376 3885 4442 dilec-

2348 4480 2437 4544 tio
2484 4478 2795 4562 proximi,
2826 4496 3022 4562 quam
3063 4478 3313 4544 dilectio
3358 4480 3489 4545 Dei.
3544 4481 3667 4559 Qui
3717 4487 3886 4549 enim

2346 4586 2486 4652 vult
2513 4604 2649 4652 esse
2677 4584 2990 4668 perfectus
3027 4590 3274 4650 amator
3312 4586 3458 4665 Dei,
3501 4588 3681 4670 prius
3710 4592 3886 4656 dehet

2346 4712 2413 4761 se
2431 4712 2725 4760 exercere
2749 4694 2818 4758 in
2845 4711 3066 4758 amore
3094 4694 3395 4777 proximi,
3421 4696 3587 4760 sicut
3612 4699 3729 4781 qui
3752 4701 3885 4765 vult

2346 4822 2481 4868 esse
2507 4802 3039 4887 contemplativus
3067 4803 3308 4880 bonuS,
3336 4803 3517 4886 prius
3543 4805 3732 4871 debet
3757 4827 3884 4872 effe

2344 4909 2553 4974 bonus
2579 4909 2856 4989 activus,
2890 4909 3054 4973 sicut
3082 4908 3264 4972 docet
3291 4908 3662 4991 Gregorius.
3703 4912 3786 4977 Et
3821 4915 3885 4976 in

2344 5017 2541 5100 hujus
2564 5016 2657 5081 rei
2689 5016 2957 5097 signum
2984 5015 3084 5080 bis
3107 5014 3295 5079 datus
3319 5020 3418 5080 ωε
3442 5015 3724 5099 Spiritus
3749 5039 3885 5085 san-

2345 5126 2569 5190 ctus':
2613 5125 2822 5208 primo
2858 5124 2931 5188 in
2972 5127 3179 5201 terra;
3226 5123 3509 5188 secundo
3555 5124 3635 5190 de
3675 5127 3879 5193 coelo:

2342 5232 2497 5316 quia
2523 5231 2704 5316 prius
2740 5233 2985 5313 oportet
3024 5245 3310 5294 amorem
3338 5232 3666 5296 charitatis
3693 5252 3881 5299 exer-

2345 5340 2474 5404 ceri
2517 5339 2586 5402 in
2625 5338 2759 5417 his,
2803 5355 2951 5422 quae
2992 5336 3316 5411 videmus,
3344 5342 3423 5401 ut
3452 5356 3567 5421 per
3596 5358 3882 5407 amorem

2410 5469 2428 5502 ¹
2453 5463 2660 5530 matth„
2688 5475 2818 5526 1111,
2848 5465 2928 5528 37,
2950 5464 3093 5515 39.-
3111 5461 3133 5496 ¹
3154 5461 3324 5523 loen„
3354 5474 3448 5526 xx,
3474 5463 3719 5532 223Ac1„
3746 5479 3807 5531 11,
3830 5469 3878 5519 4.

4132 5388 4144 5655 Ι

4122 5920 4137 6089 ι
