4185 6288
810 410 929 472 514

1189 554 1598 650 EXPOS'IT10
1638 580 1968 651 mnus,

841 713 935 767 Hic
958 714 1220 781 quaeritur,
1240 729 1307 766 an
1331 714 1456 767 fides
1476 718 1676 768 tantum
1702 716 1766 769 de
1789 730 1894 768 non
1923 716 2048 767 visis
2073 716 2140 768 sit
2153 753 2171 781 ,
2199 719 2297 768 etc.

885 863 1092 949 Supra
1119 867 1253 949 egit
1298 867 1599 950 Magister
1635 868 1712 933 de
1755 869 1880 932 fide
1913 872 2229 950 quantum
2265 867 2347 932 ad

805 974 944 1054 ejus
993 975 1358 1053 essentiam3
1413 977 1484 1039 in
1541 975 1664 1039 hac
1725 979 1904 1058 parte
1963 973 2100 1055 agit
2144 974 2222 1038 de
2272 992 2348 1037 ea

805 1086 1122 1161 quantum
1156 1081 1235 1144 ad
1289 1084 1432 1164 ejus
1478 1083 1800 1164 objectum
1854 1087 1918 1145 et
1967 1080 2339 1145 materiam:

804 1186 973 1251 unde
998 1188 1266 1271 inquirit
1292 1196 1512 1255 utrum
1540 1190 1695 1253 fides
1720 1189 1801 1252 sit
1826 1189 1903 1253 de
1928 1188 2031 1251 his
2058 1206 2207 1270 quae
2243 1206 2345 1252 so-

802 1293 940 1359 lum
966 1300 1117 1358 sunt
1141 1314 1336 1379 supra
1367 1301 1650 1360 nostram
1671 1296 2128 1377 cognitionem,
2157 1314 2242 1359 an
2268 1294 2348 1359 de

800 1401 909 1468 his
956 1423 1103 1486 quae
1130 1409 1281 1470 sunt
1306 1409 1557 1470 uaturae
1609 1405 1993 1486 cognitionis
2037 1405 2342 1486 subjecta.

804 1511 881 1576 Et
937 1514 1245 1596 quoniam
1296 1514 1537 1597 duplex
1587 1518 1681 1579 est
1707 1514 2026 1596 cognitio,
2055 1513 2348 1580 videlicet

609 1696 622 1737 ἰ
651 1694 697 1737 m
803 1621 1128 1700 sensitiva,
1163 1626 1227 1686 et
1255 1621 1640 1685 intellectiva
1668 1643 1684 1699 ;
1717 1621 1858 1686 ideo
1882 1640 2028 1704 pars
2041 1621 2161 1685 ista
2182 1618 2345 1685 divi-

702 1708 745 1738 ⁰'
803 1727 976 1791 ditur
1002 1727 1069 1790 in
1122 1728 1280 1791 duas
1319 1731 1549 1811 partes,
1594 1728 1665 1793 in
1705 1746 1983 1811 quarum
2013 1729 2222 1811 prima
2244 1729 2344 1793 in-

803 1834 1000 1916 quirit
1046 1810 1369 1916 Magister,
1403 1837 1623 1898 utrum
1653 1834 1810 1898 fides
1848 1835 1929 1898 sit
1966 1834 2045 1898 de
2073 1835 2174 1898 his
2197 1853 2347 1917 quae

803 1959 994 2005 sensu
1016 1942 1476 2024 percipiuntur;
1509 1942 1577 2005 in
1600 1941 1901 2021 secunda,
1928 1944 2149 2006 utrum
2162 1942 2243 2005 sit
2269 1943 2348 2008 de

804 2048 907 2111 his
934 2067 1081 2131 quae
1134 2048 1457 2112 intellectu
1491 2054 1985 2129 cognoscuntur,
2035 2048 2123 2112 ibi
2155 2071 2169 2112 z
2206 2050 2349 2118 Post

804 2155 937 2221 hoec
965 2158 1172 2239 quoeri
1197 2156 1372 2233 solet,
1394 2174 1540 2222 cum
1567 2155 1750 2238 fides,
1781 2160 1898 2221 etc.
1943 2155 2157 2221 Prima
2201 2177 2349 2241 pars

802 2264 1111 2339 dividitur
1161 2264 1227 2328 in
1263 2269 1401 2328 -tres
1442 2270 1675 2347 parteS,
1717 2265 1787 2328 iu
1839 2282 2117 2347 quarum
2141 2266 2351 2348 prima

805 2374 1022 2437 movet
1047 2372 1461 2455 principalem
1479 2373 1922 2456 quaestionem,
1946 2374 2087 2456 subj
2099 2392 2349 2455 ungens

804 2478 1434 2558 determinationem3
1483 2480 1552 2543 in
1581 2480 1858 2544 secunda
1888 2499 2042 2544 vero
2071 2482 2352 2564 epilogat

806 2587 884 2651 ad
918 2588 1378 2652 removendum
1422 2588 1807 2652 incidentem
1860 2588 2348 2670 dubitationem,

803 2692 893 2758 ibi
926 2712 942 2757 :
973 2694 1078 2759 Ex
1106 2693 1207 2759 his
1231 2701 1441 2777 aperte
1469 2695 1888 2778 intelliqitur,
1915 2699 2076 2774 etc.;
2130 2696 2199 2759 in
2223 2702 2350 2761 ter·

804 2800 895 2865 tia
921 2820 1074 2867 vero
1103 2802 1526 2884 exemplificat
1553 2803 1620 2865 in
1649 2802 1903 2884 speciali
1927 2802 2004 2867 ad
2038 2805 2351 2884 majorem

806 2908 1452 2989 explanationem,ibi
1483 2930 1500 2974 τ
1533 2912 1607 2976 Sz·
1635 2924 1777 2977 vero
1802 2913 2117 2993 quaeritur
2137 2915 2353 2977 utrum

807 3013 1054 3096 Petrus,
1113 3022 1231 3082 etc.
1289 3018 1578 3083 Secunda
1631 3037 1787 3086 vero
1812 3038 1960 3103 pars
1988 3020 2354 3104 principalis

805 3126 1011 3206 potest
1035 3124 1232 3190 dividi
1249 3125 1318 3190 in
1344 3130 1470 3190 tres
1499 3131 1728 3210 parteS,
1747 3126 1817 3191 in
1833 3147 2109 3210 quarum
2137 3128 2351 3211 prima

805 3234 1022 3297 movet
1079 3233 1522 3315 quaestionem,
1581 3239 1643 3299 et
1679 3235 2092 3316 determinat3
2139 3236 2208 3299 in
2254 3254 2355 3300 se·

806 3338 1040 3418 cunda,
1070 3342 1439 3406 auctoritate
1466 3343 1815 3425 Augustini
1840 3341 2197 3424 confirmat,
2228 3344 2348 3409 ibi:

820 3445 894 3512 Ut
923 3448 1022 3514 ait
1052 3450 1476 3529 Anqustinu83
1498 3450 1567 3513 in
1589 3450 1778 3514 tertia
1787 3468 1942 3516 vero
1963 3451 2132 3515 elicit
2153 3470 2355 3534 quan·

806 3552 956 3617 dam
979 3554 1353 3620 divisionem
1377 3555 1544 3620 circa
1569 3558 1706 3639 ipsa
1724 3557 2065 3639 credibilia,
2089 3559 2182 3623 ibi
2206 3578 2224 3624 ς
2246 3560 2356 3625 Ex

807 3662 912 3730 his
945 3671 1209 3747 apparet
1236 3664 1461 3749 aliqua
1482 3664 1679 3745 credi,
1700 3683 1841 3750 quae
1860 3682 1990 3734 non
2024 3667 2351 3736 videntur.

1466 3858 1605 3904 DUB.
1651 3860 1695 3904 1.

869 3961 995 4015 Haec
1022 3965 1100 4015 est
1125 3961 1236 4014 laus
1263 3963 1384 4016 fidei
1399 4002 1419 4029 ,
1447 3965 1492 4016 si
1516 3965 1655 4032 quod
1682 3965 1923 4028 creditur,
1950 3980 2058 4019 non
2085 3965 2304 4020 videtur.

889 4093 1158 4160 Contra:
1189 4095 1414 4162 Carere
1438 4095 1682 4161 lumine
1709 4097 1921 4180 potius
1949 4101 2044 4162 est
2079 4096 2162 4161 ad
2183 4097 2356 4164 vitu-

807 4203 1082 4286 perium,
1139 4223 1340 4287 quam
1383 4205 1462 4270 ad
1489 4205 1765 4284 laudem,
1807 4205 2161 4270 secundum
2198 4206 2359 4300 illud

808 4308 1041 4376 Psalmi
1068 4312 1138 4376 ¹:
1196 4295 1576 4380 Homo‘cum
1624 4316 1699 4381 in
1747 4313 1984 4380 honore
2012 4317 2191 4391 esset,
2229 4329 2359 4379 non

809 4417 1131 4485 intellexit
1141 4438 1170 4501 ;
1193 4425 1603 4502 comparatus
1624 4427 1737 4498 est,
1769 4424 1887 4485 etc.
1911 4419 2082 4500 Ergo
2105 4419 2360 4486 videtur

807 4527 976 4609 quod
1007 4527 1278 4609 privatio
1332 4527 1592 4592 visionis
1622 4528 1830 4610 potius
1875 4526 2079 4591 reddit
2105 4526 2361 4609 vitupe-

805 4632 1096 4712 rabilem,
1133 4653 1327 4716 quam
1355 4634 1949 4700 commendabilem.
1982 4632 2162 4713 Item,
2193 4633 2249 4697 si
2285 4633 2358 4699 in

805 4738 926 4804 hoc
955 4742 1240 4806 consistit
1263 4743 1402 4808 laus
1421 4743 1589 4821 fidei,
1621 4743 1772 4826 quia
1802 4742 1999 4808 credit
2025 4742 2199 4824 quod
2225 4760 2356 4807 non

803 4851 1000 4929 videt;
1035 4871 1186 4917 cum
1212 4853 1279 4917 in
1305 4854 1513 4935 gloria
1536 4855 1696 4919 nihil
1711 4855 2029 4928 credatur,
2051 4854 2175 4916 nisi
2196 4851 2354 4916 illud

803 4959 977 5040 quod
1006 4961 1289 5038 videtur,
1347 4962 1604 5028 videtur
1637 4963 1808 5046 quod
1843 4960 2226 5027 laudabilior
2271 4959 2355 5023 sit

804 5064 963 5128 fides
1012 5067 1084 5130 in
1124 5067 1253 5145 via,
1301 5088 1496 5151 quam
1526 5069 1734 5151 gloria
1758 5069 1829 5133 in
1873 5067 2079 5151 patria
2112 5087 2129 5130 ε
2182 5065 2353 5150 quod

803 5171 1154 5238 absurdum
1179 5178 1274 5239 est
1297 5176 1524 5242 dicere.
1559 5176 1742 5254 Item,
1788 5175 1938 5240 siin
1963 5175 2088 5240 hoc
2115 5173 2354 5239 consis-

870 5335 985 5385 ¹Ps.'
1012 5346 1199 5396 vam,
1233 5340 1308 5397 13,
1335 5342 1413 5387 21.
1435 5366 1495 5376 —
1514 5339 1703 5401 ²Aug„
1729 5337 1782 5384 in
1807 5337 1970 5399 Joan„
1993 5336 2139 5386 tract.
2168 5344 2349 5397 Lxx1x,

799 5413 853 5450 n.
885 5408 932 5453 ¹.
959 5403 1065 5441 —3
1092 5406 1267 5470 Arist„
1299 5411 1506 5472 Poste-r„
1534 5409 1619 5458 lib.
1664 5412 1709 5468 ¹,
1737 5408 1876 5456 cont.
1905 5417 1945 5456 1.

1937 405 2562 475 SENTENTIARUM
2600 407 2752 474 LIB.
2792 407 2900 473 111.

2454 543 2533 608 tit
2548 543 2691 609 laus
2715 542 2887 621 fidei,
2916 543 3071 625 quia
3091 542 3291 609 credit
3312 543 3489 627 quod
3514 560 3654 608 non
3678 543 3888 622 videt3
3903 544 4002 608 aed

2456 651 2669 715 omnis
2694 650 2807 733 qui
2832 650 3026 716 stulto
3051 652 3116 714 et
3139 650 3299 717 falso
3349 650 3583 731 crediti,
3617 650 3823 715 credit
3844 649 4006 733 quod

2459 776 2591 823 non
2611 757 2784 824 videt
2814 780 2829 822 :
2856 776 3013 841 ergo
3035 758 3151 842 qui
3175 758 3368 823 stulte
3398 758 3621 836 credit,
3658 756 4007 822 laudandus

2457 870 2573 934 est.

2539 972 2723 1055 Resp.
2756 971 3106 1038 Dicendum
3125 974 3297 1056 quod
3324 972 3600 1056 privatio
3626 972 3900 1037 visionis
3910 973 4009 1038 'sa-

2456 1078 2545 1143 cit
2572 1080 2653 1144 ad
2683 1080 2938 1144 laudem
2993 1080 3409 1160 credulitatiS,
3436 1082 3909 1163 praesupposita
3928 1086 4010 1146 ta-

2456 1205 2606 1250 men
2633 1187 3010 1252 rectitudine
3037 1186 3108 1250 in
3149 1187 3286 1270 ipsa
3336 1187 3711 1253 credulitate
3747 1209 3764 1250 2
3797 1190 3864 1251 et
3901 1187 4011 1253 hoc

2457 1313 2539 1359 ex
2564 1295 2799 1379 duplici
2845 1315 3043 1360 causa
3075 1318 3089 1361 z
3141 1297 3385 1379 primoj‚
3418 1300 3682 1379 propter
3707 1297 4009 1362 humilia-

2457 1402 2701 1467 tionem
2726 1409 2789 1467 et
2816 1403 3311 1486 captivationem
3340 1403 3725 1484 intellectus,
3749 1422 3901 1487 quae
3916 1403 4013 1468 ad·

2458 1510 2724 1575 modum
2750 1521 2843 1574 est
2870 1511 3208 1592 laudanda,
3239 1512 3404 1575 sicut
3417 1512 3722 1594 superbia
3743 1512 4012 1576 intellec-

2459 1621 2564 1681 tus
2591 1622 2686 1681 est
2711 1616 3133 1700 vituperanda
3155 1641 3172 1696 ;
3204 1618 3505 1699 secundo,
3531 1619 3691 1701 quia
3715 1619 3867 1683 talis
3883 1638 4014 1683 cre·

2457 1723 2691 1787 dulitas
2717 1728 2813 1787 est
2860 1743 2900 1788 a
2929 1742 3109 1788 mera
3141 1724 3497 1803 voluntate,
3528 1743 3665 1789 non
3693 1727 3780 1790 ab
3805 1727 4011 1809 aliqua

2458 1832 2850 1895 necessitate.
2911 1831 3142 1896 Nullus
3209 1834 3384 1897 enim
3439 1832 3698 1914 cogitur
3767 1835 4013 1901 credere

2458 1939 2630 2020 quod
2684 1958 2816 2003 non
2871 1938 3067 2020 videt,
3126 1940 3282 2023 quia
3324 1941 3470 2006 laus
3517 1945 3583 2005 et
3617 1942 4011 2025 vituperium

2458 2046 2814 2110 consistunt
2842 2047 3012 2111 circa
3040 2065 3237 2130 opera
3283 2048 3654 2113 voluntaria
3684 2071 3701 2113 ε
3746 2048 3904 2113 binc
3926 2054 4012 2114 est

2458 2155 2633 2236 quod
2659 2152 3063 2236 Augustinus
3097 2155 3249 2219 dicit
3274 2161 3319 2235 ¹,
3350 2156 3522 2238 quod
3563 2157 3708 2221 laus
3752 2157 3906 2222 fidei
3929 2162 4011 2222 est

2459 2261 2714 2325 credere
2741 2261 2908 2343 quod
2938 2280 3068 2325 non
3093 2262 3274 2326 vides
3304 2283 3320 2325 :
3352 2280 3487 2326 non
3503 2268 3773 2347 propter
3799 2266 4013 2348 priva·

2459 2369 2698 2432 tionem
2725 2368 2991 2432 visionis
3017 2373 3293 2449 tantum,
3323 2370 3434 2433 sed
3464 2376 3727 2454 propter
3756 2373 4014 2455 positio-

2459 2495 2608 2541 nem
2648 2474 3027 2541 humilitatis
3072 2483 3135 2543 et
3173 2478 3479 2543 libertatis
3534 2498 3553 2544 ε
3586 2480 4009 2561 humilitatis„

2458 2604 2538 2649 ex
2566 2590 2742 2668 parte
2786 2585 3185 2664 intellectus;
3236 2592 3298 2651 et
3335 2586 3670 2665 libertatiS,
3718 2607 3809 2652 ex
3833 2595 4007 2672 parte

2459 2694 2826 2759 voluntatis.
2861 2692 2938 2757 Et
2960 2712 3072 2776 per
3100 2695 3220 2758 hoc
3266 2699 3439 2777 patet
3464 2696 3801 2778 responsio
3838 2696 3919 2760 ad
3946 2696 4013 2760 il-

2460 2799 2571 2865 lud
2599 2803 2770 2884 quod
2799 2802 3102 2884 objicitur
3126 2803 3356 2885 primo.
3386 2802 3488 2868 Ad
3514 2804 3673 2868 illud
3696 2805 3874 2887 quod
3898 2806 4011 2868 ob·

2460 2909 2677 2991 jicitur
2706 2909 2986 2973 secundo
3011 2909 3089 2974 de
3118 2908 3347 2990 gloria,
3366 2914 3539 2993 patet
3567 2911 3865 2975 similiter
3886 2928 4009 2975 res-

2462 3017 2687 3100 ponsio
2718 3038 2734 3081 :
2767 3018 2919 3099 quia
2971 3016 3376 3099 Augustinus
3418 3036 3552 3082 non
3597 3019 3891 3101 loquitur
3938 3019 4011 3083 de

2459 3124 2649 3190 laude
2685 3142 3090 3209 quacunque,
3130 3124 3238 3190 sed
3277 3124 3355 3190 de
3395 3124 3587 3191 laude
3630 3126 3843 3190 meriti
3879 3148 3898 3190 ε
3950 3128 4012 3190 et

2461 3232 2603 3297 haec
2647 3232 2788 3297 laus
2827 3233 3020 3297 estin
3057 3236 3229 3298 statu
3270 3232 3421 3313 viae,
3468 3251 3603 3297 non
3658 3234 3925 3317 patriae3
3952 3238 4010 3297 et

2463 3339 2631 3403 circa
2652 3343 2830 3405 actus
2859 3340 3006 3417 viae,
3057 3355 3191 3403 non
3235 3340 3400 3404 circa
3424 3345 3608 3404 actus
3633 3341 3884 3423 patriae.
3913 3341 4007 3406 Si·

2464 3444 2698 3509 militer
2725 3449 2897 3529 patet
2921 3446 3250 3526 ultimum,
3282 3446 3439 3529 quia
3487 3445 3594 3510 hic
3621 3465 3755 3512 non
3780 3448 4011 3513 dicitur

2464 3555 2543 3619 de
2568 3573 2974 3638 quacumque
2999 3554 3390 3636 credulitate,
3406 3556 3517 3620 sed
3537 3556 3616 3620 de
3637 3556 4012 3622 credulitate

2463 3665 2636 3727 recta
2662 3666 2726 3727 et
2756 3681 2930 3743 vera,
2961 3680 3092 3727 non
3109 3663 3301 3727 stulta
3327 3668 3389 3729 et
3412 3663 3593 3728 falsa.

3098 3856 3240 3904 DUB.
3284 3857 3353 3903 11.

2581 3965 2710 4016 Cum
2733 3963 2860 4016 fides
2885 3978 2950 4015 ex
2977 3963 3151 4016 auditu
3177 3978 3287 4016 non
3312 3962 3471 4015 modo
3494 3963 3740 4018 exteriori
3758 4000 3779 4031 ‚
3804 3971 3909 4018 etc.

2543 4094 2806 4161 Videtur
2873 4093 2997 4158 hoc
3044 4092 3566 4161 inconvenienter
3609 4094 3777 4176 dici,
3825 4097 4001 4178 quia,

2467 4221 2615 4268 cum
2639 4220 2862 4267 sensus
2886 4203 3068 4266 visus
3108 4200 3418 4284 plurimas
3445 4221 3667 4268 rerum
3708 4204 4011 4270 differen-

2467 4311 2585 4375 tias
2624 4311 2809 4375 nobis
2861 4310 3179 4388 ostendat,
3210 4313 3273 4374 et
3298 4310 3574 4376 nobilior
3601 4312 3702 4391 sit,
3758 4313 4013 4378 videtur

2466 4418 2639 4501 quod
2684 4417 2892 4499 magis
2917 4417 3075 4483 fides
3102 4418 3325 4484 debeat
3354 4437 3489 4485 esse
3517 4438 3601 4485 ex
3622 4417 3795 4500 visu,
3818 4437 4013 4503 quam

2464 4545 2549 4592 cx
2600 4525 2845 4591 auditu.
2894 4524 3052 4590 item
3086 4525 3243 4591 fides
3284 4526 3738 4610 Apostolorum
3780 4528 3907 4591 fuit
3933 4544 4012 4592 ex

2464 4634 2615 4700 visu
2638 4633 2748 4713 ita,
2793 4633 2956 4696 sicut
2985 4652 3069 4697 ex
3119 4635 3342 4698 auditu
3369 4653 3387 4698 z
3424 4653 3582 4716 ergo
3604 4635 3659 4698 si
3684 4635 3903 4699 omnis
3930 4635 4008 4698 fl-

2463 4741 2573 4806 des
2601 4740 3131 4824 subsequentium
3158 4741 3445 4806 derivata
3466 4742 3644 4807 suita
3662 4742 3792 4807 flde
3816 4742 4013 4825 Apos-

2463 4848 2764 4928 tolorum,
2795 4848 3054 4912 videtur
3076 4849 3249 4930 quod
3274 4848 3484 4930 magis
3507 4847 3738 4913 debeat
3780 4850 3909 4914 dici
3934 4866 4014 4914 ex

2462 4955 2633 5032 visu,
2664 4974 2860 5038 quam
2902 4974 2987 5021 cx
3028 4955 3273 5020 auditu.
3323 4955 3515 5034 Item,
3567 4975 3722 5022 cum
3747 4956 3913 5021 fidae
3933 4957 4011 5020 sit

2398 5075 2409 5084 ·
2461 5063 2721 5127 habitus
2763 5063 3038 5139 insuffla,
3068 5063 3323 5129 videtur
3375 5063 3549 5148 quod
3591 5064 3775 5130 nullo
3821 5063 4011 5130 modo

2461 5171 2692 5236 habeat
2714 5190 2798 5235 ex
2823 5172 3048 5237 auditu
3075 5189 3234 5236 esse.

2542 5277 2729 5361 Resp.
2754 5278 3099 5345 Dicendum
3127 5276 3319 5362 quod,
3354 5276 3520 5342 sicut
3540 5277 3694 5343 dicit
3723 5277 4009 5344 Philoso-

2460 5386 2629 5468 phus
2654 5386 2701 5467 ⁸,
2743 5386 3077 5472 dupliciter
3105 5384 3419 5465 contingit
3439 5386 3684 5470 aliquid
3700 5387 3884 5464 scire,
3910 5385 4006 5452 vi·
