4185 6288
709 475 830 540 448

791 618 850 677 3.
893 613 1074 693 Item,
1117 614 1509 698 ubicumque
1560 620 1655 680 est
1699 616 1854 681 ordo
1908 615 2139 699 prioris
2182 615 2265 679 ad

708 721 1059 805 posterius,
1103 720 1190 785 ibi
1236 726 1331 786 est
1379 724 1743 788 numeratio
1785 728 1850 788 et
1892 722 2210 788 distinctio
2243 744 2259 785 :

709 827 819 891 sed
847 847 960 911 per
985 828 1167 910 prius
1190 829 1419 895 unitur
1434 833 1651 895 anima
1672 830 1793 914 ipsi
1813 830 2044 908 Verbo,
2063 846 2262 914 quam

710 954 901 1015 caro;
945 956 1093 1002 caro
1137 938 1312 1002 enim
1357 939 1584 1003 unitur
1627 939 1944 1004 mediante
1992 938 2260 1003 anima:

710 1059 904 1122 ergo,
933 1042 988 1105 si
1033 1042 1103 1105 in
1142 1041 1513 1125 hujusmodi
1553 1044 1902 1117 unionibus
1945 1048 2039 1108 est
2079 1044 2259 1122 ordo,

709 1148 798 1212 ibi
836 1153 931 1214 est
969 1149 1286 1214 distinctio
1322 1172 1337 1215 ε
1370 1168 1532 1232 ergo
1579 1150 1876 1234 pluribus
1911 1149 2265 1215 unionibus

709 1257 1047 1321 uniuntur.

790 1369 851 1428 4.
884 1364 1042 1429 item
1068 1366 1289 1430 anima
1312 1366 1540 1431 unitur
1565 1366 1884 1432 divinitati
1901 1415 1918 1443 ,
1948 1371 2015 1431 et
2040 1365 2266 1431 unitur

712 1472 919 1552 carni;
939 1491 1059 1536 nec
1084 1473 1312 1538 unitur
1340 1474 1581 1540 unione
1603 1475 1817 1553 unica,
1848 1474 1956 1538 sed
1981 1473 2258 1556 duplici:

711 1596 869 1660 ergo
915 1580 1055 1662 pari
1099 1580 1343 1645 ratione
1387 1582 1661 1660 videtur,
1691 1581 1866 1664 quod
1905 1579 2265 1663 hypostasis

711 1685 924 1764 Verbi,
953 1706 1102 1752 cum
1130 1689 1355 1753 unitur
1396 1689 1571 1752 carni
1619 1692 1682 1754 et
1725 1688 1995 1767 animae,
2026 1686 2263 1770 duplici

710 1795 950 1858 imione
975 1795 1259 1859 uniatur.
1292 1795 1358 1860 Si
1390 1801 1463 1859 tu
1490 1795 1660 1859 dicas
1687 1795 1861 1877 quod
1886 1812 2019 1859 non
2046 1798 2145 1858 est
2171 1794 2289 1858 si-.

712 1900 887 1980 mile,
917 1902 1068 1984 quia
1094 1921 1176 1966 ex
1201 1902 1432 1967 deitate
1459 1906 1525 1966 et
1550 1920 1742 1966 carne
1765 1920 1895 1967 non
1922 1903 1998 1965 fit
2025 1920 2260 1982 unum,

712 2008 877 2072 sicut
901 2009 977 2072 sst
1001 2028 1083 2073 ex
1125 2028 1316 2074 carne
1342 2013 1407 2073 et
1444 2009 1661 2073 anima
1683 2031 1699 2087 ;
1731 2014 1889 2073 tunc
1915 2008 2212 2090 objicitur
2241 2026 2259 2071 ε

714 2117 863 2182 Esto
888 2119 1060 2201 quod
1087 2137 1169 2183 ex
1196 2137 1384 2183 carne
1411 2123 1474 2182 et
1502 2119 1718 2183 anima
1739 2137 1873 2183 non
1894 2119 2007 2183 flat
2028 2136 2260 2199 unum,

715 2225 878 2290 sicut
912 2226 1033 2290 fuit
1059 2226 1129 2290 in
1166 2231 1402 2304 morte,
1435 2226 1692 2291 videtur
1735 2229 1891 2291 tunc
1933 2226 2108 2308 quod
2155 2226 2265 2290 illa

706 2337 844 2416 jam
872 2351 1003 2399 non
1030 2334 1111 2397 sit
1137 2351 1268 2397 una
1293 2332 1472 2413 unio,
1503 2333 1613 2397 sed
1649 2332 1816 2397 duae.

475 2452 685 2498 ruam.
794 2439 916 2505 Sed
954 2446 1175 2505 contra
1206 2461 1222 2504 :
1255 2439 1417 2504 Unio
1455 2439 1839 2504 terminatur
1873 2440 1954 2504 ad
1998 2458 2209 2504 unum
2240 2458 2257 2503 ε

714 2548 825 2612 sed
874 2566 1020 2612 caro
1063 2551 1126 2612 et
1164 2547 1381 2612 anima
1419 2546 1737 2611 uniuntur
1773 2547 1894 2630 ipsi
1937 2545 2149 2614 Verbo
2194 2548 2263 2611 in

713 2673 914 2720 unam
941 2673 1277 2738 personam
1310 2678 1325 2718 :
1357 2673 1516 2736 ergo
1563 2655 1817 2720 videtur
1853 2654 2027 2737 quod
2070 2655 2264 2719 unia-

713 2767 821 2827 tur
846 2763 906 2827 ei
933 2764 1178 2828 unione
1206 2763 1417 2827 unica.

793 2870 952 2935 Item
989 2870 1147 2935 unio
1189 2868 1347 2932 facta
1392 2872 1489 2933 est
1529 2885 1644 2950 per
1691 2870 2194 2952 assumptionem
2241 2892 2258 2934 :

713 2995 871 3058 ergo
921 2977 1032 3042 ubi
1085 2981 1180 3041 est
1232 2994 1364 3040 una
1411 2975 1805 3057 assumptio,
1853 2975 1942 3039 ibi
1986 2979 2080 3040 est
2130 2992 2263 3039 una

713 3085 871 3151 unio
901 3106 916 3148 :
948 3084 1058 3150 sed
1102 3081 1384 3148 Verbum
1432 3082 1773 3166 assumpsit
1797 3085 2018 3148 'totam
2066 3087 2256 3147 natu-

712 3213 851 3258 ram
900 3194 1254 3258 humanam
1306 3191 1498 3256 unica
1551 3190 1987 3272 assumptione
2034 3208 2052 3253 :
2100 3207 2262 3270 ergo

710 3302 925 3366 univit
950 3300 1069 3364 sibi
1096 3317 1353 3363 carnem
1381 3300 1444 3362 et
1464 3299 1747 3362 animam
1777 3297 1969 3362 unica
1995 3297 2257 3361 unione.

792 3407 980 3488 Item,
1032 3409 1197 3472 sicut
1238 3410 1408 3472 totus
1469 3405 1665 3469 homo
1715 3404 2124 3487 componitur
2177 3422 2261 3468 ex

710 3536 898 3582 carne
936 3520 1001 3580 et
1024 3515 1274 3592 anima,
1304 3513 1395 3576 ita
1419 3515 1628 3575 totum
1667 3529 1896 3593 corpus
1921 3511 2256 3593 componi-

709 3630 816 3688 tur
841 3641 925 3687 ex
951 3622 1237 3705 partibus
1262 3620 1582 3701 organicis
1616 3639 1633 3682 ε
1662 3635 1820 3699 ergo
1847 3616 1900 3681 si
1927 3620 2138 3681 essent
2162 3614 2254 3679 di-

710 3748 914 3796 versae
955 3729 1230 3794 uniones
1257 3726 1466 3790 carnis
1492 3729 1557 3790 et
1580 3725 1815 3789 animae
1850 3723 1932 3788 ad
1958 3727 2261 3786 naturam

709 3840 995 3905 divinam
1014 3885 1031 3917 ,
1063 3837 1204 3920 pari
1221 3835 1474 3916 ratione
1502 3837 1711 3898 essent
1754 3832 2024 3897 diversae
2067 3830 2257 3894 nnio-

710 3965 825 4010 nes
850 3963 1082 4010 manus
1107 3948 1171 4008 et
1195 3941 1376 4026 pedis
1415 3941 1496 4005 ad
1523 3939 1814 4006 eamdem
1837 3985 1855 4015 ,
1887 3942 1949 4003 et
1984 3937 2259 4001 aliorum

712 4051 1153 4119 membrorum
1184 4067 1201 4113 τ
1231 4048 1406 4133 quod
1431 4049 1486 4112 si
1509 4047 1632 4113 hoc
1658 4050 1753 4112 est
1777 4044 2256 4124 inconveniens,

710 4164 905 4225 restat
931 4158 1102 4242 quod
1127 4156 1336 4224 carnis
1363 4160 1427 4222 et
1452 4155 1685 4220 animae
1712 4173 1843 4219 una
1868 4156 1963 4217 est
1991 4152 2151 4217 unio
2178 4152 2260 4217 ad

712 4267 1032 4332 deitatem.

792 4375 973 4451 Item,
1004 4390 1156 4438 cum
1182 4391 1328 4437 caro
1351 4375 1415 4436 et
1439 4369 1655 4435 anima
1678 4367 1994 4433 uniuntur
2020 4366 2262 4432 unione

713 4482 1011 4561 naturali,
1059 4500 1194 4547 una
1236 4479 1476 4545 unione
1519 4477 1835 4542 uniuntur
1865 4497 1882 4538 :
1922 4492 2081 4555 ergo
2121 4473 2260 4556 pari

712 4592 986 4667 ratione,
1016 4589 1271 4672 quando
1297 4587 1614 4651 uniuntur
1639 4584 1876 4649 unione
1903 4579 2259 4665 personali,

713 4716 862 4763 cum
889 4698 977 4761 ita
1003 4697 1162 4760 bene
1188 4696 1273 4759 sit
1299 4712 1504 4759 unum
1547 4693 1703 4757 illud
1731 4690 1904 4774 quod
1930 4693 2025 4754 est
2052 4705 2260 4753 unum

715 4808 783 4872 in
823 4823 1121 4890 persona,
1170 4804 1334 4867 sicut
1384 4801 1539 4865 illud
1584 4799 1755 4883 quod
1797 4802 1891 4863 aet
1935 4814 2145 4862 unum
2188 4795 2260 4857 in

713 4922 964 4980 natura.
997 4913 1120 4979 Sed
1154 4887 1302 4977 caro
1338 4915 1401 4976 et
1445 4909 1660 4974 anima
1699 4908 2018 4972 uniuntur
2049 4903 2259 4970 Verbo

710 5024 952 5089 unione
1000 5019 1315 5105 personali
1369 5041 1384 5083 ε
1439 5035 1597 5099 ergo
1646 5015 1967 5080 uniuntur
2015 5013 2257 5078 unione

711 5131 926 5210 unica,
955 5148 1091 5194 non
1116 5127 1356 5192 unione
1382 5123 1743 5208 multiplici.

777 5329 844 5393 (a)
869 5327 928 5378 ld
951 5329 1030 5378 est
1055 5325 1310 5375 activa.-
1328 5323 1392 5387 (ὁ)
1423 5322 1480 5373 ld
1503 5325 1582 5372 est
1601 5318 1822 5386 passiva.
1843 5317 2110 5382 -—(c)Coet.
2130 5315 2255 5369 edit.

712 5401 856 5451 unita
876 5423 939 5434 —
977 5395 1140 5447 divisa
1177 5420 1231 5431 -—
1256 5395 1532 5459 conjuncta
1550 5418 1614 5431 —
1632 5391 1896 5454 assumpta
1921 5414 1984 5428 —
2011 5388 2171 5440 unita.
2193 5413 2255 5426 —

714 5473 792 5539 (d)
811 5469 1128 5521 numeratur.
1159 5491 1222 5505 -
1245 5466 1311 5532 (e)
1343 5466 1425 5516 ad.
1624 5471 1630 5478 ’

1835 478 2461 548 8ΕΝΤΕΝΤΙΑΒΠΜ
2501 483 2651 550 LIB.
2696 481 2803 551 111.

2878 662 3406 745 coNansm.

2380 814 2613 870 Verbum
2638 816 3039 882 unimunione,
3069 819 3275 888 quoeest
3298 815 3532 881 relatio,
3559 815 3676 882 tuit
3702 818 3915 871 ιιηίίιιηι

2444 907 2641 960 animoe
2664 910 2717 961 et
2744 908 2919 973 carna}
2953 909 3119 962 unica
3146 922 3269 964 vero
3296 909 3445 969 actu,
3470 903 3564 961 sed
3585 905 3838 975 pluribus
3862 909 3918 960 ιἰι

2440 996 2724 1065 potentia,
2753 1011 2869 1067 quoe
2892 998 3036 1065 fiunt
3062 1001 3188 1052 actu
3218 998 3280 1051 in
3296 996 3643 1067 separatione
3667 997 3868 1050 animoe
3885 1010 3918 1049 a

2444 1098 2682 1155 corpore.

2454 1261 2636 1345 Resp.
2673 1261 2753 1327 ad
2780 1280 2923 1344 arg.
2955 1261 3051 1326 Ad
3082 1260 3537 1344 praedictorum
3571 1259 3921 1343 intelligen-

2376 1368 2532 1433 tiam
2559 1372 2654 1433 est
2678 1368 3054 1448 notandum,
3082 1368 3257 1451 quod
3283 1368 3441 1432 unio
3465 1367 3703 1432 dicitur
3721 1367 3920 1431 tribus

2373 1475 2583 1540 modis
2625 1497 2643 1538 t
2692 1493 2826 1539 uno
2873 1475 3063 1540 modo
3112 1475 3345 1539 dicitur
3392 1475 3556 1539 actio
3598 1473 3916 1551 unientis;

2373 1579 2498 1644 alio
2560 1579 2750 1644 modo
2817 1580 3050 1647 dicitur
3111 1581 3320 1664 passio
3374 1579 3679 1659 unibilis3
3740 1579 3919 1644 tertio

2374 1686 2564 1751 modo
2608 1686 2840 1751 dicitnr
2883 1686 3105 1751 relatio
3148 1688 3504 1753 unitorum.
3557 1687 3724 1754 Cum
3771 1705 3919 1769 ergo

2373 1795 2690 1877 quaeritur
2722 1800 2946 1860 utrum
2973 1798 3190 1861 anima
3230 1801 3294 1862 et
3336 1815 3569 1881 corpus
3612 1797 3922 1862 uniantur

2372 1901 2494 1983 ipsi
2519 1901 2846 1984 hypostasi
2875 1901 3062 1968 Verbi
3090 1906 3330 1970 unione
3361 1905 3625 1987 duplici,
3658 1921 3918 1987 respon·

2374 2007 2657 2073 dendum
2703 2013 2798 2073 est
2840 2033 2855 2073 z
2905 2009 2971 2075 Si
3014 2009 3361 2093 loquamur
3406 2012 3486 2077 de
3530 2012 3779 2077 unione
3815 2029 3918 2074 ac-

2374 2117 2546 2179 tione
2579 2115 2685 2197 (a),
2713 2134 2845 2181 non
2871 2121 2965 2181 est
2990 2117 3077 2181 ibi
3118 2118 3241 2182 nisi
3286 2118 3481 2184 unica
3514 2119 3697 2184 unio.
3732 2117 3919 2183 Unica

2372 2226 2546 2290 enim
2573 2226 2812 2291 unione
2846 2227 3057 2293 univit
3081 2227 3206 2291 sibi
3232 2225 3519 2294 Verbum
3558 2245 3825 2293 carnem
3856 2230 3915 2291 et

2373 2333 2689 2412 animam,
2715 2334 2881 2398 sicut
2905 2334 3095 2398 unica
3120 2336 3555 2418 assumptione
3581 2333 3921 2418 assumpsit

2373 2459 2607 2524 corpus
2644 2445 2710 2505 et
2751 2440 3058 2506 animam.
3102 2440 3406 2507 Similiter
3426 2492 3444 2524 ,
3486 2444 3540 2507 si
3579 2444 3920 2526 loquamur

2372 2547 2452 2613 de
2503 2549 2743 2614 unione
2799 2548 3089 2631 passione
3132 2550 3209 2632 (b)
3235 2598 3254 2629 ‚
3303 2567 3437 2614 non
3493 2550 3617 2614 fuit
3663 2550 3759 2614 ibi
3803 2548 3919 2613 nisi

2374 2655 2568 2720 unica
2583 2657 2762 2721 unio.
2780 2657 2940 2722 Caro
2966 2656 3141 2721 enim
3168 2661 3231 2722 et
3253 2657 3470 2722 anima
3498 2674 3630 2722 non
3658 2658 3921 2722 fuerunt

2373 2764 2572 2827 unitae
2606 2763 2675 2846 (c)
2710 2763 2832 2846 ipsi
2857 2762 3065 2830 Verbo
3092 2764 3160 2827 in
3187 2763 3445 2828 unionis
3471 2764 3828 2846 primordio
3852 2766 3921 2827 ut

2374 2871 2594 2936 divisae
2617 2872 2714 2953 (c),
2737 2871 2847 2936 sed
2868 2875 2942 2936 ut
2967 2874 3328 2954 conjunctae
3352 2872 3422 2954 (c)
3447 2872 3515 2936 in
3538 2891 3743 2936 unam
3772 2871 3917 2937 sub·

2372 2978 2672 3041 stantiam
2708 2981 2770 3042 et
2803 2983 3100 3043 naturam
3144 3001 3159 3043 :
3194 2979 3337 3044 ideo
3364 2984 3715 3063 assumptae
3755 2981 3824 3063 (c)
3862 2980 3921 3042 et

2373 3084 2571 3149 unitae
2620 3085 2689 3167 (c)
2736 3086 2998 3151 fuerunt
3064 3085 3504 3170 assumptione
3555 3091 3619 3152 et
3684 3088 3918 3152 unione

2372 3193 2584 3256 unica.
2617 3192 2685 3256 Si
2713 3198 2930 3258 autem
2956 3193 3300 3276 loquamur
3326 3194 3405 3259 de
3431 3194 3678 3259 unione
3701 3212 3919 3259 secun·

2372 3299 2531 3363 dum
2557 3300 2733 3382 quod
2764 3304 2859 3365 est
2899 3300 3122 3366 relatio
3158 3302 3539 3382 unibilium‚
3577 3302 3669 3365 sic
3701 3303 3920 3367 dicen·-

2372 3407 2530 3472 dum
2548 3410 2830 3492 estquod
2849 3428 3000 3474 cum
3027 3410 3251 3474 relatio
3272 3428 3403 3475 non
3431 3413 3815 3475 numeretur
3836 3408 3916 3491 (d)

2372 3515 2496 3579 nisi
2533 3535 2649 3598 per
2683 3520 3005 3595 extrema,
3047 3534 3123 3581 eo
3161 3516 3351 3582 modo
3385 3517 3578 3581 habet
3612 3516 3921 3599 multipli-

2373 3626 2503 3689 cari
2526 3675 2542 3704 ,
2592 3644 2720 3707 quo
2764 3626 2959 3691 habet
3005 3625 3350 3708 plurificari
3398 3626 3610 3708 ipsum
3654 3624 3914 3688 unibile.

2373 3731 2689 3806 Quoniam
2712 3752 2867 3815 ergo
2894 3733 3138 3798 unibile
3166 3752 3248 3797 ex
3276 3738 3452 3816 parte
3477 3732 3791 3796 humana-2
3816 3750 3922 3796 na·

2372 3845 2539 3903 tura-0
2574 3839 2695 3903 fuit
2732 3859 2938 3905 unum
2973 3840 3045 3905 in
3070 3844 3239 3921 actu,
3272 3845 3336 3905 et
3376 3839 3562 3922 plura
3588 3840 3659 3904 in
3699 3843 3919 3922 poten·

2373 3947 2484 4024 tia;
2506 3946 2660 4029 quia
2678 3952 3042 4013 extremum
3058 3948 3217 4012 illud
3235 3950 3371 4012 erat
3386 3947 3679 4012 humana
3691 3951 3920 4011 natura

2375 4059 2671 4118 constans
2687 4072 2770 4119 ex
2792 4073 3054 4138 corpore
3074 4059 3136 4120 et
3153 4055 3389 4131 anima,
3414 4072 3562 4138 quae
3582 4071 3922 4120 concurre-

2371 4159 2526 4225 bant
2550 4161 2617 4225 in
2643 4180 2857 4226 unum
2884 4163 3243 4228 secundum
3271 4168 3510 4243 actum,
3539 4165 3604 4227 et
3629 4165 3921 4246 poterant

2370 4263 2720 4329 essedivisa
2738 4268 2801 4329 et
2819 4265 3112 4330 distincta
3126 4287 3143 4344 3
3158 4265 3309 4328 hinc
3317 4267 3412 4329 est
3429 4265 3598 4348 quod
3610 4264 3920 4348 quamdiu

2369 4389 2601 4454 corpus
2632 4376 2696 4436 et
2739 4371 2956 4436 anima
3002 4372 3269 4436 fuerunt
3315 4373 3691 4454 conjuncta,
3735 4371 3921 4437 unica

2369 4479 2611 4545 unione
2637 4479 3024 4544 uniebantur
3049 4478 3259 4544 Verbo
3291 4502 3307 4545 ε
3339 4480 3533 4545 unica
3554 4527 3573 4559 ‚
3613 4479 3883 4562 inquam
3900 4526 3918 4558 ,

2368 4586 2439 4649 in
2481 4592 2652 4662 actu,
2700 4586 2811 4650 sed
2855 4585 3149 4669 pluribus
3193 4587 3262 4651 in
3307 4585 3591 4670 potentia
3620 4606 3637 4650 ε
3669 4584 3921 4669 quando

2370 4693 2524 4758 vero
2539 4693 2619 4757 ab
2639 4694 2708 4775 (e)
2722 4693 2998 4758 invicem
3023 4694 3092 4758 in
3113 4700 3317 4760 morte
3330 4694 3594 4758 fuerunt
3608 4696 3915 4773 separata,

2368 4799 2438 4862 in
2488 4807 2693 4865 morte
2758 4801 3149 4865 uniebantur
3201 4800 3548 4866 unionibus
3602 4797 3913 4882 pluribus.

2370 4905 2528 4973 Caro
2566 4908 2739 4972 enim
2769 4908 3099 4972 dicebatur
3138 4909 3318 4973 unita
3346 4906 3583 4985 Verbo,
3614 4908 3679 4969 et
3702 4907 3916 4969 anima

2369 5015 2548 5077 unita
2596 5037 2612 5078 :
2661 5019 2724 5078 et
2768 5014 2909 5078 haec
2949 5014 3169 5080 relatio
3215 5033 3298 5079 ex
3342 5018 3522 5097 parte
3571 5014 3810 5091 σαι-οἰδ,
3855 5015 3915 5076 et

2369 5121 2625 5200 animae,
2676 5126 2813 5186 erat
2853 5122 2997 5202 alia,
3051 5126 3114 5186 et
3151 5122 3277 5185 alia
3320 5143 3334 5184 ε
3384 5119 3699 5185 intellecto
3744 5119 3914 5185 enim

2368 5228 2541 5311 quod
2567 5246 2713 5292 caro
2744 5246 2876 5293 non
2904 5233 3068 5295 esset
3090 5229 3306 5308 unita,
3338 5227 3552 5293 adhuc
3581 5232 3792 5311 posset
3815 5226 3910 5290 in-

2369 5334 2569 5416 telligi
2608 5337 2791 5401 unita
2826 5355 2964 5402 esse
3003 5336 3239 5402 anima.
3273 5335 3351 5401 Et
3390 5335 3749 5401 secundum
3793 5333 3910 5399 hoe

2367 5445 2539 5525 patet
2572 5445 2897 5527 responsio
2926 5444 3008 5509 ad
3045 5443 3469 5527 quaestionem
3496 5441 3905 5527 propositam.
