4185 6288
751 409 870 472 638

830 546 892 605 4.
931 539 1089 605 Item
1117 539 1278 605 ratio
1310 540 1648 622 imaginis,
1678 541 1814 605 sive
1854 561 2149 625 expressa
2184 563 2284 608 as-

760 648 1061 713 similatio
1087 649 1163 713 ad
1193 648 1395 712 Deum
1412 696 1430 727 ,
1461 652 1557 712 est
1582 649 1646 714 id
1672 650 1842 732 quod
1868 649 2011 713 facit
2036 653 2281 714 creatu-

760 774 900 820 ram
930 754 1296 819 rationalem
1327 773 1405 818 ex
1434 755 1738 819 charitate
1775 755 1989 837 diligi,
2027 757 2191 822 sicut
2216 758 2285 821 in

761 862 1264 947 praecedentibus
1301 866 1472 944 patet
1503 884 1517 926 ε
1549 863 1658 928 sed
1703 863 1769 926 in
1814 881 2076 946 corpore
2118 883 2290 928 com-

762 973 1165 1037 municamus
1205 990 1351 1035 cum
1396 972 1634 1052 brutis,
1664 990 1781 1035 nec
1812 973 2111 1054 perfectio
2139 973 2292 1036 ima-

767 1079 937 1161 ginis
981 1079 1295 1161 reperitur
1334 1078 1400 1141 iu
1439 1078 1622 1142 nobis
1658 1097 1742 1142 ex
1786 1087 1963 1162 parte
2011 1080 2292 1161 corporis

759 1187 956 1252 nostri
991 1208 1006 1249 :
1054 1203 1214 1266 ergo
1257 1185 1511 1249 videtur
1554 1185 1724 1266 quod
1766 1204 2030 1268 corpora
2074 1191 2290 1250 nostra

763 1311 891 1358 non
920 1293 1044 1357 sint
1090 1311 1172 1356 ex
1217 1291 1521 1355 charitate
1560 1286 1882 1373 diligenda
1905 1341 1923 1369 ,
1968 1279 2134 1357 sic'ut
2175 1311 2290 1357 nec

751 1401 941 1465 bruta
964 1398 1286 1464 animalia.

521 1518 730 1564 ranam.
839 1508 962 1572 Sed
984 1512 1202 1571 eontra
1230 1507 1247 1541 ¹
1278 1528 1293 1569 :
1335 1506 1481 1572 Viri
1507 1505 1730 1574 debent
1756 1506 2024 1591 diliqere
2056 1524 2290 1575 uxores

755 1631 908 1681 suas
927 1664 949 1696 ,
993 1617 1161 1681 sicut
1204 1630 1468 1695 corpora
1503 1631 1625 1679 sua
1650 1633 1672 1678 .·
1713 1615 1767 1677 si
1802 1633 1961 1698 ergo
1999 1616 2292 1680 hortatur

755 1722 1094 1805 Apostolus
1118 1722 1196 1785 ad
1224 1721 1575 1803 diligendas
1598 1739 1832 1785 uxores
1857 1741 1940 1785 ex
1966 1723 2288 1803 charitate,

754 1847 904 1893 cum
967 1828 1259 1892 similiter
1320 1826 1660 1908 diligendae
1723 1827 1851 1889 sint
1901 1833 1972 1890 ut
2027 1846 2295 1910 corpora

752 1942 967 2002 nostra
985 1985 1006 2016 ,
1036 1937 1287 2001 videtur
1314 1937 1482 2018 quod
1515 1954 1783 2018 corpora
1818 1936 1949 1999 sint
1973 1955 2054 2000 ex
2081 1936 2292 1999 chari·-

751 2052 881 2113 tate
911 2046 1258 2127 diligenda.

835 2155 990 2219 Item
1024 2152 1425 2235 Augustinus
1451 2150 1605 2214 dicit
1629 2149 1697 2213 in
1725 2149 1888 2214 libro
1911 2152 2005 2216 De
2034 2152 2290 2217 Doctri-

758 2280 848 2329 na
879 2263 1258 2328 Christiana
1294 2260 1319 2294 ²
1355 2280 1380 2322 .·
1422 2281 1453 2318 α
1482 2256 1766 2334 Quatuor
1814 2263 1966 2321 sunt
2016 2258 2287 2339 diligen·

759 2372 875 2450 da;
897 2393 926 2430 n
954 2375 1017 2434 et
1039 2370 1244 2432 tribus
1269 2364 1614 2449 praemissis
1644 2364 1937 2428 subditur
1961 2370 2289 2447 quartum,

763 2477 934 2562 quod
961 2478 1124 2540 infra
1152 2493 1268 2539 nos
1304 2478 1428 2552 est,
1457 2472 1690 2536 scilicet
1714 2489 1945 2554 corpus
1976 2476 2289 2536 nostrum.

761 2587 825 2650 Si
852 2604 1009 2667 ergo
1035 2583 1443 2665 Augustinus
1468 2588 1799 2645 enumerat
1837 2578 1927 2642 ibi
1969 2580 2294 2660 diligenda

761 2712 844 2758 ex
863 2692 1168 2757 charitate
1186 2688 1443 2772 praecise
1470 2691 1535 2750 et
1551 2686 1824 2770 proprie,
1854 2686 2101 2750 videtur
2121 2686 2293 2769 quod

763 2821 1028 2886 corpora
1063 2805 1278 2865 nostra
1313 2799 1439 2861 sint
1478 2796 1801 2877 diligenda
1839 2815 1921 2860 ex
1964 2796 2289 2861 charitate.

840 2910 1000 2974 Item
1026 2926 1216 2971 omne
1244 2903 1658 2970 beatificabile
1673 2951 1693 2981 ,
1733 2921 1817 2966 ex
1852 2903 2156 2967 charitate
2200 2907 2297 2966 est

758 3016 1064 3098 diligibile
1097 3037 1113 3079 z
1145 3013 1253 3078 sed
1279 3031 1510 3096 corpus
1550 3016 1843 3075 nostrum
1883 3028 2035 3074 cum
2079 3011 2296 3074 anima

759 3129 1189 3195 communicat
1245 3125 1311 3189 in
1381 3122 1862 3207 participatione
1921 3123 2229 3187 felicitatis
2270 3140 2289 3187 ε

757 3257 918 3321 ergo
945 3236 1237 3301 similiter
1271 3231 1745 3297 communicare
1788 3230 1972 3295 debet
2004 3232 2075 3294 in
2101 3232 2293 3296 dilec-

755 3348 925 3411 tione
953 3342 1296 3409 charitatis.

839 3453 994 3517 ltem
1052 3453 1117 3514 in
1171 3449 1391 3515 ordine
1445 3445 1767 3512 charitatis
1833 3446 2292 3527 consanguinei

755 3560 1187 3647 praemittendi
1214 3563 1365 3622 sunt
1393 3555 1739 3633 extraneis,
1771 3554 2121 3619 secundum
2148 3555 2297 3618 Am-

755 3671 1042 3736 brosium
1069 3669 1092 3705 ⁸
1124 3690 1139 3731 ε
1173 3666 1282 3731 sed
1327 3662 1848 3746 consanguinitas
1885 3680 2016 3725 non
2050 3668 2144 3726 est
2170 3662 2293 3725 nisi

755 3797 837 3844 ex
879 3782 1057 3861 parte
1101 3791 1442 3858 corporum
1483 3793 1501 3836 t
1543 3772 1598 3835 si
1637 3789 1797 3852 ergo
1836 3770 1980 3834 haec
2022 3768 2295 3833 conditio

756 3886 960 3951 reddit
976 3884 1269 3949 homines
1288 3880 1498 3961 magis
1516 3878 1838 3956 amabiles,
1854 3877 2108 3941 videtur
2122 3876 2295 3959 quod

755 4011 1015 4077 corpora
1034 3994 1249 4055 nostra
1270 3988 1434 4052 inter
1453 4005 1529 4050 ea
1555 3987 2121 4061 connumerentur,
2144 4001 2290 4065 quae

757 4106 905 4167 sunt
935 4119 1018 4164 ex
1048 4097 1350 4163 charitate
1376 4090 1723 4174 diligenda.

1300 4326 1751 4397 CONCLUSIO.

766 4516 1004 4592 Corpora
1032 4516 1219 4571 nostra
1257 4527 1325 4568 eoe
1364 4510 1632 4567 charitate
1666 4510 1795 4563 sumt
1821 4502 2131 4575 diliqenda,
2180 4519 2297 4560 cum

832 4612 957 4680 ipsa
981 4609 1147 4664 etiam
1167 4616 1268 4675 per
1293 4599 1583 4674 quamdam
1619 4594 2037 4653 redimdantiam
2064 4593 2299 4650 beatitu-

834 4698 980 4754 dinis
1002 4699 1116 4753 sint
1141 4694 1387 4766 capacia.

841 4857 1027 4939 Resp.
1047 4852 1124 4919 ad
1145 4870 1286 4932 arg.
1306 4848 1654 4915 Dicendum
1674 4846 1843 4929 quod
1861 4862 2015 4920 cum
2026 4841 2299 4907 charitas

759 4966 842 5030 sit
868 4963 1116 5048 pondus
1151 4960 1465 5023 inclinans
1496 4955 1576 5019 ad
1610 4970 1939 5033 summum
1968 4951 2212 5014 bonum
2235 4954 2299 5013 et

763 5074 1104 5159 perfectam
1116 5065 1596 5142 beatitudinem,
1618 5079 1808 5126 omne
1826 5060 1985 5125 illud
2003 5058 2300 5124 facitdili-

766 5203 921 5269 gere
953 5231 970 5262 ,
1020 5178 1192 5265 quod
1238 5181 1336 5242 est
1387 5176 1648 5239 beatum
1700 5170 1804 5236 vel
1857 5166 2292 5234 beatificabile.

827 5352 846 5385 t
876 5346 1078 5411 Ephe-5„
1096 5354 1148 5405 v,
1175 5344 1250 5392 28.
1273 5367 1336 5379 —
1360 5341 1382 5374 ²
1410 5340 1636 5403 August„
1659 5336 1719 5385 de·
1748 5336 1885 5385 Doct.
1914 5334 2112 5396 christ„
2137 5332 2226 5383 lib.
2258 5333 2300 5395 1,

762 5436 808 5474 c.
832 5430 968 5472 xxm
987 5453 1005 5480 ,
1034 5431 1069 5465 n
1111 5416 1192 5463 22.
1213 5412 1312 5449 -ῑ
1339 5410 1527 5470 Closs„
1554 5410 1605 5458 in
1631 5408 1796 5468 Cant„
1826 5418 1886 5469 ιι,
1910 5409 1958 5455 t.

1885 407 2505 474 SENTENTIARUM
2544 409 2692 475 LlB.
2738 411 2845 476 lll.

2398 545 2710 622 Quoniam
2733 566 2894 630 ergo
2912 552 3231 634 contingit
3251 552 3490 636 aliquid
3514 572 3654 618 περ
3678 553 3931 617 beatum

2397 650 2745 731 tripliciter,
2776 653 3004 716 scilicet
3035 672 3150 736 per
3177 658 3550 735 essentiam,
3584 663 3651 721 et
3674 675 3792 739 per
3816 656 3934 739 pri·

2396 775 2568 819 mam
2599 757 2999 824 influentiam
3019 808 3036 838 ,
3070 767 3133 826 et
3162 782 3277 846 per
3303 765 3655 846 quamdam
3699 764 3932 828 redun-

2397 864 2718 945 dantiam;
2748 867 2895 931 hinc
2913 872 3203 952 estquod
3229 872 3447 936 omnia
3476 872 3600 936 ista
3626 892 3709 936 ex
3735 872 3933 935 chari-

2395 975 2523 1035 tate
2551 981 2704 1037 sunt
2730 975 3054 1056 diligenda
3077 1026 3092 1054 ,
3119 979 3473 1044 secundum
3500 980 3689 1062 prius
3714 986 3781 1044 et
3807 999 3937 1063 pos·

2399 1078 2595 1142 terius
2620 1128 2638 1156 ,
2670 1083 3019 1147 secundum
3057 1087 3269 1167 majus
3296 1090 3358 1151 et
3385 1090 3629 1150 minus,
3674 1087 3933 1152 Beatum

2400 1190 2617 1250 autem
2636 1206 2750 1270 per
2773 1193 3111 1255 essentiam
3130 1198 3227 1257 est
3253 1194 3425 1259 solus
3453 1194 3620 1259 Deus
3642 1217 3659 1272 ;
3684 1195 3935 1258 beatum

2397 1309 2512 1374 per
2540 1296 2810 1376 primam
2842 1298 3239 1365 influentiam
3268 1306 3363 1365 est
3396 1301 3731 1365 rationalis
3768 1303 3938 1383 spiri·

2397 1402 2540 1478 tus;
2573 1403 2833 1468 beatum
2860 1405 3134 1490 denique
3164 1428 3277 1491 per
3317 1410 3668 1492 quamdam
3716 1409 3938 1473 redun-

2399 1505 2674 1571 dantiam
2732 1516 2828 1574 est
2877 1531 3107 1597 corpus
3163 1516 3529 1580 humanum
3551 1564 3568 1592 ,
3641 1516 3710 1578 in
3776 1514 3935 1596 quod

2398 1615 2715 1693 gaudium
2762 1618 2989 1699 gloriae
3033 1622 3349 1687 redundat
3391 1643 3506 1706 per
3542 1623 3935 1705 conjunctio-

2399 1739 2550 1785 nem
2588 1727 2686 1788 sui
2719 1727 2797 1791 ad
2832 1730 3112 1794 animam
3155 1727 3430 1797 beatam.
3465 1732 3628 1796 Hinc
3651 1737 3749 1796 est
3776 1731 3933 1813 quod

2400 1827 2673 1894 charitas
2702 1851 2829 1897 non
2856 1835 3065 1900 solum
3111 1838 3260 1902 facit
3287 1858 3403 1903 nos
3441 1838 3718 1920 diligere
3744 1838 3931 1902 Deum

2401 1939 2463 1998 et
2504 1939 2871 2004 rationalem
2921 1944 3218 2027 spiritum
3236 1995 3253 2025 ,
3312 1946 3422 2010 sed
3468 1947 3665 2010 etiam
3723 1964 3935 2028 corpus

2400 2051 2713 2113 nostrum.
2771 2051 3252 2120 Concedendum
3317 2061 3413 2121 est
3467 2058 3680 2139 igitur
3706 2107 3727 2136 ‚
3786 2058 3936 2121 sicut

2400 2155 2735 2234 probatum
2792 2165 2886 2224 est
2913 2209 2934 2241 ‚
2984 2164 3155 2245 quod
3215 2183 3479 2247 corpora
3533 2171 3756 2228 nostra
3804 2165 3933 2229 dili·

2400 2263 2611 2341 genda
2649 2270 2800 2329 sunt
2837 2285 2918 2332 ex
2957 2268 3263 2335 charitate
3283 2295 3299 2350 ;
3341 2273 3771 2337 concedendae
3799 2277 3936 2336 sunt

2401 2369 2593 2434 etiam
2628 2374 2906 2438 rationes
2934 2375 3016 2440 ad
3051 2377 3218 2441 hanc
3246 2384 3491 2461 partem
3519 2381 3823 2445 inductae.

2484 2484 2540 2540 1.
2565 2480 2661 2542 Ad
2683 2480 2839 2544 illud
2860 2484 3032 2564 quod
3060 2485 3378 2567 objicitur,
3404 2488 3577 2569 quod
3604 2488 3779 2553 Deus
3801 2489 3935 2552 hor·

2399 2588 2573 2648 tatur
2598 2604 2716 2650 nos
2754 2588 2824 2651 in
2856 2588 3214 2673 Evangelio
3256 2594 3334 2657 ad
3380 2594 3583 2658 vitam
3623 2596 3935 2659 carnalem

2401 2690 2761 2774 odiendam,
2783 2695 3126 2761 dicendum
3145 2699 3316 2781 quod
3348 2701 3412 2762 in
3432 2719 3701 2783 corpore
3728 2707 3935 2766 nostro

2401 2803 2495 2863 est
2524 2801 2832 2866 vitiositas
2863 2806 3423 2888 concupiscentiae,
3455 2815 3517 2872 et
3547 2810 3803 2874 bonitas
3826 2830 3933 2874 na·

2401 2910 2585 2972 turae.
2618 2908 2693 2972 Et
2721 2912 2873 2992 quia
2905 2913 3217 2979 vitiositas
3260 2918 3796 2999 concupiscentiae
3839 2921 3933 2981 in-

2400 3014 2592 3079 clinat
2607 3017 2687 3080 ad
2715 3018 2991 3098 malum,
3023 3019 3165 3085 ideo
3191 3026 3285 3085 est
3306 3022 3601 3103 odienda,
3635 3031 3700 3089 et
3719 3027 3775 3088 si
3800 3027 3936 3108 quis

2401 3139 2543 3186 eam
2573 3122 2811 3206 diligit,
2840 3125 2976 3190 odit
3011 3127 3298 3193 animam
3337 3149 3522 3195 suam
3541 3155 3557 3210 ;
3598 3133 3757 3215 quia
3789 3151 3939 3198 vero

2399 3230 2651 3295 bonitas
2705 3239 2953 3298 naturae
2997 3237 3288 3303 ordinata
3334 3243 3430 3303 est
3486 3240 3568 3304 ad
3612 3259 3939 3304 summum

2399 3336 2645 3403 bonum
2686 3342 2965 3423 quodam
3009 3345 3199 3409 modo
3242 3347 3937 3430 comparticipandum,

2400 3444 2542 3509 ideo
2568 3452 2663 3511 est
2687 3448 3035 3531 diligenda.
3070 3452 3229 3517 Cum
3258 3472 3420 3535 ergo
3452 3455 3774 3519 Dominus
3800 3457 3944 3520 hor·

2401 3555 2576 3617 tatur
2612 3556 2691 3617 ad
2737 3556 3074 3623 odiendam
3120 3561 3402 3625 animam
3448 3568 3741 3626 nostram
3760 3612 3780 3642 ,
3808 3564 3943 3627 sive

2401 3659 2601 3724 vitam
2643 3665 2991 3745 carnalem,
3032 3667 3376 3732 dicendum
3421 3670 3596 3751 quod
3641 3671 3768 3735 hoc
3811 3690 3943 3735 non

2402 3767 2764 3850 concludit,
2814 3772 2983 3854 quod
3037 3792 3303 3857 corpora
3354 3779 3577 3840 nostra
3634 3795 3771 3842 non
3819 3777 3949 3841 sint

2403 3874 2731 3957 diligenda
2770 3884 3087 3962 quantum
3144 3883 3222 3946 ad
3259 3883 3607 3947 bonitatem
3657 3891 3943 3962 natum,

2401 3984 2510 4047 sed
2529 3990 2839 4067 quantum
2855 3989 2936 4052 ad
2950 3989 3356 4054 vitiositatem
3386 3993 3943 4075 concupiscentiae.

2483 4094 2543 4154 2.
2578 4090 2656 4155 Et
2678 4112 2792 4176 per
2820 4095 2944 4159 hoc
2967 4099 3140 4179 patet
3163 4099 3494 4180 responsio
3518 4100 3601 4164 ad
3630 4101 3946 4166 rationem

2404 4203 2773 4281 sequentem
2796 4221 2814 4266 t
2837 4203 2990 4285 quia
3007 4222 3154 4269 caro
3170 4223 3304 4269 non
3321 4210 3645 4288 repugnat
3663 4208 3945 4291 spiritui,

2405 4323 2524 4369 nec
2547 4306 2809 4389 impedit
2827 4309 2908 4372 ab
2931 4312 3324 4395 assequenda
3340 4313 3739 4380 beatitudine
3763 4334 3950 4399 prop-

2404 4416 2500 4476 ter
2526 4413 2950 4480 conditionem
2977 4422 3246 4499 naturae,
3278 4420 3385 4484 sed
3414 4433 3681 4504 propter
3705 4423 3951 4488 vitiosi·

2404 4525 2599 4585 tatem
2629 4524 3151 4605 concupiscentiae
3177 4532 3539 4593 contractae.

2485 4634 2549 4694 3.
2576 4629 2677 4694 Ad
2713 4629 2870 4693 illud
2897 4632 3068 4713 quod
3108 4635 3439 4717 objicitur,
3468 4638 3647 4720 quod
3673 4657 3812 4704 non
3840 4641 3952 4704 de·

2403 4736 2557 4802 hent
2578 4735 2759 4817 diligi
2784 4756 2867 4801 ex
2906 4739 3208 4804 charitate
3231 4759 3302 4805 ea
3347 4761 3498 4826 quae
3522 4762 3953 4830 corrumpun-

2404 4849 2531 4922 tur,
2562 4863 2711 4908 cum
2741 4844 3015 4910 charitas
3041 4865 3374 4931 nunquam
3400 4852 3690 4930 excidat3
3721 4852 3952 4919 dioen-

2406 4948 2560 5011 dum
2587 4946 2757 5029 quod
2785 4950 3081 5029 quamvis
3102 4969 3330 5034 corpus
3364 4958 3661 5019 nostrum
3692 4958 3775 5021 sit
3804 4978 3953 5025 cor·-

2405 5057 2702 5140 ruptibile
2724 5059 2802 5123 ad
2819 5064 3072 5143 tempus
3093 5068 3156 5125 et
3181 5063 3535 5129 secundum
3560 5075 3951 5148 praesentem

2406 5168 2672 5245 statum,
2704 5168 2798 5230 est
2821 5170 3038 5231 tamen
3069 5168 3149 5232 ad
3188 5174 3562 5252 perpetuam
3596 5174 3942 5262 incorrup-

2406 5273 2647 5339 tionem
2673 5272 3058 5339 ordinatum.
3090 5274 3269 5344 Unde
3295 5281 3595 5361 quamvis
3622 5300 3804 5349 nunc
3837 5305 3942 5351 se-

2410 5380 2689 5445 minetur
2713 5380 2781 5443 in
2802 5381 3209 5464 corruptione
3224 5431 3243 5464 ,
3271 5390 3568 5469 resurget
3612 5392 3840 5457 tamen
3876 5393 3943 5456 in
