4185 6288
1111 452 1489 521 DlSTlNCT.
1539 454 1639 520 tv.
1684 455 1866 522 ART.
1912 456 2015 521 111.
2062 453 2363 534 QUAEST.
2410 454 2517 519 111.

265 585 318 649 ln
367 587 823 654 t'oecundatione
881 595 1104 654 autem
1169 591 1521 655 mulierum
1583 591 1765 654 steri-

262 692 411 771 lium,
447 695 603 759 sicut
645 694 822 760 Sarae
873 701 938 761 et
991 696 1348 773 Elisabeth,
1395 699 1603 761 solum
1651 698 1769 761 suit

262 800 596 864 miraculum
635 802 704 864 in
746 803 1150 867 restitutione
1179 804 1515 886 potentiae,
1548 805 1610 865 in
1645 804 1766 867 hoc

261 908 394 989 quod
421 913 509 971 est
532 908 621 971 ibi
644 890 880 974 sterilis
912 911 1272 974 foecundata
1303 933 1316 974 :
1349 912 1456 973 sed
1489 930 1618 974 non
1647 912 1770 976 suit

261 1012 325 1075 ibi
342 1015 700 1079 miraculum
720 1016 789 1079 iu
811 1017 1209 1096 executione,
1241 1018 1395 1100 quia
1418 1037 1546 1081 non
1572 1019 1770 1081 simul

261 1121 453 1184 mansit
473 1122 766 1187 sterilitas
793 1131 860 1188 et
895 1125 1273 1189 foecunditas
1301 1148 1315 1189 :
1352 1126 1482 1189 imo
1517 1126 1765 1189 soecun-

261 1227 389 1291 ditas
438 1230 694 1293 abstulit
734 1231 1134 1295 sterilitatem
1176 1253 1192 1294 t
1239 1232 1360 1297 hoc
1395 1240 1610 1296 autem
1650 1234 1770 1296 t’uit

261 1335 621 1416 singulariter
671 1338 1090 1413 admirabile,
1158 1339 1328 1421 quod
1397 1340 1771 1403 soecunditas

260 1444 491 1526 virginis
526 1445 748 1511 Mariae
788 1465 922 1510 non
959 1447 1218 1511 abstulit
1257 1447 1696 1529 virginitatem
1751 1470 1764 1507 ε

262 1549 346 1612 sed
369 1569 472 1614 nec
491 1552 838 1633 virginitas
864 1552 1134 1616 exclusit
1157 1554 1650 1617 t'oecunditatem.

323 1661 375 1719 4.
416 1658 507 1721 Ad
537 1659 697 1723 illud
733 1660 905 1742 quod
947 1660 1292 1742 opponitur
1329 1660 1590 1738 ultimo,
1632 1663 1770 1742 jam

264 1768 402 1843 patet
433 1767 756 1848 responsio
797 1768 876 1831 de
916 1773 1172 1832 mortuo
1206 1767 1553 1832 vivificato.
1601 1767 1772 1830 Licet

261 1871 401 1933 enim
425 1879 748 1938 mortuum
781 1874 1098 1938 vivificari
1120 1875 1202 1936 sit
1223 1892 1418 1956 supra
1442 1877 1766 1950 naturam,

261 1981 438 2041 tamen
471 1998 548 2043 ex
573 2000 706 2063 quo
743 1981 1108 2044 vivificatus
1158 1984 1288 2055 est,
1339 1981 1770 2063 operationem

262 2090 471 2149 naturae
513 2105 809 2151 exercere
853 2105 988 2150 non
1038 2092 1133 2151 est
1171 2088 1571 2165 admirabile,
1623 2088 1776 2169 quia

261 2189 439 2255 hocin
464 2195 638 2259 nullo
668 2200 989 2278 repugnat
1015 2200 1263 2259 naturae
1314 2218 1327 2260 :
1373 2215 1502 2259 non
1533 2197 1622 2258 sic
1655 2215 1776 2259 au-

263 2301 367 2361 tem
393 2302 567 2366 estin
596 2302 863 2385 Virgine
888 2302 1302 2386 concipiente.

700 2623 1064 2704 QUAESTIO
1107 2623 1220 2689 111.

321 2798 399 2851 An
424 2798 570 2855 beata
602 2801 770 2869 Virqo
797 2800 874 2854 sit
901 2794 1236 2870 appellanda
1263 2798 1509 2866 qenitrioe
1537 2796 1637 2850 Dei
1675 2795 1711 2849 ¹.

122 2947 258 2998 ΜΕ
338 2953 537 3021 Utrum
563 2959 752 3040 virgo
777 2957 984 3021 Maria
1007 2956 1089 3020 sit
1113 2955 1398 3037 genitrix
1433 2953 1539 3017 Dei
1568 2952 1782 3034 appel·

277 3059 458 3143 landa3
501 3070 560 3129 et
604 3065 776 3148 quod
836 3064 961 3139 sic,
992 3063 1265 3127 videtur.
1315 3060 1777 3140 DamasccnuS,

277 3168 407 3236 libro
444 3174 540 3251 lll,
571 3194 625 3238 c.
656 3193 748 3237 xn
789 3192 806 3237 ε
866 3196 899 3234 <1
946 3171 1344 3248 Theotocon,
1391 3171 1456 3235 id
1501 3175 1632 3249 oet,
1673 3171 1781 3235 Dei

279 3283 607 3359 genitricem
666 3283 1099 3367 principaliter
1154 3287 1217 3347 et
1271 3300 1422 3347 vere
1496 3284 1782 3345 sanctam

283 3384 503 3453 Mariam
529 3391 954 3474 praedicamus
978 3387 1337 3471 Virginem.
1368 3410 1399 3447 n

348 3493 480 3560 item
514 3520 529 3562 ε
565 3522 595 3558 α
620 3497 800 3561 Juste
838 3500 901 3559 et
942 3514 1091 3559 vere
1131 3494 1527 3572 Theotocon,
1553 3493 1617 3557 id
1661 3496 1780 3573 est,

287 3597 374 3663 Dei
429 3605 788 3684 genitricem
856 3602 1270 3666 nominamus
1332 3624 1347 3666 ε
1418 3602 1540 3665 hoc
1611 3601 1784 3664 enim

286 3724 481 3773 nomen
507 3712 880 3776 universum
916 3709 1295 3791 mysterium
1331 3707 1786 3771 incarnationis

290 3817 535 3881 ostendit.
570 3842 600 3878 n

354 3920 485 3987 Item
525 3926 642 3990 hoc
686 3925 901 4008 ipsum
944 3924 1199 3989 videtur
1255 3923 1496 3988 ratione
1552 3941 1569 3985 ε
1633 3922 1787 4004 quia

291 4029 548 4113 quidquid
578 4032 807 4096 dicitur
832 4032 910 4095 de
941 4031 1048 4095 illo
1076 4030 1334 4096 homine
1354 4076 1372 4106 ,
1422 4029 1658 4093 dicitur
1708 4028 1787 4093 de

293 4125 417 4193 Filio
462 4133 561 4197 Dei
606 4139 868 4218 propter
920 4133 1564 4197 communicationem
1616 4130 1786 4195 idio-

290 4242 494 4302 matum
522 4260 538 4304 :
566 4242 671 4307 sed
701 4240 885 4304 Jesus
910 4241 1032 4304 suit
1070 4240 1245 4304 tilius
1285 4240 1487 4324 beatae
1517 4238 1734 4302 Mariae
1765 4256 1782 4301 τ

289 4356 418 4422 ergo
446 4344 591 4410 Deus
616 4347 736 4411 fuit
773 4347 945 4409 filius
989 4347 1189 4410 beatae
1229 4344 1444 4409 Mariae
1487 4367 1501 4409 :
1552 4363 1712 4426 ergo
1747 4363 1788 4408 a

292 4448 525 4515 relativis
549 4455 728 4518 beata
751 4453 948 4516 Maria
975 4457 1068 4517 est
1097 4456 1300 4516 mater
1328 4451 1457 4515 Dei.

359 4555 509 4640 Item,
533 4565 615 4628 sic
642 4584 708 4628 se
736 4564 929 4627 habet
964 4561 1162 4626 Filius
1197 4560 1305 4624 Dei
1343 4562 1422 4625 ad
1450 4559 1788 4642 Virginem

293 4658 546 4749 Matrem,
592 4673 755 4735 sicut
802 4689 870 4733 se
920 4669 1112 4732 habet
1157 4667 1327 4731 sslius
1368 4667 1650 4731 hominis
1709 4667 1789 4730 ad

292 4767 450 4838 Deum
479 4775 712 4843 Patrem
742 4800 757 4841 :
790 4776 899 4840 sed
926 4775 1111 4839 Jesus
1140 4779 1234 4838 est
1279 4773 1477 4837 Filius
1521 4773 1627 4838 Dei
1670 4774 1792 4838 Pa-

290 4877 418 4944 tris:
442 4901 583 4965 ergo
606 4886 778 4950 Deus
804 4888 900 4947 est
930 4882 1144 4946 Mariae
1161 4881 1333 4945 tilius
1365 4904 1380 4944 z
1414 4898 1571 4961 ergo
1601 4882 1791 4963 virgo

296 4980 453 5053 Maria
475 5000 558 5056 est
583 4996 752 5057 recte
783 4991 892 5055 Dei
919 4988 1200 5071 genitrix
1231 4987 1629 5070 appellanda.

335 5110 437 5176 ¹Cl'-
463 5120 512 5169 S.
532 5121 732 5174 Tuom..
757 5131 809 5180 p.
835 5116 924 5176 ΙΙΙ,
959 5130 1010 5179 q.
1035 5126 1193 5174 ΗΠ,
1227 5117 1320 5161 art.
1345 5115 1401 5172 43
1428 5116 1479 5161 et
1508 5111 1570 5161 ill
1611 5113 1749 5162 Seat.

285 5178 375 5232 dist.
408 5199 469 5245 iv,
503 5203 637 5255 q.11,
678 5193 776 5239 art.
810 5192 866 5250 33
898 5191 946 5237 et
991 5187 1078 5238 lv,
1107 5187 1279 5234 contra
1310 5184 1476 5247 Geni„
1519 5198 1570 5248 q.
1605 5196 1787 5249 xxxxv,

282 5260 386 5306 mn
411 5265 593 5327 etna]
620 5266 837 5322 scotuS,
868 5259 932 5308 tlt
965 5259 1126 5321 Sent„
1148 5256 1270 5304 dist.
1299 5267 1371 5314 iv,
1401 5269 1453 5319 q.
1482 5268 1532 5318 13
1565 5255 1794 5319 AEgidius

275 5323 415 5394 Rom„
453 5335 507 5384 lll
553 5339 719 5392 sent„
755 5333 876 5383 dist.
915 5343 1000 5393 lv,
1040 5344 1093 5394 p.
1141 5329 1223 5390 lt,
1261 5341 1310 5391 q.
1354 5338 1430 5389 1¹3
1472 5326 1794 5390 Richardus,

277 5392 330 5447 ΠΙ
364 5401 501 5469 Sem„
534 5409 649 5459 dist.
698 5416 752 5457 ιν
773 5442 789 5467 ‚
819 5408 917 5454 art.
956 5405 1005 5466 2,
1045 5415 1098 5466 q.
1135 5410 1172 5448 11
1184 5412 1201 5460 ;
1244 5398 1492 5463 Dux-and„
1537 5399 1603 5448 ΙΙΙ
1633 5399 1792 5456 Seni„

275 5465 448 5539 dian,
471 5492 554 5543 q.1
565 5474 920 5546 3Franciscun
948 5473 1014 5525 de
1057 5471 1250 5534 mayr„
1283 5468 1350 5519 111
1383 5468 1685 5532 sent.,dint.
1718 5481 1793 5532 nr,

3300 458 3408 517 tu

1955 591 2076 655 Sed
2110 595 2329 654 contra
2361 612 2375 654 ε
2410 596 2468 653 ¹.
2502 588 2925 652 Damascenus
2951 587 3019 651 in
3045 586 3207 653 libro
3235 585 3364 651 111¹
3398 606 3414 650 ε
3478 602 3544 646 Λα
3564 614 3650 658 opp

1883 724 1913 759 ι
1940 699 2394 775 christotocon,
2419 697 2479 759 id
2509 701 2622 773 est,
2646 694 2870 758 Christi
2896 695 3274 777 genitricem
3291 714 3424 760 non

1874 807 2149 870 dicimus
2186 805 2547 885 Virginem.
2579 825 2609 861 υ
2646 801 2816 883 Ergo
2852 803 2904 865 si
2946 803 3229 867 Christus
3258 802 3426 867 Deus

1874 919 1990 989 est,
2019 912 2272 976 videtur
2299 912 2471 993 quod
2512 929 2641 973 non
2690 910 2994 972 debemus
3033 928 3177 973 eam
3218 909 3427 974 dicere

1875 1019 1986 1084 Dei
2013 1021 2418 1102 genitricem.

1956 1132 2016 1189 2.
2070 1127 2225 1190 ltem
2269 1125 2622 1190 secundum
2676 1125 2798 1188 hoc
2848 1124 3036 1206 virgo
3084 1123 3281 1189 Maria
3334 1130 3430 1190 est

1877 1240 2112 1309 mater,
2142 1234 2497 1296 secundum
2529 1233 2704 1315 quod
2740 1235 2834 1296 est
2875 1232 3432 1296 consubstantialis

1877 1340 2038 1422 proli
2074 1364 2087 1403 ε
2121 1341 2229 1403 sed
2260 1360 2388 1403 non
2416 1345 2511 1403 est
2539 1339 3093 1404 consubstantialis
3122 1339 3283 1421 proli
3328 1359 3430 1404 se·

1877 1449 2166 1511 cundum
2208 1449 2497 1511 divinam
2536 1454 2863 1526 naturam,
2922 1447 3029 1511 sed
3077 1447 3432 1511 secundum

1879 1555 2239 1620 humanam
2272 1575 2288 1619 z
2323 1575 2482 1637 ergo
2523 1574 2672 1619 cum
2706 1556 2868 1620 Deus
2895 1554 3183 1619 nominet
3211 1555 3431 1620 Chris-

1878 1669 2021 1729 tum
2064 1665 2416 1728 secundum
2458 1664 2743 1727 divinam
2787 1668 3117 1743 naturam,
3170 1681 3306 1728 non
3331 1664 3435 1727 vi·-

1878 1773 2066 1836 detur
2105 1772 2277 1855 quod
2308 1772 2387 1835 sit
2418 1772 2522 1834 Dei
2560 1771 2839 1851 genitrix
2874 1770 3252 1854 appellanda
3273 1818 3290 1847 ,
3320 1771 3430 1836 sed

1881 1881 2109 1945 Christi
2137 1880 2449 1961 genitrix.

1968 1994 2025 2051 3.
2069 1987 2228 2051 ltem
2265 1992 2527 2070 propter
2572 1987 3076 2069 assumptionem
3127 1988 3432 2051 humanae

1891 2101 2140 2160 naturae
2172 2115 2210 2159 a
2236 2095 2395 2158 Filio
2442 2094 2606 2159 Deus
2642 2093 2823 2158 Pater
2867 2112 2997 2158 non
3034 2094 3264 2160 dicitur
3302 2112 3437 2159 esse

1884 2201 2170 2265 hominis
2194 2201 2448 2281 genitor
2488 2217 2692 2279 :ergo
2733 2217 2853 2262 nec
2896 2218 2932 2261 e
2975 2217 3281 2264 converso
3327 2198 3437 2264 Dei

1883 2308 2167 2389 genitrix
2197 2307 2463 2370 dicenda
2489 2311 2585 2369 est
2611 2307 2800 2386 virgo
2830 2304 3045 2369 Maria.

1965 2420 2025 2479 t.
2060 2415 2218 2478 Item
2239 2416 2431 2495 juxta
2457 2414 2579 2476 hoc
2615 2414 2952 2495 quaeritur,
2998 2431 3197 2495 quare
3225 2413 3436 2495 magis

1887 2525 2317 2588 Damascenus
2341 2522 2483 2586 vult
2512 2523 2684 2605 quod
2711 2522 2962 2584 dicatur
2991 2521 3093 2585 Dei
3121 2521 3435 2602 genitrix,

1886 2652 2086 2715 quam
2128 2630 2359 2697 Christi
2397 2630 2702 2712 genitrix.
2748 2629 2816 2692 Si
2864 2629 3036 2693 enim
3078 2630 3145 2692 in
3193 2628 3440 2694 Christo

1888 2741 2272 2822 intelligitur
2295 2738 2596 2802 divinitas
2637 2742 2701 2802 et
2746 2736 3139 2813 humanitaS,
3172 2737 3303 2801 imo
3329 2737 3440 2801 in-

1889 2849 2201 2930 telligitur
2249 2852 2380 2910 tota
2406 2844 2710 2922 Trinitas,
2752 2846 3106 2909 secundum
3153 2845 3438 2910 Ambro-

1888 2956 2057 3020 sium
2077 2961 2124 3032 ⁸,
2156 2955 2223 3018 in
2253 2954 2516 3019 nomine
2537 2952 2793 3030 Christi,
2828 2971 2957 3017 non
2984 2953 3243 3018 videtur
3268 2953 3441 3036 quod

1891 3062 2025 3126 ulla
2062 3065 2175 3127 ssat
2219 3061 2524 3140 veritatis,
2577 3065 2691 3125 aut
2732 3061 3068 3143 virginalis
3107 3061 3445 3142 dignitatis

1892 3170 2281 3234 immutatio.

2441 3395 2893 3464 CONCLUSIO.

1895 3581 2143 3637 Gloriosa
2194 3583 2363 3651 Vir-qo
2398 3596 2505 3635 non
2542 3580 2694 3636 debet
2750 3580 2862 3635 dici
2898 3580 3248 3639 christotocos
3280 3623 3295 3650 ,
3353 3583 3451 3639 sed

1963 3673 2143 3727 Mater
2169 3674 2269 3728 Dei
2286 3713 2304 3741 ,
2336 3676 2386 3726 et
2411 3673 2657 3741 genitrix
2684 3672 2783 3726 Dei
2807 3686 2950 3736 vere,
2976 3671 3123 3742 ,iuste
3149 3678 3203 3728 et
3235 3672 3440 3738 devote,

1964 3768 2153 3821 contra
2169 3766 2396 3836 impium
2418 3762 2742 3819 Nestorium.

1977 3923 2163 4006 Resp.
2193 3923 2275 3987 ad
2300 3940 2440 4004 arg.
2471 3921 2816 3986 Dicendum
2841 3923 3015 4005 quod
3036 3924 3232 3988 verba
3253 3924 3448 3990 fidem

1897 4033 2311 4098 christianam
2380 4031 2809 4114 exprimentia
2874 4032 3106 4098 debent
3175 4052 3311 4099 esse
3362 4034 3446 4100 ab

1898 4159 2115 4205 errore
2146 4139 2521 4222 longinqua,
2552 4143 2617 4203 et
2642 4140 2966 4204 devotioni
2994 4141 3446 4224 approximan-

1898 4246 2019 4328 tia,
2069 4245 2353 4310 maxime
2400 4247 2529 4323 illa,
2580 4247 2649 4310 in
2690 4247 2925 4329 quibus
2962 4253 3056 4311 est
3115 4265 3326 4311 sermo
3369 4249 3449 4312 de

1900 4353 2156 4435 virgine
2185 4352 2385 4416 Maria
2418 4375 2432 4416 :
2471 4353 2610 4436 ipsa
2636 4355 2813 4417 enim
2841 4360 2863 4394 ⁸
2889 4362 3154 4422 ctanctas
3186 4355 3451 4421 Itoereses

1899 4462 2224 4527 interemit
2256 4462 2332 4527 in
2364 4462 2666 4527 universo
2697 4459 2960 4540 mundo,
2987 4462 3319 4527 veritatem
3370 4481 3455 4527 ex

1900 4565 2107 4646 seipsa
2153 4562 2564 4646 concipiendo
2604 4567 2665 4626 et
2706 4563 3034 4646 pariendo,
3086 4562 3229 4646 Ipsa
3255 4565 3450 4629 etiam

1900 4671 2477 4737 reconciliationem
2515 4670 2629 4734 toti
2674 4670 2899 4752 generi
2956 4669 3242 4734 humano
3297 4689 3455 4754 pro-

1903 4780 2140 4844 meruit
2163 4801 2178 4842 :
2208 4784 2268 4842 et
2285 4778 2428 4843 ideo
2454 4797 2612 4859 erga
2630 4796 2772 4841 eam
2791 4778 2976 4842 debet
2992 4778 3204 4841 omnis
3229 4779 3451 4845 ardere

1903 4887 2412 4953 Christianorum
2451 4886 2706 4950 devotio
2751 4907 2765 4950 :
2814 4889 2876 4948 et
2921 4889 3255 4967 propterea
3295 4888 3450 4970 quia

1902 4996 2084 5058 beata
2110 4992 2310 5075 Virgo
2334 4993 2517 5056 illum
2547 4993 2852 5074 concepit,
2880 4992 2991 5074 qui
3039 5011 3170 5057 non
3200 4998 3453 5060 tantum

1904 5180 1954 5228 q.
1981 5174 2014 5220 1,
2045 5163 2138 5211 art.
2171 5162 2227 5219 Ἲς
2268 5159 2417 5208 Joan.
2457 5157 2520 5207 de
2543 5157 2748 5220 Bacch„
2779 5157 2843 5205 ill
2872 5158 3032 5221 Seni„
3065 5156 3181 5208 dist.
3213 5170 3285 5220 w,
3316 5173 3365 5222 q.
3405 5171 3455 5224 13

1903 5234 2078 5298 Steph.
2104 5232 2314 5288 Brulct„
2344 5230 2409 5280 ΙΙΙ
2440 5231 2598 5288 Seni„
2623 5230 2740 5279 dist.
2766 5240 2846 5292 nr,
2875 5242 2926 5294 q.
2948 5228 3038 5278 ult.
3061 5255 3119 5268 -
3147 5233 3170 5264 ¹
3196 5231 3460 5293 Damaso„

1901 5308 1962 5359 de
1997 5303 2204 5356 orthod.
2234 5302 2377 5367 Fide,
2404 5301 2494 5353 lib.
2525 5302 2608 5362 ΙΙΙ,
2637 5315 2683 5351 c.
2711 5312 2807 5351 111.
2828 5326 2892 5339 -
2919 5302 2941 5335 ⁸
2967 5302 3224 5369 Ambros.,
3245 5300 3307 5350 de
3333 5301 3459 5365 Spi-

1901 5381 2006 5429 sieu
2032 5381 2221 5437 sancto,
2242 5371 2331 5426 lib.
2355 5378 2395 5441 1,
2417 5391 2462 5427 c.
2494 5388 2572 5440 111,
2606 5390 2660 5426 n.
2690 5375 2769 5425 37.
2799 5374 2896 5411 -δ
2931 5374 3136 5439 Antiph.
3165 5378 3279 5425 tert.
3313 5375 3456 5426 noct.

1901 5461 1961 5514 in
1988 5450 2168 5508 Officio
2194 5462 2374 5514 parvo.
