4185 6288
746 482 868 544 464

739 614 1046 695 subjecto,
1075 602 1462 691 impossihile
1487 603 1584 666 est
1609 613 1816 663 unum
1844 612 1980 660 esse
2005 588 2241 657 alicubi
2259 636 2278 669 ‚

737 721 851 786 ubi
877 739 1004 784 non
1034 717 1117 781 sit
1138 713 1464 795 reliquum
1496 730 1513 774 τ
1557 706 1666 770 sed
1700 706 1985 770 humana
2012 703 2279 775 natura,

739 833 804 893 et
851 826 1092 899 divina,
1142 821 1458 887 uniuntur
1506 815 1579 878 in
1623 831 1754 878 una
1795 805 2122 901 hypostasi
2170 826 2186 868 ι
2231 802 2283 865 εἰ

739 953 899 1017 ergo
947 932 1166 998 divina
1207 933 1439 993 natura
1482 925 1578 988 εει
1623 921 1895 1002 ubique,
1941 917 2006 978 et
2047 930 2180 976 non
2218 911 2286 973 in

740 1043 878 1108 loco
904 1038 1355 1112 determinato,
1396 1028 1747 1097 necessario
1789 1024 2077 1108 sequitur
2113 1018 2287 1102 quod

741 1150 1030 1215 humana
1054 1148 1283 1210 natura
1308 1142 1379 1206 in
1405 1139 1672 1215 Christo,
1703 1140 1822 1199 etc.

825 1261 886 1320 3.
936 1255 1095 1320 ltem
1145 1253 1286 1316 haec
1331 1253 1425 1315 est
1469 1265 1624 1313 vera
1661 1267 1679 1311 ι
1719 1267 1748 1305 α
1787 1242 1908 1306 Ιειε
1953 1239 2150 1304 homo
2193 1237 2287 1298 est

746 1363 944 1428 Filius
983 1362 1093 1426 Dei
1136 1360 1377 1441 ubique
1422 1379 1437 1421 :
1468 1378 1499 1415 n
1536 1369 1693 1433 ergo
1738 1369 1777 1413 a
1815 1343 2089 1428 simplici
2133 1358 2285 1406 con-

745 1490 935 1536 versa
963 1488 981 1534 ε
1021 1491 1054 1529 α
1081 1466 1277 1532 Filius
1313 1464 1418 1528 Dei
1454 1465 1550 1527 est
1575 1457 1815 1540 ubique
1840 1454 2035 1519 homo
2065 1474 2080 1514 ι
2113 1471 2144 1509 n
2180 1448 2290 1513 sed

746 1580 1140 1660 ubicumque
1183 1578 1278 1639 est
1301 1572 1529 1649 homo,
1558 1567 1646 1632 ibi
1683 1568 1780 1631 est
1818 1563 1961 1644 ejus
1990 1556 2293 1625 humani-

748 1690 844 1750 tas
876 1707 892 1750 ε
924 1701 1105 1766 ergo,
1135 1685 1255 1746 etc.

829 1799 892 1857 4.
942 1791 1101 1857 Item
1146 1786 1614 1854 demonstretur
1659 1779 2047 1862 quicumque
2089 1773 2289 1850 locus,

751 1900 1039 1966 Christus
1067 1903 1160 1963 est
1186 1896 1278 1960 ibi
1313 1917 1330 1958 ε
1359 1897 1473 1957 aut
1497 1907 1655 1971 ergo
1681 1887 1768 1951 ibi
1795 1888 1890 1949 est
1924 1884 2147 1960 homo,
2179 1882 2297 1944 aut

749 2027 885 2074 non
910 2008 1147 2084 homo;
1178 2005 1376 2079 homo
1401 1998 1572 2064 enim
1618 1999 1682 2061 et
1718 2012 1851 2058 non
1874 1991 2072 2055 homo
2104 2005 2296 2072 oppo-

750 2121 997 2182 nuntur
1050 2112 1411 2178 immediate
1463 2130 1479 2171 ε
1529 2104 1639 2169 sed
1688 2119 1819 2165 non
1872 2102 1969 2162 est
2017 2096 2106 2160 ibi
2163 2111 2295 2158 non

749 2223 946 2289 homo
976 2245 993 2287 ε
1027 2239 1187 2302 ergo
1213 2222 1309 2283 est
1333 2216 1421 2280 ibi
1451 2215 1643 2278 homo
1673 2232 1690 2273 ε
1720 2224 1878 2288 ergo
1905 2203 2188 2269 Christus
2205 2204 2300 2265 est

756 2548 874 2613 fuit
897 2547 968 2611 in
989 2545 1225 2610 triduo·

837 2658 896 2718 5.
929 2651 1087 2717 Item
1113 2650 1274 2715 bene
1302 2643 1592 2727 sequitur
1622 2658 1640 2704 ε
1688 2662 1718 2698 α
1744 2636 1878 2702 Hoc
1906 2638 2032 2713 est,
2064 2636 2131 2698 et
2168 2650 2298 2696 non

756 2765 850 2827 est
874 2761 1092 2838 homo,
1121 2773 1283 2837 ergo
1309 2757 1404 2818 est
1436 2767 1568 2815 non
1593 2747 1791 2812 homo
1822 2766 1837 2808 ε
1870 2764 1902 2802 ι
1935 2759 2095 2821 ergo
2123 2740 2300 2804 simi·

757 2869 903 2933 liter
929 2868 1090 2931 bene
1117 2862 1408 2946 sequitur
1441 2881 1456 2922 ε
1491 2879 1524 2918 ι
1548 2853 1836 2918 Christus
1872 2849 1992 2913 ruit
2030 2848 2297 2932 ubique,

759 2982 825 3041 et
848 2992 981 3041 non
1006 2973 1130 3037 tuit
1155 2970 1397 3051 ubique
1423 2966 1618 3029 homo
1659 2980 1677 3027 ε
1716 2977 1878 3041 ergo
1900 2958 2024 3022 fuit
2058 2956 2302 3038 ubique

760 3102 892 3149 non
919 3082 1137 3147 homo.
1171 3101 1201 3137 n
1239 3075 1362 3142 Sed
1395 3074 1532 3137 haee
1556 3074 1651 3135 est
1675 3068 1830 3132 falsa
1860 3088 1875 3129 ε
1905 3082 2065 3148 ergo
2091 3064 2305 3146 aliqua

761 3189 1240 3275 praemissarum
1273 3206 1291 3250 ι
1322 3181 1432 3247 sed
1467 3177 1722 3245 nonnisi
1757 3176 1878 3238 ista
1908 3196 1923 3237 ε
1965 3197 1996 3235 α
2020 3172 2304 3237 Christus

759 3295 1036 3362 nonfuit
1063 3292 1302 3375 ubique
1326 3290 1520 3354 homo
1548 3308 1566 3349 ε
1599 3308 1630 3344 ι)
1665 3301 1824 3365 ergo
1849 3285 1993 3364 ejus
2017 3279 2306 3363 opposita

764 3422 922 3471 vera
950 3425 1012 3468 :a
1038 3401 1285 3467 chistus
1328 3398 1448 3463 tuit
1492 3393 1731 3475 ubique
1771 3392 1969 3456 homo
2015 3409 2035 3453 ι
2072 3411 2104 3447 1»
2147 3405 2307 3471 ergo

762 3513 933 3577 idem
960 3508 1133 3593 quod
1158 3507 1363 3592 prius.
1951 3575 1952 3584 ἵ

846 3624 910 3684 6.
957 3618 1114 3682 ltem
1154 3610 1469 3697 quidquid
1502 3606 1801 3673 convenit
1843 3602 2005 3667 Filio
2043 3601 2156 3666 Dei
2194 3619 2308 3684 per

767 3733 1096 3801 naturam,
1125 3720 1425 3788 convenit
1448 3718 1540 3782 illi
1568 3713 1814 3781 homini
1840 3729 1953 3794 per
1978 3710 2254 3791 gratiam
2283 3728 2303 3773 ε

767 3852 916 3900 cum
944 3849 1102 3913 ergo
1128 3830 1268 3894 haec
1293 3827 1376 3890 sit
1402 3842 1555 3889 vera
1585 3844 1603 3887 ι
1634 3845 1664 3883 α
1691 3819 1887 3885 Filius
1912 3817 2022 3884 Dei
2046 3822 2143 3881 est
2169 3815 2312 3880 ubi-

767 3958 894 4024 que
921 3963 939 4018 ;
969 3962 1000 3999 n
1034 3939 1174 4003 haec
1209 3933 1499 3999 similiter
1524 3929 1644 3994 erit
1669 3945 1822 3993 vera
1851 3945 1868 3991 ε
1908 3949 1939 3987 α
1967 3924 2086 3989 Ιειε
2113 3925 2310 3989 homo

769 4054 865 4112 est
905 4046 1148 4129 ubique
1185 4066 1201 4107 ι
1233 4066 1264 4103 n
1299 4041 1408 4106 sed
1454 4039 1615 4103 bene
1654 4036 1990 4118 sequitur:
2026 4057 2056 4095 α
2102 4032 2311 4099 Homo

767 4157 952 4220 albus
978 4159 1072 4218 est
1097 4152 1369 4233 ubique,
1397 4163 1557 4228 ergo
1595 4148 1690 4208 εει
1717 4143 1957 4225 ubique
1988 4142 2218 4221 homo,
2248 4145 2312 4206 et

768 4271 864 4329 est
899 4263 1138 4344 ubique
1177 4259 1360 4323 albus
1390 4278 1405 4320 :
1436 4278 1468 4315 n
1504 4270 1663 4334 ergo
1699 4250 1996 4315 similiter
2021 4250 2184 4313 bene
2208 4268 2314 4313 se-

765 4373 1035 4456 quitur:
1074 4393 1107 4431 ε
1147 4367 1269 4431 iste
1310 4365 1506 4429 homo
1552 4363 1648 4425 est
1694 4359 1970 4441 ubique,
2013 4374 2175 4437 ergo
2216 4360 2312 4422 est

769 4481 1012 4564 ubique
1034 4480 1231 4543 homo
1254 4497 1320 4539 :n
1347 4472 1512 4538 redit
1535 4487 1694 4551 ergo
1720 4468 1890 4533 idem
1912 4467 2085 4549 quod
2106 4466 2308 4549 prius,

767 4589 1002 4652 scilieet
1024 4582 1198 4668 quod
1232 4579 1516 4645 Christus
1549 4576 1904 4642 secundum
1941 4574 2308 4638 humanita-

767 4701 898 4760 tem
927 4711 1046 4759 nec
1070 4707 1276 4768 nunc,
1306 4704 1426 4751 nec
1457 4686 1527 4749 in
1553 4682 1765 4749 triduo
1789 4682 1909 4747 tuit
1936 4680 2004 4744 in
2031 4681 2170 4746 loco
2196 4681 2313 4745 de-

767 4803 1128 4868 terminato.

1800 447 2432 526 SENTENTIARUM
2469 444 2621 514 mn.
2663 445 2771 511 111.

2928 670 3379 739 CONCLUSIO.

2393 859 2659 926 Christus,
2691 858 2973 915 secundum
3018 856 3161 929 quod
3183 857 3365 925 homo,
3407 870 3516 912 non
3551 857 3668 923 suit
3705 855 3915 926 ubique,

2461 947 2639 1003 sedin
2677 947 2788 1003 loco
2824 946 3208 1016 determinato,
3257 943 3699 1016 quemadmodum
3736 959 3925 1015 semper

2462 1057 2569 1098 non
2609 1044 2723 1111 suit
2770 1042 2920 1098 homo
2951 1081 2966 1109 ,
3018 1040 3178 1110 idque
3214 1044 3476 1110 quantum
3523 1038 3600 1093 ad
3636 1040 3927 1095 realitatem

2464 1134 2681 1204 ipsam:
2706 1136 2966 1203 quantum
2991 1146 3115 1186 vero
3135 1129 3212 1185 ad
3236 1129 3450 1185 modum
3481 1128 3752 1199 loquendi,
3775 1128 3928 1184 adme

2463 1222 2571 1277 illa
2597 1223 2898 1294 propositio
2924 1224 3002 1277 est
3029 1220 3210 1287 salsa,
3241 1222 3290 1275 si
3314 1220 3367 1288 ly
3386 1218 3547 1274 homo
3595 1221 3838 1273 tentatum·
3869 1232 3926 1272 a

2458 1316 2625 1384 parte
2649 1312 2974 1384 praedicati,
3000 1325 3143 1367 secus
3174 1312 3224 1366 si
3253 1312 3499 1366 teneatur
3524 1323 3593 1364 ece
3614 1312 3781 1381 parte
3811 1308 3941 1391 subs

2458 1403 2612 1473 jecti-

2478 1561 2662 1644 Resp.
2688 1560 2928 1643 adjarg.
2953 1559 3299 1624 Dicendum
3326 1558 3499 1642 quod
3527 1557 3801 1641 quaestio
3826 1558 3932 1621 ista

2395 1674 2762 1752 potestesse
2791 1668 2870 1733 de
2897 1687 2967 1733 re
2989 1717 3007 1748 ,
3038 1671 3102 1733 et
3126 1670 3331 1751 potaet
3356 1685 3492 1732 oese
3519 1666 3598 1730 de
3625 1682 3928 1729 sermone.

2395 1776 2576 1842 Tunc
2622 1779 2718 1841 εει
2758 1776 3029 1859 quaestio
3069 1776 3148 1840 de
3197 1794 3296 1852 re,
3326 1773 3586 1857 quando
3632 1772 3932 1855 quaeritnr

2396 1891 2621 1952 utrum
2649 1886 3021 1950 humanitas
3049 1884 3281 1950 Christi
3320 1882 3516 1947 fuerit
3553 1881 3932 1963 ubicumque

2398 1995 2520 2060 fuit
2544 1994 2867 2060 divinitas.
2889 1993 2986 2057 Ad
3008 1993 3195 2058 istam
3214 1991 3635 2075 quaestionem
3661 1990 3745 2054 de
3763 1988 3933 2072 plano

2398 2099 2916 2183 respondendum
2959 2102 3075 2177 est,
3123 2099 3295 2181 quod
3338 2117 3469 2163 non
3498 2117 3515 2177 ;
3547 2096 3706 2179 quia
3736 2094 3935 2160 divina

2399 2212 2629 2273 natura
2652 2213 2746 2272 est
2770 2208 3084 2271 immensa
3111 2211 3174 2270 et
3198 2206 3472 2283 infinita,
3497 2203 3670 2267 unde
3697 2200 3935 2266 nullum

2399 2316 2613 2381 locum
2641 2315 2766 2380 sihi
2796 2314 3176 2380 determinat
3206 2312 3354 2377 :sed
3378 2311 3669 2375 humana
3698 2313 3933 2385 natura,

2401 2444 2551 2490 cum
2582 2426 2663 2489 sit
2689 2428 2899 2489 creata
2923 2426 2988 2488 et
3014 2422 3228 2498 finita,
3258 2420 3469 2485 locum
3497 2418 3615 2481 sibi
3649 2415 3938 2481 determi-

2401 2539 2532 2599 nat.
2588 2532 2768 2599 Unde
2832 2550 2964 2596 non
3018 2534 3155 2595 erat
3206 2529 3600 2609 ubicumque
3653 2523 3938 2588 divinitas

2403 2648 2578 2722 erat3
2611 2642 2813 2706 sedin
2842 2639 3180 2724 sepulchro
3217 2636 3463 2700 ratione
3500 2633 3820 2715 corporiS,
3848 2628 3938 2694 vel

2402 2751 2470 2814 in
2499 2752 2745 2814 inferno
2773 2748 3017 2812 ratione
3043 2745 3281 2809 animae
3299 2792 3317 2821 ,
3348 2742 3509 2805 sicut
3537 2739 3694 2804 dicit
3721 2738 3942 2819 Magis-

2402 2860 2501 2921 ter
2527 2856 2595 2919 iu
2622 2856 2855 2919 littera.
2886 2850 3190 2917 Similiter
3226 2848 3470 2935 ratione
3497 2843 3937 2922 humanitatis,

2404 2966 2722 3047 quantum
2751 2964 2847 3025 est
2871 2962 2949 3025 de
2976 2977 3077 3038 se,
3105 2958 3174 3020 in
3200 2974 3334 3020 uno
3362 2958 3613 3019 tantum
3644 2954 3785 3018 loco
3809 2957 3896 3016 εει
3923 2973 3936 3013 :

2405 3070 2579 3155 quod
2623 3068 2799 3134 enim
2824 3068 3001 3132 sitin
3037 3064 3360 3149 pluribus,
3390 3061 3513 3125 hoc
3554 3065 3655 3125 εει
3695 3060 3816 3124 suh
3853 3076 3943 3123 sa·

2406 3182 2756 3257 eramento,
2781 3176 3130 3241 secundum
3154 3173 3323 3257 quod
3346 3170 3495 3235 dicit
3519 3169 3939 3242 Innocentius»,

2407 3287 2643 3351 scilicet
2693 3286 2866 3369 quod
2912 3283 3198 3348 Christus
3243 3280 3475 3344 dieitur
3528 3298 3668 3343 esse
3726 3275 3943 3342 alicubi

2407 3392 2967 3471 sacramentaliter,
2998 3389 3229 3454 alicubi
3261 3387 3699 3471 personaliter,
3732 3381 3945 3449 alicubi

2407 3499 2690 3564 localiter
2720 3498 3044 3563 :localiter
3073 3499 3170 3560 εει
3195 3495 3262 3559 in
3291 3493 3491 3573 coelo;
3523 3494 3942 3556 sacramenta·

2407 3607 2552 3671 liter
2590 3612 2685 3671 εει
2725 3607 2793 3669 in
2839 3605 3019 3669 altari
3043 3627 3060 3682 ;
3112 3601 3527 3686 personaliter
3570 3600 3837 3682 ubique.
3880 3595 3945 3660 Et

2408 3717 2502 3779 sie
2528 3715 2817 3778 humana
2842 3717 3075 3777 natura
3099 3711 3169 3774 in
3194 3709 3440 3774 Christo
3463 3706 3665 3771 habet
3690 3710 3766 3771 ut
3787 3706 3863 3767 sit
3886 3703 3944 3764 in

2408 3821 2548 3886 loco
2585 3820 3001 3885 determinato
3034 3841 3051 3882 ε
3081 3823 3146 3881 ει
3189 3817 3242 3880 si
3287 3817 3366 3880 de
3402 3835 3474 3879 re
3511 3815 3624 3878 flat
3666 3811 3942 3897 ᾳιιεεειὶο,

2410 3929 2563 3993 satis
2585 3928 2777 4012 plana
2803 3930 2898 3991 est
2924 3924 3274 4008 responsio.
3296 3922 3364 3988 Si
3381 3926 3599 3986 autem
3620 3921 3737 3984 flat
3761 3935 3946 4003 quaes-

2410 4041 2502 4104 tio
2528 4037 2607 4101 de
2632 4054 2925 4100 sermone
2944 4082 2961 4110 ,
2991 4034 3117 4098 hoc
3141 4035 3267 4110 est,
3296 4030 3350 4094 si
3377 4031 3714 4112 quaeratur
3746 4027 3823 4091 de
3846 4042 3947 4087 ve·

2413 4145 2600 4209 ritate
2625 4143 2798 4206 illius
2826 4162 2844 4205 z
2883 4165 2913 4201 α
2942 4141 3063 4204 Ιειε
3087 4140 3285 4204 homo
3312 4141 3408 4202 εει
3446 4134 3727 4217 ubique,
3757 4136 3823 4197 et
3847 4132 3948 4193 iste

2413 4255 2510 4317 est
2535 4251 2778 4333 ubique
2806 4248 3000 4312 homo
3030 4270 3047 4324 ;
3080 4270 3113 4306 s
3142 4246 3248 4310 hic
3292 4240 3811 4326 respondendum
3836 4242 3946 4310 est,

2412 4359 2585 4442 quod
2610 4358 2726 4421 iste
2754 4354 3090 4428 terminuS,
3117 4353 3320 4429 homo,
3353 4351 3557 4433 potest
3577 4345 3833 4430 subjici,
3863 4340 3949 4405 vel

2413 4463 2768 4547 praedicari.
2798 4460 3065 4538 Quando
3095 4458 3453 4541 subjicitur,
3481 4460 3641 4519 tunc
3665 4459 3765 4519 est
3790 4451 3951 4515 locu·

2412 4575 2504 4638 tio
2527 4591 2704 4639 vera.
2738 4570 2818 4636 Et
2852 4570 3016 4634 ratio
3055 4569 3256 4650 hujus
3280 4570 3409 4646 est,
3440 4564 3595 4648 quia
3623 4581 3780 4629 cum
3816 4557 3950 4625 dici·

2413 4686 2558 4746 tur:
2589 4703 2621 4741 α
2638 4680 2757 4744 iste
2773 4678 2970 4743 homo
2991 4681 3087 4741 est
3107 4676 3372 4758 ubique,
3388 4697 3419 4733 n
3446 4672 3570 4736 hoc
3582 4683 3946 4754 pronomen,

2413 4794 2573 4870 Iste,
2602 4795 2806 4875 potoet
2840 4788 3275 4853 demonstrare
3318 4799 3661 4867 personam
3701 4775 3946 4853 Christi,

2414 4900 2516 4964 vel
2542 4897 2871 4981 singulare
2897 4894 3199 4960 hominis,
3231 4891 3297 4957 Si
3337 4907 3677 4974 personam
3703 4883 3947 4960 Christi,

2413 5008 2505 5072 sic
2531 5008 2772 5088 absque
2798 5004 2992 5069 dubio
3019 5003 3140 5067 ista
3175 5018 3331 5067 vera
3368 5002 3464 5064 εει
3493 5019 3510 5061 :
3547 5018 3580 5057 ι
3607 4995 3733 5061 Ιειε
3774 4994 3951 5057 homo

2414 5120 2511 5180 est
2550 5115 2814 5197 ubique.
2863 5135 2897 5173 n
2942 5110 3027 5177 Si·
3059 5128 3218 5176 vero
3266 5106 3597 5190 singulare
3645 5099 3948 5174 hominis,

2414 5221 2627 5287 adhuc
2650 5238 2807 5285 vera
2831 5224 2952 5299 est,
2982 5218 3091 5283 sed
3119 5235 3251 5281 non
3276 5234 3396 5299 per
3419 5213 3749 5299 propriam
3776 5212 3951 5275 natu-

2414 5345 2580 5407 ram,
2601 5328 2712 5393 sed
2732 5345 2848 5411 per
2868 5323 3517 5392 communicationem
3541 5321 3947 5387 idiomatum:

2415 5434 2573 5521 quia
2600 5434 2774 5519 quod
2809 5434 3109 5501 convenit
3132 5431 3294 5499 Filio
3338 5430 3451 5496 Dei
3485 5448 3602 5514 per
3628 5433 3948 5500 naturam,
