4185 6288
1563 458 1944 531 nls‘l'mc'r.
1988 461 2165 544 xm.

282 609 637 675 liberalitate
664 609 1000 687 immensa,
1022 608 1210 689 cuius
1234 604 1501 687 signum
1527 598 1810 684 estquod

281 717 564 781 omnibus
591 716 700 780 dat
727 715 1094 793 affluenter,
1131 717 1195 778 et
1229 731 1360 777 non
1396 711 1805 793 improperat.

278 823 347 887 Et
398 823 490 886 sic
542 826 716 905 patet
760 821 1087 904 responsio
1128 819 1208 883 ad
1273 818 1538 900 objecta.
1598 816 1811 881 Posset

277 931 455 993 etiam
516 929 640 992 dici
683 928 857 1011 quod
897 927 1302 1008 Augustinus
1345 925 1643 1006 intelligit
1671 943 1810 989 res-

273 1041 452 1121 pectu
516 1035 865 1117 singularis
946 1052 1270 1118 personae,
1345 1033 1456 1098 sed
1512 1032 1812 1116 praedicta

277 1144 480 1208 Glossa
504 1147 800 1225 respectu
821 1142 1015 1207 totius
1040 1141 1334 1206 Ecclesiae
1377 1162 1394 1205 z
1426 1146 1490 1205 et
1512 1140 1655 1204 ideo
1680 1157 1811 1204 non

278 1258 382 1318 est.
417 1252 871 1331 controversia,
928 1251 1231 1334 quoniam
1278 1252 1348 1314 in
1397 1249 1670 1314 Ecclesia
1718 1251 1814 1313 est

280 1360 593 1443 plenitudo
616 1359 1117 1438 numerositatis,
1161 1376 1310 1442 quae
1334 1357 1582 1421 excedit
1621 1372 1810 1420 meu-

282 1485 484 1531 suram
522 1466 867 1550 cujuslibet
916 1467 1118 1532 sancti
1131 1514 1152 1546 ‚
1208 1465 1373 1530 sicut
1425 1463 1667 1530 dictum
1717 1465 1815 1528 est

284 1591 483 1656 supra.

901 1743 1041 1790 ΗΠΒ.
1084 1742 1178 1790 111.

287 1889 591 1953 Acceperunt
616 1892 791 1938 autem
806 1887 872 1938 de
898 1886 1032 1937 illius
1056 1885 1372 1950 plenitudine
1399 1899 1507 1936 non
1530 1885 1812 1936 secundum

464 1960 770 2022 essentiam,
797 1959 886 2009 sed
915 1957 1196 2009 secundum
1226 1955 1626 2007 similitudinem.

353 2112 577 2179 Contra
606 2137 622 2178 ε
652 2111 919 2177 Videtur
960 2113 1195 2177 falsum
1235 2111 1467 2189 dicere,
1503 2111 1813 2194 quoniam

285 2223 623 2286 secundum
651 2221 777 2284 hoc
800 2222 1012 2302 posset
1056 2219 1211 2296 dici,
1249 2218 1421 2300 quod
1464 2217 1814 2300 accipimus

284 2328 352 2393 de
373 2327 767 2410 plenitudine
792 2326 1018 2407 gratiae
1047 2323 1218 2390 Petri
1253 2325 1608 2389 secundum
1636 2325 1814 2388 simi-

282 2433 643 2511 litudinem3
677 2432 1028 2497 habuimus
1040 2432 1215 2496 enim
1240 2432 1514 2513 gratiam
1542 2432 1815 2497 similem

281 2541 353 2604 ei.
382 2540 540 2605 Item
582 2539 737 2603 huic
764 2539 1146 2621 expositioni
1171 2539 1425 2604 videtur
1458 2538 1668 2602 littera
1710 2558 1815 2603 se-

283 2666 477 2730 quens
504 2646 955 2726 contradicere,
985 2665 1135 2710 cum
1162 2645 1415 2710 additur
1443 2647 1463 2682 ¹
1493 2667 1509 2709 ε
1544 2647 1679 2711 Lea·
1700 2664 1817 2729 per

280 2755 538 2839 Moysen
565 2753 727 2820 data
744 2760 857 2834 est,
888 2756 1105 2836 qratia
1132 2755 1442 2820 etveritas
1469 2770 1582 2836 per
1606 2756 1817 2821 ,Iesum

284 2862 600 2929 Christum
631 2862 806 2941 facta
843 2867 975 2941 οδω
1001 2861 1108 2925 sed
1140 2860 1388 2943 Moyses
1427 2860 1603 2924 illam
1639 2880 1815 2925 eam-

281 2968 417 3033 dem
454 2968 1204 3058 legem-communicavit
1241 2967 1410 3044 aliis,
1448 2985 1645 3050 quam
1683 2988 1820 3033 sus-

281 3079 440 3161 cepit
464 3099 479 3140 :
505 3094 669 3159 ergo
686 3074 971 3140 Christus
993 3075 1282 3139 eamdem
1308 3076 1604 3157 gratiam.
1636 3075 1814 3159 Item,

280 3203 400 3249 nos
412 3185 877 3269 participamus
902 3183 1078 3247 carni
1105 3186 1169 3247 et
1192 3183 1495 3265 sanguini
1538 3186 1679 3266 ejus
1706 3205 1821 3268 per

282 3293 607 3357 veritatem
636 3295 700 3355 et
725 3292 1146 3356 substantiam
1177 3311 1192 3354 ε
1221 3309 1379 3372 ergo
1408 3292 1547 3373 pari
1575 3293 1819 3358 ratione

281 3403 339 3463 et
361 3400 624 3482 gratia-23
652 3404 767 3462 aut
789 3398 1025 3476 sinon,
1076 3398 1391 3479 quaeritur
1428 3417 1628 3481 quare
1663 3418 1815 3464 non.

353 3505 536 3588 Resp.
572 3504 921 3568 Dicendum
948 3504 1120 3586 quod
1147 3522 1297 3569 cum
1324 3504 1555 3568 dicitur
1587 3504 1820 3589 aliquis

279 3612 555 3693 accipere
586 3611 666 3675 de
695 3609 935 3692 aliquo,
963 3609 1052 3676 De
1094 3614 1298 3692 potest
1326 3611 1672 3692 importare
1699 3614 1820 3676 ha-

281 3719 631 3784 bitudinem
657 3718 855 3800 partis
878 3718 962 3783 ad
979 3722 1214 3796 totum,
1242 3719 1405 3782 sicut
1422 3737 1572 3782 cum
1588 3720 1820 3803 aliquis

281 3824 504 3889 dicitur
528 3823 815 3906 accipere
840 3824 919 3888 de
944 3824 1099 3889 vino
1117 3871 1136 3901 ,
1167 3823 1338 3906 quod
1379 3828 1477 3889 est
1505 3825 1574 3889 in
1611 3826 1813 3907 dolio;

281 3932 375 3996 vel
401 3936 611 4016 potest
631 3932 977 4014 importare
997 3929 1444 3995 habitudinem
1460 3931 1660 4013 princi
1665 3935 1818 4018 piati

279 4039 350 4102 ad
376 4037 791 4122 principium,
821 4036 984 4101 sicut
1012 4036 1066 4099 si
1095 4035 1326 4118 aliquis
1350 4038 1650 4103 accendat
1675 4059 1821 4105 can—

279 4144 478 4210 delam
533 4145 617 4210 ad
671 4144 889 4226 ignem
931 4142 1193 4207 alterius
1241 4143 1542 4224 candelae,
1592 4146 1821 4221 dicitur

278 4252 583 4335 accepisse
636 4250 713 4316 de
767 4249 1013 4314 lumine
1073 4249 1335 4335 alterius
1389 4251 1689 4319 candelae.
1744 4254 1817 4318 In

280 4364 544 4443 utraque
572 4362 790 4422 autem
818 4358 1053 4422 harum
1096 4359 1646 4441 comparationum
1681 4361 1820 4427 haec

277 4465 635 4550 praepositio
648 4513 667 4544 ,
699 4465 816 4545 De,
846 4464 1151 4547 importat
1189 4464 1472 4547 aliquam
1509 4466 1817 4532 unitatem

279 4578 334 4635 et
361 4571 905 4650 convenientiam;
936 4570 1046 4636 sed
1087 4571 1155 4634 iu
1188 4571 1397 4653 prima
1447 4565 1627 4638 notat
1664 4593 1818 4641 con-

279 4682 666 4747 venientiam
707 4680 778 4742 in
815 4679 1168 4744 substantia
1196 4683 1260 4744 et
1295 4685 1557 4763 natura,
1603 4683 1675 4748 in
1716 4704 1817 4750 se-

281 4792 481 4855 cunda
514 4807 673 4854 vero
712 4791 892 4852 notat
927 4787 1436 4853 convenientiam
1471 4790 1541 4853 in
1569 4793 1818 4858 confor-

283 4898 490 4963 mitate
531 4896 841 4981 quadam,
891 4911 1037 4977 quae
1079 4895 1424 4960 attenditur
1462 4899 1818 4966 secundum

282 5003 508 5089 aliquid
578 5019 946 5070 commune.
1024 5001 1348 5079 Quoniam¹
1397 5021 1554 5087 ergo
1613 5009 1820 5088 gratia

285 5109 506 5177 Christi
526 5130 664 5176 non
685 5110 815 5175 fuit
832 5109 1148 5173 transfusa
1169 5110 1241 5173 in
1265 5128 1385 5175 uos
1410 5128 1525 5193 per
1555 5112 1816 5180 decisio-

285 5232 423 5282 nem
447 5219 645 5302 partis
666 5237 709 5283 a
732 5218 940 5300 parte,
968 5215 1077 5281 sed
1108 5216 1452 5283 efficaciam
1495 5221 1725 5286 habuit
1750 5226 1821 5287 ut

288 5381 540 5506 δι’ὸίζιοὲἲη
570 5394 607 5444 1,
640 5383 721 5433 1¹1.
746 5401 818 5417 -
841 5375 867 5410 ²
894 5374 1031 5439 Luc„
1068 5386 1153 5441 tv,
1181 5378 1259 5430 21.
1285 5403 1340 5415 -
1363 5377 1533 5441 ἰωὴ,
1561 5392 1640 5446 ιιι,
1666 5386 1819 5436 23.-

3338 469 3455 530 277

1915 598 2084 664 Deus
2108 600 2293 664 nobis
2315 601 2709 666 consimilem
2736 601 3014 683 gratiam
3030 601 3207 666 daret
3230 603 3459 667 merito

1916 712 2148 794 gratiae
2175 712 2435 792 christu
2466 713 2615 777 hinc
2640 718 2735 778 est
2770 715 2943 796 quod
2983 714 3283 796 Magister
3309 716 3460 781 dicit

1917 837 2035 883 nos
2069 819 2381 900 accepisse
2419 817 2497 883 de
2533 818 2763 884 Christi
2800 819 3039 900 gratia,
3074 838 3206 885 non
3246 841 3458 904 quan-

1918 929 2057 990 tum
2085 927 2165 990 ad
2196 927 2558 1002 essentiam,
2587 927 2695 990 sed
2719 931 3032 1008 quantum
3060 927 3137 990 ad
3170 929 3461 994 similitu-

1918 1032 2083 1098 dinis
2110 1033 2646 1112 convenientiam3
2679 1033 2901 1097 nolens
2933 1052 3041 1116 per
3075 1033 3199 1098 hoc
3237 1036 3460 1100 exclu-

1919 1139 2066 1204 dere
2121 1140 2609 1204 redundantiam
2667 1143 2732 1203 et
2781 1141 3179 1206 influentiam
3230 1142 3458 1223 gratiae

1919 1247 2174 1331 capitis;
2233 1248 2342 1312 sed
2395 1247 2615 1311 volens
2669 1249 2921 1312 auferre
2969 1249 3349 1314 divisionem
3398 1255 3460 1314 et

1919 1356 2509 1420 transmutationem
2537 1356 2766 1436 gratiae
2799 1356 2880 1418 ab
2909 1373 3041 1420 uno
3081 1357 3362 1438 subJ'ecto
3390 1358 3461 1422 in

1919 1463 2116 1541 aliud,
2175 1481 2257 1526 ne
2303 1463 2458 1527 falso
2517 1463 2915 1543 intelligatur
2979 1463 3140 1527 illud
3189 1465 3460 1529 verbum

1920 1571 2391 1651 evangelicum.
2420 1569 2547 1634 Nec
2570 1572 2666 1634 est
2691 1572 2898 1635 simile
2923 1571 3001 1636 de
3025 1570 3193 1651 lege,
3228 1576 3291 1635 et
3320 1590 3461 1637 cor-

1921 1696 2074 1761 pore
2102 1677 2352 1756 Christi,
2386 1683 2676 1759 respectu
2701 1678 2958 1759 gratiae3
2991 1678 3146 1760 quia
3172 1683 3306 1742 tam
3330 1679 3459 1758 lex,

1919 1804 2119 1868 quam
2174 1785 2407 1850 Christi
2450 1802 2683 1867 corpus
2736 1789 2940 1868 potest
3006 1787 3333 1851 transferri
3386 1788 3463 1853 de

1923 1910 2126 1956 manu
2154 1892 2225 1955 in
2251 1910 2544 1970 manum,
2573 1910 2705 1956 non
2730 1892 2821 1956 sic
2844 1893 3056 1974 gratia
3073 1894 3163 1958 de·
3178 1896 3461 1978 subjecto

1920 2000 1991 2065 in
2016 2000 2397 2084 subjectum.
2431 1998 2529 2065 Ex
2556 2000 2680 2065 hoc
2708 2005 2877 2083 patet
2901 2005 3128 2066 totum.

2552 2239 2691 2286 DUB.
2738 2239 2829 2286 lv.

1981 2390 2114 2438 Sane
2144 2386 2246 2439 dici
2271 2393 2441 2451 potest
2465 2388 2633 2453 ipsum
2667 2389 2949 2439 secundum
2977 2388 3242 2439 hominem
3258 2425 3276 2452 ‚
3305 2394 3404 2440 etc.

2003 2539 2333 2620 Objicitur,
2367 2541 2518 2621 quia
2538 2558 2730 2622 super
2754 2538 2914 2603 illud
2936 2548 2959 2582 ¹
3009 2563 3024 2603 z
3082 2540 3289 2608 Hodie
3338 2545 3467 2609 im-

1919 2646 2092 2729 pleta
2113 2652 2206 2713 est
2228 2649 2573 2728 scriptura,
2616 2647 2764 2712 dicit
2793 2645 3051 2711 Glossa:
3092 2671 3124 2709 α
3154 2645 3294 2713 Prae
3323 2668 3466 2715 om-

1925 2753 2119 2818 nibus
2145 2754 2377 2818 sanctis
2402 2759 2634 2819 unctus
2667 2758 2762 2818 est
2796 2755 3092 2819 unctione
3126 2756 3461 2844 spirituali,

1926 2861 2184 2943 quando
2201 2861 2524 2925 descendit
2543 2879 2736 2944 super
2752 2880 2904 2925 eum
2925 2860 3196 2944 Spiritus
3212 2867 3467 2927 sanctus

1927 2969 1995 3032 in
2022 2969 2227 3051 specie
2267 2968 2583 3033 columbae
2637 2986 2655 3032 ε
2709 2969 2817 3033 sed
2872 2969 2992 3033 hoc
3050 2970 3169 3034 fuit
3210 2971 3466 3052 quando

1917 3078 2058 3159 jam
2079 3080 2216 3140 erat
2241 3075 2507 3158 triginta
2535 3076 2722 3139 annis
2749 3080 2772 3116 ⁸
2806 3094 3007 3158 :ergo
3032 3094 3165 3141 non
3205 3078 3287 3141 ab
3331 3078 3468 3162 ipsa

1927 3185 2354 3268 conceptione.
2384 3207 2414 3244 ι)
2455 3185 2612 3248 Item
2627 3233 2644 3262 ,
2696 3184 2750 3247 si
2777 3184 2859 3248 ab
2886 3186 3021 3267 ipsa
3063 3187 3468 3269 conceptione

1926 3295 2153 3358 habuit
2180 3293 2661 3376 plenitudinem,
2695 3293 2930 3358 frustra
2954 3312 3113 3375 ergo
3147 3295 3467 3361 descendit

1926 3420 2121 3485 super
2148 3420 2299 3467 eum
2326 3400 2601 3483 Spiritus
2626 3405 2904 3480 sanctus,
2933 3400 3089 3465 dum
3117 3402 3468 3486 baptizare-

1927 3513 2035 3573 tur
2062 3510 2143 3590 (a)
2173 3509 2214 3572 a
2237 3508 2501 3586 Ioanne,
2532 3508 2698 3573 sicut
2720 3507 2953 3573 dicitur
2978 3507 3027 3571 ⁶.

2009 3615 2194 3697 Resp.
2252 3614 2599 3679 Dicendum
2657 3613 2830 3697 quod
2872 3618 2967 3678 est
3003 3612 3181 3696 loqui
3231 3614 3309 3679 de
3349 3615 3472 3696 ple-

1929 3723 2218 3788 nitudine
2279 3722 2632 3786 secundum
2713 3719 3152 3785 excellentiam
3166 3769 3186 3800 ,
3250 3724 3314 3785 et
3365 3741 3464 3785 se-

1928 3831 2218 3895 cundum
2293 3829 2727 3911 apparentiam
2744 3876 2763 3906 ,
2828 3831 2893 3891 et
2950 3828 3306 3892 secundum
3363 3848 3469 3893 re-

1930 3936 2369 4001 dundantiam.
2430 3935 2578 4001 Dico
2636 3952 2793 4016 ergo
2858 3935 3029 4016 quod
3055 3996 3061 4009 ,
3087 3934 3157 3998 in
3225 3934 3470 4000 Christo

1930 4044 2012 4107 ab
2053 4043 2312 4108 instanti
2353 4041 2776 4124 conceptionis
2823 4041 2945 4104 fuit
2994 4040 3315 4123 plenitudo
3367 4060 3470 4107 se-

1930 4152 2218 4219 cundum
2258 4149 2727 4228 excellentiam,
2758 4148 2915 4231 quia
2950 4165 3209 4212 omnem
3241 4149 3471 4214 habuit

1926 4259 2155 4341 gratiae
2185 4259 2656 4341 perfectionem.
2687 4253 3054 4320 Secundum
3094 4260 3308 4319 autem
3349 4275 3465 4339 ap·

1927 4366 2285 4450 parentiam
2325 4365 2449 4428 fuit
2490 4364 2560 4428 in
2605 4364 2910 4428 descensu
2957 4361 3293 4438 columbae,
3352 4362 3466 4427 ubi

1926 4474 2363 4539 taetimonium
2389 4471 2618 4535 habuit
2645 4471 2723 4534 de
2751 4468 3047 4550 supernis
3064 4488 3088 4546 ,·
3122 4469 3294 4551 quod
3334 4469 3466 4552 ipse

1927 4585 2091 4646 esset
2110 4579 2485 4661 unigenitus
2507 4576 2708 4642 Filius
2729 4575 2839 4639 Dei
2862 4593 2880 4639 t
2905 4578 2968 4638 et
2990 4578 3144 4638 tunc
3165 4576 3468 4657 apparuit

1927 4688 2101 4771 quod
2126 4685 2305 4751 omni
2334 4685 2543 4767 gratia
2570 4683 2797 4766 plenus
2819 4682 2964 4760 fuit,
3003 4699 3154 4753 cum
3195 4680 3468 4764 Spiritus

1926 4799 2184 4861 sanctus
2228 4796 2300 4858 in
2344 4793 2655 4859 columbae
2704 4791 2909 4874 specie
2951 4808 3145 4873 super
3171 4809 3322 4854 eum
3357 4809 3468 4856 re-

1926 4904 2192 4988 quievit.
2242 4901 2421 4966 Unde
2461 4901 2530 4963 in
2559 4898 2953 4980 temporibus
2996 4897 3321 4961 retroactis
3354 4915 3470 4982 per

1928 5029 2123 5095 opera
2173 5008 2488 5073 exteriora
2540 5005 2884 5088 apparebat
2950 5004 3292 5087 proficere;
3359 5006 3470 5070 sed

1929 5124 2085 5184 tunc
2114 5114 2408 5199 apparuit
2440 5112 2619 5178 omni
2641 5112 2810 5176 bono
2836 5112 3117 5194 repletus
3154 5129 3312 5176 esse.
3355 5111 3468 5178 Se-

1931 5225 2215 5290 cundum
2243 5219 2729 5286 redundantiam
2755 5220 2876 5283 fuit
2901 5237 2982 5283 ex
3020 5223 3175 5283 tunc
3200 5224 3264 5284 et
3289 5219 3468 5285 dein-

1929 5346 2096 5410 ceps,
2124 5325 2278 5409 quia
2312 5342 2393 5388 ex
2432 5327 2589 5387 tunc
2628 5322 2875 5404 aliquos
2919 5322 3364 5403 sanctificavit,
3407 5326 3471 5387 et

1993 5453 2066 5517 (a)
2094 5451 2219 5503 cat.
2245 5448 2368 5501 edit.
2392 5446 2692 5514 baptizem.
