<?xml version="1.0" encoding="UTF-8"?>
<!DOCTYPE html PUBLIC "-//W3C//DTD XHTML 1.0 Transitional//EN"
    "http://www.w3.org/TR/xhtml1/DTD/xhtml1-transitional.dtd">
<html xmlns="http://www.w3.org/1999/xhtml" xml:lang="en" lang="en">
 <head>
  <title>
</title>
<meta http-equiv="Content-Type" content="text/html;charset=utf-8" />
  <meta name='ocr-system' content='tesseract 3.04.00' />
  <meta name='ocr-capabilities' content='ocr_page ocr_carea ocr_par ocr_line ocrx_word'/>
</head>
<body>
  <div class='ocr_page' id='page_1' title='image "./srecardinalissb01cargoog_0183.png"; bbox 0 0 4185 6288; ppageno 0'>
   <div class='ocr_carea' id='block_1_1' title="bbox 1097 440 2478 521">
    <p class='ocr_par' dir='ltr' id='par_1_1' title="bbox 1097 440 2478 521">
     <span class='ocr_line' id='line_1_1' title="bbox 1097 440 2478 521; baseline -0.003 -5"><span class='ocrx_word' id='word_1_1' title='bbox 1097 445 1476 516; x_wconf 82' lang='lat' dir='ltr'>DISTINCT.</span> <span class='ocrx_word' id='word_1_2' title='bbox 1517 442 1624 512; x_wconf 80' lang='lat' dir='ltr'>vl.</span> <span class='ocrx_word' id='word_1_3' title='bbox 1670 440 1861 512; x_wconf 66' lang='lat' dir='ltr'>An&#39;r.</span> <span class='ocrx_word' id='word_1_4' title='bbox 1899 440 1977 506; x_wconf 91' lang='lat'>11.</span> <span class='ocrx_word' id='word_1_5' title='bbox 2023 440 2325 521; x_wconf 77' lang='lat' dir='ltr'>QUAEST.</span> <span class='ocrx_word' id='word_1_6' title='bbox 2370 445 2478 513; x_wconf 87' lang='lat'>111.</span> 
     </span>
    </p>
   </div>
   <div class='ocr_carea' id='block_1_2' title="bbox 3269 454 3377 519">
    <p class='ocr_par' dir='ltr' id='par_1_2' title="bbox 3269 454 3377 519">
     <span class='ocr_line' id='line_1_2' title="bbox 3269 454 3377 519; baseline 0 0"><span class='ocrx_word' id='word_1_7' title='bbox 3269 454 3377 519; x_wconf 75' lang='lat'>161</span> 
     </span>
    </p>
   </div>
   <div class='ocr_carea' id='block_1_3' title="bbox 237 579 3393 886">
    <p class='ocr_par' dir='ltr' id='par_1_3' title="bbox 237 579 3393 886">
     <span class='ocr_line' id='line_1_3' title="bbox 237 579 3391 672; baseline 0 -18"><span class='ocrx_word' id='word_1_8' title='bbox 237 589 583 654; x_wconf 81' lang='lat' dir='ltr'>venientiam</span> <span class='ocrx_word' id='word_1_9' title='bbox 607 589 680 653; x_wconf 89' lang='lat' dir='ltr'>in</span> <span class='ocrx_word' id='word_1_10' title='bbox 711 593 971 668; x_wconf 86' lang='lat' dir='ltr'>natura,</span> <span class='ocrx_word' id='word_1_11' title='bbox 998 588 1089 651; x_wconf 87' lang='lat' dir='ltr'>sic</span> <span class='ocrx_word' id='word_1_12' title='bbox 1113 591 1206 652; x_wconf 63' lang='grc' dir='ltr'>θεῖ</span> <span class='ocrx_word' id='word_1_13' title='bbox 1230 586 1438 652; x_wconf 89' lang='lat' dir='ltr'>dicere</span> <span class='ocrx_word' id='word_1_14' title='bbox 1465 581 1633 667; x_wconf 91' lang='lat' dir='ltr'>quod</span> <span class='ocrx_word' id='word_1_15' title='bbox 1663 580 1734 643; x_wconf 85' lang='lat' dir='ltr'>in</span> <span class='ocrx_word' id='word_1_16' title='bbox 1843 579 2174 659; x_wconf 84' lang='lat' dir='ltr'>dignitatis</span> <span class='ocrx_word' id='word_1_17' title='bbox 2215 586 2280 646; x_wconf 89' lang='lat' dir='ltr'>et</span> <span class='ocrx_word' id='word_1_18' title='bbox 2316 582 2704 665; x_wconf 74' lang='lat' dir='ltr'>dignationis</span> <span class='ocrx_word' id='word_1_19' title='bbox 2737 585 2859 650; x_wconf 89' lang='lat' dir='ltr'>sibi</span> <span class='ocrx_word' id='word_1_20' title='bbox 2886 588 3287 672; x_wconf 79' lang='lat' dir='ltr'>appropriat,</span> <span class='ocrx_word' id='word_1_21' title='bbox 3317 591 3391 654; x_wconf 89' lang='lat' dir='ltr'>ut</span> 
     </span>
     <span class='ocr_line' id='line_1_4' title="bbox 239 685 3392 777; baseline 0.001 -19"><span class='ocrx_word' id='word_1_22' title='bbox 239 691 440 758; x_wconf 82' lang='lat' dir='ltr'>Christo</span> <span class='ocrx_word' id='word_1_23' title='bbox 466 694 606 758; x_wconf 88' lang='lat' dir='ltr'>talis</span> <span class='ocrx_word' id='word_1_24' title='bbox 632 693 848 759; x_wconf 85' lang='lat' dir='ltr'>unitas</span> <span class='ocrx_word' id='word_1_25' title='bbox 874 692 1150 775; x_wconf 88' lang='lat' dir='ltr'>quodam</span> <span class='ocrx_word' id='word_1_26' title='bbox 1182 689 1372 755; x_wconf 90' lang='lat' dir='ltr'>modo</span> <span class='ocrx_word' id='word_1_27' title='bbox 1398 692 1493 753; x_wconf 85' lang='lat' dir='ltr'>est</span> <span class='ocrx_word' id='word_1_28' title='bbox 1521 685 1731 761; x_wconf 85' lang='lat' dir='ltr'>nulla,</span> <span class='ocrx_word' id='word_1_29' title='bbox 1843 686 2087 751; x_wconf 84' lang='lat' dir='ltr'>dicatur</span> <span class='ocrx_word' id='word_1_30' title='bbox 2133 688 2343 753; x_wconf 82' lang='lat' dir='ltr'>unitas</span> <span class='ocrx_word' id='word_1_31' title='bbox 2384 691 2733 772; x_wconf 78' lang='lat' dir='ltr'>dignativa.</span> <span class='ocrx_word' id='word_1_32' title='bbox 2775 692 2853 757; x_wconf 78' lang='lat' dir='ltr'>Et</span> <span class='ocrx_word' id='word_1_33' title='bbox 2894 696 3201 777; x_wconf 88' lang='lat' dir='ltr'>quoniam</span> <span class='ocrx_word' id='word_1_34' title='bbox 3241 713 3392 761; x_wconf 86' lang='lat' dir='ltr'>cum</span> 
     </span>
     <span class='ocr_line' id='line_1_5' title="bbox 240 792 3393 886; baseline 0.001 -21"><span class='ocrx_word' id='word_1_35' title='bbox 240 801 473 882; x_wconf 84' lang='lat' dir='ltr'>quodam</span> <span class='ocrx_word' id='word_1_36' title='bbox 498 802 691 866; x_wconf 92' lang='lat' dir='ltr'>modo</span> <span class='ocrx_word' id='word_1_37' title='bbox 718 804 815 865; x_wconf 87' lang='lat' dir='ltr'>est</span> <span class='ocrx_word' id='word_1_38' title='bbox 838 818 1100 881; x_wconf 85' lang='lat' dir='ltr'>magna,</span> <span class='ocrx_word' id='word_1_39' title='bbox 1130 798 1410 883; x_wconf 90' lang='lat' dir='ltr'>quodam</span> <span class='ocrx_word' id='word_1_40' title='bbox 1438 793 1628 860; x_wconf 88' lang='lat' dir='ltr'>modo</span> <span class='ocrx_word' id='word_1_41' title='bbox 1645 796 1739 859; x_wconf 84' lang='lat' dir='ltr'>est</span> <span class='ocrx_word' id='word_1_42' title='bbox 1844 792 1923 856; x_wconf 89' lang='lat' dir='ltr'>de</span> <span class='ocrx_word' id='word_1_43' title='bbox 1951 794 2196 858; x_wconf 86' lang='lat' dir='ltr'>unitate</span> <span class='ocrx_word' id='word_1_44' title='bbox 2224 793 2450 860; x_wconf 80' lang='lat' dir='ltr'>Christi</span> <span class='ocrx_word' id='word_1_45' title='bbox 2484 797 2847 882; x_wconf 90' lang='lat' dir='ltr'>loquimur,</span> <span class='ocrx_word' id='word_1_46' title='bbox 2877 802 2960 867; x_wconf 90' lang='lat' dir='ltr'>ad</span> <span class='ocrx_word' id='word_1_47' title='bbox 2999 821 3196 886; x_wconf 89' lang='lat' dir='ltr'>quam</span> <span class='ocrx_word' id='word_1_48' title='bbox 3233 803 3393 869; x_wconf 84' lang='lat' dir='ltr'>unio</span> 
     </span>
    </p>
   </div>
   <div class='ocr_carea' id='block_1_4' title="bbox 240 902 1764 5602">
    <p class='ocr_par' dir='ltr' id='par_1_4' title="bbox 240 902 1764 5439">
     <span class='ocr_line' id='line_1_6' title="bbox 242 902 1738 991; baseline -0.005 -19"><span class='ocrx_word' id='word_1_49' title='bbox 242 927 428 990; x_wconf 81' lang='lat' dir='ltr'>parva,</span> <span class='ocrx_word' id='word_1_50' title='bbox 455 910 734 991; x_wconf 88' lang='lat' dir='ltr'>quodam</span> <span class='ocrx_word' id='word_1_51' title='bbox 774 910 964 972; x_wconf 90' lang='lat' dir='ltr'>modo</span> <span class='ocrx_word' id='word_1_52' title='bbox 1006 911 1099 971; x_wconf 89' lang='lat' dir='ltr'>est</span> <span class='ocrx_word' id='word_1_53' title='bbox 1144 924 1425 971; x_wconf 89' lang='lat' dir='ltr'>summa.</span> <span class='ocrx_word' id='word_1_54' title='bbox 1459 903 1527 970; x_wconf 91' lang='lat' dir='ltr'>Si</span> <span class='ocrx_word' id='word_1_55' title='bbox 1563 902 1738 968; x_wconf 90' lang='lat' dir='ltr'>enim</span> 
     </span>
     <span class='ocr_line' id='line_1_7' title="bbox 242 1011 1742 1098; baseline -0.003 -21"><span class='ocrx_word' id='word_1_56' title='bbox 242 1032 637 1098; x_wconf 80' lang='lat' dir='ltr'>comparemus</span> <span class='ocrx_word' id='word_1_57' title='bbox 684 1016 969 1080; x_wconf 83' lang='lat' dir='ltr'>divinam</span> <span class='ocrx_word' id='word_1_58' title='bbox 1019 1016 1318 1079; x_wconf 90' lang='lat' dir='ltr'>naturam</span> <span class='ocrx_word' id='word_1_59' title='bbox 1383 1012 1464 1077; x_wconf 89' lang='lat' dir='ltr'>ad</span> <span class='ocrx_word' id='word_1_60' title='bbox 1512 1011 1742 1075; x_wconf 89' lang='lat' dir='ltr'>huma-</span> 
     </span>
     <span class='ocr_line' id='line_1_8' title="bbox 241 1121 1738 1201; baseline -0.001 -17"><span class='ocrx_word' id='word_1_61' title='bbox 241 1139 393 1201; x_wconf 57' lang='lat' dir='ltr'>nam</span> <span class='ocrx_word' id='word_1_62' title='bbox 416 1122 500 1186; x_wconf 86' lang='lat' dir='ltr'>sic</span> <span class='ocrx_word' id='word_1_63' title='bbox 524 1124 593 1186; x_wconf 90' lang='lat' dir='ltr'>in</span> <span class='ocrx_word' id='word_1_64' title='bbox 628 1122 877 1189; x_wconf 85' lang='lat' dir='ltr'>Christo</span> <span class='ocrx_word' id='word_1_65' title='bbox 903 1123 1081 1187; x_wconf 89' lang='lat' dir='ltr'>nulla</span> <span class='ocrx_word' id='word_1_66' title='bbox 1107 1127 1202 1187; x_wconf 86' lang='lat' dir='ltr'>est</span> <span class='ocrx_word' id='word_1_67' title='bbox 1228 1121 1442 1187; x_wconf 86' lang='lat' dir='ltr'>unitas</span> <span class='ocrx_word' id='word_1_68' title='bbox 1466 1124 1738 1198; x_wconf 79' lang='lat' dir='ltr'>naturae,</span> 
     </span>
     <span class='ocr_line' id='line_1_9' title="bbox 241 1228 1747 1312; baseline -0.001 -21"><span class='ocrx_word' id='word_1_69' title='bbox 241 1245 334 1309; x_wconf 86' lang='lat' dir='ltr'>pro</span> <span class='ocrx_word' id='word_1_70' title='bbox 365 1247 434 1293; x_wconf 90' lang='lat' dir='ltr'>eo</span> <span class='ocrx_word' id='word_1_71' title='bbox 458 1229 626 1312; x_wconf 85' lang='lat' dir='ltr'>quod</span> <span class='ocrx_word' id='word_1_72' title='bbox 652 1231 795 1295; x_wconf 78' lang='lat' dir='ltr'>istae</span> <span class='ocrx_word' id='word_1_73' title='bbox 833 1231 981 1295; x_wconf 80' lang='lat' dir='ltr'>duae</span> <span class='ocrx_word' id='word_1_74' title='bbox 1021 1234 1269 1294; x_wconf 80' lang='lat' dir='ltr'>naturae</span> <span class='ocrx_word' id='word_1_75' title='bbox 1308 1246 1439 1294; x_wconf 92' lang='lat' dir='ltr'>non</span> <span class='ocrx_word' id='word_1_76' title='bbox 1480 1228 1747 1311; x_wconf 80' lang='lat' dir='ltr'>possunt</span> 
     </span>
     <span class='ocr_line' id='line_1_10' title="bbox 241 1333 1745 1404; baseline -0.001 -6"><span class='ocrx_word' id='word_1_77' title='bbox 241 1337 398 1401; x_wconf 86' lang='lat' dir='ltr'>simul</span> <span class='ocrx_word' id='word_1_78' title='bbox 430 1338 498 1402; x_wconf 91' lang='lat' dir='ltr'>in</span> <span class='ocrx_word' id='word_1_79' title='bbox 526 1357 731 1404; x_wconf 90' lang='lat' dir='ltr'>unam</span> <span class='ocrx_word' id='word_1_80' title='bbox 772 1355 1150 1403; x_wconf 89' lang='lat' dir='ltr'>concurrere</span> <span class='ocrx_word' id='word_1_81' title='bbox 1190 1340 1509 1401; x_wconf 88' lang='lat' dir='ltr'>naturam.</span> <span class='ocrx_word' id='word_1_82' title='bbox 1541 1333 1609 1399; x_wconf 83' lang='lat' dir='ltr'>si</span> <span class='ocrx_word' id='word_1_83' title='bbox 1636 1353 1745 1398; x_wconf 90' lang='lat' dir='ltr'>au·</span> 
     </span>
     <span class='ocr_line' id='line_1_11' title="bbox 240 1444 1745 1529; baseline -0.001 -22"><span class='ocrx_word' id='word_1_84' title='bbox 240 1446 344 1507; x_wconf 84' lang='lat' dir='ltr'>tem</span> <span class='ocrx_word' id='word_1_85' title='bbox 380 1445 720 1529; x_wconf 84' lang='lat' dir='ltr'>loquamur</span> <span class='ocrx_word' id='word_1_86' title='bbox 760 1447 836 1511; x_wconf 90' lang='lat' dir='ltr'>de</span> <span class='ocrx_word' id='word_1_87' title='bbox 885 1450 1118 1510; x_wconf 86' lang='lat' dir='ltr'>natura</span> <span class='ocrx_word' id='word_1_88' title='bbox 1162 1444 1391 1510; x_wconf 81' lang='lat' dir='ltr'>Christi</span> <span class='ocrx_word' id='word_1_89' title='bbox 1435 1462 1516 1508; x_wconf 85' lang='lat' dir='ltr'>ex</span> <span class='ocrx_word' id='word_1_90' title='bbox 1568 1445 1745 1526; x_wconf 87' lang='lat' dir='ltr'>parte</span> 
     </span>
     <span class='ocr_line' id='line_1_12' title="bbox 242 1555 1748 1638; baseline 0 -23"><span class='ocrx_word' id='word_1_91' title='bbox 242 1556 503 1636; x_wconf 86' lang='lat' dir='ltr'>corporis,</span> <span class='ocrx_word' id='word_1_92' title='bbox 544 1557 637 1620; x_wconf 88' lang='lat' dir='ltr'>sic</span> <span class='ocrx_word' id='word_1_93' title='bbox 681 1573 883 1638; x_wconf 84' lang='lat' dir='ltr'>parva</span> <span class='ocrx_word' id='word_1_94' title='bbox 924 1559 1019 1619; x_wconf 88' lang='lat' dir='ltr'>est</span> <span class='ocrx_word' id='word_1_95' title='bbox 1061 1555 1277 1619; x_wconf 90' lang='lat' dir='ltr'>unitas</span> <span class='ocrx_word' id='word_1_96' title='bbox 1314 1556 1572 1636; x_wconf 88' lang='lat' dir='ltr'>propter</span> <span class='ocrx_word' id='word_1_97' title='bbox 1608 1569 1748 1633; x_wconf 84' lang='lat' dir='ltr'>par-</span> 
     </span>
     <span class='ocr_line' id='line_1_13' title="bbox 240 1659 1749 1746; baseline -0.001 -22"><span class='ocrx_word' id='word_1_98' title='bbox 240 1659 372 1724; x_wconf 86' lang='lat' dir='ltr'>tium</span> <span class='ocrx_word' id='word_1_99' title='bbox 416 1662 972 1746; x_wconf 81' lang='lat' dir='ltr'>multiplicitatem.</span> <span class='ocrx_word' id='word_1_100' title='bbox 1022 1661 1090 1727; x_wconf 93' lang='lat' dir='ltr'>Si</span> <span class='ocrx_word' id='word_1_101' title='bbox 1139 1666 1357 1727; x_wconf 85' lang='lat' dir='ltr'>autem</span> <span class='ocrx_word' id='word_1_102' title='bbox 1404 1661 1749 1743; x_wconf 84' lang='lat' dir='ltr'>loquamur</span> 
     </span>
     <span class='ocr_line' id='line_1_14' title="bbox 242 1765 1748 1854; baseline 0.001 -26"><span class='ocrx_word' id='word_1_103' title='bbox 242 1765 304 1829; x_wconf 88' lang='lat' dir='ltr'>de</span> <span class='ocrx_word' id='word_1_104' title='bbox 336 1769 563 1835; x_wconf 84' lang='lat' dir='ltr'>unitate</span> <span class='ocrx_word' id='word_1_105' title='bbox 603 1774 923 1854; x_wconf 88' lang='lat' dir='ltr'>quantum</span> <span class='ocrx_word' id='word_1_106' title='bbox 964 1771 1043 1834; x_wconf 89' lang='lat' dir='ltr'>ad</span> <span class='ocrx_word' id='word_1_107' title='bbox 1084 1770 1370 1834; x_wconf 89' lang='lat' dir='ltr'>animam</span> <span class='ocrx_word' id='word_1_108' title='bbox 1392 1816 1411 1846; x_wconf 94' lang='lat'>,</span> <span class='ocrx_word' id='word_1_109' title='bbox 1438 1768 1533 1832; x_wconf 86' lang='lat' dir='ltr'>sic</span> <span class='ocrx_word' id='word_1_110' title='bbox 1559 1771 1653 1832; x_wconf 89' lang='lat' dir='ltr'>est</span> <span class='ocrx_word' id='word_1_111' title='bbox 1680 1767 1748 1829; x_wconf 91' lang='lat' dir='ltr'>in</span> 
     </span>
     <span class='ocr_line' id='line_1_15' title="bbox 243 1873 1750 1960; baseline 0.001 -25"><span class='ocrx_word' id='word_1_112' title='bbox 243 1888 304 1935; x_wconf 84' lang='lat' dir='ltr'>eo</span> <span class='ocrx_word' id='word_1_113' title='bbox 325 1875 516 1940; x_wconf 87' lang='lat' dir='ltr'>unitas</span> <span class='ocrx_word' id='word_1_114' title='bbox 555 1895 804 1959; x_wconf 79' lang='lat' dir='ltr'>magna</span> <span class='ocrx_word' id='word_1_115' title='bbox 830 1882 1089 1960; x_wconf 87' lang='lat' dir='ltr'>propter</span> <span class='ocrx_word' id='word_1_116' title='bbox 1114 1876 1350 1941; x_wconf 78' lang='lat' dir='ltr'>animae</span> <span class='ocrx_word' id='word_1_117' title='bbox 1376 1873 1750 1957; x_wconf 87' lang='lat' dir='ltr'>simplicita-</span> 
     </span>
     <span class='ocr_line' id='line_1_16' title="bbox 243 1978 1749 2066; baseline -0.001 -23"><span class='ocrx_word' id='word_1_118' title='bbox 243 1982 368 2044; x_wconf 82' lang='lat' dir='ltr'>tem.</span> <span class='ocrx_word' id='word_1_119' title='bbox 393 1980 456 2045; x_wconf 90' lang='lat' dir='ltr'>Si</span> <span class='ocrx_word' id='word_1_120' title='bbox 481 1988 703 2047; x_wconf 84' lang='lat' dir='ltr'>autem</span> <span class='ocrx_word' id='word_1_121' title='bbox 738 1983 1082 2066; x_wconf 86' lang='lat' dir='ltr'>loquamur</span> <span class='ocrx_word' id='word_1_122' title='bbox 1110 1982 1189 2047; x_wconf 89' lang='lat' dir='ltr'>de</span> <span class='ocrx_word' id='word_1_123' title='bbox 1219 2000 1297 2047; x_wconf 91' lang='lat' dir='ltr'>eo</span> <span class='ocrx_word' id='word_1_124' title='bbox 1323 1983 1640 2064; x_wconf 90' lang='lat' dir='ltr'>quantum</span> <span class='ocrx_word' id='word_1_125' title='bbox 1671 1978 1749 2043; x_wconf 89' lang='lat' dir='ltr'>ad</span> 
     </span>
     <span class='ocr_line' id='line_1_17' title="bbox 245 2084 1755 2165; baseline 0.002 -17"><span class='ocrx_word' id='word_1_126' title='bbox 245 2084 488 2152; x_wconf 86' lang='lat' dir='ltr'>divinam</span> <span class='ocrx_word' id='word_1_127' title='bbox 510 2095 847 2165; x_wconf 89' lang='lat' dir='ltr'>naturam,</span> <span class='ocrx_word' id='word_1_128' title='bbox 879 2089 971 2153; x_wconf 84' lang='lat' dir='ltr'>sic</span> <span class='ocrx_word' id='word_1_129' title='bbox 997 2108 1253 2155; x_wconf 87' lang='lat' dir='ltr'>summa</span> <span class='ocrx_word' id='word_1_130' title='bbox 1279 2092 1374 2154; x_wconf 86' lang='lat' dir='ltr'>est</span> <span class='ocrx_word' id='word_1_131' title='bbox 1400 2088 1473 2152; x_wconf 92' lang='lat' dir='ltr'>in</span> <span class='ocrx_word' id='word_1_132' title='bbox 1495 2105 1572 2152; x_wconf 87' lang='lat' dir='ltr'>eo</span> <span class='ocrx_word' id='word_1_133' title='bbox 1596 2086 1755 2151; x_wconf 89' lang='lat' dir='ltr'>uni-</span> 
     </span>
     <span class='ocr_line' id='line_1_18' title="bbox 246 2196 1755 2280; baseline 0.003 -24"><span class='ocrx_word' id='word_1_134' title='bbox 246 2196 322 2256; x_wconf 78' lang='lat' dir='ltr'>tas</span> <span class='ocrx_word' id='word_1_135' title='bbox 344 2201 581 2279; x_wconf 85' lang='lat' dir='ltr'>propter</span> <span class='ocrx_word' id='word_1_136' title='bbox 617 2197 796 2261; x_wconf 91' lang='lat' dir='ltr'>illius</span> <span class='ocrx_word' id='word_1_137' title='bbox 834 2202 1084 2263; x_wconf 82' lang='lat' dir='ltr'>naturae</span> <span class='ocrx_word' id='word_1_138' title='bbox 1121 2197 1587 2280; x_wconf 89' lang='lat' dir='ltr'>simplicitatem</span> <span class='ocrx_word' id='word_1_139' title='bbox 1631 2214 1755 2260; x_wconf 82' lang='lat' dir='ltr'>ex-</span> 
     </span>
     <span class='ocr_line' id='line_1_19' title="bbox 247 2300 1754 2388; baseline 0.003 -24"><span class='ocrx_word' id='word_1_140' title='bbox 247 2300 740 2370; x_wconf 82' lang='lat' dir='ltr'>cellentissimam.</span> <span class='ocrx_word' id='word_1_141' title='bbox 779 2304 1104 2384; x_wconf 86' lang='lat' dir='ltr'>Quantum</span> <span class='ocrx_word' id='word_1_142' title='bbox 1134 2325 1294 2388; x_wconf 86' lang='lat' dir='ltr'>ergo</span> <span class='ocrx_word' id='word_1_143' title='bbox 1329 2307 1408 2370; x_wconf 90' lang='lat' dir='ltr'>ad</span> <span class='ocrx_word' id='word_1_144' title='bbox 1445 2305 1754 2370; x_wconf 82' lang='lat' dir='ltr'>unitatem</span> 
     </span>
     <span class='ocr_line' id='line_1_20' title="bbox 245 2412 1759 2491; baseline 0.003 -20"><span class='ocrx_word' id='word_1_145' title='bbox 245 2412 455 2475; x_wconf 78' lang='lat' dir='ltr'>naturae</span> <span class='ocrx_word' id='word_1_146' title='bbox 469 2461 486 2491; x_wconf 95' lang='lat'>,</span> <span class='ocrx_word' id='word_1_147' title='bbox 513 2413 876 2478; x_wconf 89' lang='lat' dir='ltr'>secundum</span> <span class='ocrx_word' id='word_1_148' title='bbox 914 2414 1198 2479; x_wconf 84' lang='lat' dir='ltr'>diversas</span> <span class='ocrx_word' id='word_1_149' title='bbox 1224 2412 1759 2478; x_wconf 78' lang='lat' dir='ltr'>considerationes</span> 
     </span>
     <span class='ocr_line' id='line_1_21' title="bbox 247 2518 1754 2606; baseline 0.006 -28"><span class='ocrx_word' id='word_1_150' title='bbox 247 2520 321 2577; x_wconf 67' lang='lat' dir='ltr'>est</span> <span class='ocrx_word' id='word_1_151' title='bbox 351 2518 410 2581; x_wconf 91' lang='lat' dir='ltr'>in</span> <span class='ocrx_word' id='word_1_152' title='bbox 453 2518 695 2584; x_wconf 85' lang='lat' dir='ltr'>Christo</span> <span class='ocrx_word' id='word_1_153' title='bbox 730 2520 943 2584; x_wconf 87' lang='lat' dir='ltr'>unitas</span> <span class='ocrx_word' id='word_1_154' title='bbox 977 2539 1262 2601; x_wconf 89' lang='lat' dir='ltr'>summa,</span> <span class='ocrx_word' id='word_1_155' title='bbox 1292 2519 1505 2585; x_wconf 83' lang='lat' dir='ltr'>unitas</span> <span class='ocrx_word' id='word_1_156' title='bbox 1542 2520 1754 2606; x_wconf 89' lang='lat' dir='ltr'>nulla,</span> 
     </span>
     <span class='ocr_line' id='line_1_22' title="bbox 249 2621 1762 2710; baseline 0.007 -26"><span class='ocrx_word' id='word_1_157' title='bbox 249 2621 419 2689; x_wconf 79' lang='lat' dir='ltr'>unitas</span> <span class='ocrx_word' id='word_1_158' title='bbox 438 2644 665 2710; x_wconf 86' lang='lat' dir='ltr'>parva,</span> <span class='ocrx_word' id='word_1_159' title='bbox 696 2627 915 2691; x_wconf 85' lang='lat' dir='ltr'>unitas</span> <span class='ocrx_word' id='word_1_160' title='bbox 944 2646 1184 2710; x_wconf 87' lang='lat' dir='ltr'>magna</span> <span class='ocrx_word' id='word_1_161' title='bbox 1212 2648 1231 2693; x_wconf 72' lang='grc' dir='ltr'>ε</span> <span class='ocrx_word' id='word_1_162' title='bbox 1264 2628 1352 2692; x_wconf 90' lang='lat' dir='ltr'>sic</span> <span class='ocrx_word' id='word_1_163' title='bbox 1380 2629 1555 2695; x_wconf 90' lang='lat' dir='ltr'>enim</span> <span class='ocrx_word' id='word_1_164' title='bbox 1582 2629 1762 2696; x_wconf 89' lang='lat' dir='ltr'>decet</span> 
     </span>
     <span class='ocr_line' id='line_1_23' title="bbox 248 2732 1761 2820; baseline 0.005 -25"><span class='ocrx_word' id='word_1_165' title='bbox 248 2732 465 2811; x_wconf 80' lang='lat' dir='ltr'>reperiri</span> <span class='ocrx_word' id='word_1_166' title='bbox 490 2734 565 2798; x_wconf 88' lang='lat' dir='ltr'>in</span> <span class='ocrx_word' id='word_1_167' title='bbox 591 2752 704 2816; x_wconf 90' lang='lat' dir='ltr'>eo,</span> <span class='ocrx_word' id='word_1_168' title='bbox 736 2733 853 2817; x_wconf 91' lang='lat' dir='ltr'>qui</span> <span class='ocrx_word' id='word_1_169' title='bbox 897 2740 991 2800; x_wconf 88' lang='lat' dir='ltr'>est</span> <span class='ocrx_word' id='word_1_170' title='bbox 1024 2754 1217 2820; x_wconf 88' lang='lat' dir='ltr'>super</span> <span class='ocrx_word' id='word_1_171' title='bbox 1259 2737 1478 2801; x_wconf 92' lang='lat' dir='ltr'>omnia</span> <span class='ocrx_word' id='word_1_172' title='bbox 1516 2737 1761 2803; x_wconf 82' lang='lat' dir='ltr'>exalta-</span> 
     </span>
     <span class='ocr_line' id='line_1_24' title="bbox 249 2838 1763 2915; baseline 0.007 -17"><span class='ocrx_word' id='word_1_173' title='bbox 249 2838 359 2915; x_wconf 87' lang='lat' dir='ltr'>tus,</span> <span class='ocrx_word' id='word_1_174' title='bbox 384 2844 439 2903; x_wconf 89' lang='lat' dir='ltr'>et</span> <span class='ocrx_word' id='word_1_175' title='bbox 462 2841 631 2907; x_wconf 78' lang='lat' dir='ltr'>infra</span> <span class='ocrx_word' id='word_1_176' title='bbox 660 2861 883 2907; x_wconf 88' lang='lat' dir='ltr'>omnes</span> <span class='ocrx_word' id='word_1_177' title='bbox 909 2843 1306 2908; x_wconf 86' lang='lat' dir='ltr'>humiliatus.</span> <span class='ocrx_word' id='word_1_178' title='bbox 1352 2843 1421 2909; x_wconf 94' lang='lat' dir='ltr'>Si</span> <span class='ocrx_word' id='word_1_179' title='bbox 1450 2863 1605 2910; x_wconf 88' lang='lat' dir='ltr'>vero</span> <span class='ocrx_word' id='word_1_180' title='bbox 1648 2847 1763 2910; x_wconf 88' lang='lat' dir='ltr'>flat</span> 
     </span>
     <span class='ocr_line' id='line_1_25' title="bbox 251 2949 1760 3034; baseline 0.005 -24"><span class='ocrx_word' id='word_1_181' title='bbox 251 2958 422 3010; x_wconf 72' lang='lat' dir='ltr'>sermo</span> <span class='ocrx_word' id='word_1_182' title='bbox 447 2949 521 3014; x_wconf 91' lang='lat' dir='ltr'>de</span> <span class='ocrx_word' id='word_1_183' title='bbox 552 2951 801 3015; x_wconf 85' lang='lat' dir='ltr'>unitate</span> <span class='ocrx_word' id='word_1_184' title='bbox 828 2969 955 3034; x_wconf 91' lang='lat' dir='ltr'>qua</span> <span class='ocrx_word' id='word_1_185' title='bbox 981 2951 1195 3034; x_wconf 87' lang='lat' dir='ltr'>aliqua</span> <span class='ocrx_word' id='word_1_186' title='bbox 1222 2952 1525 3017; x_wconf 87' lang='lat' dir='ltr'>dicuntur</span> <span class='ocrx_word' id='word_1_187' title='bbox 1536 2971 1760 3018; x_wconf 85' lang='lat' dir='ltr'>-unum</span> 
     </span>
     <span class='ocr_line' id='line_1_26' title="bbox 248 3057 1762 3144; baseline 0.005 -27"><span class='ocrx_word' id='word_1_188' title='bbox 248 3066 338 3130; x_wconf 76' lang='lat' dir='ltr'>per</span> <span class='ocrx_word' id='word_1_189' title='bbox 358 3057 859 3121; x_wconf 79' lang='lat' dir='ltr'>convenientiam</span> <span class='ocrx_word' id='word_1_190' title='bbox 886 3058 955 3121; x_wconf 92' lang='lat' dir='ltr'>in</span> <span class='ocrx_word' id='word_1_191' title='bbox 984 3077 1284 3142; x_wconf 86' lang='lat' dir='ltr'>persona,</span> <span class='ocrx_word' id='word_1_192' title='bbox 1318 3060 1433 3138; x_wconf 89' lang='lat' dir='ltr'>sic,</span> <span class='ocrx_word' id='word_1_193' title='bbox 1463 3060 1762 3144; x_wconf 88' lang='lat' dir='ltr'>simplici-</span> 
     </span>
     <span class='ocr_line' id='line_1_27' title="bbox 249 3160 1757 3250; baseline 0.009 -31"><span class='ocrx_word' id='word_1_194' title='bbox 249 3161 325 3220; x_wconf 87' lang='lat' dir='ltr'>ter</span> <span class='ocrx_word' id='word_1_195' title='bbox 344 3160 668 3245; x_wconf 85' lang='lat' dir='ltr'>loquendo,</span> <span class='ocrx_word' id='word_1_196' title='bbox 701 3166 915 3230; x_wconf 87' lang='lat' dir='ltr'>unitas</span> <span class='ocrx_word' id='word_1_197' title='bbox 941 3166 1073 3246; x_wconf 90' lang='lat' dir='ltr'>illa,</span> <span class='ocrx_word' id='word_1_198' title='bbox 1104 3186 1248 3250; x_wconf 76' lang='lat' dir='ltr'>quae</span> <span class='ocrx_word' id='word_1_199' title='bbox 1277 3168 1457 3232; x_wconf 89' lang='lat' dir='ltr'>estin</span> <span class='ocrx_word' id='word_1_200' title='bbox 1486 3167 1757 3246; x_wconf 89' lang='lat' dir='ltr'>Christo,</span> 
     </span>
     <span class='ocr_line' id='line_1_28' title="bbox 250 3266 1764 3357; baseline 0.007 -28"><span class='ocrx_word' id='word_1_201' title='bbox 250 3266 425 3332; x_wconf 86' lang='lat' dir='ltr'>unitas</span> <span class='ocrx_word' id='word_1_202' title='bbox 442 3276 536 3336; x_wconf 87' lang='lat' dir='ltr'>est</span> <span class='ocrx_word' id='word_1_203' title='bbox 561 3290 755 3355; x_wconf 89' lang='lat' dir='ltr'>super</span> <span class='ocrx_word' id='word_1_204' title='bbox 782 3291 1006 3338; x_wconf 87' lang='lat' dir='ltr'>omnes</span> <span class='ocrx_word' id='word_1_205' title='bbox 1027 3275 1305 3339; x_wconf 86' lang='lat' dir='ltr'>unitates</span> <span class='ocrx_word' id='word_1_206' title='bbox 1328 3293 1649 3357; x_wconf 86' lang='lat' dir='ltr'>suprema.</span> <span class='ocrx_word' id='word_1_207' title='bbox 1685 3275 1764 3341; x_wconf 86' lang='lat' dir='ltr'>Et</span> 
     </span>
     <span class='ocr_line' id='line_1_29' title="bbox 250 3369 1762 3469; baseline 0.008 -32"><span class='ocrx_word' id='word_1_208' title='bbox 250 3369 349 3436; x_wconf 86' lang='lat' dir='ltr'>hoc</span> <span class='ocrx_word' id='word_1_209' title='bbox 370 3378 759 3462; x_wconf 80' lang='lat' dir='ltr'>quadruplici</span> <span class='ocrx_word' id='word_1_210' title='bbox 800 3398 882 3444; x_wconf 88' lang='lat' dir='ltr'>ex</span> <span class='ocrx_word' id='word_1_211' title='bbox 924 3399 1115 3445; x_wconf 87' lang='lat' dir='ltr'>causa</span> <span class='ocrx_word' id='word_1_212' title='bbox 1129 3428 1147 3458; x_wconf 89' lang='lat'>,</span> <span class='ocrx_word' id='word_1_213' title='bbox 1188 3381 1480 3447; x_wconf 85' lang='lat' dir='ltr'>videlicet</span> <span class='ocrx_word' id='word_1_214' title='bbox 1504 3389 1762 3469; x_wconf 87' lang='lat' dir='ltr'>propter</span> 
     </span>
     <span class='ocr_line' id='line_1_30' title="bbox 250 3477 1762 3572; baseline 0.007 -27"><span class='ocrx_word' id='word_1_215' title='bbox 250 3477 390 3545; x_wconf 85' lang='lat' dir='ltr'>illius</span> <span class='ocrx_word' id='word_1_216' title='bbox 412 3503 699 3567; x_wconf 82' lang='lat' dir='ltr'>personae</span> <span class='ocrx_word' id='word_1_217' title='bbox 725 3486 1195 3570; x_wconf 88' lang='lat' dir='ltr'>simplicitatem</span> <span class='ocrx_word' id='word_1_218' title='bbox 1219 3537 1238 3565; x_wconf 93' lang='lat'>,</span> <span class='ocrx_word' id='word_1_219' title='bbox 1271 3493 1528 3572; x_wconf 87' lang='lat' dir='ltr'>propter</span> <span class='ocrx_word' id='word_1_220' title='bbox 1554 3491 1762 3555; x_wconf 90' lang='lat' dir='ltr'>unibi-</span> 
     </span>
     <span class='ocr_line' id='line_1_31' title="bbox 250 3583 1758 3683; baseline 0.007 -30"><span class='ocrx_word' id='word_1_221' title='bbox 250 3583 381 3652; x_wconf 89' lang='lat' dir='ltr'>lium</span> <span class='ocrx_word' id='word_1_222' title='bbox 404 3592 813 3674; x_wconf 88' lang='lat' dir='ltr'>dignitatem,</span> <span class='ocrx_word' id='word_1_223' title='bbox 842 3598 1102 3678; x_wconf 88' lang='lat' dir='ltr'>propter</span> <span class='ocrx_word' id='word_1_224' title='bbox 1142 3596 1471 3661; x_wconf 91' lang='lat' dir='ltr'>unitorum</span> <span class='ocrx_word' id='word_1_225' title='bbox 1506 3598 1758 3683; x_wconf 85' lang='lat' dir='ltr'>insepa-</span> 
     </span>
     <span class='ocr_line' id='line_1_32' title="bbox 252 3695 1763 3787; baseline 0.009 -28"><span class='ocrx_word' id='word_1_226' title='bbox 252 3695 591 3765; x_wconf 81' lang='lat' dir='ltr'>rabilitatem</span> <span class='ocrx_word' id='word_1_227' title='bbox 606 3748 628 3782; x_wconf 94' lang='lat'>,</span> <span class='ocrx_word' id='word_1_228' title='bbox 659 3707 721 3767; x_wconf 90' lang='lat' dir='ltr'>et</span> <span class='ocrx_word' id='word_1_229' title='bbox 756 3706 1015 3785; x_wconf 86' lang='lat' dir='ltr'>propter</span> <span class='ocrx_word' id='word_1_230' title='bbox 1046 3703 1306 3768; x_wconf 88' lang='lat' dir='ltr'>unionis</span> <span class='ocrx_word' id='word_1_231' title='bbox 1345 3705 1763 3787; x_wconf 86' lang='lat' dir='ltr'>singularita-</span> 
     </span>
     <span class='ocr_line' id='line_1_33' title="bbox 254 3802 1762 3897; baseline 0.009 -31"><span class='ocrx_word' id='word_1_232' title='bbox 254 3802 357 3867; x_wconf 77' lang='lat' dir='ltr'>tem</span> <span class='ocrx_word' id='word_1_233' title='bbox 386 3828 400 3869; x_wconf 92' lang='lat'><strong>:</strong></span> <span class='ocrx_word' id='word_1_234' title='bbox 428 3813 685 3892; x_wconf 88' lang='lat' dir='ltr'>propter</span> <span class='ocrx_word' id='word_1_235' title='bbox 720 3826 1013 3892; x_wconf 81' lang='lat' dir='ltr'>personae</span> <span class='ocrx_word' id='word_1_236' title='bbox 1050 3810 1515 3893; x_wconf 87' lang='lat' dir='ltr'>simplicitatem</span> <span class='ocrx_word' id='word_1_237' title='bbox 1541 3862 1559 3893; x_wconf 95' lang='lat'>,</span> <span class='ocrx_word' id='word_1_238' title='bbox 1605 3813 1762 3897; x_wconf 87' lang='lat' dir='ltr'>quia</span> 
     </span>
     <span class='ocr_line' id='line_1_34' title="bbox 254 3912 1762 4004; baseline 0.009 -30"><span class='ocrx_word' id='word_1_239' title='bbox 254 3912 379 3977; x_wconf 87' lang='lat' dir='ltr'>unio</span> <span class='ocrx_word' id='word_1_240' title='bbox 401 3921 489 3981; x_wconf 87' lang='lat' dir='ltr'>est</span> <span class='ocrx_word' id='word_1_241' title='bbox 521 3917 592 3982; x_wconf 93' lang='lat' dir='ltr'>in</span> <span class='ocrx_word' id='word_1_242' title='bbox 634 3936 908 4002; x_wconf 88' lang='lat' dir='ltr'>persona</span> <span class='ocrx_word' id='word_1_243' title='bbox 934 3917 1155 3999; x_wconf 82' lang='lat' dir='ltr'>Verbi,</span> <span class='ocrx_word' id='word_1_244' title='bbox 1189 3937 1335 4003; x_wconf 80' lang='lat' dir='ltr'>quae</span> <span class='ocrx_word' id='word_1_245' title='bbox 1364 3920 1624 4004; x_wconf 88' lang='lat' dir='ltr'>quidem</span> <span class='ocrx_word' id='word_1_246' title='bbox 1668 3924 1762 3987; x_wconf 83' lang='lat' dir='ltr'>est</span> 
     </span>
     <span class='ocr_line' id='line_1_35' title="bbox 255 4014 1763 4112; baseline 0.009 -30"><span class='ocrx_word' id='word_1_247' title='bbox 255 4014 714 4104; x_wconf 73' lang='lat' dir='ltr'>simplicissima3</span> <span class='ocrx_word' id='word_1_248' title='bbox 777 4029 1035 4110; x_wconf 89' lang='lat' dir='ltr'>propter</span> <span class='ocrx_word' id='word_1_249' title='bbox 1087 4026 1426 4092; x_wconf 88' lang='lat' dir='ltr'>unibilium</span> <span class='ocrx_word' id='word_1_250' title='bbox 1487 4029 1763 4112; x_wconf 87' lang='lat' dir='ltr'>dignita-</span> 
     </span>
     <span class='ocr_line' id='line_1_36' title="bbox 256 4128 1761 4221; baseline 0.008 -29"><span class='ocrx_word' id='word_1_251' title='bbox 256 4128 383 4209; x_wconf 77' lang='lat' dir='ltr'>tem,</span> <span class='ocrx_word' id='word_1_252' title='bbox 413 4133 556 4216; x_wconf 85' lang='lat' dir='ltr'>quia</span> <span class='ocrx_word' id='word_1_253' title='bbox 591 4138 728 4199; x_wconf 89' lang='lat' dir='ltr'>tam</span> <span class='ocrx_word' id='word_1_254' title='bbox 770 4139 1001 4201; x_wconf 90' lang='lat' dir='ltr'>natura</span> <span class='ocrx_word' id='word_1_255' title='bbox 1039 4152 1404 4216; x_wconf 78' lang='lat' dir='ltr'>assumenS,</span> <span class='ocrx_word' id='word_1_256' title='bbox 1440 4156 1638 4221; x_wconf 87' lang='lat' dir='ltr'>quam</span> <span class='ocrx_word' id='word_1_257' title='bbox 1664 4157 1761 4204; x_wconf 88' lang='lat' dir='ltr'>as-</span> 
     </span>
     <span class='ocr_line' id='line_1_37' title="bbox 253 4243 1763 4325; baseline 0.009 -25"><span class='ocrx_word' id='word_1_258' title='bbox 253 4243 499 4321; x_wconf 80' lang='lat' dir='ltr'>sumpta,</span> <span class='ocrx_word' id='word_1_259' title='bbox 531 4243 700 4306; x_wconf 87' lang='lat' dir='ltr'>inter</span> <span class='ocrx_word' id='word_1_260' title='bbox 724 4244 983 4321; x_wconf 82' lang='lat' dir='ltr'>caetera,</span> <span class='ocrx_word' id='word_1_261' title='bbox 1015 4260 1162 4325; x_wconf 83' lang='lat' dir='ltr'>quae</span> <span class='ocrx_word' id='word_1_262' title='bbox 1208 4248 1389 4324; x_wconf 86' lang='lat' dir='ltr'>sunt,</span> <span class='ocrx_word' id='word_1_263' title='bbox 1421 4244 1615 4310; x_wconf 86' lang='lat' dir='ltr'>habet</span> <span class='ocrx_word' id='word_1_264' title='bbox 1655 4267 1763 4315; x_wconf 82' lang='lat' dir='ltr'>ex·</span> 
     </span>
     <span class='ocr_line' id='line_1_38' title="bbox 254 4341 1763 4438; baseline 0.009 -32"><span class='ocrx_word' id='word_1_265' title='bbox 254 4341 609 4429; x_wconf 65' lang='lat' dir='ltr'>canentiam,</span> <span class='ocrx_word' id='word_1_266' title='bbox 658 4352 919 4432; x_wconf 88' lang='lat' dir='ltr'>propter</span> <span class='ocrx_word' id='word_1_267' title='bbox 946 4349 1543 4433; x_wconf 84' lang='lat' dir='ltr'>inseparabilitatem</span> <span class='ocrx_word' id='word_1_268' title='bbox 1561 4402 1579 4433; x_wconf 95' lang='lat'>,</span> <span class='ocrx_word' id='word_1_269' title='bbox 1610 4355 1763 4438; x_wconf 87' lang='lat' dir='ltr'>quia</span> 
     </span>
     <span class='ocr_line' id='line_1_39' title="bbox 253 4450 1760 4528; baseline 0.011 -16"><span class='ocrx_word' id='word_1_270' title='bbox 253 4450 400 4516; x_wconf 81' lang='lat' dir='ltr'>tanto</span> <span class='ocrx_word' id='word_1_271' title='bbox 421 4455 672 4522; x_wconf 80' lang='lat' dir='ltr'>vinculo</span> <span class='ocrx_word' id='word_1_272' title='bbox 697 4456 1031 4521; x_wconf 81' lang='lat' dir='ltr'>fortificata</span> <span class='ocrx_word' id='word_1_273' title='bbox 1071 4461 1168 4522; x_wconf 88' lang='lat' dir='ltr'>est</span> <span class='ocrx_word' id='word_1_274' title='bbox 1206 4457 1465 4524; x_wconf 86' lang='lat' dir='ltr'>illarum</span> <span class='ocrx_word' id='word_1_275' title='bbox 1493 4465 1760 4528; x_wconf 83' lang='lat' dir='ltr'>natura-</span> 
     </span>
     <span class='ocr_line' id='line_1_40' title="bbox 254 4564 1761 4650; baseline 0.009 -29"><span class='ocrx_word' id='word_1_276' title='bbox 254 4570 380 4621; x_wconf 87' lang='lat' dir='ltr'>rum</span> <span class='ocrx_word' id='word_1_277' title='bbox 400 4564 568 4644; x_wconf 89' lang='lat' dir='ltr'>unio,</span> <span class='ocrx_word' id='word_1_278' title='bbox 600 4566 679 4629; x_wconf 94' lang='lat' dir='ltr'>ut</span> <span class='ocrx_word' id='word_1_279' title='bbox 716 4582 1057 4645; x_wconf 89' lang='lat' dir='ltr'>nunquam</span> <span class='ocrx_word' id='word_1_280' title='bbox 1080 4565 1214 4643; x_wconf 86' lang='lat' dir='ltr'>flat,</span> <span class='ocrx_word' id='word_1_281' title='bbox 1252 4583 1371 4630; x_wconf 90' lang='lat' dir='ltr'>nec</span> <span class='ocrx_word' id='word_1_282' title='bbox 1397 4568 1595 4650; x_wconf 85' lang='lat' dir='ltr'>possit</span> <span class='ocrx_word' id='word_1_283' title='bbox 1620 4570 1761 4635; x_wconf 87' lang='lat' dir='ltr'>fleri</span> 
     </span>
     <span class='ocr_line' id='line_1_41' title="bbox 253 4672 1762 4746; baseline 0.005 -11"><span class='ocrx_word' id='word_1_284' title='bbox 253 4672 523 4746; x_wconf 69' lang='lat' dir='ltr'>separatio</span> <span class='ocrx_word' id='word_1_285' title='bbox 571 4694 588 4737; x_wconf 91' lang='lat'>:</span> <span class='ocrx_word' id='word_1_286' title='bbox 639 4676 873 4738; x_wconf 88' lang='lat' dir='ltr'>natura</span> <span class='ocrx_word' id='word_1_287' title='bbox 919 4674 1096 4737; x_wconf 90' lang='lat' dir='ltr'>enim</span> <span class='ocrx_word' id='word_1_288' title='bbox 1149 4672 1257 4737; x_wconf 89' lang='lat' dir='ltr'>illa</span> <span class='ocrx_word' id='word_1_289' title='bbox 1300 4673 1466 4740; x_wconf 86' lang='lat' dir='ltr'>inter</span> <span class='ocrx_word' id='word_1_290' title='bbox 1523 4682 1762 4743; x_wconf 88' lang='lat' dir='ltr'>ceteras</span> 
     </span>
     <span class='ocr_line' id='line_1_42' title="bbox 254 4775 1761 4867; baseline 0.007 -26"><span class='ocrx_word' id='word_1_291' title='bbox 254 4775 479 4841; x_wconf 78' lang='lat' dir='ltr'>naturas</span> <span class='ocrx_word' id='word_1_292' title='bbox 514 4779 784 4844; x_wconf 72' lang='lat' dir='ltr'>adhaeeit</span> <span class='ocrx_word' id='word_1_293' title='bbox 825 4784 1067 4845; x_wconf 78' lang='lat' dir='ltr'>aeterno</span> <span class='ocrx_word' id='word_1_294' title='bbox 1094 4779 1332 4862; x_wconf 81' lang='lat' dir='ltr'>Verbo,</span> <span class='ocrx_word' id='word_1_295' title='bbox 1368 4799 1498 4865; x_wconf 90' lang='lat' dir='ltr'>quo</span> <span class='ocrx_word' id='word_1_296' title='bbox 1546 4790 1761 4867; x_wconf 85' lang='lat' dir='ltr'>porta-</span> 
     </span>
     <span class='ocr_line' id='line_1_43' title="bbox 254 4879 1757 4973; baseline 0.011 -31"><span class='ocrx_word' id='word_1_297' title='bbox 254 4879 366 4958; x_wconf 80' lang='lat' dir='ltr'>tur,</span> <span class='ocrx_word' id='word_1_298' title='bbox 392 4889 445 4947; x_wconf 85' lang='lat' dir='ltr'>et</span> <span class='ocrx_word' id='word_1_299' title='bbox 467 4890 856 4952; x_wconf 80' lang='lat' dir='ltr'>sustentatur</span> <span class='ocrx_word' id='word_1_300' title='bbox 893 4904 1086 4952; x_wconf 88' lang='lat' dir='ltr'>omne</span> <span class='ocrx_word' id='word_1_301' title='bbox 1109 4888 1279 4970; x_wconf 86' lang='lat' dir='ltr'>quod</span> <span class='ocrx_word' id='word_1_302' title='bbox 1308 4894 1402 4952; x_wconf 87' lang='lat' dir='ltr'>est</span> <span class='ocrx_word' id='word_1_303' title='bbox 1435 4892 1560 4955; x_wconf 89' lang='lat' dir='ltr'>sub</span> <span class='ocrx_word' id='word_1_304' title='bbox 1585 4891 1712 4958; x_wconf 85' lang='lat' dir='ltr'>Deo</span> <span class='ocrx_word' id='word_1_305' title='bbox 1738 4914 1757 4973; x_wconf 90' lang='lat'>;</span> 
     </span>
     <span class='ocr_line' id='line_1_44' title="bbox 257 4992 1762 5080; baseline 0.011 -29"><span class='ocrx_word' id='word_1_306' title='bbox 257 4992 478 5069; x_wconf 84' lang='lat' dir='ltr'>propter</span> <span class='ocrx_word' id='word_1_307' title='bbox 500 4993 1041 5075; x_wconf 81' lang='lat' dir='ltr'>singularitatem,</span> <span class='ocrx_word' id='word_1_308' title='bbox 1078 4995 1230 5077; x_wconf 90' lang='lat' dir='ltr'>quia</span> <span class='ocrx_word' id='word_1_309' title='bbox 1269 5014 1604 5080; x_wconf 87' lang='lat' dir='ltr'>nunquam</span> <span class='ocrx_word' id='word_1_310' title='bbox 1629 5001 1762 5066; x_wconf 92' lang='lat' dir='ltr'>ulla</span> 
     </span>
     <span class='ocr_line' id='line_1_45' title="bbox 259 5093 1762 5175; baseline 0.011 -17"><span class='ocrx_word' id='word_1_311' title='bbox 259 5093 392 5159; x_wconf 80' lang='lat' dir='ltr'>uuio</span> <span class='ocrx_word' id='word_1_312' title='bbox 411 5099 523 5165; x_wconf 84' lang='lat' dir='ltr'>fuit</span> <span class='ocrx_word' id='word_1_313' title='bbox 542 5100 695 5167; x_wconf 88' lang='lat' dir='ltr'>huic</span> <span class='ocrx_word' id='word_1_314' title='bbox 720 5101 947 5167; x_wconf 88' lang='lat' dir='ltr'>unioni</span> <span class='ocrx_word' id='word_1_315' title='bbox 970 5102 1198 5168; x_wconf 86' lang='lat' dir='ltr'>similis</span> <span class='ocrx_word' id='word_1_316' title='bbox 1229 5125 1245 5167; x_wconf 75' lang='grc' dir='ltr'>ε</span> <span class='ocrx_word' id='word_1_317' title='bbox 1272 5102 1414 5169; x_wconf 78' lang='lat' dir='ltr'>haec</span> <span class='ocrx_word' id='word_1_318' title='bbox 1438 5107 1613 5172; x_wconf 88' lang='lat' dir='ltr'>enim</span> <span class='ocrx_word' id='word_1_319' title='bbox 1641 5110 1762 5175; x_wconf 74' lang='lat' dir='ltr'>ruit</span> 
     </span>
     <span class='ocr_line' id='line_1_46' title="bbox 261 5203 1761 5293; baseline 0.013 -29"><span class='ocrx_word' id='word_1_320' title='bbox 261 5203 767 5276; x_wconf 67' lang='lat' dir='ltr'>exceltentissimae</span> <span class='ocrx_word' id='word_1_321' title='bbox 791 5210 1181 5293; x_wconf 85' lang='lat' dir='ltr'>dignationis</span> <span class='ocrx_word' id='word_1_322' title='bbox 1209 5230 1228 5276; x_wconf 72' lang='grc' dir='ltr'>ε</span> <span class='ocrx_word' id='word_1_323' title='bbox 1259 5215 1323 5278; x_wconf 91' lang='lat' dir='ltr'>et</span> <span class='ocrx_word' id='word_1_324' title='bbox 1347 5213 1490 5280; x_wconf 88' lang='lat' dir='ltr'>ideo</span> <span class='ocrx_word' id='word_1_325' title='bbox 1523 5234 1761 5284; x_wconf 91' lang='lat' dir='ltr'>nomen</span> 
     </span>
     <span class='ocr_line' id='line_1_47' title="bbox 316 5362 1758 5439; baseline 0.009 -24"><span class='ocrx_word' id='word_1_326' title='bbox 316 5362 334 5398; x_wconf 86' lang='lat'>¹</span> <span class='ocrx_word' id='word_1_327' title='bbox 359 5365 472 5419; x_wconf 77' lang='lat' dir='ltr'>Dist.</span> <span class='ocrx_word' id='word_1_328' title='bbox 492 5380 528 5435; x_wconf 85' lang='lat'>1,</span> <span class='ocrx_word' id='word_1_329' title='bbox 550 5374 645 5422; x_wconf 82' lang='lat' dir='ltr'>art.</span> <span class='ocrx_word' id='word_1_330' title='bbox 673 5376 719 5434; x_wconf 69' lang='grc' dir='ltr'>ι,</span> <span class='ocrx_word' id='word_1_331' title='bbox 748 5388 800 5438; x_wconf 85' lang='lat' dir='ltr'>q.</span> <span class='ocrx_word' id='word_1_332' title='bbox 824 5385 862 5437; x_wconf 89' lang='lat'>1,</span> <span class='ocrx_word' id='word_1_333' title='bbox 890 5377 944 5424; x_wconf 82' lang='lat' dir='ltr'>et</span> <span class='ocrx_word' id='word_1_334' title='bbox 970 5372 1088 5424; x_wconf 83' lang='lat' dir='ltr'>dist.</span> <span class='ocrx_word' id='word_1_335' title='bbox 1116 5383 1169 5436; x_wconf 77' lang='lat' dir='ltr'>v,</span> <span class='ocrx_word' id='word_1_336' title='bbox 1197 5376 1290 5424; x_wconf 80' lang='lat' dir='ltr'>art.</span> <span class='ocrx_word' id='word_1_337' title='bbox 1317 5377 1366 5438; x_wconf 81' lang='lat'>2,</span> <span class='ocrx_word' id='word_1_338' title='bbox 1388 5389 1441 5439; x_wconf 85' lang='lat' dir='ltr'>q.</span> <span class='ocrx_word' id='word_1_339' title='bbox 1462 5386 1567 5425; x_wconf 88' lang='lat'>1.—</span> <span class='ocrx_word' id='word_1_340' title='bbox 1586 5377 1611 5412; x_wconf 81' lang='lat'><strong>¹</strong></span> <span class='ocrx_word' id='word_1_341' title='bbox 1631 5375 1758 5428; x_wconf 83' lang='lat' dir='ltr'>nist.</span> 
     </span>
    </p>

    <p class='ocr_par' dir='ltr' id='par_1_5' title="bbox 264 5438 829 5602">
     <span class='ocr_line' id='line_1_48' title="bbox 264 5438 630 5507; baseline 0.016 -20"><span class='ocrx_word' id='word_1_342' title='bbox 264 5438 327 5497; x_wconf 74' lang='lat' dir='ltr'>Vl,</span> <span class='ocrx_word' id='word_1_343' title='bbox 351 5441 434 5488; x_wconf 70' lang='lat' dir='ltr'>¹m.</span> <span class='ocrx_word' id='word_1_344' title='bbox 458 5443 503 5504; x_wconf 85' lang='lat' dir='ltr'>l,</span> <span class='ocrx_word' id='word_1_345' title='bbox 520 5455 570 5507; x_wconf 87' lang='lat' dir='ltr'>q.</span> <span class='ocrx_word' id='word_1_346' title='bbox 594 5455 630 5493; x_wconf 88' lang='lat'>1.</span> 
     </span>
     <span class='ocr_line' id='line_1_49' title="bbox 551 5549 829 5602; baseline 0.007 -5"><span class='ocrx_word' id='word_1_347' title='bbox 551 5549 697 5597; x_wconf 73' lang='lat' dir='ltr'>rou.</span> <span class='ocrx_word' id='word_1_348' title='bbox 736 5552 829 5602; x_wconf 78' lang='lat' dir='ltr'>lv.</span> 
     </span>
    </p>
   </div>
   <div class='ocr_carea' id='block_1_5' title="bbox 1848 901 3418 5408">
    <p class='ocr_par' dir='ltr' id='par_1_6' title="bbox 1848 901 3400 1521">
     <span class='ocr_line' id='line_1_50' title="bbox 1848 901 3390 993; baseline 0.009 -31"><span class='ocrx_word' id='word_1_349' title='bbox 1848 901 2257 981; x_wconf 88' lang='lat' dir='ltr'>terminatur,</span> <span class='ocrx_word' id='word_1_350' title='bbox 2287 908 2382 967; x_wconf 85' lang='lat' dir='ltr'>est</span> <span class='ocrx_word' id='word_1_351' title='bbox 2425 923 2637 971; x_wconf 86' lang='lat' dir='ltr'>sermo</span> <span class='ocrx_word' id='word_1_352' title='bbox 2674 907 2753 972; x_wconf 90' lang='lat' dir='ltr'>de</span> <span class='ocrx_word' id='word_1_353' title='bbox 2792 908 3034 974; x_wconf 82' lang='lat' dir='ltr'>unitate</span> <span class='ocrx_word' id='word_1_354' title='bbox 3077 928 3390 993; x_wconf 82' lang='lat' dir='ltr'>personae,</span> 
     </span>
     <span class='ocr_line' id='line_1_51' title="bbox 1848 1008 3396 1099; baseline 0.007 -28"><span class='ocrx_word' id='word_1_355' title='bbox 1848 1026 1979 1073; x_wconf 89' lang='lat' dir='ltr'>non</span> <span class='ocrx_word' id='word_1_356' title='bbox 2004 1009 2082 1073; x_wconf 91' lang='lat' dir='ltr'>de</span> <span class='ocrx_word' id='word_1_357' title='bbox 2107 1008 2349 1074; x_wconf 81' lang='lat' dir='ltr'>unitate</span> <span class='ocrx_word' id='word_1_358' title='bbox 2371 1016 2659 1094; x_wconf 81' lang='lat' dir='ltr'>naturae3</span> <span class='ocrx_word' id='word_1_359' title='bbox 2685 1013 2830 1079; x_wconf 90' lang='lat' dir='ltr'>ideo</span> <span class='ocrx_word' id='word_1_360' title='bbox 2857 1014 3225 1099; x_wconf 87' lang='lat' dir='ltr'>simpliciter</span> <span class='ocrx_word' id='word_1_361' title='bbox 3249 1035 3396 1082; x_wconf 91' lang='lat' dir='ltr'>con-</span> 
     </span>
     <span class='ocr_line' id='line_1_52' title="bbox 1849 1115 3392 1205; baseline 0.006 -26"><span class='ocrx_word' id='word_1_362' title='bbox 1849 1115 2203 1181; x_wconf 87' lang='lat' dir='ltr'>cedendum</span> <span class='ocrx_word' id='word_1_363' title='bbox 2231 1122 2326 1181; x_wconf 84' lang='lat' dir='ltr'>est</span> <span class='ocrx_word' id='word_1_364' title='bbox 2351 1120 2662 1185; x_wconf 90' lang='lat' dir='ltr'>unitatem</span> <span class='ocrx_word' id='word_1_365' title='bbox 2680 1168 2699 1199; x_wconf 87' lang='lat'>,</span> <span class='ocrx_word' id='word_1_366' title='bbox 2727 1139 2875 1205; x_wconf 83' lang='lat' dir='ltr'>quae</span> <span class='ocrx_word' id='word_1_367' title='bbox 2902 1127 2997 1188; x_wconf 85' lang='lat' dir='ltr'>est</span> <span class='ocrx_word' id='word_1_368' title='bbox 3024 1123 3091 1186; x_wconf 90' lang='lat' dir='ltr'>in</span> <span class='ocrx_word' id='word_1_369' title='bbox 3117 1122 3392 1205; x_wconf 87' lang='lat' dir='ltr'>Christo,</span> 
     </span>
     <span class='ocr_line' id='line_1_53' title="bbox 1850 1224 3393 1314; baseline 0.006 -29"><span class='ocrx_word' id='word_1_370' title='bbox 1850 1240 2110 1287; x_wconf 90' lang='lat' dir='ltr'>omnem</span> <span class='ocrx_word' id='word_1_371' title='bbox 2173 1224 2481 1290; x_wconf 88' lang='lat' dir='ltr'>unitatem</span> <span class='ocrx_word' id='word_1_372' title='bbox 2538 1231 2814 1292; x_wconf 82' lang='lat' dir='ltr'>creatam</span> <span class='ocrx_word' id='word_1_373' title='bbox 2880 1230 3393 1314; x_wconf 74' lang='lat' dir='ltr'>superexcedere.</span> 
     </span>
     <span class='ocr_line' id='line_1_54' title="bbox 1855 1327 3400 1405; baseline 0.008 -13"><span class='ocrx_word' id='word_1_374' title='bbox 1855 1327 2030 1394; x_wconf 89' lang='lat' dir='ltr'>Unde</span> <span class='ocrx_word' id='word_1_375' title='bbox 2077 1329 2272 1395; x_wconf 88' lang='lat' dir='ltr'>etiam</span> <span class='ocrx_word' id='word_1_376' title='bbox 2322 1333 2738 1400; x_wconf 79' lang='lat' dir='ltr'>concedendae</span> <span class='ocrx_word' id='word_1_377' title='bbox 2788 1340 2940 1401; x_wconf 86' lang='lat' dir='ltr'>sunt</span> <span class='ocrx_word' id='word_1_378' title='bbox 2993 1337 3266 1403; x_wconf 90' lang='lat' dir='ltr'>rationes</span> <span class='ocrx_word' id='word_1_379' title='bbox 3318 1339 3400 1405; x_wconf 89' lang='lat' dir='ltr'>ad</span> 
     </span>
     <span class='ocr_line' id='line_1_55' title="bbox 1852 1418 2620 1521; baseline 0.01 -22"><span class='ocrx_word' id='word_1_380' title='bbox 1852 1418 2018 1500; x_wconf 70' lang='lat' dir='ltr'>hanc</span> <span class='ocrx_word' id='word_1_381' title='bbox 2046 1442 2293 1521; x_wconf 85' lang='lat' dir='ltr'>partem</span> <span class='ocrx_word' id='word_1_382' title='bbox 2321 1439 2620 1507; x_wconf 76' lang='lat' dir='ltr'>inductae.</span> 
     </span>
    </p>

    <p class='ocr_par' dir='ltr' id='par_1_7' title="bbox 1856 1544 3411 2474">
     <span class='ocr_line' id='line_1_56' title="bbox 1936 1544 3402 1637; baseline 0.007 -29"><span class='ocrx_word' id='word_1_383' title='bbox 1936 1550 1993 1608; x_wconf 79' lang='lat'>¹.</span> <span class='ocrx_word' id='word_1_384' title='bbox 2027 1544 2124 1610; x_wconf 87' lang='lat' dir='ltr'>Ad</span> <span class='ocrx_word' id='word_1_385' title='bbox 2153 1545 2310 1610; x_wconf 91' lang='lat' dir='ltr'>illud</span> <span class='ocrx_word' id='word_1_386' title='bbox 2340 1565 2494 1612; x_wconf 87' lang='lat' dir='ltr'>vero</span> <span class='ocrx_word' id='word_1_387' title='bbox 2511 1549 2686 1632; x_wconf 90' lang='lat' dir='ltr'>quod</span> <span class='ocrx_word' id='word_1_388' title='bbox 2710 1551 3032 1633; x_wconf 81' lang='lat' dir='ltr'>objicitur,</span> <span class='ocrx_word' id='word_1_389' title='bbox 3062 1554 3233 1637; x_wconf 89' lang='lat' dir='ltr'>quod</span> <span class='ocrx_word' id='word_1_390' title='bbox 3255 1571 3402 1637; x_wconf 80' lang='lat' dir='ltr'>quae</span> 
     </span>
     <span class='ocr_line' id='line_1_57' title="bbox 1859 1652 3399 1740; baseline 0.008 -26"><span class='ocrx_word' id='word_1_391' title='bbox 1859 1653 2138 1717; x_wconf 83' lang='lat' dir='ltr'>maxime</span> <span class='ocrx_word' id='word_1_392' title='bbox 2168 1652 2435 1731; x_wconf 86' lang='lat' dir='ltr'>distant,</span> <span class='ocrx_word' id='word_1_393' title='bbox 2467 1655 2733 1720; x_wconf 87' lang='lat' dir='ltr'>minime</span> <span class='ocrx_word' id='word_1_394' title='bbox 2766 1662 2918 1721; x_wconf 90' lang='lat' dir='ltr'>sunt</span> <span class='ocrx_word' id='word_1_395' title='bbox 2954 1659 3261 1740; x_wconf 88' lang='lat' dir='ltr'>unihilia,</span> <span class='ocrx_word' id='word_1_396' title='bbox 3302 1662 3399 1726; x_wconf 90' lang='lat' dir='ltr'>di-</span> 
     </span>
     <span class='ocr_line' id='line_1_58' title="bbox 1856 1758 3404 1843; baseline 0.008 -21"><span class='ocrx_word' id='word_1_397' title='bbox 1856 1758 2132 1823; x_wconf 90' lang='lat' dir='ltr'>cendum</span> <span class='ocrx_word' id='word_1_398' title='bbox 2167 1758 2339 1843; x_wconf 86' lang='lat' dir='ltr'>quod</span> <span class='ocrx_word' id='word_1_399' title='bbox 2368 1759 2532 1826; x_wconf 88' lang='lat' dir='ltr'>Deus</span> <span class='ocrx_word' id='word_1_400' title='bbox 2555 1762 2635 1826; x_wconf 89' lang='lat' dir='ltr'>ab</span> <span class='ocrx_word' id='word_1_401' title='bbox 2672 1765 2851 1829; x_wconf 90' lang='lat' dir='ltr'>omni</span> <span class='ocrx_word' id='word_1_402' title='bbox 2877 1772 3169 1832; x_wconf 86' lang='lat' dir='ltr'>creatura</span> <span class='ocrx_word' id='word_1_403' title='bbox 3194 1769 3404 1833; x_wconf 86' lang='lat' dir='ltr'>maxi-</span> 
     </span>
     <span class='ocr_line' id='line_1_59' title="bbox 1858 1866 3406 1958; baseline 0.008 -28"><span class='ocrx_word' id='word_1_404' title='bbox 1858 1884 2030 1930; x_wconf 89' lang='lat' dir='ltr'>mam</span> <span class='ocrx_word' id='word_1_405' title='bbox 2050 1866 2245 1932; x_wconf 86' lang='lat' dir='ltr'>habet</span> <span class='ocrx_word' id='word_1_406' title='bbox 2264 1867 2689 1934; x_wconf 80' lang='lat' dir='ltr'>differentiam</span> <span class='ocrx_word' id='word_1_407' title='bbox 2707 1871 2776 1934; x_wconf 91' lang='lat' dir='ltr'>in</span> <span class='ocrx_word' id='word_1_408' title='bbox 2801 1875 3065 1954; x_wconf 87' lang='lat' dir='ltr'>natura;</span> <span class='ocrx_word' id='word_1_409' title='bbox 3093 1881 3406 1958; x_wconf 88' lang='lat' dir='ltr'>quantum</span> 
     </span>
     <span class='ocr_line' id='line_1_60' title="bbox 1857 1973 3410 2058; baseline 0.008 -22"><span class='ocrx_word' id='word_1_410' title='bbox 1857 1978 2071 2038; x_wconf 77' lang='lat' dir='ltr'>tamen</span> <span class='ocrx_word' id='word_1_411' title='bbox 2118 1973 2198 2040; x_wconf 87' lang='lat' dir='ltr'>ad</span> <span class='ocrx_word' id='word_1_412' title='bbox 2246 1975 2645 2042; x_wconf 83' lang='lat' dir='ltr'>influentiam</span> <span class='ocrx_word' id='word_1_413' title='bbox 2658 2026 2677 2058; x_wconf 98' lang='lat'>,</span> <span class='ocrx_word' id='word_1_414' title='bbox 2711 1982 2776 2043; x_wconf 91' lang='lat' dir='ltr'>et</span> <span class='ocrx_word' id='word_1_415' title='bbox 2814 1986 3121 2047; x_wconf 81' lang='lat' dir='ltr'>creaturae</span> <span class='ocrx_word' id='word_1_416' title='bbox 3164 1987 3410 2048; x_wconf 88' lang='lat' dir='ltr'>susten-</span> 
     </span>
     <span class='ocr_line' id='line_1_61' title="bbox 1859 2081 3410 2171; baseline 0.006 -25"><span class='ocrx_word' id='word_1_417' title='bbox 1859 2081 2167 2146; x_wconf 87' lang='lat' dir='ltr'>tationem</span> <span class='ocrx_word' id='word_1_418' title='bbox 2189 2130 2207 2161; x_wconf 94' lang='lat'>,</span> <span class='ocrx_word' id='word_1_419' title='bbox 2258 2084 2613 2149; x_wconf 82' lang='lat' dir='ltr'>maximam</span> <span class='ocrx_word' id='word_1_420' title='bbox 2661 2086 2853 2151; x_wconf 91' lang='lat' dir='ltr'>habet</span> <span class='ocrx_word' id='word_1_421' title='bbox 2917 2091 3410 2171; x_wconf 88' lang='lat' dir='ltr'>approximatio-</span> 
     </span>
     <span class='ocr_line' id='line_1_62' title="bbox 1861 2189 3411 2277; baseline 0.008 -26"><span class='ocrx_word' id='word_1_422' title='bbox 1861 2206 2011 2253; x_wconf 90' lang='lat' dir='ltr'>nem</span> <span class='ocrx_word' id='word_1_423' title='bbox 2058 2211 2074 2252; x_wconf 85' lang='lat'>:</span> <span class='ocrx_word' id='word_1_424' title='bbox 2125 2194 2189 2253; x_wconf 92' lang='lat' dir='ltr'>et</span> <span class='ocrx_word' id='word_1_425' title='bbox 2234 2189 2377 2255; x_wconf 86' lang='lat' dir='ltr'>ideo</span> <span class='ocrx_word' id='word_1_426' title='bbox 2431 2193 2714 2257; x_wconf 82' lang='lat' dir='ltr'>maxima</span> <span class='ocrx_word' id='word_1_427' title='bbox 2761 2199 2965 2277; x_wconf 90' lang='lat' dir='ltr'>potest</span> <span class='ocrx_word' id='word_1_428' title='bbox 3015 2215 3150 2262; x_wconf 86' lang='lat' dir='ltr'>esse</span> <span class='ocrx_word' id='word_1_429' title='bbox 3197 2199 3411 2262; x_wconf 86' lang='lat' dir='ltr'>unitas</span> 
     </span>
     <span class='ocr_line' id='line_1_63' title="bbox 1863 2296 3411 2386; baseline 0.008 -27"><span class='ocrx_word' id='word_1_430' title='bbox 1863 2296 2029 2361; x_wconf 87' lang='lat' dir='ltr'>inter</span> <span class='ocrx_word' id='word_1_431' title='bbox 2055 2296 2416 2363; x_wconf 88' lang='lat' dir='ltr'>Creatorem</span> <span class='ocrx_word' id='word_1_432' title='bbox 2452 2305 2515 2364; x_wconf 92' lang='lat' dir='ltr'>et</span> <span class='ocrx_word' id='word_1_433' title='bbox 2541 2305 2898 2367; x_wconf 86' lang='lat' dir='ltr'>creaturam</span> <span class='ocrx_word' id='word_1_434' title='bbox 2916 2351 2935 2383; x_wconf 98' lang='lat'>,</span> <span class='ocrx_word' id='word_1_435' title='bbox 2978 2305 3275 2386; x_wconf 85' lang='lat' dir='ltr'>quamvis</span> <span class='ocrx_word' id='word_1_436' title='bbox 3303 2324 3411 2371; x_wconf 88' lang='lat' dir='ltr'>na·</span> 
     </span>
     <span class='ocr_line' id='line_1_64' title="bbox 1864 2403 2916 2474; baseline 0.007 -7"><span class='ocrx_word' id='word_1_437' title='bbox 1864 2403 2088 2468; x_wconf 89' lang='lat' dir='ltr'>turalis</span> <span class='ocrx_word' id='word_1_438' title='bbox 2116 2405 2332 2470; x_wconf 85' lang='lat' dir='ltr'>unitas</span> <span class='ocrx_word' id='word_1_439' title='bbox 2357 2406 2536 2472; x_wconf 87' lang='lat' dir='ltr'>nulla</span> <span class='ocrx_word' id='word_1_440' title='bbox 2563 2406 2916 2474; x_wconf 88' lang='lat' dir='ltr'>intercidat.</span> 
     </span>
    </p>

    <p class='ocr_par' dir='ltr' id='par_1_8' title="bbox 1865 2511 3416 3356">
     <span class='ocr_line' id='line_1_65' title="bbox 1946 2511 3415 2602; baseline 0.009 -27"><span class='ocrx_word' id='word_1_441' title='bbox 1946 2515 2008 2576; x_wconf 78' lang='lat'>2.</span> <span class='ocrx_word' id='word_1_442' title='bbox 2041 2511 2140 2577; x_wconf 77' lang='lat' dir='ltr'>Ad</span> <span class='ocrx_word' id='word_1_443' title='bbox 2165 2512 2322 2577; x_wconf 91' lang='lat' dir='ltr'>illud</span> <span class='ocrx_word' id='word_1_444' title='bbox 2343 2514 2514 2596; x_wconf 87' lang='lat' dir='ltr'>quod</span> <span class='ocrx_word' id='word_1_445' title='bbox 2542 2514 2862 2598; x_wconf 75' lang='lat' dir='ltr'>oincitur,</span> <span class='ocrx_word' id='word_1_446' title='bbox 2882 2516 3055 2600; x_wconf 86' lang='lat' dir='ltr'>quod</span> <span class='ocrx_word' id='word_1_447' title='bbox 3082 2519 3292 2602; x_wconf 84' lang='lat' dir='ltr'>magis</span> <span class='ocrx_word' id='word_1_448' title='bbox 3317 2525 3415 2587; x_wconf 79' lang='lat' dir='ltr'>est</span> 
     </span>
     <span class='ocr_line' id='line_1_66' title="bbox 1866 2618 3415 2704; baseline 0.006 -20"><span class='ocrx_word' id='word_1_449' title='bbox 1866 2636 2073 2684; x_wconf 90' lang='lat' dir='ltr'>unum</span> <span class='ocrx_word' id='word_1_450' title='bbox 2113 2618 2268 2684; x_wconf 90' lang='lat' dir='ltr'>illud</span> <span class='ocrx_word' id='word_1_451' title='bbox 2304 2620 2475 2704; x_wconf 90' lang='lat' dir='ltr'>quod</span> <span class='ocrx_word' id='word_1_452' title='bbox 2516 2638 2601 2685; x_wconf 88' lang='lat' dir='ltr'>ex</span> <span class='ocrx_word' id='word_1_453' title='bbox 2640 2622 3048 2704; x_wconf 87' lang='lat' dir='ltr'>paucioribus</span> <span class='ocrx_word' id='word_1_454' title='bbox 3092 2627 3415 2693; x_wconf 88' lang='lat' dir='ltr'>constitui-</span> 
     </span>
     <span class='ocr_line' id='line_1_67' title="bbox 1867 2726 3414 2810; baseline 0.008 -21"><span class='ocrx_word' id='word_1_455' title='bbox 1867 2731 1996 2805; x_wconf 88' lang='lat' dir='ltr'>tur,</span> <span class='ocrx_word' id='word_1_456' title='bbox 2013 2726 2353 2792; x_wconf 82' lang='lat' dir='ltr'>dicendum</span> <span class='ocrx_word' id='word_1_457' title='bbox 2379 2726 2552 2810; x_wconf 87' lang='lat' dir='ltr'>quod</span> <span class='ocrx_word' id='word_1_458' title='bbox 2577 2746 2807 2793; x_wconf 83' lang='lat' dir='ltr'>verum</span> <span class='ocrx_word' id='word_1_459' title='bbox 2835 2735 2929 2794; x_wconf 89' lang='lat' dir='ltr'>est</span> <span class='ocrx_word' id='word_1_460' title='bbox 2942 2731 3020 2796; x_wconf 91' lang='lat' dir='ltr'>de</span> <span class='ocrx_word' id='word_1_461' title='bbox 3038 2730 3149 2798; x_wconf 88' lang='lat' dir='ltr'>illa</span> <span class='ocrx_word' id='word_1_462' title='bbox 3173 2734 3414 2803; x_wconf 89' lang='lat' dir='ltr'>unione</span> 
     </span>
     <span class='ocr_line' id='line_1_68' title="bbox 1867 2839 3414 2925; baseline 0.007 -23"><span class='ocrx_word' id='word_1_463' title='bbox 1867 2841 2053 2922; x_wconf 78' lang='lat' dir='ltr'>cujus</span> <span class='ocrx_word' id='word_1_464' title='bbox 2088 2839 2307 2904; x_wconf 89' lang='lat' dir='ltr'>unitas</span> <span class='ocrx_word' id='word_1_465' title='bbox 2344 2839 2609 2904; x_wconf 86' lang='lat' dir='ltr'>resultat</span> <span class='ocrx_word' id='word_1_466' title='bbox 2650 2858 2733 2905; x_wconf 80' lang='lat' dir='ltr'>ex</span> <span class='ocrx_word' id='word_1_467' title='bbox 2763 2842 3058 2925; x_wconf 66' lang='lat' dir='ltr'>‚partium</span> <span class='ocrx_word' id='word_1_468' title='bbox 3106 2846 3414 2913; x_wconf 87' lang='lat' dir='ltr'>constitu-</span> 
     </span>
     <span class='ocr_line' id='line_1_69' title="bbox 1865 2950 3415 3037; baseline 0.007 -23"><span class='ocrx_word' id='word_1_469' title='bbox 1865 2950 2041 3015; x_wconf 87' lang='lat' dir='ltr'>tione</span> <span class='ocrx_word' id='word_1_470' title='bbox 2071 2968 2089 3014; x_wconf 84' lang='lat'><strong>:</strong></span> <span class='ocrx_word' id='word_1_471' title='bbox 2120 2950 2331 3015; x_wconf 85' lang='lat' dir='ltr'>unitas</span> <span class='ocrx_word' id='word_1_472' title='bbox 2352 2955 2600 3030; x_wconf 87' lang='lat' dir='ltr'>autem,</span> <span class='ocrx_word' id='word_1_473' title='bbox 2631 2970 2780 3035; x_wconf 85' lang='lat' dir='ltr'>quae</span> <span class='ocrx_word' id='word_1_474' title='bbox 2809 2955 3002 3019; x_wconf 89' lang='lat' dir='ltr'>estin</span> <span class='ocrx_word' id='word_1_475' title='bbox 3025 2954 3300 3037; x_wconf 82' lang='lat' dir='ltr'>Christo,</span> <span class='ocrx_word' id='word_1_476' title='bbox 3331 2977 3415 3025; x_wconf 82' lang='lat' dir='ltr'>ex</span> 
     </span>
     <span class='ocr_line' id='line_1_70' title="bbox 1869 3057 3416 3150; baseline 0.008 -31"><span class='ocrx_word' id='word_1_477' title='bbox 1869 3058 2152 3141; x_wconf 89' lang='lat' dir='ltr'>partium</span> <span class='ocrx_word' id='word_1_478' title='bbox 2173 3057 2616 3122; x_wconf 86' lang='lat' dir='ltr'>constitutione</span> <span class='ocrx_word' id='word_1_479' title='bbox 2641 3077 2771 3125; x_wconf 89' lang='lat' dir='ltr'>non</span> <span class='ocrx_word' id='word_1_480' title='bbox 2794 3062 3088 3143; x_wconf 56' lang='lat' dir='ltr'>remman</span> <span class='ocrx_word' id='word_1_481' title='bbox 3112 3066 3177 3129; x_wconf 93' lang='lat' dir='ltr'>et</span> <span class='ocrx_word' id='word_1_482' title='bbox 3192 3084 3416 3150; x_wconf 89' lang='lat' dir='ltr'>quam·</span> 
     </span>
     <span class='ocr_line' id='line_1_71' title="bbox 1867 3165 3416 3252; baseline 0.008 -25"><span class='ocrx_word' id='word_1_483' title='bbox 1867 3165 1968 3229; x_wconf 85' lang='lat' dir='ltr'>vis</span> <span class='ocrx_word' id='word_1_484' title='bbox 1995 3165 2078 3231; x_wconf 88' lang='lat' dir='ltr'>sit</span> <span class='ocrx_word' id='word_1_485' title='bbox 2111 3167 2179 3230; x_wconf 91' lang='lat' dir='ltr'>in</span> <span class='ocrx_word' id='word_1_486' title='bbox 2221 3185 2298 3231; x_wconf 90' lang='lat' dir='ltr'>eo</span> <span class='ocrx_word' id='word_1_487' title='bbox 2335 3170 2710 3232; x_wconf 88' lang='lat' dir='ltr'>naturarum</span> <span class='ocrx_word' id='word_1_488' title='bbox 2742 3167 3107 3252; x_wconf 86' lang='lat' dir='ltr'>pluralitas,</span> <span class='ocrx_word' id='word_1_489' title='bbox 3153 3191 3282 3238; x_wconf 90' lang='lat' dir='ltr'>non</span> <span class='ocrx_word' id='word_1_490' title='bbox 3325 3179 3416 3239; x_wconf 91' lang='lat' dir='ltr'>ta·</span> 
     </span>
     <span class='ocr_line' id='line_1_72' title="bbox 1872 3273 3409 3356; baseline 0.007 -19"><span class='ocrx_word' id='word_1_491' title='bbox 1872 3291 2017 3338; x_wconf 90' lang='lat' dir='ltr'>men</span> <span class='ocrx_word' id='word_1_492' title='bbox 2037 3273 2326 3356; x_wconf 88' lang='lat' dir='ltr'>sequitur</span> <span class='ocrx_word' id='word_1_493' title='bbox 2342 3274 2510 3356; x_wconf 88' lang='lat' dir='ltr'>quod</span> <span class='ocrx_word' id='word_1_494' title='bbox 2539 3273 2620 3338; x_wconf 89' lang='lat' dir='ltr'>sit</span> <span class='ocrx_word' id='word_1_495' title='bbox 2643 3273 2714 3339; x_wconf 90' lang='lat' dir='ltr'>in</span> <span class='ocrx_word' id='word_1_496' title='bbox 2732 3294 2810 3340; x_wconf 89' lang='lat' dir='ltr'>eo</span> <span class='ocrx_word' id='word_1_497' title='bbox 2833 3277 3049 3342; x_wconf 85' lang='lat' dir='ltr'>unitas</span> <span class='ocrx_word' id='word_1_498' title='bbox 3069 3278 3409 3347; x_wconf 80' lang='lat' dir='ltr'>diminuta.</span> 
     </span>
    </p>

    <p class='ocr_par' dir='ltr' id='par_1_9' title="bbox 1867 3379 3417 4435">
     <span class='ocr_line' id='line_1_73' title="bbox 1950 3379 3413 3469; baseline 0.006 -23"><span class='ocrx_word' id='word_1_499' title='bbox 1950 3387 2009 3446; x_wconf 86' lang='lat'>3.</span> <span class='ocrx_word' id='word_1_500' title='bbox 2040 3380 2139 3445; x_wconf 77' lang='lat' dir='ltr'>Ad</span> <span class='ocrx_word' id='word_1_501' title='bbox 2167 3379 2324 3445; x_wconf 90' lang='lat' dir='ltr'>illud</span> <span class='ocrx_word' id='word_1_502' title='bbox 2345 3379 2516 3463; x_wconf 86' lang='lat' dir='ltr'>quod</span> <span class='ocrx_word' id='word_1_503' title='bbox 2538 3380 2858 3463; x_wconf 88' lang='lat' dir='ltr'>objicitur,</span> <span class='ocrx_word' id='word_1_504' title='bbox 2887 3384 3059 3466; x_wconf 86' lang='lat' dir='ltr'>quod</span> <span class='ocrx_word' id='word_1_505' title='bbox 3083 3387 3293 3469; x_wconf 84' lang='lat' dir='ltr'>magis</span> <span class='ocrx_word' id='word_1_506' title='bbox 3317 3393 3413 3454; x_wconf 82' lang='lat' dir='ltr'>est</span> 
     </span>
     <span class='ocr_line' id='line_1_74' title="bbox 1870 3487 3410 3576; baseline 0.003 -23"><span class='ocrx_word' id='word_1_507' title='bbox 1870 3505 2100 3568; x_wconf 90' lang='lat' dir='ltr'>unum,</span> <span class='ocrx_word' id='word_1_508' title='bbox 2127 3487 2299 3571; x_wconf 90' lang='lat' dir='ltr'>quod</span> <span class='ocrx_word' id='word_1_509' title='bbox 2325 3491 2422 3552; x_wconf 86' lang='lat' dir='ltr'>est</span> <span class='ocrx_word' id='word_1_510' title='bbox 2449 3506 2653 3553; x_wconf 89' lang='lat' dir='ltr'>unum</span> <span class='ocrx_word' id='word_1_511' title='bbox 2677 3489 2746 3552; x_wconf 92' lang='lat' dir='ltr'>in</span> <span class='ocrx_word' id='word_1_512' title='bbox 2772 3507 3045 3572; x_wconf 87' lang='lat' dir='ltr'>persona</span> <span class='ocrx_word' id='word_1_513' title='bbox 3067 3495 3132 3557; x_wconf 90' lang='lat' dir='ltr'>et</span> <span class='ocrx_word' id='word_1_514' title='bbox 3157 3498 3410 3576; x_wconf 87' lang='lat' dir='ltr'>natura,</span> 
     </span>
     <span class='ocr_line' id='line_1_75' title="bbox 1868 3594 3415 3680; baseline 0.003 -19"><span class='ocrx_word' id='word_1_515' title='bbox 1868 3596 2208 3661; x_wconf 88' lang='lat' dir='ltr'>dicendum</span> <span class='ocrx_word' id='word_1_516' title='bbox 2243 3594 2414 3679; x_wconf 89' lang='lat' dir='ltr'>quod</span> <span class='ocrx_word' id='word_1_517' title='bbox 2458 3612 2691 3659; x_wconf 85' lang='lat' dir='ltr'>verum</span> <span class='ocrx_word' id='word_1_518' title='bbox 2736 3601 2853 3674; x_wconf 86' lang='lat' dir='ltr'>est,</span> <span class='ocrx_word' id='word_1_519' title='bbox 2904 3598 3160 3680; x_wconf 88' lang='lat' dir='ltr'>quando</span> <span class='ocrx_word' id='word_1_520' title='bbox 3203 3599 3415 3667; x_wconf 84' lang='lat' dir='ltr'>unitas</span> 
     </span>
     <span class='ocr_line' id='line_1_76' title="bbox 1869 3702 3415 3788; baseline 0.003 -19"><span class='ocrx_word' id='word_1_521' title='bbox 1869 3721 2158 3788; x_wconf 79' lang='lat' dir='ltr'>personae</span> <span class='ocrx_word' id='word_1_522' title='bbox 2207 3702 2496 3786; x_wconf 85' lang='lat' dir='ltr'>sequitur</span> <span class='ocrx_word' id='word_1_523' title='bbox 2554 3702 2868 3768; x_wconf 89' lang='lat' dir='ltr'>unitatem</span> <span class='ocrx_word' id='word_1_524' title='bbox 2918 3710 3208 3786; x_wconf 81' lang='lat' dir='ltr'>naturae3</span> <span class='ocrx_word' id='word_1_525' title='bbox 3261 3712 3415 3774; x_wconf 92' lang='lat' dir='ltr'>tunc</span> 
     </span>
     <span class='ocr_line' id='line_1_77' title="bbox 1867 3809 3417 3897; baseline 0.002 -21"><span class='ocrx_word' id='word_1_526' title='bbox 1867 3812 2042 3876; x_wconf 90' lang='lat' dir='ltr'>enim</span> <span class='ocrx_word' id='word_1_527' title='bbox 2066 3809 2437 3894; x_wconf 83' lang='lat' dir='ltr'>compositio</span> <span class='ocrx_word' id='word_1_528' title='bbox 2460 3809 2531 3874; x_wconf 90' lang='lat' dir='ltr'>in</span> <span class='ocrx_word' id='word_1_529' title='bbox 2558 3813 2790 3875; x_wconf 88' lang='lat' dir='ltr'>natura</span> <span class='ocrx_word' id='word_1_530' title='bbox 2822 3811 2973 3894; x_wconf 74' lang='lat' dir='ltr'>facit</span> <span class='ocrx_word' id='word_1_531' title='bbox 3006 3814 3417 3897; x_wconf 85' lang='lat' dir='ltr'>compositio-</span> 
     </span>
     <span class='ocr_line' id='line_1_78' title="bbox 1870 3916 3416 4006; baseline 0.003 -23"><span class='ocrx_word' id='word_1_532' title='bbox 1870 3937 2021 3984; x_wconf 90' lang='lat' dir='ltr'>nem</span> <span class='ocrx_word' id='word_1_533' title='bbox 2060 3919 2131 3982; x_wconf 90' lang='lat' dir='ltr'>in</span> <span class='ocrx_word' id='word_1_534' title='bbox 2170 3934 2440 4002; x_wconf 89' lang='lat' dir='ltr'>persona</span> <span class='ocrx_word' id='word_1_535' title='bbox 2484 3938 2499 3981; x_wconf 75' lang='grc' dir='ltr'><strong><em>ε</em></strong></span> <span class='ocrx_word' id='word_1_536' title='bbox 2530 3934 2662 3982; x_wconf 90' lang='lat' dir='ltr'>non</span> <span class='ocrx_word' id='word_1_537' title='bbox 2687 3916 2778 3981; x_wconf 87' lang='lat' dir='ltr'>sic</span> <span class='ocrx_word' id='word_1_538' title='bbox 2814 3921 3029 3984; x_wconf 91' lang='lat' dir='ltr'>autem</span> <span class='ocrx_word' id='word_1_539' title='bbox 3057 3920 3244 3986; x_wconf 81' lang='lat' dir='ltr'>estin</span> <span class='ocrx_word' id='word_1_540' title='bbox 3269 3940 3416 4006; x_wconf 88' lang='lat' dir='ltr'>pro-</span> 
     </span>
     <span class='ocr_line' id='line_1_79' title="bbox 1869 4024 3416 4109; baseline 0.004 -20"><span class='ocrx_word' id='word_1_541' title='bbox 1869 4024 2094 4109; x_wconf 80' lang='lat' dir='ltr'>posito,</span> <span class='ocrx_word' id='word_1_542' title='bbox 2122 4024 2275 4109; x_wconf 90' lang='lat' dir='ltr'>quia</span> <span class='ocrx_word' id='word_1_543' title='bbox 2301 4024 2515 4089; x_wconf 86' lang='lat' dir='ltr'>unitas</span> <span class='ocrx_word' id='word_1_544' title='bbox 2538 4041 2828 4107; x_wconf 78' lang='lat' dir='ltr'>personae</span> <span class='ocrx_word' id='word_1_545' title='bbox 2856 4025 2929 4089; x_wconf 91' lang='lat' dir='ltr'>in</span> <span class='ocrx_word' id='word_1_546' title='bbox 2964 4024 3215 4093; x_wconf 87' lang='lat' dir='ltr'>Christo</span> <span class='ocrx_word' id='word_1_547' title='bbox 3244 4033 3416 4095; x_wconf 89' lang='lat' dir='ltr'>ante-</span> 
     </span>
     <span class='ocr_line' id='line_1_80' title="bbox 1869 4133 3414 4220; baseline 0.003 -20"><span class='ocrx_word' id='word_1_548' title='bbox 1869 4135 2033 4200; x_wconf 87' lang='lat' dir='ltr'>cedit</span> <span class='ocrx_word' id='word_1_549' title='bbox 2058 4133 2372 4199; x_wconf 89' lang='lat' dir='ltr'>unitatem</span> <span class='ocrx_word' id='word_1_550' title='bbox 2397 4136 2646 4198; x_wconf 81' lang='lat' dir='ltr'>naturae</span> <span class='ocrx_word' id='word_1_551' title='bbox 2684 4137 3027 4219; x_wconf 78' lang='lat' dir='ltr'>assumptae</span> <span class='ocrx_word' id='word_1_552' title='bbox 3044 4184 3062 4215; x_wconf 95' lang='lat'>,</span> <span class='ocrx_word' id='word_1_553' title='bbox 3110 4135 3201 4201; x_wconf 89' lang='lat' dir='ltr'>ita</span> <span class='ocrx_word' id='word_1_554' title='bbox 3242 4138 3414 4220; x_wconf 85' lang='lat' dir='ltr'>quod</span> 
     </span>
     <span class='ocr_line' id='line_1_81' title="bbox 1869 4240 3414 4324; baseline 0.001 -16"><span class='ocrx_word' id='word_1_555' title='bbox 1869 4243 2114 4308; x_wconf 90' lang='lat' dir='ltr'>nullam</span> <span class='ocrx_word' id='word_1_556' title='bbox 2160 4240 2404 4306; x_wconf 89' lang='lat' dir='ltr'>inducit</span> <span class='ocrx_word' id='word_1_557' title='bbox 2450 4240 2972 4324; x_wconf 87' lang='lat' dir='ltr'>compositionem</span> <span class='ocrx_word' id='word_1_558' title='bbox 3027 4246 3260 4309; x_wconf 86' lang='lat' dir='ltr'>natura</span> <span class='ocrx_word' id='word_1_559' title='bbox 3319 4263 3414 4309; x_wconf 76' lang='lat' dir='ltr'>as-</span> 
     </span>
     <span class='ocr_line' id='line_1_82' title="bbox 1868 4350 3130 4435; baseline 0.002 -20"><span class='ocrx_word' id='word_1_560' title='bbox 1868 4356 2154 4435; x_wconf 87' lang='lat' dir='ltr'>sumpta,</span> <span class='ocrx_word' id='word_1_561' title='bbox 2185 4350 2349 4415; x_wconf 89' lang='lat' dir='ltr'>sicut</span> <span class='ocrx_word' id='word_1_562' title='bbox 2374 4353 2701 4415; x_wconf 87' lang='lat' dir='ltr'>ostensum</span> <span class='ocrx_word' id='word_1_563' title='bbox 2729 4350 2850 4414; x_wconf 83' lang='lat' dir='ltr'>fuit</span> <span class='ocrx_word' id='word_1_564' title='bbox 2874 4368 3071 4434; x_wconf 88' lang='lat' dir='ltr'>supra</span> <span class='ocrx_word' id='word_1_565' title='bbox 3087 4353 3130 4417; x_wconf 85' lang='lat'>¹.</span> 
     </span>
    </p>

    <p class='ocr_par' dir='ltr' id='par_1_10' title="bbox 1869 4457 3418 5408">
     <span class='ocr_line' id='line_1_83' title="bbox 1950 4457 3417 4542; baseline 0.001 -19"><span class='ocrx_word' id='word_1_566' title='bbox 1950 4464 2010 4524; x_wconf 70' lang='lat'>4.</span> <span class='ocrx_word' id='word_1_567' title='bbox 2055 4458 2147 4523; x_wconf 75' lang='lat' dir='ltr'>Ad</span> <span class='ocrx_word' id='word_1_568' title='bbox 2173 4457 2328 4523; x_wconf 91' lang='lat' dir='ltr'>illud</span> <span class='ocrx_word' id='word_1_569' title='bbox 2354 4459 2523 4541; x_wconf 89' lang='lat' dir='ltr'>quod</span> <span class='ocrx_word' id='word_1_570' title='bbox 2544 4457 2865 4541; x_wconf 78' lang='lat' dir='ltr'>oincitur,</span> <span class='ocrx_word' id='word_1_571' title='bbox 2896 4458 3068 4542; x_wconf 91' lang='lat' dir='ltr'>quod</span> <span class='ocrx_word' id='word_1_572' title='bbox 3095 4459 3305 4542; x_wconf 87' lang='lat' dir='ltr'>magis</span> <span class='ocrx_word' id='word_1_573' title='bbox 3321 4465 3417 4526; x_wconf 86' lang='lat' dir='ltr'>est</span> 
     </span>
     <span class='ocr_line' id='line_1_84' title="bbox 1869 4564 3414 4648; baseline 0 -16"><span class='ocrx_word' id='word_1_574' title='bbox 1869 4585 2079 4632; x_wconf 92' lang='lat' dir='ltr'>unum</span> <span class='ocrx_word' id='word_1_575' title='bbox 2108 4565 2282 4648; x_wconf 90' lang='lat' dir='ltr'>quod</span> <span class='ocrx_word' id='word_1_576' title='bbox 2309 4583 2440 4630; x_wconf 90' lang='lat' dir='ltr'>non</span> <span class='ocrx_word' id='word_1_577' title='bbox 2467 4568 2561 4629; x_wconf 88' lang='lat' dir='ltr'>est</span> <span class='ocrx_word' id='word_1_578' title='bbox 2587 4564 3063 4648; x_wconf 89' lang='lat' dir='ltr'>multiplicabile</span> <span class='ocrx_word' id='word_1_579' title='bbox 3082 4613 3101 4644; x_wconf 86' lang='lat'>,</span> <span class='ocrx_word' id='word_1_580' title='bbox 3129 4569 3242 4632; x_wconf 90' lang='lat' dir='ltr'>etc.</span> <span class='ocrx_word' id='word_1_581' title='bbox 3255 4616 3274 4648; x_wconf 98' lang='lat'>,</span> <span class='ocrx_word' id='word_1_582' title='bbox 3318 4568 3414 4632; x_wconf 91' lang='lat' dir='ltr'>di-</span> 
     </span>
     <span class='ocr_line' id='line_1_85' title="bbox 1870 4671 3414 4755; baseline 0.001 -17"><span class='ocrx_word' id='word_1_583' title='bbox 1870 4673 2145 4738; x_wconf 89' lang='lat' dir='ltr'>cendum</span> <span class='ocrx_word' id='word_1_584' title='bbox 2170 4671 2358 4755; x_wconf 88' lang='lat' dir='ltr'>&#39;quod</span> <span class='ocrx_word' id='word_1_585' title='bbox 2398 4689 2630 4736; x_wconf 84' lang='lat' dir='ltr'>verum</span> <span class='ocrx_word' id='word_1_586' title='bbox 2670 4674 2767 4735; x_wconf 84' lang='lat' dir='ltr'>est</span> <span class='ocrx_word' id='word_1_587' title='bbox 2804 4671 2881 4735; x_wconf 90' lang='lat' dir='ltr'>de</span> <span class='ocrx_word' id='word_1_588' title='bbox 2917 4671 3026 4736; x_wconf 89' lang='lat' dir='ltr'>illa</span> <span class='ocrx_word' id='word_1_589' title='bbox 3066 4673 3310 4738; x_wconf 83' lang='lat' dir='ltr'>unitate</span> <span class='ocrx_word' id='word_1_590' title='bbox 3352 4678 3414 4739; x_wconf 86' lang='lat' dir='ltr'>et</span> 
     </span>
     <span class='ocr_line' id='line_1_86' title="bbox 1870 4779 3411 4865; baseline 0.001 -19"><span class='ocrx_word' id='word_1_591' title='bbox 1870 4779 2422 4865; x_wconf 88' lang='lat' dir='ltr'>multiplicatione,</span> <span class='ocrx_word' id='word_1_592' title='bbox 2464 4796 2614 4862; x_wconf 82' lang='lat' dir='ltr'>quae</span> <span class='ocrx_word' id='word_1_593' title='bbox 2639 4779 2881 4843; x_wconf 91' lang='lat' dir='ltr'>habent</span> <span class='ocrx_word' id='word_1_594' title='bbox 2906 4779 3189 4863; x_wconf 87' lang='lat' dir='ltr'>aliquam</span> <span class='ocrx_word' id='word_1_595' title='bbox 3215 4799 3411 4864; x_wconf 91' lang='lat' dir='ltr'>oppo-</span> 
     </span>
     <span class='ocr_line' id='line_1_87' title="bbox 1869 4889 3414 4973; baseline 0 -16"><span class='ocrx_word' id='word_1_596' title='bbox 1869 4894 2163 4958; x_wconf 90' lang='lat' dir='ltr'>sitionem</span> <span class='ocrx_word' id='word_1_597' title='bbox 2187 4909 2209 4973; x_wconf 89' lang='lat'>;</span> <span class='ocrx_word' id='word_1_598' title='bbox 2255 4890 2571 4955; x_wconf 91' lang='lat' dir='ltr'>minuitur</span> <span class='ocrx_word' id='word_1_599' title='bbox 2613 4889 2787 4954; x_wconf 90' lang='lat' dir='ltr'>enim</span> <span class='ocrx_word' id='word_1_600' title='bbox 2821 4891 3181 4973; x_wconf 88' lang='lat' dir='ltr'>oppositum</span> <span class='ocrx_word' id='word_1_601' title='bbox 3202 4940 3223 4972; x_wconf 96' lang='lat'>,</span> <span class='ocrx_word' id='word_1_602' title='bbox 3263 4910 3414 4957; x_wconf 91' lang='lat' dir='ltr'>cum</span> 
     </span>
     <span class='ocr_line' id='line_1_88' title="bbox 1869 4997 3418 5084; baseline -0.003 -17"><span class='ocrx_word' id='word_1_603' title='bbox 1869 5019 1987 5067; x_wconf 84' lang='lat' dir='ltr'>suo</span> <span class='ocrx_word' id='word_1_604' title='bbox 2012 4998 2301 5084; x_wconf 86' lang='lat' dir='ltr'>opposito</span> <span class='ocrx_word' id='word_1_605' title='bbox 2325 4997 2780 5082; x_wconf 88' lang='lat' dir='ltr'>permiscetur:</span> <span class='ocrx_word' id='word_1_606' title='bbox 2811 5015 2945 5062; x_wconf 90' lang='lat' dir='ltr'>non</span> <span class='ocrx_word' id='word_1_607' title='bbox 2967 4997 3057 5062; x_wconf 88' lang='lat' dir='ltr'>sic</span> <span class='ocrx_word' id='word_1_608' title='bbox 3086 5002 3303 5063; x_wconf 89' lang='lat' dir='ltr'>autem</span> <span class='ocrx_word' id='word_1_609' title='bbox 3320 5004 3418 5064; x_wconf 90' lang='lat' dir='ltr'>est</span> 
     </span>
     <span class='ocr_line' id='line_1_89' title="bbox 1869 5104 3417 5193; baseline -0.001 -19"><span class='ocrx_word' id='word_1_610' title='bbox 1869 5111 1939 5174; x_wconf 92' lang='lat' dir='ltr'>in</span> <span class='ocrx_word' id='word_1_611' title='bbox 1961 5106 2304 5193; x_wconf 88' lang='lat' dir='ltr'>proposito,</span> <span class='ocrx_word' id='word_1_612' title='bbox 2329 5105 2503 5188; x_wconf 91' lang='lat' dir='ltr'>quia,</span> <span class='ocrx_word' id='word_1_613' title='bbox 2526 5107 2602 5168; x_wconf 93' lang='lat' dir='ltr'>ut</span> <span class='ocrx_word' id='word_1_614' title='bbox 2623 5122 2791 5185; x_wconf 84' lang='lat' dir='ltr'>saepe</span> <span class='ocrx_word' id='word_1_615' title='bbox 2817 5104 3058 5170; x_wconf 88' lang='lat' dir='ltr'>dictum</span> <span class='ocrx_word' id='word_1_616' title='bbox 3081 5111 3176 5173; x_wconf 84' lang='lat' dir='ltr'>est</span> <span class='ocrx_word' id='word_1_617' title='bbox 3186 5109 3232 5188; x_wconf 78' lang='lat'>⁸,</span> <span class='ocrx_word' id='word_1_618' title='bbox 3254 5109 3417 5174; x_wconf 92' lang='lat' dir='ltr'>mul-</span> 
     </span>
     <span class='ocr_line' id='line_1_90' title="bbox 1869 5214 3416 5300; baseline -0.001 -19"><span class='ocrx_word' id='word_1_619' title='bbox 1869 5215 2166 5300; x_wconf 85' lang='lat' dir='ltr'>tiplicitas</span> <span class='ocrx_word' id='word_1_620' title='bbox 2199 5214 2270 5277; x_wconf 91' lang='lat' dir='ltr'>in</span> <span class='ocrx_word' id='word_1_621' title='bbox 2297 5214 2528 5277; x_wconf 87' lang='lat' dir='ltr'>natura</span> <span class='ocrx_word' id='word_1_622' title='bbox 2554 5229 2687 5276; x_wconf 89' lang='lat' dir='ltr'>non</span> <span class='ocrx_word' id='word_1_623' title='bbox 2727 5217 3058 5295; x_wconf 42' lang='lat' dir='ltr'>repugnatx</span> <span class='ocrx_word' id='word_1_624' title='bbox 3073 5214 3306 5280; x_wconf 90' lang='lat' dir='ltr'>unitati</span> <span class='ocrx_word' id='word_1_625' title='bbox 3346 5217 3416 5280; x_wconf 89' lang='lat' dir='ltr'>in</span> 
     </span>
     <span class='ocr_line' id='line_1_91' title="bbox 1871 5319 3414 5408; baseline 0.001 -22"><span class='ocrx_word' id='word_1_626' title='bbox 1871 5341 2161 5408; x_wconf 86' lang='lat' dir='ltr'>persona.</span> <span class='ocrx_word' id='word_1_627' title='bbox 2212 5320 2291 5386; x_wconf 88' lang='lat' dir='ltr'>Et</span> <span class='ocrx_word' id='word_1_628' title='bbox 2337 5319 2428 5383; x_wconf 88' lang='lat' dir='ltr'>sic</span> <span class='ocrx_word' id='word_1_629' title='bbox 2470 5322 2642 5401; x_wconf 89' lang='lat' dir='ltr'>patet</span> <span class='ocrx_word' id='word_1_630' title='bbox 2689 5321 3016 5403; x_wconf 88' lang='lat' dir='ltr'>responsio</span> <span class='ocrx_word' id='word_1_631' title='bbox 3067 5322 3149 5387; x_wconf 88' lang='lat' dir='ltr'>ad</span> <span class='ocrx_word' id='word_1_632' title='bbox 3198 5325 3414 5388; x_wconf 89' lang='lat' dir='ltr'>omnia</span> 
     </span>
    </p>
   </div>
   <div class='ocr_carea' id='block_1_6' title="bbox 1746 5429 2162 5513">
    <p class='ocr_par' dir='ltr' id='par_1_11' title="bbox 1746 5429 2162 5513">
     <span class='ocr_line' id='line_1_92' title="bbox 1746 5429 2162 5513; baseline -0.007 -19"><span class='ocrx_word' id='word_1_633' title='bbox 1746 5463 1766 5478; x_wconf 87' lang='lat'><strong>·</strong></span> <span class='ocrx_word' id='word_1_634' title='bbox 1874 5429 2162 5513; x_wconf 70' lang='lat' dir='ltr'>quaesita.</span> 
     </span>
    </p>
   </div>
   <div class='ocr_carea' id='block_1_7' title="bbox 3105 5544 3172 5601">
    <p class='ocr_par' dir='ltr' id='par_1_12' title="bbox 3105 5544 3172 5601">
     <span class='ocr_line' id='line_1_93' title="bbox 3105 5544 3172 5601; baseline 0 0"><span class='ocrx_word' id='word_1_635' title='bbox 3105 5544 3172 5601; x_wconf 80' lang='grc' dir='ltr'>Η</span> 
     </span>
    </p>
   </div>
  </div>
 </body>
</html>
