4185 6288
701 434 821 503 136

780 572 842 634 4.
874 567 973 632 Ad
998 565 1157 630 illud
1187 563 1358 648 quod
1382 562 1713 646 objicitur,
1744 561 1914 645 quod
1943 561 2228 644 proprie-

701 676 800 738 tas
825 670 1023 754 partis
1046 668 1413 734 denominat
1440 671 1672 741 totum,
1703 666 2044 731 dicendum
2073 662 2243 746 quod

703 779 859 844 illud
885 777 1077 842 habet
1104 776 1472 841 instantiam
1496 774 1565 837 in
1593 772 2086 856 proprietatibus
2112 789 2243 835 res-

703 886 993 971 pectiviS‚
1024 884 1321 968 quamvis
1360 883 1697 947 veritatem
1737 881 1968 945 babeat
1999 882 2067 943 in
2095 898 2240 961 pro-

705 992 1076 1078 prietatibus
1108 991 1433 1055 absolutis,
1467 989 1773 1066 Quamvis
1802 989 1972 1054 enim
2014 1006 2247 1051 verum

704 1102 808 1181 sit,
836 1100 1007 1183 quod
1049 1118 1281 1164 manus
1323 1097 1490 1163 Petri
1533 1099 1615 1162 sit
1649 1098 1859 1161 minor
1898 1095 2115 1176 Petro,
2147 1095 2249 1159 vel

706 1208 1006 1292 quaelibet
1029 1209 1170 1290 ejus
1208 1225 1354 1289 pars
1395 1206 1671 1288 quodam
1716 1205 1937 1283 modo,
1968 1204 2111 1268 haec
2151 1208 2247 1267 ta-

708 1334 857 1381 men
887 1319 981 1380 est
1023 1314 1180 1377 falsa
1210 1333 1226 1378 ε
1268 1337 1298 1374 (ι
1329 1312 1551 1377 Petrus
1590 1317 1684 1377 est
1721 1313 1933 1376 minor
1961 1310 2179 1390 Petro,
2213 1335 2242 1370 »

707 1422 811 1487 vel
846 1446 877 1483 α
900 1421 1113 1487 differt
1140 1440 1179 1485 a
1206 1419 1412 1485 Petro,
1452 1443 1482 1479 ι)
1520 1420 1641 1485 Per
1676 1421 1846 1484 hunc
1887 1419 2080 1483 etiam
2112 1436 2253 1483 mo-

708 1529 865 1593 dum
903 1528 1398 1610 intelligendum
1439 1530 1534 1590 est
1580 1527 1648 1589 in
1698 1526 2054 1609 proposito,
2102 1524 2256 1607 quia

712 1653 1067 1716 assumens,
1095 1637 1257 1699 sicut
1285 1636 1526 1699 dictum
1554 1639 1669 1711 est,
1702 1634 1806 1698 vel
1833 1636 2082 1700 assumi
2109 1630 2258 1698 dicit

712 1746 992 1829 aliquem
1031 1744 1318 1809 ordinem
1334 1792 1352 1823 ,
1399 1743 1502 1808 vel
1548 1741 2014 1806 distinctionem
2037 1790 2055 1819 ,
2107 1756 2256 1822 quae

713 1851 977 1936 reperiri
1006 1854 1212 1934 potest
1235 1851 1399 1914 inter
1426 1868 1761 1933 personam
1788 1848 2016 1914 Christi
2035 1853 2097 1912 et
2124 1866 2260 1930 par-

714 1964 809 2025 tes
847 1959 1173 2043 compositi
1215 1958 1525 2037 hominis,
1556 1974 1703 2039 quae
1744 1960 1895 2021 sunt
1934 1974 2166 2039 corpus
2196 1957 2260 2019 et

714 2067 979 2131 anima:
1008 2065 1303 2149 quamvis
1351 2064 1458 2128 ille
1502 2067 1823 2147 respectus
1843 2113 1861 2143 ,
1913 2062 2018 2127 vel
2061 2063 2220 2128 ordo
2238 2110 2256 2139 ‚

716 2172 884 2238 inter
925 2190 1263 2255 personam
1290 2172 1559 2249 Christi,
1592 2175 1656 2236 et
1683 2172 1893 2253 ipsum
1939 2171 2259 2236 Christum

714 2279 1070 2358 hominem,
1101 2279 1363 2363 reperiri
1387 2297 1520 2344 non
1551 2277 1780 2343 valeat.

797 2390 860 2451 5.
889 2386 985 2451 Ad
1028 2386 1183 2452 illud
1220 2386 1391 2469 quod
1417 2385 1738 2468 objicitur,
1769 2386 1943 2468 quod
1970 2403 2262 2469 assump-

718 2494 802 2558 sit
827 2494 1111 2557 animam
1136 2496 1198 2558 et
1224 2510 1456 2575 corpus
1482 2492 1694 2571 unita,
1729 2491 2069 2557 dicendum
2091 2492 2263 2575 quod

717 2605 814 2667 est
841 2601 996 2666 unio
1017 2600 1303 2683 ,corporis
1337 2605 1399 2664 et
1426 2599 1662 2664 animae
1706 2604 1996 2683 respectu
2025 2617 2263 2684 suppo—

719 2709 843 2790 siti,
874 2709 945 2773 in
971 2727 1100 2792 quo
1127 2713 1301 2787 sunt,
1330 2711 1394 2772 et
1417 2710 1707 2790 respectu
1735 2707 2045 2771 humanae
2075 2710 2262 2771 natu-

718 2835 834 2897 rae,
864 2835 1061 2900 quam
1084 2817 1479 2881 constituunt
1514 2839 1529 2880 z
1561 2821 1622 2880 et
1647 2820 1919 2898 utraque
1946 2815 2103 2879 unio
2129 2814 2264 2878 ani-

722 2943 848 2990 mae
881 2926 961 2990 ad
989 2943 1221 3007 corpus
1247 2923 1367 2988 fuit
1399 2923 1467 2987 in
1509 2924 1647 3007 ipsa
1688 2924 2125 3007 assumptione
2156 2943 2172 2985 t
2204 2925 2267 2986 et

721 3051 856 3098 una
906 3032 1167 3115 quidem
1224 3031 1632 3097 antecedebat
1685 3030 2040 3095 secundum
2095 3029 2266 3093 ordi-

723 3139 870 3205 dem
914 3142 1182 3218 naturae,
1230 3139 1465 3204 scilicet
1511 3138 1745 3204 animae
1791 3139 1871 3205 ad
1918 3156 2148 3221 corpus
2187 3135 2266 3202 ad

724 3247 1241 3311 constitutionem
1282 3246 1477 3311 unius
1522 3250 1810 3324 naturae;
1842 3247 2039 3310 altera
2086 3263 2265 3324 vero,

724 3354 959 3418 scilicet
984 3354 1217 3418 animae
1241 3353 1320 3418 ad
1345 3371 1575 3436 corpus
1592 3354 1662 3416 in
1680 3372 1875 3417 unam
1902 3370 2266 3436 personam,

725 3461 828 3526 vel
875 3461 1269 3544 hypostasim
1292 3510 1309 3539 ‚
1358 3461 1863 3543 consequebatur
1919 3463 2123 3544 ipsam
2170 3478 2272 3524 as-

726 3569 1153 3651 sumptionem
1181 3590 1198 3646 ;
1260 3569 1413 3651 quia
1473 3587 1745 3650 persona
1802 3574 1865 3632 et
1915 3568 2274 3651 hypostasis

726 3676 940 3752 Verbi,
971 3677 1357 3743 assumendo
1381 3696 1637 3742 carnem
1661 3681 1725 3742 et
1749 3678 2055 3756 animam,
2081 3677 2275 3741 simul

731 3784 1010 3850 uniebat.
1042 3784 1202 3849 Cum
1243 3803 1401 3867 ergo
1444 3786 1696 3860 dicitur,
1739 3786 1910 3868 quod
1956 3785 2174 3849 anima
2213 3788 2277 3848 et

732 3909 962 3973 corpus
1011 3891 1195 3955 unita
1236 3892 1478 3957 faciunt
1524 3893 1850 3958 hominem
1866 3942 1883 3973 ‚
1932 3891 2275 3957 dicendum

729 3999 905 4083 quod
930 4018 1161 4065 verum
1201 4006 1329 4080 est,
1359 4002 1711 4066 secundum
1752 4002 1918 4085 quod
1963 4002 2279 4066 uniuntur

734 4107 969 4190 duplici
1019 4109 1209 4172 modo
1258 4128 1275 4172 z
1327 4112 1391 4171 et
1440 4109 1748 4191 quoniam
1797 4110 1956 4172 alter
2006 4109 2278 4173 istorum

737 4215 1076 4280 modorum
1146 4216 1556 4298 consequitur
1606 4217 1687 4280 ad
1736 4217 2275 4299 assumptionem3

735 4321 879 4386 ideo
903 4339 1034 4385 non
1080 4323 1444 4386 conceditur
1478 4324 1628 4403 ista,
1660 4323 1832 4406 quod
1870 4322 2284 4406 assumpserit

737 4428 1064 4495 hominem
1088 4477 1106 4507 ‚
1155 4430 1450 4512 quamvis
1497 4430 1880 4495 concedatur
1902 4477 1919 4506 ‚
1968 4431 2140 4511 quod
2189 4447 2285 4493 as-

737 4536 1082 4618 sumpserit
1153 4536 1437 4600 animam
1502 4539 1566 4600 et
1624 4555 1857 4619 corpus
1916 4540 2280 4619 conjuncta.
2346 4573 2351 4579 -

745 4642 958 4709 Posset
981 4644 1174 4709 etiam
1200 4644 1349 4725 dici,
1379 4644 1553 4728 quod
1578 4661 1709 4707 non
1736 4648 1909 4708 tenet
1937 4644 2045 4708 illa
2071 4662 2287 4708 conse·

740 4751 1001 4833 quentia
1052 4773 1067 4815 ε
1125 4774 1156 4810 α
1200 4752 1559 4835 Assumpsit
1604 4752 1888 4815 animam
1938 4756 2001 4815 et
2053 4770 2287 4835 corpus

742 4861 1098 4941 conjuncta,
1131 4877 1288 4942 ergo
1312 4859 1654 4943 assumpsit
1678 4859 2008 4924 hominem
2035 4881 2051 4938 ;
2083 4883 2113 4919 ι)
2137 4863 2289 4943 quia

743 4963 937 5031 homo
978 4967 1281 5050 supponit
1317 4967 1597 5050 aliquem
1640 4967 1970 5032 hominem
1991 5015 2007 5046 ‚
2039 4972 2104 5031 et
2146 4968 2288 5032 ideo

744 5074 1042 5156 supponit
1082 5075 1360 5156 aliquem
1415 5095 1431 5140 :
1488 5074 1703 5139 anima
1750 5093 1904 5139 vero
1953 5080 2016 5139 et
2059 5093 2290 5158 corpus

746 5180 968 5245 dicunt
993 5183 1170 5264 quid.
1201 5183 1390 5266 Apud
1416 5201 1605 5249 veros
1637 5201 1796 5264 ergo
1825 5183 2160 5264 theologos
2186 5201 2290 5247 re-

813 5345 1084 5405 ¹cfiA1ex.
1113 5345 1394 5408 Alensis‚p.
1419 5347 1506 5408 111,
1528 5360 1578 5410 q.
1599 5359 1668 5408 xv,
1691 5348 1879 5397 memb.
1914 5350 1967 5408 ¹⁴3
2007 5350 2060 5397 S.
2082 5347 2289 5410 Thom.,

747 5431 798 5484 p.
834 5419 926 5482 ΙΙΙ,
957 5431 1009 5488 q.
1032 5429 1120 5484 ιν,
1141 5421 1235 5467 art.
1266 5422 1326 5484 ⁶5
1350 5423 1400 5476 et
1421 5420 1484 5468 ΙΙΙ
1505 5419 1664 5480 sent„
1690 5419 1804 5469 dist.
1834 5432 1899 5482 ιι,
1931 5433 1981 5484 q.
2011 5432 2081 5484 ιι,
2108 5425 2203 5474 art.
2230 5426 2247 5473 1
2274 5457 2288 5486 ‚

1798 421 2423 492 SENTENTIARUM
2462 423 2614 490 Lm.
2657 424 2768 491 111.

2352 564 2615 643 putatur
2638 560 2780 626 fieri
2809 560 3191 644 permutatio
3220 560 3713 644 praedicamenti,
3746 580 3904 626 cum

2351 667 2712 751 proceditur
2745 668 2825 732 ab
2852 687 2928 733 eo
2960 668 3131 751 quod
3158 668 3390 733 dicitur
3412 668 3593 752 quis,
3633 666 3709 731 ad
3738 667 3905 732 illud

2353 776 2525 859 quod
2565 775 2946 859 praedicatur
2985 778 3054 840 in
3097 777 3256 860 quid
3273 826 3290 855 ‚
3332 776 3437 841 vel
3475 795 3511 841 e
3553 793 3866 843 converso
3882 825 3901 856 ‚

2354 884 2516 948 sicut
2542 885 2610 947 in
2636 885 2845 967 primo
2872 884 3036 948 libro
3060 884 3356 948 habitum
3383 884 3522 948 ruit.

2435 995 2495 1054 6.
2529 991 2626 1054 Ad
2651 991 2807 1056 illud
2834 992 3006 1074 quod
3033 992 3364 1073 objicitur,
3404 991 3576 1075 quod
3619 991 3908 1057 Christus

2357 1097 2552 1162 homo
2595 1103 2712 1176 est,
2756 1103 2870 1163 aut
2909 1117 3103 1181 quem
3147 1101 3513 1182 assumpsit,
3549 1104 3662 1165 aut
3708 1116 3908 1183 quem

2360 1223 2490 1269 non
2525 1207 2900 1289 assumpsit,
2930 1206 3073 1271 dico
3113 1206 3284 1288 quod
3311 1226 3443 1272 non
3476 1210 3645 1272 recte
3676 1205 3911 1273 dividit

2361 1317 2422 1377 et
2448 1314 2830 1379 sufficienter
2851 1335 2868 1392 ;
2899 1314 3051 1396 quia
3077 1314 3487 1380 contradictio
3513 1333 3644 1380 non
3672 1312 3909 1397 accipi-

2363 1423 2469 1483 tur
2503 1438 2613 1501 per
2644 1421 3052 1502 negationem
3088 1439 3236 1504 quae
3272 1421 3473 1487 fertur
3507 1422 3587 1486 ad
3614 1421 3913 1504 implica·

2362 1525 2603 1590 tionem
2622 1575 2639 1604 ‚
2671 1527 2780 1591 sed
2808 1546 2920 1611 per
2948 1530 3355 1611 negationem
3396 1546 3545 1611 quse
3587 1528 3793 1593 fertur
3833 1528 3914 1593 ad

2363 1633 2715 1716 principale
2760 1635 3176 1718 praedicatum
3203 1655 3221 1700 ε
3254 1640 3318 1700 et
3358 1636 3500 1701 ideo
3535 1654 3670 1700 non
3699 1635 3794 1700 sic
3822 1640 3914 1700 est

2363 1740 2777 1806 dividendum
2807 1765 2821 1804 ε
2857 1765 2887 1802 «
2908 1744 3035 1806 Aut
3055 1746 3149 1806 est
3169 1742 3365 1807 homo
3394 1747 3784 1826 assumptm,
3805 1746 3916 1806 aut

2365 1867 2495 1914 non
2526 1855 2924 1933 assumptus;
2964 1872 2995 1910 ι)
3032 1851 3162 1916 imo
3194 1852 3284 1915 sic
3313 1873 3330 1915 ε
3371 1875 3401 1913 α
3429 1854 3561 1917 Aut
3599 1856 3699 1917 est
3722 1853 3916 1918 homo

2365 1963 2732 2041 assumptus
2747 2006 2765 2034 ,
2797 1962 3072 2024 autnon
3099 1963 3195 2023 est
3217 1961 3413 2024 homo
3438 1964 3809 2044 assumptus
3829 2010 3847 2038 ‚
3877 1983 3905 2020 n

2366 2065 2725 2131 secundum
2750 2066 2963 2150 legem
3003 2067 3540 2149 contradictionis.
3575 2067 3701 2133 Sed
3730 2070 3786 2131 si
3810 2067 3915 2133 ob—

2361 2173 2623 2255 jiciatur
2636 2223 2657 2254 ,
2710 2174 2881 2256 quod
2936 2174 3131 2257 homo
3179 2175 3566 2239 sufficienter
3610 2174 3918 2241 dividitur

2370 2298 2483 2364 per
2526 2285 2929 2364 assumptum
2979 2286 3044 2345 et
3101 2299 3231 2346 non
3287 2286 3693 2364 assumptum
3715 2330 3734 2361 ‚
3778 2287 3916 2346 tan-

2369 2407 2566 2472 quam
2604 2408 2720 2473 per
2758 2389 3127 2453 immediata
3148 2436 3165 2465 ‚
3210 2393 3365 2452 tunc
3403 2387 3916 2471 respondendum

2370 2500 2464 2560 est
2489 2496 2569 2560 ad
2594 2496 2773 2561 illam
2799 2496 3271 2562 inductionem:
3300 2518 3330 2555 α
3348 2494 3519 2576 Ergo
3545 2493 3652 2558 vel
3676 2496 3772 2558 est
3803 2491 3916 2558 Pe-

2370 2606 2509 2666 trus
2525 2648 2544 2679 ‚
2572 2601 2679 2667 vel
2704 2607 2800 2667 est
2822 2601 3081 2682 Paulus,
3112 2606 3260 2679 etc„
3293 2624 3323 2662 n
3358 2602 3512 2684 quia
3537 2620 3661 2665 nec
3686 2605 3781 2665 est
3808 2598 3918 2664 Pe-

2371 2713 2532 2788 trus,
2564 2727 2681 2774 nec
2705 2714 2801 2775 est
2824 2710 3082 2791 Paulus,
3114 2728 3233 2776 nec
3256 2708 3587 2791 Virgilius,
3624 2713 3745 2773 etc.
3761 2756 3778 2784 ,
3814 2705 3917 2772 sed

2371 2816 2556 2882 Jesus
2581 2835 2600 2882 ι
2629 2822 2692 2881 et
2734 2817 2917 2889 Jesus
2957 2836 3087 2882 non
3124 2822 3218 2882 est
3258 2817 3452 2881 homo
3480 2820 3846 2898 assumptus
3881 2831 3919 2875 a

2375 2924 2534 2990 Filio
2563 2925 2695 3005 Dei,
2724 2925 3024 3008 quamvis
3042 2930 3274 2989 natura
3298 2927 3438 3007 ejus
3462 2924 3544 2988 sit
3568 2923 3913 3005 assumpta.

2373 3033 2556 3099 Jesus
2583 3033 2757 3097 enim
2800 3050 2932 3096 non
2975 3037 3069 3096 est
3113 3020 3349 3096 nomen
3383 3029 3762 3115 impositum
3805 3048 3916 3095 na-

2376 3147 2564 3222 turae,
2594 3141 2704 3207 md
2731 3158 2969 3205 nomen
3003 3140 3375 3223 impositum
3406 3155 3722 3225 personae.

2913 3382 3271 3461 QUAESTlo
3313 3381 3386 3448 V.

2428 3537 2520 3593 An
2547 3537 2657 3594 hoec
2679 3535 3007 3593 concedenda
3031 3538 3106 3592 sit
3135 3554 3153 3591 ε
3188 3556 3216 3586 α
3243 3536 3418 3592 Filius
3450 3536 3550 3591 Dei
3577 3538 3863 3609 assumpsit

2909 3627 3305 3682 humanitatem
3338 3638 3376 3681 ¹.
3394 3645 3421 3676 »

2464 3785 2692 3850 Utrum
2735 3785 2876 3850 haec
2918 3784 3319 3849 concedenda
3353 3784 3467 3847 sit:
3507 3807 3538 3845 ι
3574 3782 3776 3848 Filius
3815 3780 3918 3846 Dei
3942 3785 4107 3837 mm

2385 3891 2726 3975 assumpsit
2749 3892 3246 3971 humanitatem;
3277 3913 3308 3951 n
3342 3897 3404 3956 et
3428 3891 3605 3975 quod
3623 3892 3732 3971 sic,
3760 3888 3918 3955 vide·

2387 4003 2515 4065 tur.
2549 4001 3015 4065 Damascenus'
3049 4022 3063 4064 :
3099 4023 3129 4059 α
3166 3998 3393 4065 Omnia
3427 4017 3581 4084 quae
3609 4000 3679 4063 in
3717 4001 3919 4063 nostra

2387 4112 2618 4173 natura
2654 4108 2966 4191 plantavit
2984 4157 3000 4187 ,
3035 4106 3381 4190 assumpsit
3420 4106 3531 4171 Dei
3560 4105 3853 4172 Verbum.
3880 4122 3907 4160 ι

2391 4214 2515 4280 Sed
2535 4214 2884 4296 unicuique
2911 4217 3204 4279 nostrum
3227 4213 3398 4278 dedit
3420 4212 3914 4278 humanitatem:

2390 4339 2550 4403 ergo
2611 4320 2865 4386 videtur
2927 4320 3099 4404 quod
3167 4320 3581 4403 assumpserit
3632 4315 3919 4383 humani·

2393 4434 2608 4494 tatem.

2474 4536 2633 4601 Item
2650 4535 3018 4600 humanitas
3036 4553 3168 4599 non
3187 4537 3282 4599 est
3299 4533 3497 4615 aliud,
3522 4550 3717 4618 quam
3737 4526 3921 4595 homi-

2395 4645 2496 4709 nis
2550 4648 2782 4709 natura
2801 4692 2819 4723 ‚
2874 4642 3229 4706 secundum
3282 4642 3455 4724 quod
3510 4641 3658 4705 dicit
3709 4639 3919 4703 Dama·

2396 4769 2621 4815 scenus
2638 4756 2660 4791 ⁸
2683 4772 2699 4815 ι
2732 4773 2762 4810 α
2783 4749 3138 4814 Divinitatis
3154 4753 3216 4812 et
3237 4748 3656 4813 humanitatis
3674 4742 3921 4810 nomina

2396 4863 2776 4923 naturarum
2812 4861 2964 4922 sunt
2994 4857 3531 4940 repraesentativa.
3575 4878 3605 4914 ο
3643 4852 3762 4917 Sed
3794 4851 3920 4915 haec

2397 4967 2763 5050 simpliciter
2788 4969 2884 5029 est
2917 4964 3316 5030 concedenda
3349 4985 3364 5028 :
3418 4987 3448 5024 α
3475 4961 3672 5027 Filius
3701 4958 3800 5024 Dei
3828 4973 3918 5019 sa·

2399 5076 2671 5158 sumpsit
2695 5074 3047 5138 humanam
3067 5078 3365 5138 naturam
3391 5094 3407 5135 :
3433 5093 3463 5131 n
3491 5087 3648 5152 ergo
3674 5072 3735 5132 et
3757 5066 3913 5130 haec:

2402 5208 2433 5246 ι
2467 5184 2663 5249 Filius
2686 5182 2794 5248 Dei
2819 5181 3161 5264 assumpsit
3182 5179 3666 5245 humanitatem.
3690 5198 3720 5234 ι»

2402 5366 2451 5416 q.
2478 5348 2760 5413 1v38t0ph.
2782 5346 2987 5409 Brutos„
3012 5346 3076 5397 ΙΙΙ
3093 5343 3380 5405 Sent.‚dist.
3401 5359 3451 5401 v.
3469 5358 3520 5408 q.
3539 5354 3608 5392 ιι.
3623 5340 3702 5376 -¹
3719 5337 3911 5387 Damas·

2402 5434 2583 5481 oenus,
2606 5419 2668 5468 de
2693 5418 2817 5470 Fide
2841 5416 2997 5478 arth„
3020 5415 3107 5470 lib.
3141 5415 3205 5482 ΠΙ
3218 5452 3235 5480 ,
3264 5431 3311 5466 c.
3333 5426 3406 5468 vl.
3426 5413 3524 5460 ...a
3545 5408 3691 5472 ibid..
3720 5421 3763 5460 c.
3792 5414 3857 5456 ιι.
