4185 6288
418 1193 487 1238 Ad
503 1205 609 1249 opp.

649 487 771 552 21⁶

1143 802 1548 883 QUAESTIO
1592 804 1722 870 111.

692 1005 787 1060 An
816 1003 985 1059 latria
1007 1003 1085 1058 sit
1110 1003 1287 1059 virtus
1313 1001 1613 1059 cardinalis
1630 1042 1649 1074 ,
1678 1003 1765 1059 vel
1796 1002 2089 1100 theofoqica
2119 1000 2157 1056 ⁸.

737 1165 962 1232 Utrum
987 1165 1174 1229 latria
1199 1165 1281 1229 sit
1302 1165 1510 1231 virtus
1533 1164 1888 1242 cardinalis,
1908 1182 1994 1229 an
2020 1164 2197 1229 theo-

652 1273 899 1357 logica3
927 1277 994 1338 et
1022 1273 1194 1356 quod
1221 1273 1600 1356 theologica,
1627 1272 1905 1338 videtur.
1936 1272 2197 1354 Augus-

652 1381 850 1461 tinus,
881 1381 969 1448 De
999 1381 1270 1448 civitate
1297 1381 1449 1460 Dei,
1501 1381 1703 1463 capite
1733 1382 1886 1446 1v':
1926 1403 1956 1440 a
1990 1378 2200 1444 Sacri-

653 1492 922 1554 ficamus
949 1488 1075 1554 Deo
1111 1489 1386 1555 hostiam
1420 1489 1825 1566 humilitatis,
1856 1493 1919 1553 et
1954 1488 2194 1567 laudis,

654 1600 723 1664 in
768 1618 878 1665 ara
914 1600 1144 1680 cordis,
1184 1600 1340 1681 igne
1382 1598 1639 1664 fervidae
1682 1597 2023 1662 charitatis.
2054 1619 2084 1656 ι)
2123 1595 2200 1660 Et

656 1710 798 1791 post
827 1729 844 1771 z
886 1730 916 1767 a
943 1706 1058 1771 Hic
1087 1711 1184 1772 est
1206 1707 1317 1772 Dei
1345 1708 1575 1787 cultm,
1600 1706 1742 1770 haec
1766 1724 1922 1771 vera
1941 1703 2196 1784 religio,

657 1812 797 1878 haec
824 1818 998 1878 recta
1022 1814 1251 1897 pietas,
1282 1816 1347 1877 et
1372 1816 1626 1877 tantum
1655 1811 1783 1876 Deo
1823 1810 2033 1877 debita
2060 1828 2202 1874 ser-

657 1922 850 1986 vitus.
898 1944 929 1982 n
983 1921 1156 2004 Ergo
1194 1920 1450 1986 videtur
1484 1920 1656 2003 quod
1698 1919 1752 1982 si
1793 1919 1935 1983 haec
1984 1916 2203 1982 omnia

657 2029 1256 2114 circumloquuntur
1285 2028 1536 2094 latriam
1551 2076 1569 2108 ,
1604 2026 1765 2090 nihil
1787 2024 1961 2090 aliud
1987 2028 2082 2088 est
2108 2024 2203 2088 la-

660 2138 804 2216 tria,
834 2156 1032 2221 quam
1058 2137 1196 2222 ipsa
1221 2133 1531 2200 charitas:
1559 2151 1717 2215 ergo
1743 2132 1929 2198 latria
1956 2135 2051 2196 est
2076 2132 2204 2196 vir-

656 2250 763 2311 tus
789 2248 1167 2329 theologica.

739 2362 798 2421 2.
832 2355 990 2420 Item
1017 2354 1445 2439 Augustinus,
1478 2352 1562 2418 De
1595 2351 1648 2416 T
1642 2352 1912 2417 rinitate
1932 2349 1953 2386 ⁸
1981 2371 1996 2413 ε
2034 2372 2065 2409 α
2095 2347 2204 2413 Sa-

657 2463 895 2547 pientia
943 2481 1097 2527 vera
1154 2466 1250 2526 est
1302 2478 1497 2526 verus
1547 2476 1620 2523 ac
1672 2457 2041 2541 praecipuus
2094 2456 2204 2520 Dei

658 2572 889 2651 cultus,
911 2589 1056 2654 quae
1077 2589 1210 2635 uno
1232 2568 1491 2633 nomine
1517 2584 1729 2649 graeco
1764 2565 2099 2631 Theosebia
2122 2564 2200 2645 (a)

656 2678 1011 2763 appellatur
1028 2727 1046 2758 ,
1105 2678 1275 2761 quod
1330 2693 1567 2740 nomen
1638 2673 1836 2739 nostri
1903 2672 2203 2756 pietatem

657 2787 996 2866 dixerunt,
1027 2805 1177 2851 cum
1208 2787 1407 2870 pietas
1435 2785 1604 2868 apud
1633 2783 1885 2849 Graecos
1911 2781 2206 2846 usitatius

661 2893 1011 2959 Theosebia
1038 2900 1468 2977 nuncupetur.
1498 2916 1529 2953 υ
1565 2893 1688 2958 Sed
1715 2893 1920 2971 latria,
1951 2895 2025 2954 ut
2053 2892 2206 2957 dicit

660 3002 1086 3084 Augustinus,
1120 3002 1208 3068 De
1241 3001 1518 3068 civitate
1547 3002 1669 3067 Dei
1688 3001 1869 3080 ⁸,non
1897 3007 1993 3064 est
2025 3000 2199 3066 aliud

660 3128 856 3194 quam
892 3109 1216 3175 theosebia
1255 3128 1272 3174 ι
1312 3108 1638 3175 theosebia
1679 3113 1896 3174 autem
1934 3127 2068 3174 non
2109 3114 2206 3175 est

659 3218 833 3284 aliud
878 3237 1072 3301 quam
1116 3218 1423 3300 sapientia
1460 3239 1475 3282 :
1525 3218 1832 3300 sapientia
1875 3223 2087 3283 autem
2137 3237 2205 3282 se

663 3330 834 3392 tenet
855 3345 936 3391 ex
959 3330 1137 3409 parte
1164 3327 1475 3390 virtutum
1506 3326 2007 3407 theologicarum
2023 3376 2039 3405 ‚
2072 3347 2205 3392 non

594 3451 601 3456 ·
662 3432 1077 3498 cardinalium
1109 3453 1124 3497 :
1157 3450 1317 3514 ergo
1346 3436 1407 3497 et
1435 3433 1571 3514 ipsa
1597 3433 1800 3498 latria.

743 3547 803 3608 3.
837 3542 993 3607 Item
1018 3541 1214 3624 „latria
1256 3545 1353 3606 est
1393 3542 1601 3608 virtus
1646 3560 1760 3624 per
1800 3561 1994 3625 quam
2042 3543 2208 3608 Deus

663 3649 896 3715 colitur
919 3668 995 3714 eo
1025 3650 1235 3729 cultu,
1268 3649 1381 3732 qui
1418 3652 1513 3713 est
1551 3648 1834 3714 adoratio
1876 3672 1890 3714 ε
1930 3651 2038 3714 sed
2071 3650 2207 3714 vir-

665 3761 769 3821 tus
793 3755 1036 3820 dictans
1057 3755 1239 3819 nobis
1267 3755 1470 3819 Deum
1498 3756 1915 3833 adorandum,
1946 3761 2043 3820 est
2067 3758 2208 3839 ipsa

664 3862 842 3938 fides,
886 3861 990 3926 vel
1032 3861 1225 3926 etiam
1269 3861 1575 3940 charitas;
1624 3865 1807 3947 quia,
1856 3864 2020 3930 sicut
2056 3865 2210 3928 dicit

663 3967 961 4033 Rabanus
979 4015 997 4045 ‚
1062 3984 1248 4049 super
1306 3971 1598 4036 Genesim
1625 3991 1649 4032 .-
1691 3994 1721 4030 «
1769 3974 2070 4053 Adorare‚
2117 3979 2211 4039 est

665 4079 868 4143 Deum
890 4126 908 4156 ,
929 4077 1046 4159 qui
1065 4077 1425 4142 adorandus
1444 4083 1562 4156 est,
1586 4083 1719 4144 tota
1738 4083 1970 4147 mentis
1996 4084 2208 4147 inten-

665 4185 838 4251 tione
861 4202 1171 4268 quaerere.
1196 4207 1227 4246 n
1258 4185 1434 4269 Ergo
1461 4188 1716 4253 videtur
1737 4191 1905 4272 quod
1927 4192 2108 4255 latria
2127 4193 2209 4255 sit

667 4293 875 4357 virtus
901 4293 1292 4374 theologica,
1326 4295 1491 4360 sicut
1515 4295 1671 4359 ssdes
1689 4343 1706 4373 ,
1735 4298 1839 4361 vel
1868 4297 2163 4362 charitas.

748 4405 811 4465 4.
852 4399 1010 4464 Item
1034 4401 1105 4464 in
1147 4401 1332 4466 latria
1372 4406 1469 4466 est
1510 4402 1795 4486 impletio
1820 4405 2009 4487 primi
2037 4423 2202 4489 prae-

670 4508 832 4591 cepti
861 4527 879 4572 :
915 4508 1023 4572 sed
1061 4514 1378 4592 praecepta
1410 4510 1637 4593 primae
1664 4511 1900 4575 tabulae
1929 4513 2208 4596 implen-

667 4620 776 4681 tur
810 4615 1157 4681 virtutibus
1181 4618 1553 4700 theologicis
1568 4668 1585 4699 ,
1618 4619 1782 4684 sicut
1807 4624 1979 4704 patet
2004 4621 2081 4686 de
2108 4641 2209 4687 se-

665 4725 874 4789 cundo
902 4725 1072 4806 quod
1098 4725 1401 4809 impletur
1427 4746 1540 4810 per
1570 4728 1792 4808 fidem,
1823 4734 1887 4793 et
1915 4729 1991 4795 de
2022 4731 2207 4796 tertio

664 4831 836 4914 quod
864 4832 1165 4916 impletur
1188 4851 1304 4916 per
1324 4834 1697 4899 charitatem
1724 4858 1737 4897 ε
1773 4854 1930 4919 ergo
1954 4839 2207 4903 videtur

664 4938 838 5021 quod
865 4940 920 5002 si
948 4939 1229 5023 primum
1261 4939 1566 5024 impletur
1591 4960 1706 5024 per
1729 4942 2004 5024 latriam,
2034 4945 2205 5027 quod

661 5046 744 5110 sit
771 5046 977 5111 virtus
1004 5047 1382 5130 theologica.

620 5193 626 5200 '
722 5218 741 5255 ι
796 5217 878 5282 of.
916 5220 971 5271 s.
998 5220 1238 5284 Thomas,
1268 5220 1335 5270 ιιι
1370 5219 1528 5278 sm„
1569 5220 1686 5272 dist.
1730 5234 1815 5286 ιι,
1846 5237 1897 5288 q.
1941 5235 1977 5288 ι,
2010 5228 2106 5275 art.
2136 5229 2202 5290 23

662 5289 894 5356 AEgidius
919 5291 1090 5355 Rom„
1114 5291 1182 5341 ΙΙΙ
1221 5290 1382 5353 Seni„
1409 5292 1526 5343 dist.
1556 5304 1629 5356 tx,
1670 5307 1722 5358 q.
1753 5305 1849 5358 1113
1885 5295 2168 5348 Richardus
2185 5335 2202 5362 ,

661 5361 726 5412 111
748 5361 910 5425 Seni„
932 5360 1051 5412 dist.
1071 5372 1141 5413 ιι.
1170 5377 1222 5427 q.
1252 5373 1350 5427 1115
1381 5364 1561 5429 Steph.
1584 5364 1796 5428 Brulel'.,
1825 5367 2062 5430 msent„
2078 5368 2200 5421 dist.

726 5461 796 5526 (α)
827 5458 966 5512 Edit.
998 5459 1217 5520 Gaume,
1245 5474 1350 5512 uuo
1383 5463 1596 5514 nomine
1629 5466 1883 5517 θιοσίὸιια
1910 5480 2098 5531 grace.

1734 482 2355 552 SENTENTIARUM
2392 484 2541 550 LIB.
2586 486 2693 552 111.

2383 624 2445 685 δ.
2478 621 2635 686 Item
2675 622 2818 688 haec
2842 629 2937 690 est
2973 626 3331 694 differentia
3368 630 3533 697 inter
3574 633 3846 700 virtutes

2304 728 2651 795 cardinales
2668 779 2686 810 ,
2731 734 2795 797 et
2838 733 3254 816 theologicas,
3284 738 3457 820 quod
3497 740 3846 808 cardinales

2303 835 2660 901 consistunt
2682 836 2751 901 in
2787 839 2996 905 medio
3020 842 3186 907 circa
3221 847 3625 929 superfluum
3652 853 3715 914 et
3741 852 3845 916 di-

2305 944 2631 1009 minutum
2655 969 2673 1025 ;
2706 946 2772 1010 in
2808 948 3182 1031 theologicis
3206 958 3421 1019 autem
3459 975 3591 1022 non
3618 963 3714 1024 est
3738 978 3841 1026 re-

2307 1051 2513 1133 perire
2539 1054 2935 1135 superfluum
2981 1077 2998 1120 :
3031 1059 3141 1122 sed
3177 1060 3345 1125 circa
3390 1061 3664 1144 latriam,
3695 1085 3845 1150 quae

2306 1160 2400 1221 est
2435 1157 2634 1222 Deum
2662 1160 2897 1239 colere,
2926 1182 3057 1228 non
3086 1171 3180 1230 est
3221 1170 3620 1251 superfluum
3666 1174 3848 1239 inve-

2306 1265 2445 1329 nire
2487 1282 2506 1329 2
2543 1284 2700 1350 ergo
2752 1270 3007 1336 videtur
3046 1275 3216 1356 quod
3262 1277 3444 1341 latria
3480 1297 3613 1343 non
3657 1281 3739 1344 sit
3775 1282 3847 1345 in

2309 1390 2547 1454 genere
2591 1375 2847 1440 virtutis
2895 1379 3210 1447 virtutum
3253 1384 3693 1468 cardinalium,
3736 1389 3846 1454 sed

2305 1479 2834 1563 theologicarum.

2388 1592 2449 1652 6.
2480 1588 2636 1653 Item
2664 1592 2873 1656 virtus
2899 1593 3253 1678 theologica
3279 1598 3532 1681 dicitur,
3562 1603 3713 1686 quia
3738 1604 3857 1668 ha-

2309 1694 2417 1760 bet
2482 1696 2686 1760 Deum
2754 1716 2872 1781 pro
2914 1700 3160 1782 obJecto
3209 1724 3225 1767 ε
3275 1706 3382 1770 sed
3423 1706 3608 1772 latria
3659 1710 3859 1775 habet

2308 1800 2511 1866 Deum
2552 1822 2670 1887 pro
2704 1805 2950 1888 objecto
2981 1830 2996 1871 ε
3041 1809 3206 1874 sicut
3236 1812 3408 1877 enim
3449 1815 3606 1879 fides
3652 1819 3860 1883 credit

2313 1908 2587 1991 primam
2615 1911 2983 1993 veritatem,
3015 1921 3080 1980 et
3105 1916 3378 1983 charitas
3421 1921 3628 2004 diligit
3670 1944 3853 1989 sum-

2311 2033 2484 2080 mam
2511 2017 2859 2085 honitatem
2879 2070 2899 2100 ,
2931 2023 3020 2087 sic
3045 2022 3231 2089 latria
3257 2033 3588 2093 reveretur
3613 2036 3676 2095 et
3706 2034 3861 2097 colit

2310 2141 2632 2189 summam
2680 2130 3076 2211 majestatem
3119 2156 3134 2197 ε
3178 2134 3434 2200 videtur
3478 2155 3636 2219 ergo
3680 2142 3856 2222 quod

2308 2231 2493 2298 latria
2518 2235 2599 2298 sit
2623 2235 2832 2301 virtus
2859 2238 3239 2323 theologica.

2393 2342 2515 2407 Sed
2543 2349 2762 2409 contra
2792 2368 2806 2410 z
2840 2346 3087 2429 Religio
3113 2355 3210 2414 est
3235 2351 3441 2416 virtus
3469 2374 3597 2437 qua
3625 2358 3863 2424 colitur
3895 2379 4152 2425 tunam.

2311 2450 2421 2533 qui
2446 2455 2540 2513 est
2566 2452 2910 2534 superioris
2931 2462 3204 2536 naturae,
3231 2459 3393 2523 sicut
3419 2462 3558 2526 vult
3581 2464 3864 2547 Augus-

2311 2558 2487 2621 tinus
2529 2559 2595 2622 in
2639 2560 2884 2626 decimo
2928 2563 3092 2630 libro
3135 2567 3223 2633 De
3273 2568 3542 2637 civitate
3583 2573 3752 2653 Μ’,
3785 2580 3865 2639 et

2310 2663 2556 2729 Tullius
2581 2667 2649 2731 in
2673 2669 2881 2751 prima
2916 2672 3246 2741 Rhetorica
3268 2676 3291 2711 ⁸
3319 2678 3478 2742 :sed
3504 2679 3730 2763 religio
3757 2687 3865 2748 aet

2311 2773 2554 2855 species
2579 2776 2880 2857 justitiae,
2917 2782 2989 2842 ut
3015 2780 3165 2845 dicit
3205 2782 3451 2849 Tullius
3482 2786 3747 2867 ibidem,
3787 2795 3866 2856 et

2305 2880 2557 2961 Justitia
2590 2888 2684 2946 est
2724 2884 2931 2950 virtus
2959 2889 3333 2955 cardinalis:
3378 2893 3432 2955 si
3471 2912 3629 2977 ergo
3667 2896 3867 2963 latria

2311 2988 2675 3055 continetur
2699 2992 2819 3055 sub
2846 2995 3049 3075 specie
3075 2997 3422 3081 religionis,
3444 3000 3628 3066 latria
3654 3008 3744 3067 est
3769 3005 3865 3070 de

2311 3115 2547 3178 genere
2573 3098 2828 3164 virtutis
2854 3103 3210 3169 cardinalis.

2392 3206 2549 3269 Item
2608 3208 2772 3272 sicut
2833 3210 3187 3278 obedientia
3251 3218 3504 3299 respicit
3569 3219 3867 3287 debitum

2312 3315 2708 3397 mandatum,
2738 3318 2828 3382 sic
2852 3319 3039 3383 latria
3064 3323 3318 3405 respicit
3344 3324 3628 3390 debitum
3654 3327 3872 3394 hono-

2312 3422 2402 3485 ris
2439 3423 2674 3502 divini3
2709 3431 2802 3490 est
2830 3428 3003 3491 enim
3040 3429 3224 3494 latria
3264 3432 3475 3497 cultus
3513 3435 3632 3500 Deo
3668 3436 3865 3500 debi-

2313 3533 2462 3593 tus:
2506 3532 2615 3595 sed
2640 3532 2992 3599 obedientia
3014 3584 3031 3612 ‚
3074 3538 3230 3620 quia
3270 3541 3522 3624 respicit
3565 3543 3872 3611 debitum

2313 3638 2634 3719 praecepti,
2665 3643 2762 3703 est
2787 3641 2991 3705 virtus
3018 3644 3350 3710 cardinalis
3366 3695 3384 3726 ,
3414 3654 3705 3714 contenta
3730 3653 3872 3718 suh

2312 3745 2523 3809 dehita
2558 3746 2832 3827 justitia,
2879 3767 3011 3813 non
3052 3750 3410 3835 theologica
3451 3777 3466 3820 ε
3517 3775 3670 3838 ergo
3711 3763 3870 3841 pari

2314 3852 2555 3918 ratione
2584 3858 2647 3917 et
2676 3855 2813 3938 ipsa
2838 3856 3042 3922 latria.
3610 3850 3617 3858 ⁹

2396 3959 2551 4025 Item
2583 3963 2822 4027 nullius
2857 3965 3110 4029 virtutis
3138 3967 3512 4051 theologicae
3539 3976 3714 4036 actus
3742 3993 3864 4038 ca-

2314 4068 2405 4132 dit
2438 4068 2560 4132 sub
2599 4071 2952 4151 coactione3
2998 4074 3251 4139 credere
3291 4078 3463 4140 enim
3494 4097 3624 4144 non
3650 4086 3874 4163 potest

2313 4176 2457 4259 quis
2483 4196 2612 4240 non
2642 4178 2860 4243 volens
2893 4199 2910 4244 x
2958 4182 3066 4246 sed
3095 4188 3271 4246 actus
3311 4184 3513 4250 latriae
3545 4188 3706 4250 cadit
3730 4192 3871 4253 suh

2314 4285 2654 4364 coactione,
2687 4291 2759 4350 ut
2784 4287 3047 4354 adorare
3073 4294 3137 4354 et
3164 4292 3356 4356 thura
3383 4311 3617 4375 ponere
3647 4314 3665 4359 ε
3692 4314 3874 4377 ergo

2313 4392 2497 4456 latria
2542 4412 2672 4458 non
2721 4395 3078 4461 continetur
3135 4400 3256 4462 sub
3305 4418 3544 4482 genere
3603 4403 3874 4473 virtutis

2313 4500 2709 4582 theologicae.

2395 4611 2552 4676 Item
2579 4612 2790 4677 omnis
2817 4613 3024 4678 virtus
3045 4615 3403 4698 theologica
3423 4617 3527 4682 vel
3552 4622 3644 4684 est
3669 4618 3868 4702 flde3‚

2315 4719 2418 4784 vel
2464 4738 2638 4803 spes,
2691 4721 2796 4784 vel
2840 4722 3114 4786 charitas
3152 4746 3166 4786 ε
3214 4723 3323 4789 sed
3367 4724 3550 4790 latria
3592 4745 3721 4791 non
3761 4737 3880 4796 est

2313 4828 2499 4910 fides,
2534 4848 2651 4912 pro
2687 4849 2763 4896 eo
2799 4831 2970 4914 quod
3000 4849 3131 4897 non
3157 4832 3507 4897 considerat
3532 4852 3875 4904 summam

2315 4938 2645 5002 veritatem
2690 4939 3043 5004 secundum
3071 4958 3173 5019 se;
3204 4958 3320 5005 nec
3359 4939 3669 5020 charitas,
3699 4944 3880 5025 quia

2313 5065 2446 5110 non
2515 5047 2866 5111 considerat
2921 5066 3241 5112 summam
3304 5047 3651 5113 bonitatem
3668 5099 3685 5131 ,
3747 5057 3876 5120 sed

2315 5257 2388 5309 ιι,
2407 5259 2459 5310 q.
2483 5257 2556 5296 ιι.
2577 5271 2639 5284 -
2657 5248 2680 5280 ³
2699 5247 2850 5312 Aug„
2871 5246 2932 5296 de
2959 5246 3113 5298 Civit-
3141 5246 3267 5312 Dei,
3288 5247 3378 5297 lib.
3409 5250 3474 5312 X,
3491 5263 3538 5299 c.
3561 5261 3634 5315 lv,
3661 5251 3728 5302 al.
3760 5262 3828 5304 111
3847 5294 3870 5320 ,

2310 5335 2363 5373 n.
2391 5325 2438 5372 2.
2466 5348 2520 5358 -
2545 5322 2568 5357 ⁸
2604 5322 2661 5372 ld
2683 5358 2701 5386 ,
2721 5321 2782 5372 de
2810 5323 2967 5383 Tria.)
2993 5323 3082 5373 lib.
3104 5323 3238 5386 XlV,
3271 5337 3317 5375 c.
3340 5325 3622 5389 1.-⁶1d.,
3651 5327 3713 5378 de
3739 5328 3870 5385 Ciu.

2312 5393 2427 5454 Dei,
2445 5392 2536 5443 lib.
2567 5395 2628 5458 X,
2647 5408 2693 5444 c.
2715 5406 2752 5454 1,
2774 5408 2828 5445 n.
2858 5396 2909 5454 3,
2937 5394 3106 5459 quoad
3132 5407 3360 5446 sensum.
3380 5423 3444 5435 -
3469 5398 3492 5434 ⁸
3511 5396 3680 5461 Ibid.,·
3707 5414 3756 5450 c.
3776 5413 3870 5466 xv,

2312 5467 2376 5518 al.
2402 5479 2480 5531 111,
2508 5479 2561 5516 n.
2593 5469 2640 5518 2.
2659 5491 2720 5504 -—
2746 5466 2768 5499 ⁶
2795 5467 2925 5532 Cic.,
2949 5467 3008 5516 de
3034 5467 3242 5528 Inveni„
3266 5466 3351 5519 lib.
3376 5468 3461 5530 ΙΙΙ,
3483 5482 3663 5524 versus
3681 5471 3869 5532 finem.
