4185 6288
1225 427 1418 494 DIST.
1457 425 1637 492 XXX.
1683 421 1866 489 ΛΒΤ.
1912 424 1961 489 Ι.
2001 423 2303 504 QUAEST.
2347 425 2453 495 lv.

245 563 500 648 culpam
535 587 550 628 ε
579 582 737 647 ergo
763 568 1358 647 quantumcumque
1385 582 1502 647 per
1527 561 1783 644 culpam

244 675 637 754 adversetur,
691 692 946 757 semper
1004 678 1259 738 tenetur
1316 673 1588 754 diligere
1647 673 1787 752 ejus

244 786 564 848 naturam.

123 923 148 954 ο
207 943 218 954 .
324 890 445 956 Sed
475 896 717 970 contra,
747 897 777 954 1
804 895 822 929 ¹
859 889 1199 958 :Audistis
1226 892 1387 975 quia
1413 889 1662 957 dictum
1694 894 1789 955 est

248 998 535 1079 antiquis
582 1021 606 1064 .·
649 999 893 1081 Diliqes
943 1001 1223 1064 amicum
1268 1003 1474 1075 tuum,
1532 1002 1594 1063 et
1639 996 1787 1062 odio

246 1104 498 1171 habebis
526 1107 865 1172 inimicum
893 1111 1077 1173 tuum
1107 1127 1122 1170 ε
1153 1106 1259 1170 sed
1300 1107 1378 1169 ad
1424 1104 1586 1170 nihil
1621 1103 1788 1176 obli-

242 1229 483 1292 gamur
509 1213 750 1277 morale
778 1232 953 1277 nunc
969 1262 991 1294 ,
1033 1214 1114 1277 ad
1151 1213 1320 1296 quod
1367 1230 1499 1276 non
1547 1211 1789 1291 obliga-

243 1320 478 1385 bantur
520 1322 768 1404 antiqui
813 1324 880 1385 in
918 1323 1064 1404 lege
1104 1344 1120 1387 ε
1171 1341 1329 1403 ergo
1367 1321 1421 1384 si
1465 1324 1622 1385 tunc
1656 1338 1790 1383 non

243 1429 626 1492 tenebantur
674 1431 757 1493 ad
801 1430 1200 1512 diligendum
1257 1428 1636 1507 inimicum,
1679 1427 1788 1490 sed

239 1537 453 1618 potius
475 1539 556 1603 ad
604 1540 976 1618 odiendum,
1004 1539 1262 1603 videtur
1292 1538 1462 1621 quod
1487 1556 1618 1601 non
1645 1554 1784 1601 om-

240 1660 355 1706 005
384 1648 687 1708 tenentur
714 1663 890 1709 nunc
915 1645 1207 1709 inimicos
1250 1644 1540 1725 diligere.
1582 1642 1790 1706 Minor

237 1750 571 1831 probatur,
591 1752 742 1833 quia
764 1770 956 1833 super
976 1752 1133 1816 illud
1158 1772 1175 1815 ε
1204 1753 1226 1787 ²
1250 1753 1338 1818 De
1362 1753 1645 1836 quinque
1667 1766 1787 1831 pa-

235 1856 461 1938 nibus,
485 1862 632 1936 etc„
680 1858 899 1922 Glossa
930 1882 945 1921 :
983 1882 1015 1920 c
1060 1857 1202 1922 Non
1241 1858 1366 1922 alia
1401 1877 1600 1941 quam
1640 1875 1789 1940 quae

236 1965 474 2046 scripta
501 1971 702 2046 erant,
732 1967 1109 2048 prophetat:
1136 1966 1248 2028 sed
1275 1964 1488 2045 legem
1539 1969 1601 2028 et
1637 1982 1789 2047 pro-

233 2069 465 2152 phetas
491 2071 810 2154 mysteriis
838 2072 1106 2152 gravida
1136 2089 1271 2134 esse
1299 2070 1707 2134 demonstrat.
1749 2092 1780 2130 n

231 2177 312 2241 Et
338 2178 580 2242 iterum
604 2183 626 2218 ⁸
659 2200 674 2241 ε
703 2179 882 2244 Fecit
900 2179 1140 2244 Hiram
1164 2193 1337 2244 mare
1362 2179 1553 2257 fusile
1580 2177 1790 2243 decem

231 2284 617 2361 cubicorum,
663 2286 752 2349 ibi
802 2285 1018 2350 Glossa
1055 2303 1072 2348 ε
1123 2307 1154 2346 (ι
1199 2286 1422 2348 Decem
1461 2285 1790 2367 praeceptis

230 2392 300 2456 in
324 2393 503 2474 lege,
536 2392 776 2469 omnia,
807 2411 954 2475 quae
977 2393 1184 2458 facere
1211 2393 1539 2471 (1011011105,
1572 2391 1784 2456 Domi-

229 2518 362 2564 nus
404 2500 740 2582 expressit.
784 2523 815 2560 »
866 2500 936 2565 Si
982 2520 1143 2582 ergo
1211 2502 1280 2564 in
1339 2501 1516 2564 nullo
1572 2501 1789 2564 decem

226 2612 716 2691 praeceptorum
789 2610 1150 2673 continetur
1205 2609 1455 2673 dilectio
1516 2608 1784 2687 inimici,

222 2735 346 2781 1100
392 2715 487 2780 ad
524 2715 696 2780 aliud
732 2715 1100 2796 obligantur
1139 2716 1452 2792 moderni,
1500 2715 1580 2779 ad
1618 2715 1788 2797 quod

216 2842 357 2888 non
386 2823 773 2904 obligantur
799 2824 1074 2905 antiqui,
1102 2824 1378 2903 videtur,
1408 2825 1525 2886 etc.

298 2936 362 2994 Ξ.
399 2930 574 2994 Item
599 2930 623 2964 ⁸
655 2953 671 2994 :
717 2931 988 3013 Diliqice
1045 2932 1347 2997 inimicos
1387 2936 1662 3009 vestros,
1696 2930 1786 2993 ibi

213 3041 444 3106 Glossa
482 3058 509 3122 t.
546 3062 578 3101 (1
603 3040 736 3104 Ηο0
783 3042 1205 3124 perfectorum
1242 3045 1358 3106 est.
1383 3064 1414 3101 11
1451 3041 1530 3105 Et
1551 3042 1786 3106 iterum

216 3149 349 3213 alia
377 3148 626 3224 Glossa‚
656 3147 744 3211 ibi
779 3170 794 3212 ε
837 3171 867 3208 α
892 3147 1166 3212 Ecclesia
1190 3146 1296 3211 hic
1321 3166 1455 3212 non
1482 3147 1641 3212 lacte
1668 3167 1788 3212 nu-

213 3257 444 3336 tritur,
495 3254 674 3337 quod
713 3258 807 3318 est
850 3255 1233 3338 simplicium
1279 3259 1342 3319 et
1385 3255 1786 3338 imperfecto·

211 3381 399 3443 rum,
429 3361 549 3426 sed
575 3361 865 3427 validiori
896 3362 1038 3426 cibo
1061 3361 1384 3426 charitatis
1408 3363 1780 3427 roboratur:

211 3472 326 3535 sed
358 3471 446 3535 ad
474 3487 560 3535 ea
583 3486 731 3551 quae
757 3469 1153 3551 perfectionis
1179 3475 1352 3547 sunt,
1387 3488 1521 3534 uon
1564 3485 1785 3535 omnes

209 3583 539 3644 tenentur
565 3594 761 3657 :ergo
787 3567 919 3640 1ion
937 3595 1160 3641 omnes
1188 3581 1487 3642 tenentur
1513 3578 1783 3660 diligere

207 3687 554 3751 inimicos.
1117 3678 1118 3681 ’

289 3803 355 3862 3.
388 3796 572 3861 Item
598 3809 793 3875 super
818 3791 974 3855 illud
1014 3791 1325 3857 Psalmi⁸:
1368 3794 1594 3861 Revela
1632 3811 1783 3862 ocu-

200 3907 301 3973 los
328 3920 537 3981 mena,
587 3907 649 3968 et
688 3899 1101 3966 considerabo
1131 3901 1483 3982 mirabilia,
1514 3902 1732 3967 Glossa
1762 3925 1776 3966 :

200 4008 235 4075 ix
279 4012 473 4078 Nihil
513 4008 883 4073 mirabilius
930 4010 1024 4070 est
1078 4007 1148 4070 in
1190 4009 1535 4088 mandatiS,
1584 4028 1782 4093 quam

183 4122 480 4204 diligere
511 4115 842 4181 inimicos.
874 4136 905 4174 1>
937 4114 1058 4179 Sed
1082 4133 1215 4178 non
1239 4134 1461 4180 omnes
1482 4121 1780 4181 tenentur

184 4228 272 4292 ad
329 4221 725 4290 faciendum
764 4221 1115 4300 mirabilia,
1167 4221 1322 4303 quia
1342 4270 1360 4300 ,
1409 4222 1576 4285 sicut
1623 4223 1775 4287 dicit

185 4332 659 4417 Augustinus,
687 4328 957 4392 virtutes
981 4331 1045 4392 et
1073 4327 1388 4392 mirabilia
1415 4330 1615 4394 facere
1643 4348 1776 4394 non

183 4443 523 4509 omnibus
554 4437 784 4502 datum
814 4439 910 4500 est
945 4455 962 4500 ε
991 4456 1172 4518 ergo,
1204 4439 1321 4502 etc.

267 4558 337 4617 4.
370 4550 551 4614 Item
601 4543 983 4608 Ambrosius
1022 4544 1173 4608 dicit
1221 4545 1267 4623 ⁶,
1306 4547 1370 4608 et
1403 4544 1680 4610 habetur
1705 4547 1779 4612 in

179 4657 630 4728 distinctione
673 4650 1089 4733 praecedenti,
1142 4651 1258 4714 ubi
1305 4655 1522 4715 actum
1566 4656 1660 4716 est
1699 4653 1777 4718 de

176 4769 427 4838 ordine
462 4757 807 4828 charitatis
847 4779 863 4820 ε
900 4780 931 4817 (1
979 4754 1229 4820 Sufficit
1275 4757 1449 4839 quod
1484 4757 1777 4823 inimicos

173 4879 336 4946 odio
387 4890 542 4939 11011
595 4866 976 4933 habeamus.
1015 4887 1046 4925 11
1101 4864 1275 4946 Ergo
1301 4866 1560 4930 videtur
1605 4867 1778 4949 quod

170 4988 323 5049 11011
369 4989 628 5044 omnes
683 4973 984 5035 tenentur
1045 4967 1313 5050 diligere
1358 4969 1652 5053 inimicos
1695 4988 1778 5035 ex

170 5089 405 5160 corde.

242 5221 260 5255 ¹
297 5210 533 5273 Mami„
565 5217 630 5269 v,
670 5204 751 5252 43.
779 5226 832 5238 —-
859 5203 882 5238 ²
906 5201 1112 5264 naith„
1141 5214 1247 5265 nv,
1279 5207 1357 5255 19.
1379 5230 1442 5240 —
1477 5203 1498 5238 ⁸
1532 5205 1600 5254 111
1641 5206 1775 5270 Req„

167 5302 272 5355 vn,
289 5279 674 5339 23.-⁸Luc.,
694 5276 862 5338 v1,27.
881 5299 946 5312 -
966 5273 1134 5324 *Pa-al.
1152 5278 1432 5339 cxv111‚18.
1454 5301 1514 5313 —
1533 5276 1555 5310 ⁶
1574 5277 1775 5340 Ambr„

163 5366 257 5416 ml
284 5357 530 5428 quilibet
558 5349 730 5411 011115,
758 5346 820 5397 de
858 5348 1098 5411 Mar-tyr„
1126 5361 1281 5398 serm.
1324 5360 1404 5399 111.
1432 5375 1495 5385 —
1520 5350 1542 5384 ‘¹
1570 5350 1776 5415 Mami„

158 5453 241 5508 w,
276 5440 365 5491 ¹2¹.
397 5456 471 5473 --
499 5430 527 5466 ⁸
549 5422 753 5489 Eccli„
779 5434 969 5486 xxvm,
997 5426 1046 5473 3.
1064 5450 1128 5461 —
1153 5423 1175 5459 ⁹
1201 5423 1334 5477 Psal.
1368 5437 1562 5490 cxvm,
1590 5428 1669 5478 96.-

3319 438 3438 500 675

2435 681 2886 749 CONCLUSIO.

1902 858 2202 915 charitatis
2240 859 2438 930 affectu
2476 859 2657 915 elicito
2707 863 2943 916 tenemur
2976 861 3142 915 etiam
3188 862 3439 917 inimicos

1969 948 2214 1019 diligere,
2248 947 2484 1021 optando
2522 948 2632 1004 sibi
2663 948 2799 1005 bona
2839 953 3071 1019 merua,-
3111 966 3219 1007 non
3260 954 3438 1008 tamen

1881 1093 1884 1100 ,
1968 1051 2144 1093 omnes
2176 1043 2412 1094 tenemur
2438 1038 2636 1110 affectu
2660 1039 2957 1110 imperato,
2986 1038 3328 1096 desiderando
3361 1042 3437 1096 eis

1977 1125 2116 1183 bona
2144 1129 2495 1201 temporalia,
2524 1128 2615 1185 sed
2636 1130 2843 1199 sufficit
2876 1144 2985 1185 non
3011 1128 3196 1186 odisse.

1982 1313 2167 1397 Resp.
2198 1315 2278 1379 ad
2307 1333 2451 1396 arg.
2482 1315 2578 1379 Ad
2604 1315 3057 1398 praedictorum
3077 1315 3440 1397 intelligen-
3469 1334 3681 1394 Opiniot.

1900 1420 2057 1483 tiam
2085 1424 2181 1485 est
2225 1421 2615 1502 notandum,
2646 1423 2821 1506 quod
2850 1424 3016 1489 circa
3041 1425 3166 1489 hoc
3191 1430 3286 1490 est
3311 1427 3440 1491 du-

1896 1528 2046 1611 plex
2086 1528 2509 1611 respondendi
2551 1531 2803 1595 modus.
2837 1529 3109 1608 Quidam
3136 1534 3313 1597 enim
3338 1534 3437 1598 di-

1899 1658 2042 1704 cere
2068 1641 2448 1730 voluerunt,
2477 1641 2648 1724 quod
2675 1642 3010 1725 dupliciter
3034 1648 3129 1708 est
3159 1645 3336 1728 loqui
3363 1646 3443 1711 de

1897 1747 2176 1811 inimicis
2200 1770 2215 1810 t
2240 1753 2350 1811 aut
2368 1749 2721 1813 secundum
2749 1754 2985 1815 statum
3005 1752 3075 1815 in
3108 1770 3238 1835 quo
3264 1772 3443 1819 exer-

1897 1860 2043 1920 cent
2096 1856 2485 1934 inimicitias;
2533 1861 2644 1921 aut
2692 1859 3043 1923 secundum
3089 1864 3328 1924 statum
3373 1861 3443 1925 in

1897 1982 2028 2046 quo
2060 1965 2401 2047 poenitent,
2444 1966 2509 2028 et
2538 1969 2767 2046 petunt
2803 1965 3081 2030 veniam.
3114 1965 3180 2031 Si
3210 1986 3442 2033 500110-

1897 2072 2054 2136 dum
2084 2073 2321 2134 statum
2351 2072 2416 2133 in
2448 2090 2577 2154 quo
2611 2073 2863 2136 veniam
2892 2076 3153 2156 petunt,
3184 2075 3274 2138 510
3301 2092 3438 2139 om-

1898 2196 2013 2240 nes
2043 2181 2343 2240 tenentur
2367 2177 2449 2241 ad
2478 2178 3222 2259 diligenduminimicOS,
3254 2200 3442 2266 prop·

1896 2290 1993 2349 ter
2019 2284 2196 2347 illam
2229 2283 2676 2364 conditionem,
2698 2303 2897 2367 quam
2924 2285 3238 2351 Dominus
3266 2291 3444 2371 ponit

1897 2393 1965 2454 in
1993 2389 2277 2454 oratione
2306 2389 2623 2454 dominica
2639 2396 2664 2432 '¹
2691 2413 2705 2454 :
2731 2393 3001 2459 Dimitte
3020 2393 3202 2460 nobis
3226 2394 3442 2462 debita

1896 2505 2154 2575 nostra,
2208 2498 2379 2563 sicut
2430 2502 2489 2563 et
2533 2513 2689 2577 noa,
2738 2502 2857 2563 etc.
2906 2498 2975 2563 Si
3025 2501 3200 2564 enim
3259 2502 3442 2570 homo

1897 2604 2147 2670 homini
2182 2608 2393 2670 servat
2432 2606 2601 2670 iram
2619 2655 2642 2685 ,
2680 2605 2920 2670 frustra
2955 2625 2997 2673 a
3046 2611 3170 2674 Deo
3212 2612 3447 2690 quaerit

1896 2711 2239 2789 medelam,
2318 2713 2668 2776 secundum
2741 2714 2913 2796 quod
2976 2714 3210 2780 dicitur
3273 2719 3444 2800 apud

1895 2819 2403 2884 Ecclesiasticum
2473 2820 2551 2902 (α)
2599 2820 2643 2882 ⁸.
2697 2818 2765 2884 Si
2822 2824 3038 2886 autem
3096 2823 3444 2906 loquamur

1896 2928 1973 2992 de
2012 2926 2287 2990 inimicis
2329 2932 2521 3010 prout
2571 2931 2719 2992 sunt
2770 2928 2838 2991 in
2885 2934 3055 2994 statu
3085 2934 3149 2995 et
3186 2933 3256 2995 in
3296 2937 3443 2997 actu

1894 3034 2190 3114 laedendi,
2219 3038 2284 3098 et
2316 3034 2679 3099 inimicitias
2713 3038 3083 3117 exercendi3
3120 3040 3211 3103 510
3236 3041 3443 3105 dicere

1894 3146 2280 3223 voluerunt,
2324 3146 2495 3227 quod
2548 3147 2781 3219 affectu
2821 3149 3090 3231 diligere
3152 3151 3443 3217 inimicos

1895 3272 2024 3317 non
2064 3259 2161 3318 est
2215 3253 2601 3318 necessitatis
2623 3301 2641 3333 ,
2693 3255 2802 3320 sed
2847 3257 3060 3338 magis
3110 3260 3439 3340 perfectio-

1893 3359 2032 3442 nis;
2075 3380 2195 3425 1100
2238 3360 2545 3424 Dominus
2584 3360 2705 3426 hoc
2746 3352 3052 3446 praecipit,
3086 3365 3194 3430 sed
3226 3369 3439 3448 magis

1892 3468 2186 3533 consulit.
2236 3468 2314 3532 Et
2361 3468 2550 3532 istam
2601 3469 2966 3551 opinionem
3009 3475 3437 3555 quorumdam

1893 3572 2199 3655 Magister
2225 3574 2405 3657 ponit
2425 3574 2494 3637 in
2512 3573 2740 3639 littera.
2771 3574 2895 3641 Sed
2923 3578 2978 3640 si
3001 3580 3268 3645 interius
3288 3602 3436 3648 con-
3463 3608 3654 3666 Improb.

1891 3684 2204 3747 sideretur
2231 3682 2373 3745 haec
2403 3682 2649 3765 positi0,
2681 3684 2898 3749 minus
2928 3685 3312 3753 sufficienter
3337 3690 3432 3755 di·
3498 3688 3504 3696 ’

1891 3790 1997 3869 cit,
2033 3808 2150 3873 pro
2191 3808 2266 3854 00
2307 3790 2503 3872 quod,
2547 3790 2900 3855 secundum
2944 3794 3114 3875 quod
3156 3799 3432 3863 auctori-

1889 3903 2050 3962 tates
2097 3900 2462 3961 sanctorum
2525 3902 2754 3962 sonant
2802 3917 3098 3981 expresse
3121 3951 3139 3981 ‚
3186 3907 3251 3966 et
3296 3904 3434 3987 ipsa

1889 4007 2053 4070 ratio
2079 4008 2293 4089 aperte
2320 4005 2661 4081 convincit,
2687 4023 2821 4070 non
2842 4010 2938 4071 est
2959 4009 3232 4074 charitas
3253 4031 3427 4094 vcra,

1889 4113 2010 4177 nisi
2040 4113 2268 4194 diligat
2285 4130 2475 4176 omne
2492 4113 2596 4177 dih·
2605 4113 2804 4193 gibile
2832 4137 2846 4178 :
2874 4116 2983 4179 dili
2990 4117 3187 4198 gibile
3214 4125 3431 4185 autem

1888 4240 1928 4284 a
1953 4220 2258 4285 charitate
2283 4223 2377 4283 est
2409 4235 2598 4282 omne
2626 4219 2805 4301 illud,
2829 4224 2997 4304 quod
3023 4229 3116 4289 est
3135 4227 3430 4309 possibile

1889 4327 1970 4392 ad
1995 4326 2453 4392 beatitudinem
2482 4328 2815 4408 pervenire
2855 4352 2869 4394 ε
2903 4329 3044 4396 ideo
3078 4350 3212 4396 non
3237 4333 3430 4399 habet

1889 4436 2119 4518 aliquis
2150 4434 2522 4499 charitatem
2544 4483 2562 4513 ‚
2594 4435 2717 4498 nisi
2749 4435 2975 4519 diligat
3001 4457 3225 4505 omnes
3250 4441 3425 4522 illos,

1888 4545 2002 4627 qui
2058 4546 2211 4607 sunt
2262 4542 2331 4605 in
2381 4545 2552 4606 statu
2599 4541 2757 4620 viae,
2815 4545 2951 4610 sive
3002 4546 3133 4611 sint
3192 4550 3421 4633 amici,

1886 4652 2022 4715 sive
2069 4650 2335 4713 inimici.
2388 4648 2567 4714 Unde
2628 4650 2699 4714 in
2755 4632 3025 4718 Psalmis
3066 4655 3300 4720 dicitur
3332 4658 3355 4693 ⁹
3406 4680 3422 4723 :

1885 4761 2123 4825 Latum
2158 4757 2539 4823 mandatum
2578 4763 2759 4824 tuum
2792 4762 3030 4840 nimis,
3058 4762 3215 4845 quia
3241 4783 3427 4829 man-

1886 4867 2112 4931 datum
2152 4867 2477 4931 charitatis
2515 4866 2595 4930 ad
2637 4884 2860 4932 omnes
2900 4888 2969 4933 se
3010 4873 3317 4938 extendit.
3348 4872 3429 4939 Et

1887 4974 2049 5038 sicut
2080 4973 2420 5055 longitudo
2448 4973 2730 5037 mandati
2758 4994 2827 5040 se
2855 4978 3140 5043 extendit
3165 4979 3245 5043 ad
3285 4998 3424 5045 om-

1886 5101 2039 5147 nem
2081 5081 2508 5146 differentiam
2547 5083 2886 5165 temporis,
2925 5079 3018 5150 sic*
3051 5086 3317 5153 latitudo
3348 5090 3430 5154 ad

1888 5208 2148 5254 omnem
2192 5207 2535 5273 personam
2580 5190 2865 5256 hominis
2910 5192 3192 5261 viatoris.
3253 5194 3431 5261 Unde

1955 5352 2019 5418 (a)
2050 5351 2106 5401 In
2127 5356 2234 5405 coet.
2258 5352 2360 5403 edit
2385 5366 2481 5403 non
2509 5352 2697 5418 leqitur
2722 5355 2861 5420 apud
2882 5357 3308 5425 Ecclesiasticum,
3332 5361 3436 5410 m'si

1888 5428 1942 5477 in
1967 5428 2214 5490 marqine.
