4185 6288
1242 482 1434 550 DIST.
1482 483 1561 547 11.
1610 479 1797 546 ART.
1843 479 1923 544 11.
1962 476 2268 556 QUAEST.
2313 481 2423 546 ΙΙΙ.
3385 487 3464 552 107

269 626 327 690 in
351 624 597 691 Christo
633 624 923 707 speciem
959 637 1367 687 communem
1399 617 1714 700 accipere,
1746 617 1812 678 et

270 733 375 797 alio
397 732 598 797 modo
628 750 803 813 non3
838 731 999 815 quia
1019 778 1039 806 ‚
1073 747 1221 794 cum
1255 728 1338 791 sit
1370 727 1440 789 iu
1469 743 1545 790 eo
1574 722 1811 806 triplex

273 841 613 905 substantia
632 890 651 918 ‚
681 859 766 908 ex
795 839 1245 924 conjunctione
1274 837 1554 900 duorum
1574 881 1592 910 ,
1622 831 1811 896 vide-

272 946 400 1012 licet
441 949 688 1013 animae
729 953 793 1013 et
831 947 1043 1011 carnis
1061 994 1078 1024 ‚
1123 944 1386 1010 resultat
1429 959 1562 1007 una
1601 939 1810 1005 forma

271 1056 581 1138 specifica,
616 1056 685 1120 in
716 1073 845 1138 qua
872 1073 1027 1119 cum
1054 1053 1198 1119 aliis
1229 1049 1598 1117 hominibus
1624 1065 1808 1111 com-

272 1163 569 1229 municat.
601 1163 686 1227 Et
706 1164 797 1228 sic
823 1162 1176 1247 procedunt
1200 1160 1498 1238 rationes,
1524 1172 1671 1240 quae
1697 1154 1808 1219 in-

274 1272 587 1337 ducuntur
615 1273 695 1337 ad
723 1271 1000 1355 primam
1028 1273 1298 1353 partem.

346 1386 377 1442 1
415 1384 480 1444 et
520 1385 586 1444 2.
635 1379 732 1445 Ex
772 1377 1219 1463 conjunctione
1261 1392 1417 1439 vero
1463 1369 1809 1437 divinitatis

281 1486 352 1550 ud
390 1491 692 1552 naturam
736 1492 1015 1551 creatam
1062 1484 1239 1549 nulla
1285 1480 1552 1546 omnino
1601 1478 1810 1541 forma

282 1597 526 1661 multat
551 1616 568 1660 z
594 1602 659 1662 et
679 1601 994 1680 quantum
1019 1593 1099 1657 ad
1120 1593 1243 1657 hoc
1268 1588 1647 1670 intelligitur
1668 1602 1809 1649 ver·

284 1702 424 1767 bum
441 1703 813 1768 Damasceni
836 1707 901 1767 et
924 1699 1234 1782 Magistri,
1258 1696 1372 1780 qui
1393 1694 1616 1760 dicunt
1637 1691 1808 1775 quod

287 1826 403 1873 non
440 1815 533 1875 est
574 1829 704 1873 una
747 1814 983 1873 natura
1008 1805 1270 1883 Christi,
1303 1803 1469 1868 sicut
1512 1799 1808 1865 omnium

288 1915 625 1983 hominum.

360 2029 415 2089 3.
460 2026 554 2091 Ad
597 2026 756 2091 illud
802 2043 956 2091 vero
1001 2023 1175 2107 quod
1218 2020 1589 2113 opponitur,
1635 2014 1807 2099 quod

294 2133 506 2214 species
544 2134 694 2198 dicit
732 2137 941 2197 totum
977 2151 1112 2197 esse
1147 2129 1625 2194 individuorum
1645 2172 1664 2203 ,
1705 2121 1808 2186 di-

294 2242 540 2304 cendum
581 2242 752 2325 quod
793 2259 1027 2305 verum
1070 2244 1166 2303 est
1206 2241 1505 2311 eatenus,
1539 2250 1673 2317 qua
1717 2234 1811 2294 oet

294 2344 668 2413 individuum
685 2353 1060 2413 contentum
1078 2345 1201 2410 sub
1218 2345 1326 2409 illa
1343 2342 1550 2425 specie
1568 2360 1585 2404 ε
1605 2338 1812 2404 Chris-

298 2458 384 2516 tus
421 2460 627 2520 autem
672 2461 769 2520 est
815 2454 1223 2519 individuum
1271 2454 1640 2516 contentum
1687 2447 1809 2510 sub

300 2562 476 2642 specie
501 2563 791 2627 humana
816 2563 1067 2628 ratione
1101 2564 1354 2625 naturae
1382 2562 1609 2623 creatae
1627 2604 1647 2636 ‚
1679 2572 1810 2618 non

300 2669 511 2735 ratione
537 2675 789 2736 naturae
817 2672 1141 2735 increatae.

364 2780 416 2839 4.
452 2778 543 2841 Ad
574 2778 734 2844 illud
766 2778 939 2863 quod
973 2778 1202 2842 ultimo
1232 2775 1598 2860 opponitur,
1635 2769 1808 2853 quod

300 2883 501 2962 species
543 2886 999 2968 specialissima
1048 2885 1358 2968 accipitur
1404 2899 1600 2966 penes
1649 2878 1808 2943 illud

301 2990 444 3069 quod
466 2992 934 3057 nobilissimum
963 2995 1060 3056 est
1084 2998 1147 3056 et
1179 2987 1708 3074 perfectissimum
1735 2985 1804 3048 in

300 3111 385 3174 re,
411 3097 736 3165 dicendum
771 3101 943 3184 quod
972 3118 1201 3165 verum
1241 3102 1338 3164 est
1376 3093 1694 3180 loquendo
1730 3093 1808 3158 de

299 3200 399 3266 illis
413 3209 756 3273 secundum
778 3227 928 3293 quae
951 3227 1053 3273 ros
1074 3207 1267 3272 habet
1286 3223 1421 3271 esse
1442 3205 1509 3268 in
1533 3219 1803 3285 genere:

301 3307 544 3379 Christus
563 3321 785 3381 autem
811 3316 1167 3381 secundum
1193 3313 1481 3379 divinam
1507 3313 1808 3376 naturam

299 3432 409 3482 non
429 3422 682 3503 ponitur
706 3424 777 3487 in
803 3423 1019 3506 aliquo
1048 3439 1307 3504 genere,
1334 3420 1446 3484 sed
1471 3417 1680 3484 solum
1710 3437 1810 3483 ra-

298 3524 442 3591 tione
462 3535 709 3595 naturae
732 3537 986 3595 creatae.
1014 3528 1118 3595 Sic
1142 3548 1301 3612 ergo
1329 3527 1806 3594 concedendum

299 3637 400 3712 est,
425 3638 585 3717 quod
611 3637 903 3702 Christus
929 3638 1274 3721 assumpsit
1297 3654 1521 3701 veram
1548 3652 1806 3700 carnem

299 3741 572 3807 civeram
595 3745 914 3823 animam3
946 3750 1010 3809 et
1035 3744 1174 3810 baec
1196 3745 1413 3820 unita,
1442 3746 1634 3826 prout
1660 3760 1802 3807 con·

298 3854 534 3914 currunt
560 3852 629 3914 in
660 3852 862 3916 unius
885 3851 1119 3935 speciei
1145 3850 1618 3935 specialissimae
1642 3849 1808 3915 veri-

297 3955 463 4021 tatem
485 3964 545 4023 et
567 3960 905 4024 unitatem.

720 4259 1208 4330 ARTICULUS
1240 4259 1361 4329 ΠΙ.

362 4472 811 4558 Consequenter
834 4474 1151 4558 quaeritm·
1176 4475 1254 4539 de
1268 4479 1505 4540 natura
1521 4494 1809 4560 assump-

296 4579 353 4640 ta
371 4586 666 4662 quantum
692 4581 775 4646 ad
803 4581 1002 4646 medii
1030 4582 1504 4661 necessitatem3
1550 4588 1613 4649 et
1637 4585 1807 4651 circa

299 4680 401 4749 mc
419 4693 787 4770 quaeruntur
813 4690 974 4753 tria:
1007 4689 1214 4772 primo
1239 4691 1560 4772 quaeritur
1583 4697 1807 4758 utrum

300 4807 423 4857 caro
445 4801 765 4881 assumpta
781 4796 977 4862 fuerit
1001 4816 1041 4861 a
1072 4797 1306 4876 Verbo,
1338 4799 1656 4865 mediante
1682 4802 1808 4885 spi·

302 4897 410 4963 ritu
429 4900 743 4985 humanm
780 4905 1061 4970 secundo
1098 4905 1414 4987 quaeritur
1451 4909 1674 4971 utrum
1700 4926 1803 4973 as-

304 5014 522 5092 sumpta
533 5013 724 5077 fuerit
748 5032 791 5077 a
820 5011 1049 5089 Verbo,
1071 5011 1388 5077 mediante
1411 5012 1639 5078 habitu
1661 5033 1808 5097 gra-

303 5112 472 5195 tuit03
512 5119 692 5184 tertio
734 5118 1054 5203 quaeritur
1093 5122 1318 5183 utrum
1361 5121 1499 5183 tota
1521 5119 1809 5188 humana

360 5247 465 5312 ¹Cf.
491 5253 624 5307 Alex.
666 5255 868 5319 Aleum,
898 5267 952 5319 p.
982 5255 1070 5317 ΙΙΙ,
1093 5267 1146 5319 q.
1182 5265 1266 5317 m,
1297 5255 1491 5305 memb.
1513 5258 1572 5318 33
1601 5257 1657 5308 S.
1688 5258 1805 5322 Th„

308 5329 351 5381 l>-
386 5321 458 5385 ΙΙΙ,
474 5338 521 5390 q.
550 5338 621 5392 n,
646 5332 743 5378 art.
770 5332 833 5390 25
867 5331 923 5378 et
946 5327 1015 5377 lv
1043 5328 1175 5376 cont.
1207 5326 1375 5389 Genu,
1404 5340 1449 5378 c.
1480 5339 1633 5393 xn1v3
1662 5334 1714 5381 et
1745 5331 1808 5381 de

309 5388 597 5456 spir-imeri.
627 5402 674 5449 3.
703 5397 852 5450 etad
886 5403 915 5450 5
931 5415 949 5461 ;
985 5397 1289 5459 Richardus,
1313 5397 1374 5449 ΙΙΙ
1407 5398 1569 5458 sent„
1595 5401 1711 5452 dist.
1743 5416 1805 5467 11,

310 5467 386 5512 trt-
417 5468 461 5530 2,
486 5482 534 5533 q.
558 5482 602 5535 13
630 5472 811 5536 steph.
832 5470 1060 5535 ,Bi-ulei„
1091 5471 1159 5522 111
1192 5470 1355 5532 Sext„
1390 5470 1510 5522 dist.
1541 5483 1605 5535 u,
1627 5486 1683 5538 q.
1710 5487 1805 5528 vn.

1916 614 2152 678 natura
2204 618 2535 698 assumpta
2582 614 2779 681 ruerit
2842 616 3164 686 mediante
3223 620 3470 704 Spiritu

1916 726 2159 790 sancto.

2463 959 2823 1037 QUAESTIO
2867 961 2918 1029 1.

1918 1117 2009 1174 An
2028 1133 2154 1175 caro
2179 1125 2458 1193 assumpta
2483 1125 2657 1192 merit
2695 1142 2731 1180 a
2765 1125 2939 1182 Verbo
2965 1125 3239 1185 mediante
3262 1132 3469 1203 spiritu

2538 1213 2771 1270 hwnano
2802 1215 2841 1270 ¹.

1998 1364 2227 1432 Utrum
2254 1368 2481 1435 Christi
2507 1389 2741 1455 corpus
2762 1373 3021 1439 unitum
3038 1374 3236 1440 suerit
3258 1375 3466 1445 Verbo
3496 1398 3706 1443 ranam.

1917 1474 2236 1540 mediante
2277 1476 2510 1560 spiritu
2542 1478 2834 1546 humano
2854 1529 2875 1562 ,
2920 1482 3058 1547 sive
3100 1483 3358 1564 anima;
3405 1492 3468 1551 et

1916 1582 2087 1664 quod
2112 1582 2238 1661 sic,
2277 1584 2530 1649 videtur
2557 1586 2765 1669 primo
2795 1589 3168 1655 auctoritate
3201 1591 3465 1657 Damas-

1915 1691 2099 1769 ceni,
2151 1710 2350 1773 quam
2406 1691 2712 1775 Magister
2751 1695 3007 1761 adducit
3046 1697 3114 1761 iu
3158 1697 3369 1764 littera
3391 1706 3416 1742 ²
3444 1718 3462 1765 ε

1924 1820 1955 1859 c
1978 1796 2243 1864 Unitum
2268 1804 2365 1864 est
2389 1800 2566 1866 carni
2594 1799 2881 1868 Verbum
2904 1801 3017 1868 Dei
3041 1822 3156 1888 per
3180 1806 3467 1871 medium

1916 1904 2331 1972 intellectum.
2355 1927 2388 1967 s

2002 2012 2160 2078 item
2187 2013 2571 2096 Gregorius:
2606 2038 2642 2077 α
2664 2016 2934 2082 Carnem
2958 2017 3159 2083 deitas
3186 2020 3470 2086 median-

1918 2123 1979 2185 te
2003 2121 2222 2186 anima
2246 2122 2544 2205 suscepit.
2575 2143 2608 2183 s

1997 2226 2158 2293 Item
2196 2229 2610 2310 Augustinus
2651 2231 2773 2296 hoc
2799 2231 3012 2315 ipsum
3038 2234 3131 2301 ad
3178 2234 3470 2305 Volusia-

1917 2351 2074 2401 num
2109 2341 2133 2377 ⁸
2166 2359 2183 2402 ε
2241 2360 2272 2399 c
2299 2337 2603 2402 Animam
2655 2339 3031 2404 rationalem
3094 2360 3210 2425 per
3263 2343 3467 2427 ipsam

1917 2460 2152 2525 corpus
2174 2442 2540 2508 humanum
2569 2446 2810 2526 aptavit
2832 2446 2951 2510 sibi
2984 2447 3090 2531 (a).
3119 2471 3152 2509 n

2002 2549 2159 2613 item
2197 2550 2320 2614 hoc
2347 2551 2564 2633 ipsum
2588 2552 2842 2617 videtur
2865 2555 3131 2620 ratione.
3163 2556 3467 2624 Extrema

1917 2658 2195 2721 multum
2226 2656 2524 2722 distantia
2547 2677 2680 2723 non
2700 2660 3017 2726 uniuntur
3042 2663 3162 2726 nisi
3190 2683 3304 2747 per
3329 2685 3461 2732 me-

1916 2763 2100 2827 dium
2134 2763 2392 2846 aliquod
2423 2781 2441 2828 τ
2477 2766 2587 2829 sed
2620 2784 3002 2848 corporeum
3024 2817 3043 2849 ‚
3077 2775 3361 2837 creatum
3403 2779 3467 2838 et

1916 2871 2362 2954 corruptibile,
2392 2876 2458 2935 et
2502 2873 2898 2954 increatum,
2924 2875 3371 2960 incorporeum
3403 2886 3469 2945 et

1917 2978 2398 3061 incorruptibile
2434 2985 2589 3044 sunt
2624 2982 2908 3047 maxime
2933 2984 3267 3051 distantia:
3300 3006 3460 3070 ergo

1916 3085 2237 3151 uniuntur
2262 3104 2377 3169 per
2394 3086 2650 3170 aliquod
2672 3089 2981 3171 medium,
3007 3093 3181 3175 quod
3206 3094 3467 3178 quidem

1916 3193 1995 3258 sit
2019 3198 2303 3259 creatum
2326 3199 2389 3259 et
2413 3196 2861 3280 incorporeum
2883 3221 2900 3265 ε
2929 3199 3037 3265 sed
3058 3200 3200 3265 talis
3219 3206 3314 3266 est
3336 3204 3467 3288 spi-

1915 3301 2080 3366 ritus
2105 3302 2469 3368 rationalis:
2499 3323 2681 3386 ergo,
2702 3310 2824 3371 etc.

1997 3408 2156 3474 Item
2183 3410 2444 3493 majoris
2465 3412 2792 3493 dignitatis
2809 3416 2904 3478 est
2929 3433 3065 3480 esse
3092 3417 3352 3482 unitum
3374 3420 3468 3484 di-

1900 3516 2194 3597 vinitati,
2215 3535 2413 3599 quam
2440 3536 2575 3582 esse
2594 3519 3026 3599 glorificatum
3053 3545 3069 3587 :
3102 3524 3211 3588 sed
3237 3542 3468 3609 corpus

1915 3639 2045 3687 non
2073 3628 2168 3689 est
2202 3624 2413 3689 habile
2440 3627 2520 3689 ad
2543 3627 3073 3707 glorificationem
3096 3679 3114 3707 ,
3161 3632 3284 3695 nisi
3328 3651 3467 3697 me-

1916 3729 2129 3796 diante
2155 3732 2409 3796 anima:
2445 3750 2605 3814 ergo
2631 3752 2751 3798 nec
2776 3735 2856 3798 ad
2883 3736 3213 3803 unionem.

2000 3838 2182 3916 item,
2212 3838 2688 3924 circumscripta
2714 3842 2954 3924 anima,
2982 3862 3214 3930 corpus
3240 3848 3467 3916 huma-

1917 3964 2078 4011 num
2109 3949 2203 4011 est
2229 3946 2449 4011 minus
2472 3947 2682 4012 nobile
2706 3967 2905 4032 quam
2932 3951 3018 4015 sit
3045 3952 3313 4021 brutalis
3335 3958 3467 4041 spi-

1918 4053 2079 4118 ritus
2097 4100 2116 4130 ‚
2150 4053 2306 4135 quia
2337 4054 2690 4120 substantia
2719 4057 3067 4140 spiritualis
3091 4060 3352 4143 dignior
3372 4069 3469 4130 est

1917 4161 2230 4245 corporali
2258 4180 2277 4226 :
2335 4163 2444 4227 sed
2490 4163 2730 4227 animal
2777 4164 3045 4231 brutum
3096 4187 3232 4234 non
3275 4170 3468 4238 habet

1917 4268 2411 4350 congruentiam
2435 4268 2513 4334 ad
2533 4269 2843 4337 unionem
2865 4294 2883 4337 ε
2916 4292 3075 4357 ergo
3096 4294 3216 4341 nec
3234 4295 3466 4361 corpus

1917 4376 2282 4440 humanum
2308 4394 2423 4459 per
2455 4376 2738 4460 seipsum
2772 4401 2788 4444 ε
2826 4380 2879 4443 si
2916 4399 3075 4463 ergo
3101 4401 3464 4465 congruen-

1917 4483 2076 4547 tiam
2104 4482 2328 4563 babet,
2370 4483 2496 4549 hoc
2531 4492 2627 4549 est
2655 4486 2972 4553 mediante
3000 4489 3231 4572 spiritu
3268 4495 3333 4556 et
3358 4491 3463 4556 in·-

1917 4589 2195 4656 tellectu.

1999 4696 2126 4763 Sed
2145 4701 2400 4762 contra:
2427 4704 2458 4762 1
2472 4745 2489 4764 .
2516 4698 2681 4765 Deus
2697 4706 2792 4765 est
2814 4701 3082 4767 intimus
3100 4706 3278 4769 omni
3295 4725 3466 4773 crea-
3496 4743 3563 4787 Ad
3583 4755 3684 4799 opp,

1917 4810 2083 4871 turae
2103 4853 2120 4883 ‚
2165 4811 2301 4870 tam
2327 4808 2638 4890 corporali
2669 4827 2869 4891 quam
2910 4810 3224 4892 spirituali
3254 4833 3272 4877 ε
3306 4834 3462 4898 ergo

1916 4914 2080 4978 nihil
2097 4913 2263 4978 cadit
2274 4914 2562 4978 medium
2579 4914 2744 4980 inter
2763 4916 2975 4998 ipsum
2990 4921 3054 4981 et
3067 4923 3427 4987 creaturam
3444 4941 3460 4986 ε

1916 5022 1974 5086 si
2000 5039 2159 5102 ergo
2184 5020 2331 5085 unit
2354 5021 2477 5085 sibi
2503 5039 2734 5104 corpus
2764 5021 3164 5105 humanum,
3210 5028 3465 5096 videtur

1916 5129 2091 5212 quod
2121 5145 2254 5192 non
2278 5128 2465 5192 uniat
2487 5128 2608 5192 sibi
2634 5128 2955 5196 mediante
2979 5133 3233 5217 spiritu.

1918 5281 1975 5292 -
1992 5254 2015 5289 ⁸
2032 5254 2289 5314 Damasc„
2306 5250 2366 5301 de
2388 5251 2515 5301 Fide
2540 5251 2697 5314 oreti„
2727 5252 2819 5304 lib.
2846 5255 2934 5319 nl,
2964 5270 3078 5322 cap.
3100 5271 3242 5313 vl.-—
3261 5262 3285 5298 ⁸
3306 5265 3463 5330 Aug„

1916 5325 1986 5377 ad
2015 5324 2203 5386 Volua,
2231 5324 2390 5387 Epist.
2421 5335 2501 5386 111,
2537 5336 2649 5387 cap.
2680 5334 2739 5387 11,
2768 5323 2835 5375 al.
2859 5338 3096 5393 cxxxvn,
3118 5345 3174 5382 n.
3196 5335 3245 5384 8.

1981 5395 2051 5461 (a)
2088 5394 2230 5444 Edit.
2279 5393 2453 5444 Bened.
2493 5393 2602 5445 Sibi
2650 5394 2876 5446 animam
2921 5401 3251 5469 rationalem,
3282 5409 3334 5455 et
3373 5419 3466 5469 per

1918 5467 2156 5521 eamdem
2179 5465 2334 5516 etiam
2371 5478 2558 5530 corpus
2582 5465 2916 5524 humarum...
2942 5476 3220 5538 coaptavit.
