4185 6288
695 568 792 617 111

702 703 996 784 Iatinon
1022 724 1057 766 n
1089 698 1920 778 acdaroetiamrationen,
1947 714 2066 764 eur
2098 696 2358 764 «Graeei
2385 698 3863 784 nannianmrvooebulopmoponindivinis,

698 829 873 916 quod
916 832 1014 895 est
1049 826 1222 892 idem
1258 825 1431 910 quod
1459 824 1740 892 Persona
1753 871 1773 906 ,
1811 843 1846 885 n
1881 823 2037 908 quia
2077 822 2372 889 videlicet
2401 844 2435 883 ι
2458 820 2661 888 Graeci
2705 823 3028 891 habehant
3063 825 3398 910 proprium
3437 825 3823 892 vocabulum
3842 874 3862 905 ,

696 956 931 1022 scilicet
968 953 1390 1039 Hypostosis,
1419 955 1894 1037 quoutuntur3
1922 952 1989 1016 et
2019 948 2164 1015 ideo
2198 967 2332 1013 non
2371 951 2527 1014 sunt
2560 952 2784 1015 utnos
2821 949 3022 1015 eoacti
3057 951 3498 1033 banarei-rep
3538 951 3764 1017 utalia
3800 951 3868 1016 id

698 1099 909 1166 genus
932 1080 1121 1164 plura
1144 1099 1184 1145 e
1207 1096 1426 1163 graeea
1445 1078 1676 1161 lingua
1698 1076 1870 1162 apud
1894 1076 2108 1160 ipsum
2134 1074 2331 1159 petita
2354 1074 2864 1157 praetermittam.

776 1227 809 1269 a
841 1207 1169 1274 Postremo
1194 1206 1276 1272 ad
1302 1204 1727 1288 trangendam
1750 1202 2090 1271 sciolorum
2114 1199 2540 1284 quorumdam
2568 1198 2940 1279 audaciam,
2967 1199 3084 1284 qui
3110 1203 3185 1265 ut
3220 1217 3332 1266 eos
3364 1202 3517 1283 jure
3539 1201 3869 1285 increpant

699 1332 1027 1398 novissimi
1055 1332 1326 1398 editores
1352 1328 1641 1415 (Veneti),
1668 1331 2135 1396 Bonavcnturoe
2163 1327 2628 1394 commentaria
2665 1325 2946 1394 irrident
2964 1375 2986 1406 ,
3031 1331 3094 1393 et
3117 1330 3461 1409 respiciam
3504 1342 3585 1391 ea
3617 1329 3867 1395 ratione

698 1456 902 1539 ducti,
937 1456 1112 1542 quod
1151 1455 1401 1524 nudam
1438 1460 1503 1523 et
1538 1454 1981 1523 scholasticam
2017 1451 2462 1537 varrulitatcm
2497 1449 2829 1534 complecti
2865 1450 3132 1520 credant
3146 1472 3173 1523 .·
3206 1452 3567 1517 remiserim
3609 1450 3750 1517 illos
3787 1453 3868 1518 ad

705 1582 837 1668 (tot)
867 1581 1143 1649 illustres
1165 1583 1521 1667 scriptores,
1552 1581 1705 1666 (qui)
1738 1581 1905 1646 dicta
1928 1577 2395 1646 commentaria
2427 1581 2648 1642 nostro
2673 1576 2918 1641 Doctori
2944 1591 3078 1640 non
3111 1579 3364 1640 tantum
3392 1576 3729 1657 adserunt,
3758 1577 3868 1642 oed

702 1710 895 1777 etiam
932 1709 1073 1774 aliis
1106 1707 1596 1785 commendant3
1626 1706 1769 1772 heic
1803 1723 1961 1772 vero
2002 1705 2190 1771 unice
2233 1703 2576 1787 objecerim
2615 1700 3173 1786 praeclarissimum
3210 1701 3427 1767 virum
3463 1701 3870 1769 Franciscum

702 1834 1093 1917 Petrai-eam,
1119 1836 1226 1901 eui
1252 1834 1411 1901 adeo
1435 1833 1899 1900 Bonaventurae
1924 1849 2120 1916 opera
2161 1847 2295 1894 non
2327 1828 2738 1895 reddiderunt
2775 1828 3023 1896 nudam
3058 1835 3124 1896 et
3159 1829 3603 1898 scholasticam
3635 1846 3865 1916 yar-ru-

700 1960 976 2043 litatem,
1003 1964 1081 2027 ut
1105 1961 1271 2027 inter
1291 1962 1465 2027 viros
1484 1961 1709 2042 claros,
1737 1978 1814 2026 ac
1835 1958 2158 2044 principes
2180 1955 2519 2038 theologos
2540 1974 2625 2021 ex
2649 1954 2853 2037 Italia,
2881 1956 2996 2038 qui
3021 1954 3307 2020 studium
3325 1954 3677 2021 Parisiense
3699 1971 3868 2039 prae-

701 2088 888 2172 cipue
925 2087 1355 2167 illustrarunt,
1398 2085 1746 2153 nominarit
1759 2086 1781 2124 ¹
1807 2084 2064 2155 Petrum
2106 2081 2534 2151 lombardum
2579 2080 3064 2158 Novar-tensam,
3121 2078 3424 2147 Thomam
3460 2080 3542 2147 dc
3588 2082 3866 2164 Aquino,

702 2216 1213 2283 Beneventum-am
1237 2213 1317 2281 dc
1340 2213 1573 2281 Balneo
1608 2211 1823 2297 Reqio,
1850 2214 1973 2277 etc.
2010 2209 2366 2294 objecerim
2402 2225 2661 2292 quoque
2699 2205 3238 2271 absolutissimum
3277 2204 3599 2271 doctorem
3623 2205 3866 2272 theolo-

702 2357 863 2423 gum
889 2339 1198 2406 Joannem
1226 2337 1554 2422 Majorem,
1585 2337 1699 2421 qui
1726 2341 1868 2421 post
1892 2336 2224 2420 Huqonem
2246 2335 2459 2401 sancti
2491 2332 2799 2412 Victoris,
2829 2330 3315 2411 uinculorum,
3344 2333 3410 2396 et
3432 2334 3580 2397 ante
3608 2330 3872 2398 Richar-

701 2465 857 2533 dum
881 2465 1314 2545 maimonem,
1343 2466 1678 2534 Doctorcm
1704 2464 2020 2545 subtilem,
2047 2467 2110 2531 ct
2134 2461 2371 2541 Adam,
2396 2478 2777 2527 enumerare
2809 2460 2977 2524 inter
3003 2458 3323 2540 sapientes
3359 2474 3492 2523 non
3516 2456 3831 2525 dubitavit
3846 2468 3871 2503 ³

703 2593 1023 2662 Doctorem
1064 2592 1508 2676 seraphicum.
1560 2590 1708 2657 Illos
1750 2590 1968 2656 itidem
1982 2636 2002 2671 ,
2044 2589 2284 2673 quibus
2329 2585 2615 2653 doctrina
2661 2585 2865 2650 sancti
2909 2583 3400 2662 Bonaventurae,
3445 2583 3515 2647 in
3556 2583 3872 2666 praedictis

703 2717 1184 2785 Commentariis
1208 2721 1522 2795 eontenta,
1551 2733 1629 2782 eo
1654 2715 1916 2781 nomine
1941 2733 2073 2780 non
2100 2714 2437 2798 probatur,
2467 2712 2640 2797 quod
2672 2715 3005 2787 extraneas
3029 2710 3333 2795 quasdam
3356 2709 3592 2776 hahent
3616 2710 3870 2795 opinio-

703 2861 838 2923 nes,
869 2863 911 2909 a
931 2843 1260 2910 communi
1282 2843 1727 2925 theologorum
1754 2840 2065 2907 sententia
2096 2841 2354 2922 alienas,
2383 2836 2860 2906 mandaverim
2885 2835 2968 2902 ad
2988 2835 3249 2902 Petrum
3274 2835 3647 2919 Trigosum,
3675 2855 3717 2902 a
3741 2854 3869 2920 quo

706 2966 775 3031 in
819 2964 1194 3032 Praesatione
1248 2964 1536 3030 Summae
1578 2963 1955 3049 theologicas
1996 2963 2262 3046 egregie
2308 2963 2718 3029 confutantur
2736 3010 2757 3044 ,
2802 2979 3053 3027 necnon
3112 2961 3194 3026 ad
3242 2966 3568 3027 auctorem
3613 2961 3870 3046 Prologi

704 3092 986 3174 alterius,
1011 3090 1260 3178 praeflxi
1288 3091 1573 3158 Summae
1601 3090 1707 3158 Fr.
1737 3090 2033 3176 Raynerii
2057 3090 2138 3157 de
2163 3087 2345 3171 Pisis,
2374 3088 2612 3156 ordinis
2638 3087 3158 3172 Praedicatorum,
3191 3088 3306 3156 ubi
3334 3088 3607 3156 dieitur:
3648 3111 3682 3152 α
3705 3089 3872 3156 Con-

706 3225 802 3286 tra
827 3219 1257 3286 diversitatem
1287 3220 1664 3304 opinionum
1688 3214 2045 3303 sequuntur
2072 3217 2144 3283 in
2167 3217 2292 3283 hoe
2322 3234 2513 3301 opere
2540 3216 2871 3299 opiniones
2895 3216 3105 3300 magis
3136 3232 3543 3294 communes,
3571 3220 3638 3283 et
3661 3218 3869 3301 magis

704 3345 1067 3431 approbatae
1092 3364 1207 3430 per
1233 3344 1574 3414 Ecclesiam
1599 3344 1993 3422 catholicam,
2022 3343 2243 3428 quales
2264 3346 2417 3407 sunt
2438 3342 2507 3409 S.
2534 3341 2801 3409 Thomae
2825 3340 2907 3407 de
2928 3341 3207 3425 Aquino,
3232 3345 3296 3407 et
3320 3341 3599 3408 Doctoris
3622 3343 3870 3428 antiqui

704 3468 1050 3536 Alexandri
1074 3467 1154 3534 de
1180 3467 1351 3548 Ales,
1378 3471 1573 3551 atque
1592 3464 1873 3533 Doctoris
1905 3464 2230 3550 seraphici
2257 3465 2727 3532 Bonaventurae
2750 3467 3103 3548 cardinalis,
3128 3469 3244 3533 ete.

775 3696 793 3733 ί
819 3697 876 3746 ln
906 3694 1185 3759 invectiva,
1212 3693 1320 3746 sive
1355 3693 1508 3759 Epist.
1533 3698 1669 3747 cont.
1692 3694 1892 3746 Gallum
1917 3694 1985 3746 ad
2005 3695 2351 3761 Hugutionem
2373 3695 2437 3747 de
2456 3692 2681 3747 'I‘hienis-
2707 3719 2762 3732 ——
2784 3693 2806 3729 ¹
2830 3692 2990 3757 Sent„
3014 3693 3103 3746 lib.
3132 3695 3219 3758 lv,
3246 3693 3362 3746 dist.
3391 3705 3444 3754 x,
3469 3706 3521 3760 q.
3543 3704 3621 3754 ut,
3650 3692 3740 3745 tol.
3772 3695 3831 3744 50
3848 3728 3865 3755 ,

708 3775 827 3828 edit.
857 3775 1040 3828 Jodoci
1066 3774 1210 3828 Bedii
1233 3773 1488 3839 acontii,
1516 3778 1656 3826 ¹5¹9.
