4185 6288
172 5116 360 5163 Fundam

1321 410 1519 479 ms'r.
1561 409 1779 479 xvln.
1824 411 2131 477 Anax-n.
2177 410 2481 491 QUAEST.
2529 410 2639 478 111.

393 549 590 633 possit
614 549 832 616 vivere
852 567 875 632 3
903 554 967 615 et
992 550 1113 615 isto
1138 548 1331 615 modo
1372 566 1505 614 non
1541 549 1803 614 fuerunt
1824 565 1940 613 ne-

393 657 664 723 cessaria
682 657 915 723 merita
940 656 1210 734 christo,
1236 655 1423 738 quasi
1448 655 1542 721 eis
1575 656 1936 736 indigeret;

392 765 504 829 sed
523 768 676 829 sunt
701 763 1057 829 necessaria
1083 761 1289 826 nobis.
1320 762 1464 827 Alio
1495 762 1685 828 modo
1712 762 1944 828 dicitur

392 872 825 938 necessarium
865 887 950 934 ex
990 867 1370 933 sufficientia
1390 915 1410 947 ,
1442 868 1606 932 sicut
1651 885 1939 932 necessa-

394 978 568 1043 rium
599 982 696 1043 est
735 978 948 1042 lucem
990 975 1312 1058 copiosam
1339 974 1617 1040 diffundi
1651 994 1765 1057 per
1794 995 1943 1059 par-
1971 1011 1989 1031 ·

392 1088 487 1149 tes
523 1085 808 1151 diversas
850 1105 867 1148 ε
897 1089 961 1148 et
984 1083 1107 1146 hoc
1132 1081 1325 1146 modo
1362 1083 1794 1147 necessarium
1823 1083 1947 1148 fuit

393 1191 715 1256 Christum
747 1188 983 1255 mereri
1001 1237 1023 1269 ,
1050 1188 1205 1273 quia
1237 1206 1386 1252 cum
1422 1193 1586 1253 esset
1609 1191 1944 1254 conflrma-

394 1302 502 1362 tus
527 1299 596 1361 in
625 1298 797 1362 bono
814 1345 837 1376 ‚
880 1301 946 1361 et
971 1302 1136 1360 esset
1159 1295 1228 1359 in
1253 1299 1425 1360 stetu
1446 1295 1513 1358 in
1546 1313 1677 1378 quo
1698 1300 1947 1378 poterat

393 1405 649 1485 mereri,
690 1406 1118 1471 necoesarinm
1153 1408 1291 1470 erat
1321 1402 1645 1469 Christum
1668 1407 1823 1468 tunc
1848 1403 1945 1469 sa·-

393 1530 537 1577 cere
580 1529 731 1595 quae
773 1514 986 1577 essent
1028 1511 1157 1577 Deo
1201 1510 1433 1595 placita
1471 1514 1536 1575 et
1568 1529 1946 1576 remunera-

394 1621 569 1685 tione
601 1619 804 1702 digna
834 1640 852 1684 t
885 1618 1026 1683 ideo
1053 1621 1226 1702 patet
1257 1616 1429 1700 quod
1464 1635 1596 1683 non
1619 1621 1714 1682 est
1739 1618 1946 1683 simile

393 1725 473 1792 de
512 1725 821 1810 parvulis,
850 1725 965 1809 qui
1003 1728 1262 1809 propter
1298 1723 1849 1807 imperfectionem
1882 1727 1947 1791 et

393 1832 834 1917 impotentiam
868 1833 1303 1915 assequuntur
1337 1830 1613 1912 gloriam
1652 1849 1766 1913 per
1802 1849 1945 1895 me·-

394 1939 517 2003 rita
541 1939 773 2017 aliena,
805 1943 879 2004 ut
904 1957 1021 2023 per
1045 1939 1272 2004 merita
1297 1937 1575 2016 Christi,
1606 1937 1770 2002 sicut
1796 1956 1947 2003 con-

393 2045 664 2111 trahunt
686 2046 945 2130 culpam
969 2049 1228 2131 propter
1253 2048 1585 2128 peccatum
1617 2044 1809 2129 primi
1837 2064 1948 2128 pa·

396 2153 619 2217 rentis.

473 2263 534 2324 6.
562 2260 661 2325 Ad
687 2259 845 2325 illud
867 2259 1041 2344 quod
1064 2258 1384 2342 objicitur,
1412 2257 1585 2341 quod
1609 2257 1662 2322 si
1708 2258 1948 2323 meruit

394 2367 493 2432 sui
534 2367 817 2450 corporis
842 2365 1404 2449 {glorificationem
1423 2412 1442 2446 ,
1500 2364 1670 2449 quod
1720 2382 1948 2448 passus

393 2479 486 2540 est
504 2492 623 2558 pro
644 2492 736 2554 se,
756 2473 1104 2540 dicendum
1125 2472 1299 2557 quod
1324 2474 1452 2557 pati
1504 2491 1620 2556 pro
1645 2491 1714 2537 se
1740 2475 1949 2556 potest

397 2581 626 2667 aliquis
650 2582 988 2666 dupliciter
1015 2601 1033 2647 ε
1059 2584 1171 2646 aut
1197 2580 1287 2645 ita
1311 2579 1484 2663 quod
1513 2580 1754 2645 utilitas
1778 2598 1943 2664 pro-

398 2691 539 2774 pria
562 2690 730 2757 dicat
749 2690 948 2754 finem
987 2687 1421 2772 principaliter
1463 2692 1859 2768 moventem,
1885 2692 1947 2753 et

399 2795 521 2862 hoc
552 2798 745 2863 modo
774 2797 831 2860 si
862 2795 1148 2862 Christus
1194 2813 1419 2879 passus
1446 2795 1668 2860 ruisset
1708 2814 1828 2879 pro
1853 2814 1945 2877 se,

398 2905 615 2970 minus
641 2903 985 2969 liberaliter
1010 2920 1235 2986 passus
1263 2905 1446 2980 esset,
1471 2902 1816 2986 minusque
1847 2921 1951 2970 es·-

397 3030 614 3078 semus
636 3013 697 3079 ei
722 3011 987 3094 obligati
1014 3010 1464 3093 adgratiarum
1486 3011 1764 3076 actiones
1780 3031 1797 3092 ;
1815 3012 1946 3078 alio

397 3119 587 3185 modo
627 3121 777 3203 pati
805 3135 925 3203 pro
969 3135 1036 3186 ss
1088 3121 1294 3203 potest
1341 3117 1554 3184 dicere
1608 3117 1948 3184 utilitatem

396 3228 744 3310 propriam,
772 3245 906 3291 non
939 3225 1393 3310 {principaliter
1417 3230 1810 3308 moventem,
1838 3227 1951 3292 sed

397 3332 678 3415 quodam
699 3333 890 3398 modo
918 3333 1452 3398 concomitantem
1474 3336 1538 3398 et
1552 3350 1950 3416 consequen-

398 3442 550 3519 tem,
580 3444 646 3504 et
669 3440 794 3505 hoc
832 3438 1023 3505 modo
1050 3457 1187 3504 non
1213 3439 1519 3504 diminuit
1563 3440 1641 3506 de
1667 3440 1953 3506 liberali-

398 3551 525 3624 tate
574 3548 869 3613 beneficii
920 3568 938 3612 t
973 3551 1038 3612 et
1073 3547 1166 3612 sic
1207 3546 1495 3613 Christus
1548 3566 1776 3632 passus
1830 3549 1954 3612 fuit

399 3672 516 3738 pro
540 3672 632 3734 se,
663 3655 821 3738 qnia
843 3655 1140 3737 patiendo
1163 3654 1407 3737 aliquid
1432 3655 1680 3721 meruit
1704 3655 1852 3733 sibi,
1871 3655 1951 3719 li-

401 3766 499 3828 cet
522 3779 658 3825 non
680 3764 1008 3844 pateretur
1020 3765 1283 3845 propter
1300 3762 1712 3827 commodum
1730 3779 1949 3843 suum,

330 3936 333 3939 ,
401 3870 512 3935 sed
532 3875 789 3953 propter
813 3870 1120 3934 meritum
1136 3872 1432 3935 nostrum
1452 3887 1473 3933 ε
1493 3868 1631 3935 sine
1656 3869 1950 3953 passione

401 3979 578 4043 enim
598 3977 886 4043 Christus
911 3977 1332 4042 nihilominus
1361 3976 1586 4041 fuisset
1632 3978 1952 4058 gloriosus
1973 4046 1989 4063 ‚

402 4102 534 4150 non
562 4083 776 4149 solum
802 4084 874 4148 in
899 4084 1141 4164 anima,
1167 4082 1281 4147 sed
1323 4083 1518 4147 etiam
1543 4083 1613 4148 in
1640 4100 1950 4166 corpore;

401 4207 520 4257 nos
546 4209 703 4258 vero
744 4190 883 4255 sine
930 4190 1225 4274 passione
1267 4189 1584 4255 defectum
1630 4189 1956 4256 habuisse-

402 4316 552 4364 mus
598 4318 731 4364 non
786 4298 998 4363 solum
1053 4317 1138 4363 ex
1189 4302 1371 4382 parte
1413 4297 1673 4377 animas,
1720 4315 1953 4363 verum

402 4407 602 4473 etiam
623 4424 708 4471 ex
731 4409 913 4489 parte
935 4405 1240 4489 corporis,
1263 4405 1387 4470 nisi
1423 4403 1591 4471 Deus
1608 4404 1739 4471 aliow
1763 4404 1955 4472 modo

404 4513 825 4597 subvenisset.

922 4667 1281 4748 QUAESTlo
1321 4667 1431 4734 111.

475 4816 569 4871 An
607 4810 855 4871 Christus
899 4812 1159 4868 meruerit
1202 4809 1359 4868 nobis
1393 4809 1583 4881 januoe
1628 4808 1884 4884 paradisi

984 4902 1386 4974 apertionem&

486 5058 718 5126 Utrum
745 5058 1032 5124 Christus
1056 5058 1367 5123 meruerit
1389 5056 1576 5122 nobis
1594 5058 1815 5140 Januae
1846 5072 1957 5138 pa-

410 5166 599 5232 radisi
623 5166 1064 5251 apertionem;
1098 5169 1166 5231 et
1183 5164 1356 5249 qmd
1381 5165 1495 5244 sic,
1522 5163 1780 5230 videtur
1808 5166 1956 5228 auc-

472 5326 587 5377 ¹Ale
561 5340 642 5376 ex.
665 5326 885 5386 AlensiS,
899 5340 951 5390 p.
971 5326 1057 5389 ill,
1084 5340 1135 5391 q.
1157 5337 1286 5388 xvu,
1303 5324 1495 5375 memb.
1516 5326 1565 5389 4,
1582 5326 1681 5374 art.
1700 5325 1749 5386 2,
1777 5323 1953 5387 parag.

409 5393 1953 5461 s;s.·rhom.,1usm.,dist.xvm‚ms,q.;1nithard„

3477 417 3595 479 399

2049 546 2304 613 toritate
2355 545 2708 631 Augustini
2745 564 2942 630 super
2976 546 3308 631 epistolam
3348 546 3441 613 ad
3468 547 3596 614 He·

2049 653 2248 722 broeos
2287 673 2311 721 .·
2340 678 2372 716 α
2398 653 2520 720 Per
2544 655 2736 720 aliam
2759 654 3036 719 hostiam
3094 672 3228 718 non
3253 654 3461 737 potuit
3480 672 3602 721 uo-

2048 761 2149 827 bis
2194 762 2427 845 aperiri
2481 762 2715 841 aditus,
2771 765 2838 824 et
2883 760 3026 824 fleri
3075 760 3272 836 salus,
3308 760 3431 824 nisi
3485 779 3603 845 per

2050 873 2324 933 mortem
2348 869 2703 952 Unigeniti,
2733 868 2838 933 cui
2889 872 3068 934 tanta
3109 868 3234 933 ruit
3270 869 3601 935 humilitas

2050 981 2116 1041 et
2141 977 2466 1060 patientia,
2495 982 2570 1041 ut
2584 978 2728 1060 eJus
2753 976 2983 1041 merito
3012 979 3259 1060 pateret
3281 977 3598 1043 credenti·-

2050 1084 2176 1150 bus
2199 1084 2270 1148 in
2297 1101 2449 1149 eum
2469 1084 2684 1148 aditus
2708 1082 2923 1165 regni.
2953 1105 2986 1143 e

2134 1191 2291 1255 Item
2348 1191 2473 1255 hoc
2505 1189 2760 1256 videtur
2806 1190 3180 1255 auctoritate
3217 1189 3506 1273 Magistri
3533 1191 3604 1259 in

2048 1296 2259 1362 littera
2306 1314 2324 1361 z
2376 1320 2408 1358 α
2461 1296 2688 1362 Christi
2741 1297 3092 1378 humilitas,
3149 1317 3282 1381 qua
3325 1303 3600 1365 mortem

2051 1403 2360 1485 gustavit,
2389 1403 2756 1485 ingressum
2784 1403 2973 1485 regni
3000 1403 3269 1469 coelestis
3299 1405 3603 1472 omnibus

2051 1511 2210 1588 suis,
2259 1510 2524 1594 impleto
2570 1509 2681 1575 Dei
2729 1510 3005 1588 decret0,
3034 1510 3283 1593 aperire
3309 1511 3533 1578 valuit.
3562 1534 3596 1574 n

2053 1616 2237 1695 Quod
2263 1617 2319 1681 si
2346 1636 2577 1683 verum
2603 1620 2721 1698 est,
2751 1616 2913 1682 redit
2940 1617 3112 1683 idem
3130 1619 3301 1702 quod
3318 1619 3520 1702 prius.

2136 1723 2294 1789 ltem
2338 1722 2556 1789 nullus
2608 1723 2908 1794 introibat
2949 1724 3212 1806 coelum,
3257 1731 3604 1811 antequam

2054 1831 2339 1897 Christus
2377 1833 2700 1913 pateretur
2749 1834 2815 1895 et
2857 1836 3255 1912 moreretur;
3310 1834 3421 1899 sed
3462 1832 3607 1899 des·

2052 1937 2360 2004 cendebat
2384 1937 2464 2002 ad
2491 1937 2814 2022 lymhum,
2861 1939 3031 2003 sicut
3076 1942 3251 2022 patet
3277 1959 3392 2023 per
3420 1945 3608 2008 vetus

2050 2045 2532 2111 Testamentum
2584 2067 2601 2111 t
2630 2046 2744 2111 sed
2785 2044 2978 2111 modo
3014 2046 3417 2113 ascendunt:
3446 2063 3607 2129 ergo

2053 2154 2310 2220 videtur
2358 2153 2536 2237 quod
2593 2152 2783 2219 modo
2833 2156 3055 2237 aperta
3101 2152 3185 2218 sit
3225 2154 3434 2236 janua
3492 2171 3608 2238 per

2054 2260 2283 2326 Christi
2308 2261 2637 2325 meritum.
2735 2283 2744 2291 ·

2138 2365 2317 2445 Item,
2349 2367 2403 2430 si
2428 2367 2611 2432 aliter
2628 2385 2824 2450 quam
2855 2386 2968 2449 per
2997 2367 3222 2432 Christi
3240 2367 3468 2434 merita
3488 2387 3607 2452 po-

2052 2473 2400 2539 tuissemus
2422 2472 2686 2539 introire
2723 2474 2803 2539 ad
2823 2473 3098 2555 gloriam
3124 2475 3422 2557 paradisi,
3447 2494 3607 2558 ergo

2052 2580 2193 2646 sine
2218 2585 2424 2645 morte
2451 2585 2514 2645 et
2541 2581 2831 2664 passione
2857 2580 3086 2646 Christi
3101 2581 3450 2664 {possemus
3474 2582 3606 2649 sal-

2055 2688 2197 2754 vari
2228 2711 2246 2752 2
2279 2692 2344 2753 et
2371 2688 2424 2751 si
2450 2688 2596 2764 hoc,
2626 2706 2784 2770 ergo
2807 2687 3097 2753 Christus
3117 2692 3414 2755 mortuus
3439 2692 3609 2756 esset

2054 2797 2306 2879 gratis:
2341 2797 2514 2880 quod
2553 2796 2607 2860 si
2633 2798 2755 2863 hoc
2772 2802 2868 2863 est
2892 2798 3376 2878 inconveniens,
3413 2801 3608 2864 restat

2054 2904 2229 2988 quod
2254 2922 2386 2968 non
2401 2904 2525 2969 fuit
2546 2908 2767 2988 aperta
2782 2906 2986 2989 janua
3009 2904 3309 2988 paradisi,
3339 2904 3465 2970 nisi
3490 2923 3607 2989 per

2059 3012 2288 3077 merita
2313 3011 2567 3078 Christi.

2138 3119 2261 3187 Sed
2297 3123 2667 3187 contra-1.
2721 3118 2790 3185 Si
2830 3118 3118 3186 Christus
3154 3119 3397 3187 meruit
3422 3119 3605 3187 nobis

2058 3229 2457 3312 apertionem
2491 3230 2712 3312 J'anuae
2741 3227 3058 3312 paradisi,
3090 3233 3204 3293 aut
3231 3247 3389 3311 ergo
3414 3247 3600 3313 para·

2056 3335 2179 3399 disi
2199 3335 2542 3413 terrestris,
2573 3338 2687 3400 aut
2712 3335 2987 3400 coelestis
3023 3353 3040 3399 z
3074 3335 3350 3419 paradisi
3374 3341 3604 3401 terres-

2057 3442 2173 3506 tris
2199 3461 2355 3524 non,
2402 3443 2558 3526 qnia
2598 3442 2940 3507 morientes
2983 3460 3112 3507 non
3153 3442 3608 3524 ingrediuntur

2057 3550 2232 3628 illuc,
2278 3555 2340 3615 et
2376 3555 2710 3634 propterea
2750 3548 2969 3616 Enoch
2993 3553 3057 3615 et
3097 3547 3307 3614 Helias
3330 3549 3608 3631 ingressi

2057 3659 2319 3723 fuerunt
2343 3661 2492 3722 ante
2520 3657 2750 3724 Christi
2778 3658 3166 3737 adventum;
3198 3657 3475 3740 paradisi
3488 3675 3611 3722 coe·

3658 3151 3723 3193 Ad
3742 3163 3844 3208 opp.

2057 3765 2233 3830 lestis
2252 3782 2419 3846 non,
2449 3764 2760 3848 quoniam
2783 3765 2854 3828 in
2867 3763 3027 3829 coelo
3058 3762 3235 3828 nulla
3261 3762 3382 3827 fuit
3403 3763 3608 3848 posita
3736 3760 3743 3768 ’

2059 3872 2365 3951 custodia,
2428 3870 2533 3938 vel
2584 3871 2917 3949 clausura,
2899 3893 2914 3907 ·
2975 3869 3171 3934 homo
3229 3870 3402 3935 enim
3476 3889 3611 3936 non

2059 3981 2182 4046 fuit
2215 3981 2294 4045 de
2332 3997 2412 4044 eo
2455 3980 2734 4062 ejectus:
2773 3996 2937 4059 ergo
2988 3995 3122 4042 nou
3147 3978 3402 4045 videtur
3437 3977 3611 4061 quod

2058 4105 2176 4171 per
2218 4086 2464 4152 merita
2471 4086 2697 4152 Christi
2738 4087 2823 4150 sit
2859 4087 3080 4170 aperte
3105 4086 3315 4168 janua
3339 4085 3612 4169 alicujus

2060 4193 2364 4277 paradisi.

2142 4299 2419 4378 2.1tem‚
2458 4300 2517 4364 si
2542 4297 2831 4364 Christus
2859 4298 3110 4382 aperuit
3131 4299 3316 4364 nobis
3337 4300 3608 4382 januam

2059 4407 2307 4473 meritis
2332 4407 2489 4488 suis,
2516 4410 2631 4471 aut
2652 4422 2813 4488 ergo
2837 4398 3066 4471 merito
3110 4405 3467 4486 actionumf,
3498 4408 3612 4471 aut

2058 4514 2294 4580 merito
2318 4513 2725 4597 passionum:
2750 4513 2805 4579 si
2822 4512 3054 4577 merito
3080 4513 3428 4593 actionum,
3448 4531 3609 4595 ergo

2060 4621 2316 4686 videtur
2356 4619 2531 4703 quod
2568 4619 2805 4685 fnistm
2841 4619 3036 4685 ruerit
3071 4637 3298 4703 passus
3311 4667 3332 4701 ,
3369 4638 3453 4686 ex
3477 4636 3610 4703 quo

2059 4723 2340 4789 actiones
2373 4739 2512 4789 suae
2545 4720 2947 4789 sufficiebant
2980 4727 3297 4805 quantum
3341 4724 3421 4787 ad
3466 4740 3610 4787 me·-

2060 4831 2295 4909 ritum;
2355 4830 2414 4895 si
2451 4829 2876 4914 passionibus,
2927 4847 3086 4910 ergo
3137 4828 3393 4895 videtur
3434 4829 3610 4913 quod

2062 4928 2347 5005 Christus
2374 4936 2712 5021 profecerit
2736 4936 3151 5020 quantumad
3177 4938 3506 5007 meritum.

2144 5051 2206 5112 3.
2239 5045 2402 5112 Item
2426 5063 2618 5112 omne
2636 5044 2946 5113 meritum
2971 5045 3259 5110 consistit
3300 5045 3372 5111 in
3397 5043 3611 5111 radice

2062 5151 2427 5219 charitatis:
2457 5156 2523 5220 et
2540 5152 2814 5221 charitas
2839 5152 2910 5217 in
2932 5151 3179 5221 Christo
3201 5170 3336 5221 non
3362 5152 3564 5221 crevit
3587 5174 3609 5221 ε

2064 5320 2133 5369 111
2164 5319 2304 5381 Sent,
2329 5317 2450 5372 dist,
2476 5328 2628 5378 xvm,
2648 5320 2746 5367 art.
2777 5320 2826 5380 2,
2855 5330 2907 5382 q.
2937 5327 2996 5367 ιιι
3006 5333 3023 5381 ;
3054 5318 3341 5382 Stephanus
3380 5317 3572 5370 nruref.
3598 5357 3614 5386 ‚

2066 5391 2130 5441 111
2152 5390 2313 5452 Sem„
2337 5390 2458 5441 dist.
2487 5399 2640 5452 xvm,
2667 5402 2726 5453 q.
2754 5399 2826 5440 vi.
