4185 6288
1230 459 1425 527 ols‘r.
1463 456 1620 525 XIV.
1664 453 1847 522 ΛΒΤ.
1891 453 1971 518 11.
2011 449 2314 530 QUAEST.
2359 447 2408 516 1.

250 631 346 697 per
369 611 660 692 aliquam
706 599 1107 668 influentiam
1144 594 1246 662 vel
1289 593 1773 678 impressionem

250 721 433 803 ipsius
469 709 908 797 cognomentis
942 707 1012 770 in
1045 704 1501 787 cognoscibile,
1537 702 1648 766 sed
1679 717 1776 764 so·

250 828 366 891 lum
427 842 545 908 per
596 817 945 903 quamdam
1012 812 1481 896 protensionem
1538 828 1556 873 z
1614 808 1778 872 sicut

251 934 419 997 etiam
451 932 627 1012 patet
643 927 710 989 in
735 922 1090 999 dilectione,
1116 937 1267 983 cum
1295 936 1442 982 amo
1467 916 1775 999 aliquem,

249 1042 449 1106 anima
465 1034 743 1101 amando
761 1032 979 1113 aliquo
993 1028 1183 1092 modo
1196 1027 1333 1107 agit
1348 1048 1365 1103 ;
1388 1024 1549 1088 nihil
1565 1026 1778 1087 tamen

250 1144 529 1211 influitin
569 1145 882 1214 amatum,
913 1155 1030 1200 nec
1058 1136 1358 1198 dilectum
1385 1130 1626 1215 aliquid
1659 1148 1779 1212 pa-

251 1254 419 1329 titur,
448 1250 555 1314 vel
591 1246 811 1329 recipit
844 1245 925 1309 ab
951 1247 1229 1307 amante.
1271 1240 1376 1305 Sic
1417 1237 1781 1318 intelligen-

249 1363 390 1427 dum
415 1365 516 1424 est
541 1358 612 1421 in
639 1354 1026 1437 cognitione.
1071 1349 1396 1422 Similiter,
1438 1364 1588 1411 cum
1624 1344 1784 1409 dici-

252 1486 384 1532 mus
437 1466 760 1528 visionem
811 1463 946 1524 sive
999 1457 1433 1540 cognitionem
1488 1452 1703 1531 pertici
1744 1470 1784 1514 a

247 1574 512 1656 iudicio,
547 1568 887 1635 dicendum
931 1565 1102 1649 quod
1138 1581 1366 1627 verum
1407 1564 1526 1638 est;
1568 1559 1677 1623 sed
1705 1556 1785 1621 ad

253 1682 363 1746 hoc
388 1679 563 1764 quod
591 1678 923 1740 videamus
942 1674 1165 1752 Deum,
1186 1688 1318 1734 non
1345 1671 1593 1751 oportet
1613 1664 1786 1748 quod

253 1789 321 1852 de
351 1790 488 1871 ipso
505 1786 871 1869 judicemus
897 1783 968 1846 in
993 1800 1092 1860 se,
1123 1779 1232 1844 sed
1262 1775 1497 1841 sufficit
1543 1773 1623 1838 ad
1661 1772 1789 1836 cla-

255 1914 382 1959 ram
412 1894 733 1957 visionem
760 1890 840 1953 ab
873 1889 1011 1973 ipso
1043 1888 1214 1952 fonte
1248 1881 1513 1949 luminis
1547 1877 1790 1943 illumi-

257 2004 408 2077 nari,
440 2006 503 2065 et
526 1999 964 2065 illuminatum
982 1995 1246 2061 oculum
1271 1992 1464 2055 etiam
1490 1990 1559 2052 in
1577 1988 1791 2070 ipsum

259 2109 622 2192 protendere
647 2104 976 2182 intuendo,
1007 2108 1069 2168 et
1093 2102 1381 2185 ,iudicare
1407 2097 1486 2162 de
1526 2097 1663 2179 ipso
1689 2096 1790 2157 in-

259 2217 436 2296 tuitu,
463 2233 618 2279 cum
652 2231 785 2278 non
817 2212 1012 2294 possit
1049 2210 1363 2290 attingere
1404 2205 1484 2269 ad
1526 2203 1682 2282 hoc,
1721 2206 1796 2267 ut

258 2325 750 2407 deipsasumma
763 2319 1028 2384 veritate
1040 2311 1796 2399 judicet,sedsecundum

262 2431 452 2514 ipsam
471 2428 720 2512 judicet
741 2427 957 2490 anima
990 2425 1070 2489 de
1099 2423 1307 2505 seipsa
1337 2423 1402 2484 et
1434 2420 1513 2483 de
1539 2437 1657 2484 sua
1695 2436 1798 2482 co-

261 2540 537 2620 gnitione
569 2560 582 2601 :
615 2536 777 2600 nihil
805 2538 1020 2599 tamen
1056 2532 1319 2615 impedit
1352 2530 1570 2610 aliquo
1607 2527 1797 2593 modo

261 2647 616 2731 accipiendo
637 2644 976 2726 iudicium,
1002 2640 1356 2706 secundum
1383 2637 1556 2720 quod
1579 2635 1794 2719 requi-

262 2756 422 2819 ritur
445 2754 527 2820 ad
545 2753 884 2830 visionem,
912 2750 1074 2834 quin
1095 2748 1291 2832 possit
1312 2745 1596 2822 concedi,
1628 2743 1800 2827 quod

264 2863 467 2926 anima
523 2862 711 2925 beata
757 2857 1102 2923 certissime
1153 2854 1393 2937 judicet
1443 2851 1601 2916 illud
1667 2869 1802 2915 esse

266 2986 586 3034 summum
637 2968 885 3042 lumen,
940 2964 1110 3048 quod
1161 2964 1474 3039 intuetur,
1515 2959 1678 3024 sicut
1736 2958 1804 3022 in

268 3077 466 3159 primo
491 3077 659 3142 libro
687 3076 704 3110 ¹
736 3075 856 3138 fuit
876 3073 1194 3137 habitum.
1228 3068 1304 3132 Et
1347 3067 1503 3132 huic
1550 3085 1681 3131 non
1707 3085 1806 3131 re-

267 3189 508 3266 pugnat
534 3184 810 3249 verbum
839 3179 1187 3261 Augustini
1240 3195 1257 3239 ι
1302 3181 1803 3258 quantumcum-

264 3307 388 3371 que
416 3290 589 3355 enim
610 3289 748 3353 sive
776 3287 1070 3365 intuitus,
1099 3286 1236 3349 sive
1253 3285 1572 3367 judicium
1597 3284 1807 3349 videa·

266 3402 370 3462 tur
393 3400 461 3463 in
509 3417 577 3462 se
629 3397 866 3461 habere
910 3399 1208 3459 naturam
1256 3392 1553 3472 actionis3
1591 3395 1807 3457 tamen

265 3512 550 3590 respectu
579 3505 782 3570 divini
808 3502 1091 3581 luminis,
1122 3522 1161 3567 a
1186 3520 1317 3585 quo
1361 3504 1681 3579 causatur,
1715 3504 1810 3565 est

268 3614 466 3695 passio
492 3617 558 3678 et
582 3612 870 3677 effectus.
909 3608 1087 3674 Unde
1109 3610 1298 3692 ‚quod
1339 3610 1554 3674 anima
1598 3609 1810 3673 videat

269 3718 464 3784 Deum
488 3721 559 3783 in
587 3737 679 3797 se,
711 3717 834 3782 hoc
876 3734 1007 3780 non
1043 3720 1137 3780 oet
1173 3716 1326 3799 quia
1357 3717 1574 3781 anima
1614 3716 1812 3800 possit

270 3846 459 3910 supra
499 3828 726 3902 Deum,
773 3824 884 3889 sed
937 3823 1146 3906 magis
1190 3824 1363 3907 quod
1411 3824 1578 3889 Deus
1616 3824 1814 3908 possit

268 3951 460 4017 supra
480 3936 722 4017 ipsam;
780 3931 936 3996 adeo
971 3935 1045 3995 ut
1095 3931 1313 3994 anima
1361 3950 1474 4014 per
1523 3931 1811 3996 divinam

270 4043 612 4123 potentiam
639 4045 701 4106 et
731 4037 1131 4104 influentiam
1161 4039 1448 4104 elevetur
1485 4058 1681 4122 supra
1706 4040 1812 4122 ip-

274 4166 429 4214 sam.
459 4150 609 4214 Haec
637 4152 854 4212 autem
877 4166 1024 4229 quse
1076 4147 1243 4211 dicta
1285 4150 1436 4211 sunt
1479 4147 1558 4210 de
1596 4147 1814 4211 anima

273 4255 495 4322 Christi
552 4255 937 4339 generaliter
950 4304 971 4334 ,
1008 4255 1224 4338 valent
1264 4254 1346 4319 ad
1393 4253 1812 4337 quaestionem

272 4362 355 4427 de
376 4364 617 4429 visione
646 4362 756 4427 Dei
789 4381 807 4426 τ
839 4359 1127 4427 similiter
1152 4378 1303 4444 quae.
1338 4364 1717 4444 sequuntur.

732 4606 1216 4679 ARTICULUS
1263 4610 1346 4678 II.

390 4789 845 4873 Consequenter
896 4790 1212 4872 quaeritur
1268 4792 1348 4855 de
1403 4792 1771 4873 cognitione
1793 4844 1813 4875 ,

276 4914 469 4978 quam
517 4899 738 4963 anima
786 4896 1015 4960 Christi
1054 4897 1284 4961 babuit
1329 4898 1397 4961 in
1440 4896 1648 4963 Verbo
1679 4923 1697 4978 ;
1755 4905 1818 4965 et

275 5001 445 5066 eirca
479 5004 600 5068 hoc
627 5008 1014 5087 quaeruntur
1055 5005 1226 5068 tria:
1258 5004 1466 5087 primo
1505 5007 1819 5088 quaeritur

277 5113 500 5174 utrum
544 5111 771 5177 eodem
797 5111 1023 5175 habitu
1053 5116 1394 5193 cognoscat
1420 5111 1725 5195 Verbum,
1757 5119 1821 5180 et

355 5304 373 5339 ¹
396 5306 511 5359 Dist.
542 5321 620 5360 111.
639 5337 702 5348 —-
729 5312 753 5347 ¹
779 5309 861 5372 Cf.
896 5311 948 5360 S.
979 5309 1179 5371 Thom„
1207 5325 1259 5375 p.
1282 5310 1367 5373 Ill,
1396 5326 1447 5377 q.
1480 5325 1531 5376 x,
1559 5320 1655 5366 art.
1685 5318 1745 5380 23
1771 5322 1825 5370 et

285 5375 358 5425 ul
401 5379 547 5445 Seni„
583 5382 701 5432 dist.
739 5391 849 5443 XIV,
890 5395 941 5445 q.
981 5394 1020 5444 1,
1049 5386 1143 5433 art.
1171 5386 1217 5448 1,
1246 5397 1298 5447 q.
1339 5394 1426 5445 1v;
1454 5387 1505 5434 et
1536 5384 1598 5434 de
1650 5386 1822 5452 Ver-it„

278 5461 342 5511 q.
371 5458 471 5514 vu1,
492 5456 585 5503 art.
613 5457 640 5503 ⁴
654 5469 671 5517 ;
701 5452 961 5517 Richard„
992 5453 1009 5501 1
1019 5455 1056 5503 ll
1079 5454 1239 5520 Seru„
1268 5454 1386 5505 dist.
1409 5467 1516 5520 xiv,
1540 5462 1633 5511 art.
1655 5461 1759 5523 2,q.
1781 5472 1818 5524 1,·

3298 451 3415 518 3οΓ1

1879 588 2005 653 alia
2055 587 2127 651 in
2180 585 2389 651 Verbo
2425 607 2443 662 ;
2496 584 2772 649 secundo
2827 586 3146 667 quaeritur
3194 587 3420 651 utrum

1880 700 2098 765 anima
2139 698 2366 762 Christi
2408 695 2748 778 cognoscat
2773 700 2917 761 actu
2945 697 3013 759 in
3039 695 3247 762 Verbo
3273 716 3422 781 quae

1883 806 2212 888 cognoscit
2250 805 2475 869 habitu
2494 827 2511 883 ;
2542 805 2726 886 tertio
2769 805 3084 887 quaeritur
3108 809 3330 869 utrum
3356 805 3426 869 in

1883 915 2090 980 Verbo
2116 917 2336 978 noscat
2352 912 2571 977 omnia
2595 929 3020 995 quaecumque
3056 912 3239 977 novit
3267 911 3427 977 Ver-

1886 1024 2067 1087 bum.

2433 1098 2794 1177 QUAESTIO
2837 1099 2887 1163 I.

1958 1230 2052 1284 An
2079 1231 2267 1284 anima
2303 1227 2504 1284 Christi
2543 1225 2724 1281 eadem
2750 1225 3054 1294 coquitione
3082 1228 3360 1294 009th

2179 1316 2408 1373 Verbum
2427 1356 2445 1382 ,
2474 1319 2525 1371 et
2545 1314 2691 1370 alias
2716 1328 2797 1370 res
2819 1316 2880 1369 in
2914 1313 3086 1370 Verbo
3104 1315 3146 1369 ².

1973 1456 2202 1521 Utrum
2245 1454 2464 1519 anima
2508 1451 2735 1517 Christi
2776 1451 2999 1516 eadem
3042 1451 3430 1531 cognitione,
3463 1498 3675 1546 Fmdm

1892 1583 2023 1648 qua
2065 1563 2394 1644 cognoscit
2417 1560 2701 1625 Verbum
2719 1608 2742 1638 ,
2773 1562 3117 1639 cognoscat
3142 1558 3295 1622 alias
3335 1575 3439 1622 res
3512 1641 3516 1645 ι

1895 1672 1965 1736 in
1991 1670 2239 1746 Verbo;
2275 1674 2338 1733 et
2368 1668 2537 1750 quod
2578 1665 2838 1743 eadem,
2869 1665 3148 1729 videtur.
3181 1666 3441 1745 Augus-

1893 1783 2107 1862 tinus,
2140 1798 2333 1863 super
2379 1781 2669 1847 Genesim
2724 1777 2813 1844 ad
2859 1779 3170 1856 litteram,
3229 1776 3380 1842 dicit
3395 1777 3439 1855 ⁸,

1896 1889 2068 1972 quod
2115 1888 2332 1969 angeli
2359 1887 2689 1970 tripliciter
2714 1887 3163 1967 cognoverunt
3187 1902 3310 1961 reS,
3340 1884 3447 1947 vi-
3465 1957 3489 1982 ο

1898 2000 2119 2066 delicet
2157 2001 2225 2062 in
2251 1998 2483 2077 Verbo,
2530 1998 2599 2061 in
2644 1997 2887 2079 seipsis„
2931 1996 3000 2059 in
3031 1995 3289 2079 proprio
3326 2014 3445 2076 ge-

1899 2127 2094 2173 nere:
2140 2124 2300 2188 ergo
2345 2106 2662 2186 cognitio,
2697 2123 2895 2187 quam
2943 2103 3213 2185 angelus
3256 2103 3448 2167 habet

1901 2220 1971 2283 in
2008 2217 2218 2283 Verbo
2261 2218 2338 2283 de
2379 2236 2487 2297 re,
2519 2216 2809 2281 distincta
2862 2219 2955 2279 est
2998 2235 3037 2278 a
3082 2214 3448 2296 cognitione

1904 2344 2101 2409 quam
2133 2324 2638 2406 angelushabet
2686 2323 2764 2387 de
2807 2342 2878 2386 re
2919 2323 2986 2386 in
3038 2323 3241 2406 seipso
3276 2345 3291 2386 :
3342 2323 3449 2388 sed

1905 2434 2178 2514 angelus
2218 2433 2287 2495 in
2328 2433 2532 2514 seipso
2562 2431 2887 2511 cognoscit
2909 2449 3010 2494 res
3038 2448 3151 2512 per
3176 2430 3450 2512 speciem

1906 2540 2190 2623 aliquam
2202 2539 2321 2603 sibi
2336 2539 2580 2602 datam:
2600 2555 2761 2618 ergo
2788 2537 3043 2601 videtur
3068 2537 3236 2620 quod
3258 2555 3334 2601 ea
3350 2555 3453 2601 co-

1873 2735 1878 2743 ·
1907 2649 2238 2730 gnitione,
2278 2665 2427 2730 quae
2457 2651 2551 2711 est
2580 2646 2649 2710 in
2684 2644 2914 2722 Verbo,
2954 2651 3297 2728 cognoscat
3322 2665 3449 2725 res,

1908 2774 2041 2820 non
2069 2756 2388 2821 mediante
2415 2754 2631 2836 aliqua
2663 2751 3085 2816 similitudine
3109 2753 3310 2836 ipsius
3333 2753 3450 2835 rei,

1910 2868 2145 2947 praeter
2171 2863 2345 2926 illam
2373 2879 2518 2944 quae
2542 2860 2733 2924 estin
2760 2858 2965 2925 Verbo
2995 2876 3012 2920 :
3048 2878 3208 2941 ergo
3234 2859 3455 2924 eadem

1912 2971 2299 3052 cognitione,
2330 2987 2458 3051 qua
2485 2967 2815 3048 cognoscit
2858 2965 3176 3046 Verbum,
3214 2985 3453 3048 cogno-

1912 3080 2031 3143 scit
2058 3097 2197 3142 rem
2217 3077 2409 3142 aliam
2439 3075 2507 3139 in
2538 3075 2767 3140 Verbo.

1995 3187 2154 3253 Item
2177 3236 2194 3264 ,
2227 3185 2508 3250 Verbum
2548 3188 2642 3248 est
2682 3182 3003 3248 sufficiens
3027 3183 3188 3248 ratio
3218 3200 3456 3266 cogno-

1915 3296 2130 3360 scendi
2149 3294 2366 3360 omnia
2379 3294 2501 3358 alia
2520 3312 2559 3357 a
2572 3291 2799 3371 Verb0,
2817 3297 2882 3356 et
2898 3296 3203 3374 tanquam
3230 3311 3453 3356 exem-

1916 3404 2054 3486 plar
2086 3407 2184 3467 est
2206 3402 2367 3467 ratio
2393 3401 2815 3482 cognoscendi
2842 3401 3313 3483 exemplatum:
3344 3402 3454 3465 sed

1916 3527 2299 3591 cognoscere
2344 3509 2764 3574 sufficientem
2810 3509 3122 3572 rationem
3176 3508 3455 3589 alteriue,

1917 3618 2039 3681 hoc
2081 3634 2215 3680 non
2261 3618 2355 3679 est
2398 3616 2570 3679 aliud
2613 3634 2811 3699 quam
2839 3633 3222 3697 cognoscere
3254 3615 3460 3699 ipsam

1918 3738 2087 3800 rem;
2119 3720 2341 3784 eadem
2358 3720 2533 3784 enim
2549 3725 2643 3784 est
2664 3720 2939 3785 conditio
2962 3721 3041 3802 (a)
3064 3719 3330 3784 rationis
3348 3739 3460 3785 co-

1922 3826 2309 3909 gnoscendi,
2342 3831 2406 3890 et
2445 3826 2648 3908 ipsius
2689 3827 2783 3891 rei
2813 3827 3126 3908 cognitae:
3165 3845 3322 3909 ergo
3349 3846 3456 3892 ea·

1919 3935 2065 3999 dem
2103 3933 2472 4014 cognitione
2494 3982 2510 4013 ‚
2542 3952 2670 4015 qua
2696 3934 2912 3998 anima
2940 3934 3267 4014 cognoscit
3308 3932 3461 3998 Ver·

1921 4043 2113 4121 bum,
2136 4041 2462 4123 cognoscit
2488 4059 2589 4106 res
2616 4042 2769 4105 alias
2792 4061 2831 4105 a
2857 4040 3085 4106 Verbo.

2005 4150 2163 4214 Item
2233 4148 2462 4212 melius
2512 4148 2919 4230 cognoscitur
2974 4166 3076 4212 res
3130 4146 3199 4210 in
3244 4145 3462 4211 divino

1925 4256 2298 4338 exemplari,
2325 4273 2522 4337 quam
2551 4259 2972 4336 cognoscatur
2992 4253 3062 4317 in
3090 4271 3197 4317 se:
3230 4254 3463 4318 melius

1924 4362 2118 4427 etiam
2165 4360 2577 4442 cognoscitur
2612 4378 2728 4442 per
2772 4360 3068 4425 divinum
3112 4360 3458 4442 exemplar,

1924 4488 2122 4552 quam
2152 4472 2570 4549 cognoscatur
2605 4485 2719 4550 per
2744 4467 3068 4549 propriam
3094 4465 3464 4531 similitudi-

1924 4595 2075 4655 nem
2100 4594 2119 4639 2
2141 4575 2251 4639 sed
2268 4574 2489 4639 eadem
2509 4573 2893 4655 cognitione,
2911 4592 3038 4656 qua
3061 4573 3206 4656 quis
3226 4590 3466 4654 cogno-

1923 4684 2041 4748 scit
2063 4682 2545 4747 similitudinem
2571 4682 2687 4761 rei,
2718 4681 3044 4762 cognoscit
3061 4681 3265 4762 ipsam
3287 4697 3457 4744 rem:

1923 4808 2104 4871 erg0,
2135 4793 2252 4855 etc.

2007 4896 2166 4961 Item
2191 4943 2209 4972 ,
2239 4895 2294 4958 si
2319 4894 2668 4960 similitudo
2712 4895 2805 4958 rei
2853 4895 2923 4958 in
2977 4894 3234 4977 speculo
3283 4894 3462 4959 nullo

1924 5005 2118 5069 modo
2145 5004 2427 5069 differret
2452 5005 2533 5069 ab
2560 5005 2696 5087 ipso
2710 5003 2987 5085 speculo,
3006 5003 3227 5068 eadem
3252 5002 3466 5083 cogni-

1927 5117 2100 5181 tione
2143 5134 2271 5199 qua
2303 5119 2794 5197 cognosceretur
2844 5115 3056 5207 ipsqm
3108 5114 3461 5197 speculum,

1932 5228 2419 5306 cognosceretur
2469 5226 2605 5307 ipsa
2651 5223 2995 5288 similitudo
3041 5223 3158 5303 rei,
3216 5226 3279 5286 et
3330 5222 3468 5305 ipsa

1935 5389 2109 5452 Steph.
2142 5386 2349 5452 Brulef„
2378 5387 2447 5438 lll
2477 5388 2635 5452 Seni„
2674 5386 2789 5438 dist.
2809 5397 2921 5451 xnr,
2949 5400 3001 5451 q.
3032 5387 3209 5437 xv.-³
3233 5388 3383 5449 Aug„
3406 5385 3468 5435 de

1934 5460 2108 5512 Genes.
2137 5459 2207 5508 ad
2224 5458 2347 5520 litt„
2376 5458 2464 5511 lib.
2494 5459 2559 5521 11,
2581 5471 2627 5509 c.
2657 5469 2728 5509 vt.
2748 5484 2811 5497 -
2834 5458 2905 5524 (a)
2929 5456 3068 5508 Edit.
3089 5472 3198 5509 ven.
3218 5456 3473 5522 1103111110.Ἴ
