4185 6288
782 468 906 542 436

780 610 1176 695 ceptissimus
1198 611 1280 676 ad
1305 610 1687 694 placandum
1712 609 1938 691 Deum,
1963 628 2319 692 congruen-

777 718 1060 783 tissimus
1083 719 1164 784 ad
1191 717 1546 784 curandum
1591 718 1892 782 morbum
1911 766 1928 795 ,
1954 717 2315 782 efficacissi-

776 843 923 890 mus
951 825 1031 890 ad
1052 824 1499 889 attrahendum
1524 843 1734 906 genus
1755 824 2143 903 humanum,
2169 842 2320 907 pru-

773 933 1181 1000 dentissimus
1217 933 1300 997 ad
1346 934 1853 1015 expugnandum
1898 932 2157 1014 generis
2188 931 2320 995 hu·-

773 1041 950 1105 mani
978 1041 1336 1106 inimicum.
1387 1038 1603 1103 Primo
1646 1039 1907 1121 quidem
1943 1039 2065 1102 suit
2106 1056 2322 1121 accep-

770 1148 1056 1212 tissimus
1077 1148 1158 1212 ad
1185 1147 1564 1230 placandum
1587 1146 1826 1225 Deum3
1858 1151 2119 1230 propter
2143 1145 2319 1228 quod

773 1254 924 1320 dicit
965 1255 1307 1320 Anselmus
1361 1255 1432 1318 in
1481 1255 1645 1320 libro
1705 1256 1837 1320 Cur
1889 1258 2057 1320 Deus
2104 1254 2311 1331 homa,

770 1362 972 1446 capite
999 1383 1068 1427 11
1094 1363 1112 1399 ¹
1144 1384 1161 1425 z
1204 1387 1234 1424 a
1261 1361 1432 1427 Nihil
1450 1363 1740 1446 asperius
1757 1365 1822 1427 et
1843 1362 2163 1427 difficilius
2201 1379 2316 1444 po-

767 1472 888 1534 test
924 1468 1121 1535 homo
1164 1471 1245 1536 ad
1290 1471 1602 1536 honorem
1631 1470 1742 1535 Dei
1777 1471 1910 1553 pati
1952 1474 2212 1554 sponte,
2252 1472 2316 1534 et

766 1595 898 1641 non
925 1596 1009 1642 ex
1035 1578 1268 1656 debito,
1300 1597 1497 1662 quam
1523 1582 1818 1644 mortem.
1851 1578 1929 1641 Et
1948 1578 2314 1642 nullatenus

765 1687 970 1767 potest
1018 1685 1228 1767 magis
1276 1686 1562 1767 seipsum
1617 1687 1767 1750 dare
1811 1686 2008 1749 homo
2035 1733 2054 1764 ,
2111 1703 2311 1767 quam

766 1806 916 1852 cum
942 1806 1009 1853 se
1036 1789 1226 1853 morti
1253 1790 1443 1854 tradit
1469 1790 1550 1855 ad
1576 1789 1886 1855 honorem
1913 1789 2136 1872 ipsius.
2174 1811 2205 1848 ι
2236 1788 2315 1852 Et

765 1894 890 1959 hoc
931 1899 1026 1960 est
1065 1896 1237 1979 quod
1289 1896 1561 1961 dicitur¹
1613 1920 1629 1961 ι
1681 1895 1992 1963 Tradidit
2027 1897 2313 1977 seipsum

766 2001 1146 2070 oblationem
1172 2009 1231 2070 et
1248 2003 1525 2071 hostiam
1554 2006 1683 2071 Deo
1710 2006 1785 2070 in
1812 2002 2067 2070 odorem
2094 2004 2312 2068 suavi-

764 2111 946 2177 tatis,
976 2109 1266 2175 Secundo
1293 2112 1485 2176 etiam
1525 2112 1646 2176 fuit
1686 2110 2309 2192 congruentissimus

763 2218 843 2281 ad
866 2219 1224 2283 curandum
1255 2219 1553 2283 morbum
1586 2219 1873 2302 :primus
1909 2217 2085 2281 enim
2114 2216 2310 2281 homo

761 2329 1130 2406 peccaverat
1157 2343 1272 2407 per
1298 2325 1690 2407 superbiam,
1723 2329 1786 2388 et
1813 2323 2063 2405 gulam,
2085 2327 2150 2386 et
2179 2322 2317 2385 inou

762 2428 1176 2509 bedientiam,
1206 2431 1370 2494 sicut
1412 2429 1562 2493 dicit
1608 2429 1977 2512 Gregorius,
2012 2434 2077 2493 et
2118 2429 2185 2491 in
2212 2446 2312 2491 se-

762 2536 974 2603 cundo
1026 2537 1187 2602 libro
1212 2538 1233 2573 ³
1265 2537 1389 2601 suit
1440 2541 1768 2601 ostensum
1814 2554 1831 2599 ε
1876 2534 2083 2600 voluit
2136 2536 2307 2599 enim

764 2642 891 2707 Deo
942 2644 1277 2708 assimilari
1319 2661 1433 2727 per
1469 2644 1752 2707 scientiae
1803 2642 2265 2706 sublimitatem
2288 2689 2307 2722 ‚

766 2753 1027 2829 gustare
1053 2749 1217 2831 ligni
1247 2750 1650 2827 suavitatem,
1677 2755 1741 2814 et
1765 2749 2124 2831 transgredi
2149 2767 2312 2832 prae-

764 2857 926 2940 cepti
945 2857 1147 2922 divini
1174 2858 1462 2921 limitem.
1496 2856 1893 2939 thuoniam
1925 2856 2169 2920 curatio
2190 2856 2313 2919 ha-

763 2961 871 3026 bet
910 2964 1050 3028 fleri
1077 2982 1192 3046 per
1216 2964 1647 3042 contrarium3
1681 2963 1822 3028 ideo
1868 2963 2095 3027 modus
2117 2965 2312 3027 satis-

761 3069 1030 3134 faciendi
1068 3052 1681 3153 congruentissimus
1707 3070 1830 3134 fuit
1880 3088 1994 3153 per
2019 3071 2308 3136 afflictio-

762 3195 937 3258 nem,
971 3183 1035 3243 et
1059 3179 1596 3259 humiliationem,
1648 3182 1713 3242 et
1738 3178 1977 3243 divinae
2006 3179 2305 3243 volunta-

761 3286 841 3349 tis
869 3286 1332 3370 impletionem.
1361 3288 1590 3353 Ethaec
1603 3288 1821 3351 omnia
1847 3286 1998 3350 satis
2024 3285 2311 3352 relucent

762 3394 832 3458 in
858 3396 992 3480 ipsa
1020 3400 1313 3482 passione
1339 3420 1357 3479 ;
1379 3403 1443 3464 et
1469 3400 1548 3465 de
1576 3398 1677 3462 his
1699 3399 1850 3463 dicit
1876 3396 2220 3481 Apostolus
2243 3397 2304 3462 ⁸:

762 3502 1157 3574 Humiliavz‘t
1173 3510 1600 3591 semetipsum,
1635 3508 1845 3587 factus
1879 3506 2177 3573 obediens
2204 3522 2308 3572 us-

759 3631 878 3697 que
896 3615 988 3681 ad
1007 3625 1283 3699 mortem,
1306 3625 1563 3686 mortem
1590 3624 1801 3685 autem
1828 3620 2062 3684 crucis.
2092 3616 2307 3682 Tertio

760 3728 976 3790 autem
1000 3725 1122 3791 fuit
1137 3728 1606 3792 efficacissimus
1633 3727 1709 3791 ad
1727 3725 2179 3791 attrahendum
2197 3742 2308 3806 ge-

758 3846 885 3895 nus
909 3832 1268 3899 humanum
1294 3858 1309 3900 :
1344 3835 1448 3899 his
1474 3835 1647 3899 enim
1672 3834 1822 3899 solis
1848 3833 2054 3917 passio
2094 3833 2174 3896 ad
2203 3850 2307 3895 sa-

759 3936 962 4004 lutem
987 3941 1259 4022 valebat,
1292 3943 1405 4025 qui
1437 3943 1762 4007 voluntate
1785 3958 1965 4004 mera
1988 3959 2103 4023 per
2121 3956 2301 4004 amo-

758 4062 898 4138 rem
937 4045 1066 4113 Deo
1110 4049 1546 4113 adhaerebant.
1605 4046 1747 4113 Non
1794 4047 1967 4111 enim
2027 4046 2307 4111 decrevit

758 4150 925 4218 Deus
937 4155 1122 4220 aliter
1141 4175 1350 4238 genus
1376 4156 1742 4219 humanum
1770 4153 2039 4230 salvare,
2083 4154 2208 4217 nisi
2235 4154 2305 4217 li-

758 4257 929 4325 berae
955 4262 1299 4327 voluntatis
1317 4263 1578 4326 arbitrio
1598 4284 1615 4340 3
1649 4267 1712 4326 et
1731 4260 1910 4325 nullo
1936 4261 2062 4325 alio
2084 4261 2299 4341 modo,

755 4367 934 4433 salvo
964 4369 1308 4434 voluntatis
1332 4370 1615 4446 arbitrio,
1644 4368 1807 4433 Deus
1819 4369 2143 4434 hominem
2159 4387 2304 4433 ma-

755 4476 859 4556 gis
872 4477 1080 4560 potuit
1107 4479 1426 4543 attrahere
1453 4478 1532 4542 ad
1551 4495 1838 4542 amorem
1862 4494 2079 4555 suum,
2102 4495 2300 4559 quam

754 4583 1154 4667 suscipiendo
1193 4602 1310 4669 pro
1334 4603 1411 4650 eo
1436 4584 1644 4648 crucis
1671 4583 2030 4667 patibulum
2059 4606 2074 4647 ε
2104 4601 2301 4666 prop-

753 4694 851 4755 ter
877 4693 1049 4774 quod
1071 4693 1308 4758 dicitur
1328 4695 1389 4759 ⁸:
1423 4693 1562 4776 qu
1599 4696 1662 4759 si
1690 4693 2014 4759 exaltatus
2048 4694 2227 4773 fuero
2257 4711 2299 4759 a

755 4803 951 4880 terra,
979 4801 1232 4867 traham
1260 4803 1479 4868 omnia
1496 4800 1588 4866 ad
1610 4801 1949 4883 meipsum.
1971 4800 2048 4863 Et
2075 4799 2292 4882 Hugo,

753 4903 830 4971 de
860 4905 1060 4973 arrha
1082 4909 1378 4991 Sponsoe:
1411 4932 1441 4970 c
1470 4907 1553 4972 Ut
1576 4908 1932 4973 ostenderet
1952 4907 2065 4972 tibi
2094 4897 2296 4989 quan-

748 5016 888 5078 tum
909 5019 971 5079 te
999 5016 1318 5099 diligeret,
1348 5015 1603 5080 nonnisi
1624 5015 1953 5079 moriendo
1979 5019 2041 5078 te
2060 5032 2101 5077 a
2127 5031 2296 5078 mor-

747 5123 809 5183 te
834 5120 1149 5203 liberavit,
1174 5129 1399 5188 utnon
1425 5128 1675 5188 tantum
1703 5121 1951 5205 pietatis
1968 5121 2294 5204 impende-

744 5230 842 5290 ret
869 5226 1279 5313 benesscium,
1297 5249 1525 5297 verum
1544 5232 1737 5295 etiam
1755 5228 2078 5294 charitatis
2102 5246 2288 5293 mon-

810 5387 830 5425 ¹
853 5387 1105 5451 Anselm„
1126 5388 1229 5439 Cur
1253 5392 1385 5440 Deus
1410 5390 1571 5451 homo,
1594 5390 1684 5441 lib.
1714 5390 1777 5452 11,
1805 5404 1852 5440 c.
1882 5399 2021 5440 xre·—
2039 5388 2061 5422 ⁸
2086 5386 2290 5453 Ephes„

742 5473 794 5523 v,
819 5474 879 5514 ιι.
898 5485 963 5499 --
977 5460 1001 5494 ⁸
1017 5459 1142 5510 nist.
1164 5472 1254 5512 xxi
1277 5467 1330 5513 et
1349 5473 1481 5513 xxn.
1499 5487 1561 5504 «-
1577 5464 1598 5499 ⁸
1615 5461 1828 5526 Philip„
1851 5472 1909 5525 11,
1932 5462 1980 5512 8.
2000 5485 2054 5497 —
2074 5460 2098 5496 ⁸
2116 5462 2286 5524 lom,

1899 468 2526 543 SENTENTIARUM
2563 476 2714 545 LIB.
2758 478 2869 543 ΙΙΙ.

2431 614 2659 676 straret
2675 614 2997 678 affectum.
3026 636 3058 674 n
3096 614 3334 691 Quarto
3351 614 3543 679 etiam
3584 615 3706 679 ruit
3730 615 3812 680 ad
3831 614 3961 678 vin·

2431 719 2708 784 cendum
2753 720 3192 786 adversarium
3245 721 3778 804 prudentissimus
3817 723 3959 787 :de-

2430 826 2610 890 cebat
2647 828 2822 891 enim
2848 832 2924 893 ut
2952 827 3235 892 Christus
3266 846 3385 893 sua
3417 828 3756 911 prudentia
3783 847 3963 911 supe-

2430 938 2601 998 raret
2640 934 3001 1016 diabolum,
3034 936 3197 1000 sicut
3242 935 3530 1000 diabolus
3583 955 3702 1000 sua
3750 935 3964 1000 astutia

2430 1039 2675 1122 decepit
2699 1043 3023 1106 hominem
3039 1043 3325 1126 primum
3356 1064 3373 1120 ;
3397 1048 3654 1125 propter
3680 1042 3851 1124 quod
3877 1042 3963 1106 di-

2430 1149 2597 1212 citur
2629 1150 2696 1213 ⁸:
2729 1149 3088 1216 Prudentia
3106 1149 3245 1231 ejus
3272 1151 3595 1232 percussit
3627 1148 3960 1230 superbum.

2429 1252 2508 1318 Et
2529 1256 2722 1335 ultra,
2768 1257 2971 1340 capite
3017 1257 3245 1322 ultimo
3272 1263 3338 1321 ⁷:
3384 1256 3708 1338 Numquid
3740 1258 3964 1337 poteris

2427 1377 2646 1443 capere
2664 1366 3018 1431 Leviathan
3051 1365 3240 1431 hamo
3266 1366 3300 1429 Ρ
3324 1364 3589 1448 Propter
3613 1365 3790 1447 quod
3816 1364 3965 1428 dici-

2426 1474 2558 1549 tur,
2612 1472 3008 1538 distinctione
3047 1472 3449 1556 praecedenti,
3479 1491 3535 1536 c.
3584 1491 3606 1535 1
3649 1494 3666 1536 ε
3705 1495 3741 1532 α
3794 1469 3965 1535 Venit

2427 1576 2830 1662 Redemptor,
2868 1587 2932 1644 et
2953 1580 3160 1646 victus
3204 1584 3300 1644 est
3323 1580 3660 1662 deceptor;
3714 1576 3965 1643 tetendit

2425 1684 2517 1747 illi
2573 1686 2999 1770 muscipulam
3052 1704 3309 1751 crucem
3371 1704 3589 1763 suam,
3647 1685 3867 1769 posuit
3911 1703 3964 1749 ei

2425 1792 2606 1872 quasi
2623 1811 2833 1859 eseam
2859 1794 3248 1875 sanguinem
3270 1810 3486 1858 suum.
3515 1813 3547 1852 υ
3583 1791 3964 1875 Exhisqua-

2423 1903 2572 1964 tuor
2624 1900 2979 1965 rationibus
3030 1902 3182 1966 satis
3211 1904 3497 1984 apparet,
3533 1901 3710 1983 quod
3744 1900 3962 1965 modus

2423 2006 2540 2069 iste
2562 1992 2992 2072 satisfaciendi
3024 2027 3142 2092 pro
3173 2008 3360 2071 nobis
3385 2008 3508 2072 fuit
3533 2007 3963 2089 congruentis·

2423 2112 2647 2190 simuS,
2679 2119 2741 2178 et
2774 2114 2899 2180 Deo
2929 2117 3214 2180 maxime
3240 2115 3688 2198 acceptandus.
3718 2114 3801 2179 Et
3818 2131 3962 2179 con-

2424 2220 2719 2286 cedendae
2771 2228 2924 2287 sunt
2945 2225 3246 2303 rationes»,
3277 2242 3425 2306 quae
3447 2224 3574 2288 hoo
3597 2224 3959 2288 ostendunt.

2506 2334 2564 2391 1.
2608 2328 2708 2394 Ad
2734 2330 2892 2395 illud
2919 2348 3077 2412 ergo
3122 2331 3292 2413 quod
3323 2331 3530 2413 primo
3573 2330 3877 2412 objicitur
3901 2330 3963 2391 in

2424 2437 2841 2516 contrarium,
2876 2437 3050 2519 quod
3090 2455 3350 2519 magnae
3404 2437 3802 2502 crudelitatis
3851 2434 3962 2500 fuit

2425 2543 2755 2608 hominem
2778 2546 3210 2627 justissimum
3227 2546 3476 2610 tradere
3504 2546 3718 2623 morti,
3750 2546 3960 2609 dicen·-

2423 2649 2581 2713 dum
2608 2652 2779 2733 quod
2807 2651 2973 2717 Deus
2999 2671 3150 2717 eum
3181 2670 3314 2718 non
3328 2651 3586 2716 tradidit
3614 2650 3960 2733 infligendo

2425 2762 2719 2839 mortem,
2776 2760 2881 2824 vel
2932 2759 3359 2844 praecipiendo
3410 2760 3552 2824 aliis
3618 2760 3799 2842 quod
3849 2757 3961 2840 ipsi

2423 2883 2572 2929 eum
2603 2868 2941 2948 traderent,
2972 2868 3082 2933 sed
3113 2867 3556 2951 permittend0‚
3574 2869 3639 2931 et
3667 2867 3961 2932 volunta·

2422 2977 2553 3038 tem
2579 2975 2780 3059 ipsius
2824 2975 3204 3058 acceptando
3237 2997 3252 3039 ε
3283 2979 3347 3039 et
3371 2975 3513 3039 ideo
3541 2973 3723 3038 nulla
3746 2973 3870 3037 fuit
3899 2973 3961 3034 in

2422 3079 2549 3146 Deo
2577 3082 2935 3163 crudelitaS‚
2965 3082 3122 3166 quia
3141 3098 3275 3146 non
3318 3080 3702 3164 sanguinem
3734 3078 3960 3144 Christi

2423 3189 2598 3266 sitiit,
2624 3190 3145 3255 sedvoluntatem
3169 3191 3311 3271 ejus
3338 3189 3648 3272 optimam
3680 3192 3962 3270 accepta-

2422 3296 2537 3361 vit.
2570 3296 2720 3362 Haec
2770 3303 2866 3362 est
2905 3316 3163 3362 summa
3206 3296 3634 3380 responsionis
3679 3294 3963 3360 Anselmi

2421 3401 2491 3465 in
2530 3403 2715 3480 libro,
2748 3404 2874 3470 Cur
2919 3405 3087 3470 Deus
3114 3404 3294 3469 homo
3321 3403 3366 3465 ⁸.
3400 3401 3602 3481 Unde,
3632 3402 3686 3465 si
3718 3402 3962 3467 dicatur

2426 3506 2608 3574 Pater
2646 3510 2987 3594 aliquando
3030 3529 3182 3576 eum
3233 3509 3559 3574 tradidisse
3611 3509 3838 3586 morti,
3869 3507 3963 3574 vel

2421 3616 2749 3682 voluntate
2762 3616 2968 3682 Patris
2994 3635 3218 3701 passus
3246 3634 3405 3694 esse,
3437 3619 3500 3680 et
3520 3616 3785 3698 aliquod
3818 3633 3964 3681 oon-

2420 3722 2653 3803 simile,
2698 3724 2888 3789 modo
2916 3725 3247 3807 praemisso
3276 3722 3768 3805 intelligendum
3806 3728 3901 3787 est
3942 3740 3959 3785 t

2420 3847 2553 3894 non
2597 3830 2751 3912 quia
2778 3828 2962 3895 Pater
3004 3832 3284 3913 coegerit
3324 3848 3479 3895 eum
3517 3830 3829 3911 invitum,
3858 3828 3961 3895 sed

2419 3938 2572 4020 quia
2597 3939 2875 4021 suscepit
2900 3938 3340 4003 voluntarium
3367 3944 3431 4003 et
3470 3938 3804 4004 devotum.

2498 4048 2559 4110 2.
2582 4045 2682 4110 Ad
2708 4044 2867 4110 illud
2915 4046 3086 4127 quod
3130 4044 3432 4128 objicitur
3457 4045 3762 4128 secundo,
3796 4044 3961 4130 quod

2416 4152 2691 4235 impium
2716 4156 2810 4216 est
2835 4152 3141 4217 damnare
3165 4153 3592 4233 innocentem,
3621 4155 3687 4218 et
3727 4172 3957 4219 nocen-

2415 4264 2547 4324 tem
2573 4260 2925 4337 absolvere,
2957 4260 3299 4325 dicendum
3342 4261 3515 4343 quod
3543 4259 3700 4325 illud
3730 4279 3957 4328 verum

2416 4372 2531 4446 est,
2586 4366 2641 4430 si
2667 4367 2972 4431 innocens
3012 4367 3358 4432 damnatur
3410 4366 3691 4446 invitus3
3741 4368 3855 4433 sed
3906 4366 3957 4430 si

2414 4473 2721 4538 innocens
2738 4473 2893 4537 velit
2918 4491 2987 4537 se
3012 4474 3264 4552 osserre,
3291 4477 3356 4538 et
3380 4491 3701 4557 exponere
3716 4493 3837 4557 pro
3858 4492 3959 4538 sa·-

2413 4579 2546 4645 lute
2593 4581 2899 4659 nocentis,
2928 4580 3094 4644 nihil
3146 4581 3463 4664 probibet,
3510 4582 3672 4664 quin
3721 4581 3956 4647 oblatio

2412 4691 2554 4771 ejus
2578 4688 2803 4752 debeat
2826 4687 3157 4768 acceptari.
3190 4685 3269 4751 Et
3295 4688 3412 4751 isto
3432 4687 3622 4753 modo
3645 4689 3713 4751 in
3729 4706 3956 4772 propo-

2411 4796 2532 4860 sito
2567 4794 3055 4876 intelligendum
3083 4799 3178 4858 est
3200 4794 3414 4872 fuisse,
3459 4795 3615 4877 quia
3671 4792 3955 4859 Christus

2409 4920 2543 4967 non
2566 4907 2798 4982 coacte,
2824 4902 2933 4966 sed
2962 4902 3320 4966 voluntarie
3349 4920 3467 4984 pro
3508 4901 3712 4967 salute
3740 4905 3953 4968 nostra

2407 5011 2768 5093 passionem
2796 5009 3121 5073 sustinuit.

2487 5121 2547 5181 3.
2578 5117 2675 5182 Ad
2701 5117 2860 5181 illud
2878 5116 3046 5200 quod
3076 5115 3397 5199 objicitur,
3427 5118 3597 5200 quod
3629 5115 3794 5183 Deus
3818 5133 3951 5181 non

2403 5226 2750 5291 delectatur
2769 5225 2841 5290 in
2881 5224 3237 5308 perditione
3266 5223 3539 5307 alicujus
3558 5271 3577 5302 ‚
3607 5225 3948 5290 dicendum

2402 5400 2512 5451 xit,
2541 5390 2619 5440 32.
2642 5414 2703 5425 —
2722 5388 2744 5422 ⁸
2768 5385 2879 5451 Job,
2907 5398 3033 5438 xxvi
3050 5424 3065 5448 ,
3096 5389 3173 5437 12.
3198 5413 3259 5425 —
3283 5388 3307 5424 '¹
3326 5385 3478 5446 Ibu‘d„
3500 5399 3588 5451 η,
3617 5389 3697 5438 20.
3720 5413 3774 5425 —
3797 5386 3820 5421 ⁸
3847 5388 3948 5437 An·

2401 5461 2618 5525 seimus,
2642 5459 2746 5510 Cur
2774 5457 2903 5509 Deus
2929 5458 3103 5523 homo,
3131 5458 3219 5508 lib.
3242 5460 3306 5522 11,
3327 5473 3373 5511 c.
3402 5470 3456 5525 V,
3482 5470 3516 5509 x
3546 5462 3597 5509 et
3622 5469 3754 5510 xvii.
