4185 6288
314 4589 520 4634 randum.

547 450 665 512 304

624 589 685 648 2.
714 583 875 647 Item
892 583 912 619 ¹
944 605 958 646 ι
991 583 1190 648 Deum
1216 598 1397 650 nemo
1427 583 1603 652 vidit
1624 600 1933 667 unquam.
1967 582 2089 648 Sn-

547 709 660 773 per
685 690 869 754 illum
894 690 1107 754 locum
1133 690 1286 756 dicit
1315 690 1799 773 Chrysostomus
1818 698 1841 731 ¹
1877 713 1892 755 z
1925 715 1956 750 α
1983 690 2094 755 So-

545 798 649 862 lus
675 796 872 861 Filius
893 815 1045 860 eum
1066 797 1247 874 vidit,
1274 801 1337 861 et
1359 796 1635 880 Spiritus
1657 802 1912 864 sanctus
1935 818 1952 862 z
1979 798 2094 882 qui

544 912 761 970 autem
797 907 1085 971 creabilis
1123 911 1221 972 est
1261 913 1513 972 naturae
1530 958 1547 988 ,
1578 909 1848 992 qualiter
1875 909 2094 974 videre

545 1016 748 1095 potest
771 1014 1177 1078 increabilem
1195 1017 1225 1077 ἱ)
1255 1039 1284 1074 »
1322 1014 1389 1080 Si
1425 1034 1584 1097 ergo
1620 1017 1837 1080 anima
1865 1016 2094 1081 Christi

544 1137 660 1183 nee
683 1124 779 1183 est
807 1119 1027 1201 Filius,
1059 1139 1178 1186 nec
1208 1121 1484 1206 Spiritus
1514 1126 1790 1199 sanctus,
1821 1123 1930 1187 sed
1957 1142 2092 1186 ma-

544 1227 647 1307 gis
671 1230 993 1306 creatura,
1027 1246 1160 1293 non
1196 1230 1450 1294 videtur
1475 1229 1647 1312 quod
1673 1229 1850 1294 illam
1880 1229 2091 1294 lucem

543 1332 754 1396 videat
774 1333 845 1396 in
874 1334 1098 1418 seipsa.

625 1445 683 1503 3.
732 1440 912 1522 Item,
951 1446 1266 1526 quantum
1307 1443 1498 1508 distat
1522 1444 1780 1506 finitum
1825 1443 1905 1507 ab
1947 1443 2096 1507 infi-

542 1547 700 1626 nito‚
734 1553 986 1612 tantum
1012 1549 1202 1613 distat
1229 1554 1522 1615 creatura
1546 1569 1585 1614 a
1615 1549 1904 1614 Creatore
1936 1571 1952 1612 t
1984 1548 2094 1612 sed

544 1659 803 1737 propter
864 1657 1184 1721 infinitam
1237 1657 1602 1722 distantiam
1661 1656 1840 1722 nulla
1889 1657 2096 1721 virtus

541 1764 724 1827 finita
768 1769 974 1846 potest
1023 1784 1405 1847 cognoscere
1458 1764 1662 1829 Deum
1705 1770 1778 1829 ut
1815 1765 2091 1828 immen-

543 1889 690 1935 sum
737 1895 751 1936 :
802 1890 960 1954 ergo
1002 1874 1140 1955 pari
1185 1875 1430 1938 ratione
1475 1878 1734 1956 propter
1776 1873 2091 1936 infinitam

541 1978 904 2044 distantiam
947 1979 1125 2045 nulla
1170 1982 1377 2045 virtus
1414 1983 1623 2046 c‘reata
1662 1980 1894 2063 poterit
1937 1999 2092 2061 cog-

543 2105 802 2151 noscere
829 2091 892 2152 et
919 2087 1134 2153 videre
1159 2088 1380 2152 lumen
1405 2090 1762 2153 increatum
1791 2107 1906 2171 per
1931 2089 2094 2171 seip-

543 2212 712 2259 sum.

621 2307 682 2365 4.
715 2301 896 2381 Item,
922 2303 1087 2368 sicut
1112 2304 1192 2369 ad
1221 2304 1653 2385 cognitionem
1681 2303 2096 2386 comprehen-

541 2411 739 2474 sionis
783 2411 1132 2492 requiritur
1171 2412 1709 2476 commensuratio
1748 2411 2047 2494 quaedam
2071 2458 2087 2487 ‚

543 2517 629 2580 ita
659 2517 740 2582 ad
767 2519 1203 2598 cognitionem
1230 2538 1271 2583 a
1309 2522 1488 2601 parte
1515 2519 1780 2582 visionis
1820 2517 2092 2599 requiri-

544 2627 648 2688 tur
688 2625 1054 2690 assimilatio
1098 2644 1386 2708 congrua
1418 2649 1431 2688 ε
1478 2626 1587 2690 sed
1629 2643 1775 2708 quae
1814 2624 1883 2688 in
1913 2624 2092 2690 nullo

543 2733 954 2809 conveniunt,
1000 2751 1134 2796 non
1186 2738 1451 2814 possunt
1490 2732 1827 2796 assimilari
1872 2751 1890 2794 ε
1930 2749 2090 2812 ergo

545 2838 798 2903 Creator
832 2859 963 2904 non
989 2843 1194 2922 potest
1232 2859 1272 2903 a
1315 2843 1606 2903 creatura
1632 2839 1702 2902 in
1737 2839 1947 2923 seipso
1985 2840 2088 2904 vi-

545 2947 705 3022 deri,
738 2965 886 3010 cum
911 2947 1069 3011 nihil
1099 2946 1375 3011 habeant
1402 2965 1769 3011 commune,

627 3058 685 3117 5.
718 3053 874 3118 Item
902 3054 1106 3118 multo
1136 3055 1280 3136 plus
1303 3054 1548 3119 excedit
1573 3055 1823 3117 claritas
1850 3054 2090 3119 divinae

544 3161 707 3225 lucis
740 3163 997 3227 oculum
1036 3164 1271 3227 animae
1315 3163 1578 3240 Christi,
1623 3181 1821 3244 quam
1846 3163 1940 3227 sol
1976 3181 2087 3227 exu

546 3269 724 3333 cedat
764 3269 1116 3334 claritatem
1150 3269 1319 3336 oculi
1365 3270 1747 3334 materialis:
1791 3270 1898 3334 sed
1942 3288 2094 3334 ocu-

546 3376 651 3440 lus
686 3381 900 3442 noster
934 3378 1278 3443 materialis
1312 3398 1444 3443 non
1474 3382 1676 3462 potest
1717 3379 1951 3442 intueri
1995 3379 2090 3443 lu-

548 3506 698 3552 men
749 3490 1070 3572 corporale
1121 3491 1192 3554 in
1246 3491 1418 3557 fonte
1470 3493 1727 3574 propter
1773 3490 2090 3555 excellen-

547 3596 703 3658 tiam
733 3615 750 3660 :
783 3614 944 3678 ergo
971 3615 1088 3661 nec
1112 3596 1463 3662 intellectus
1491 3597 1741 3661 Christi.

628 3707 686 3766 6.
736 3702 895 3767 Item
942 3705 1082 3769 fons
1110 3706 1334 3769 aeterni
1370 3705 1636 3769 luminis
1662 3704 1734 3768 in
1765 3704 1971 3786 seipso
1998 3708 2092 3768 est

548 3811 842 3874 infinitus
855 3817 926 3875 ‘et
951 3811 1305 3877 immensus
1332 3835 1346 3876 :
1376 3812 1486 3876 sed
1522 3812 1778 3875 finitum
1804 3829 1937 3874 non
1966 3829 2087 3894 po-

550 3923 671 3982 test
707 3936 902 4000 super
938 3919 1264 3983 infinitum
1295 3942 1310 3983 z
1343 3938 1502 4000 ergo
1538 3937 1688 3983 cum
1718 3919 1926 3983 virtus
1948 3917 2089 3980 ani-

549 4042 675 4088 mae
722 4024 950 4089 Christi
987 4026 1069 4089 sit
1094 4028 1297 4105 finita,
1328 4043 1460 4090 non
1487 4026 1719 4107 poterit
1745 4031 1922 4090 actus
1948 4027 2089 4106 ejus

549 4151 617 4197 se
656 4133 1030 4216 protendere
1068 4152 1274 4216 usque
1317 4133 1397 4197 ad
1434 4132 1649 4214 ipsum
1695 4150 1708 4190 ε
1760 4149 1917 4212 ergo
1957 4148 2089 4195 non

549 4241 782 4323 poterit
835 4241 1049 4323 ipsum
1102 4257 1480 4321 cognoscere
1525 4239 1590 4301 in
1632 4238 1838 4320 seipso
1869 4255 1886 4300 ε
1930 4255 2089 4319 ergo

552 4349 809 4412 videtur
848 4349 1022 4430 quod
1063 4367 1183 4412 nec
1221 4347 1438 4411 anima
1475 4344 1746 4425 Christi,
1796 4363 1916 4408 nec
1965 4344 2090 4408 alia

551 4457 767 4520 anima
795 4459 1137 4536 cognoscat
1161 4454 1362 4518 Deum
1390 4454 1458 4516 in
1485 4453 1767 4516 claritate
1785 4470 1922 4516 sua.
2016 4528 2020 4533 .

630 4562 753 4628 Sed
794 4568 1015 4627 contra
1033 4611 1051 4640 ,
1094 4582 1289 4645 super
1328 4563 1482 4627 illud
1532 4569 1553 4605 ³
1586 4583 1600 4626 ε
1636 4563 1766 4628 Nos
1809 4561 2087 4628 revelata

548 4676 742 4754 facie,
759 4679 906 4753 etc„
932 4673 1149 4737 Glossa
1174 4697 1188 4736 ε
1206 4697 1236 4735 α
1254 4673 1539 4737 Christus
1550 4677 1646 4736 est
1658 4673 1875 4753 imago
1886 4671 2089 4735 Patris

548 4779 768 4845 eadem
814 4797 964 4841 cum
1000 4778 1132 4856 ino,
1164 4778 1232 4841 in
1258 4794 1454 4861 quem
1481 4774 1825 4852 tendimus,
1855 4774 2088 4839 scilicet

552 4897 625 4957 ut
648 4911 801 4956 eum
820 4892 889 4954 in
902 4889 1174 4955 essentia
1194 4890 1549 4955 videamus.
1567 4909 1596 4946 ι)
1608 4885 1843 4967 Siergo
1859 4885 2086 4951 Christi

547 4999 763 5063 anima
811 4999 1005 5062 habet
1050 4997 1130 5061 ad
1175 4996 1344 5079 quod
1388 4996 1657 5060 nitimur
1695 4994 2028 5077 pervenire
2063 5041 2082 5073 ‚

547 5124 704 5187 ergo
732 5106 936 5170 Deum
973 5104 1241 5171 videtin
1264 5104 1616 5168 substantia
1639 5106 1703 5167 et
1727 5106 1978 5167 natura.

614 5381 632 5415 ¹
653 5381 817 5444 Joan„
845 5389 883 5442 1,
907 5381 985 5430 18.
1013 5404 1075 5415 —
1103 5378 1127 5413 ¹
1152 5377 1436 5441 chrysost„
1462 5375 1515 5425 in
1538 5375 1701 5436 Joan„
1734 5370 1877 5423 hom.
1902 5381 1988 5434 xv,
2017 5369 2083 5424 al.

548 5461 653 5515 xlv,
674 5468 727 5504 n.
754 5457 801 5503 1.
821 5476 883 5488 —
904 5452 927 5486 ⁸
949 5452 986 5499 lt
1017 5451 1356 5513 Cor.,111,¹8.

1658 443 2286 514 SENTENTIARUM
2327 444 2476 511 LIB.
2521 445 2634 512 111.

2281 580 2438 645 Item
2455 630 2476 660 ,
2526 580 2673 663 plus
2717 585 2812 645 est
2852 580 3028 646 uniri
3067 582 3261 649 alicui
3317 584 3386 648 in
3430 585 3747 652 unitatem

2200 706 2512 771 personae,
2553 708 2751 772 quam
2797 691 2867 754 in
2909 691 3218 756 unionem
3259 694 3590 760 facientem
3642 714 3754 760 co-

2203 793 2562 878 gnitionem
2588 815 2603 858 ε
2630 798 2741 862 sed
2766 799 2985 863 anima
3012 799 3243 864 Christi
3267 800 3475 866 Verbo
3505 807 3750 868 aeterno

2203 903 2569 968 immediate
2596 906 2778 968 unita
2813 911 2908 970 est
2951 906 3019 969 in
3056 907 3366 972 unitatem
3406 927 3696 991 personae
3732 931 3748 973 t

2202 1030 2360 1092 ergo
2388 1013 2597 1076 multo
2624 1013 2851 1078 fortius
2878 1015 3002 1097 ipsi
3034 1016 3287 1081 veritati
3317 1022 3381 1082 et
3410 1018 3536 1082 luci
3562 1017 3752 1083 Verbi

2203 1119 2429 1183 unitur
2471 1139 2585 1203 per
2627 1121 3058 1203 cognitionem
3096 1123 3296 1205 ipsius
3326 1125 3393 1187 in
3428 1144 3497 1190 se
3535 1144 3553 1188 :
3592 1143 3755 1207 ergo

2203 1224 2343 1287 sine
2372 1224 2588 1308 aliquo
2619 1227 2831 1292 medio
2854 1226 3053 1292 Deum
3072 1228 3266 1294 videt.

2284 1331 2442 1396 Item
2484 1333 2553 1396 in
2580 1333 2947 1415 cognitione
2978 1335 3462 1401 conclusionum
3498 1355 3632 1400 non
3658 1342 3756 1401 est

2202 1440 2406 1523 quieS,
2429 1441 2539 1506 sed
2549 1441 2759 1506 solum
2774 1443 2843 1506 in
2862 1444 3227 1524 cognitione
3241 1445 3707 1528 principiorum
3730 1465 3748 1508 :

2203 1551 2266 1609 et
2293 1548 2454 1611 ratio
2481 1548 2681 1631 hujus
2698 1553 2816 1628 est,
2837 1550 2993 1631 quia
3011 1551 3230 1615 anima
3252 1551 3578 1633 cognoscit
3601 1570 3754 1616 con-

2204 1653 2517 1718 clusiones
2556 1674 2673 1737 per
2725 1656 3011 1721 medium
3031 1706 3049 1735 ,
3080 1659 3393 1742 principia
3442 1678 3597 1723 vero
3638 1678 3753 1723 co-

2203 1761 2453 1841 gnoscit
2494 1762 2630 1826 sine
2683 1762 2915 1828 medio.
2963 1763 3029 1829 Si
3077 1784 3234 1847 ergo
3281 1767 3498 1830 anima
3523 1766 3753 1831 Christi

2203 1868 2529 1950 cognoscit
2559 1869 2760 1934 Deum
2798 1872 3113 1937 mediante
3154 1873 3391 1955 aliqu0‚
3421 1892 3577 1955 ergo
3619 1893 3753 1938 non

2204 1975 2472 2056 quiescit
2559 1977 2627 2040 in
2688 1979 3049 2060 cognitione
3128 1979 3236 2044 Dei
3289 1998 3306 2043 ε
3363 1985 3428 2045 et
3497 1980 3549 2043 si
3613 1999 3751 2044 non

2203 2084 2476 2165 quiescit
2504 2085 2573 2148 in
2620 2085 2766 2166 De0‚
2796 2105 2946 2151 cum
2976 2088 3140 2152 Deus
3171 2090 3253 2151 sit
3281 2089 3429 2152 ssnis
3457 2088 3747 2168 ultimuS,

2202 2209 2334 2255 non
2364 2197 2460 2256 est
2484 2194 2688 2257 beata.
2738 2194 2807 2257 Si
2847 2212 3006 2276 ergo
3035 2196 3220 2260 beata
3251 2199 3365 2275 est,
3396 2197 3750 2261 necessario

2200 2299 2495 2381 sequitur
2535 2302 2709 2383 quod
2751 2308 3095 2383 cognoscat
3120 2303 3408 2367 divinam
3440 2304 3654 2368 lucem
3680 2304 3749 2367 in

2202 2406 2407 2489 seipsa
2442 2429 2456 2471 :
2499 2408 2636 2489 pari
2680 2410 2924 2474 ratione
2952 2414 3016 2473 et
3041 2411 3252 2474 omnis
3287 2412 3505 2476 anima
3532 2411 3739 2476 beata.

2283 2512 2463 2592 Item,
2504 2513 2862 2580 intellectus
2908 2517 3456 2600 comprehensoris
3493 2520 3748 2582 tantum

2202 2621 2492 2686 elevatur
2508 2671 2526 2701 ‚
2559 2627 2879 2704 quantum
2908 2624 3195 2705 affectuS,
3225 2624 3520 2708 quamvis
3540 2644 3750 2690 oaecus

2202 2729 2282 2791 sit
2334 2727 2403 2790 in
2449 2728 2555 2792 via
2609 2733 2867 2812 propter
2910 2732 3261 2796 caecitatem
3307 2734 3744 2814 ignorantiae:

2201 2834 2310 2898 sed
2370 2834 2656 2899 Christus
2706 2836 2831 2899 fuit
2898 2839 3397 2920 perfectissimus
3454 2859 3747 2923 compre-

2202 2943 2477 3007 hensor:
2511 2962 2660 3007 cum
2708 2961 2866 3026 ergo
2909 2945 3045 3028 ipse
3093 2946 3387 3027 diligeret
3421 2966 3747 3013 summam

2201 3050 2313 3115 Dei
2352 3050 2703 3116 bonitatem
2745 3052 2813 3115 in
2852 3053 3058 3135 seipsa
3103 3054 3281 3116 omni
3336 3054 3564 3119 effectu
3610 3056 3746 3119 cir-

2202 3165 2609 3247 cumscripto,
2643 3166 2782 3248 pari
2811 3167 3053 3230 ratione
3079 3166 3291 3230 lucem
3314 3172 3377 3231 et
3405 3167 3740 3232 veritatem

2202 3271 2268 3335 in
2297 3271 2501 3354 seipsa
2527 3271 2781 3338 videbat
2807 3273 3044 3355 absque
3070 3273 3300 3337 medio.

2282 3376 2440 3442 Item
2478 3382 2590 3443 aut
2630 3379 2996 3444 immediate
3035 3380 3246 3458 videt,
3294 3386 3409 3444 aut
3450 3398 3564 3464 per
3604 3399 3743 3446 me-

2200 3484 2382 3548 dium
2416 3508 2430 3548 :
2480 3485 2533 3548 si
2559 3485 2946 3564 immediate,
2981 3486 3185 3551 habeo
3226 3488 3659 3570 propositum;
3688 3490 3747 3552 si

2200 3609 2315 3674 per
2344 3591 2627 3656 medium
2645 3639 2663 3670 ‚
2710 3596 2825 3656 aut
2859 3611 2972 3675 per
2999 3593 3286 3658 medium
3311 3594 3748 3677 proportiona-

2201 3699 2348 3778 bile,
2395 3703 2507 3763 ant
2539 3698 3166 3782 improportionabile
3196 3722 3213 3767 ε
3242 3704 3295 3766 si
3322 3721 3435 3786 per
3457 3704 3745 3768 medium

2199 3807 2829 3890 improportionabile
2850 3857 2873 3888 ,
2917 3828 3074 3891 ergo
3119 3810 3328 3893 potius
3369 3810 3742 3893 impeditur,

2199 3933 2396 3997 quam
2418 3918 2725 3998 juvetur3
2757 3916 2811 3979 si
2838 3935 2956 3999 per
2980 3917 3268 3981 medium
3295 3918 3744 3999 proportiona-

2201 4023 2327 4087 bile
2347 4071 2366 4102 ,
2424 4026 2646 4087 contra
2676 4046 2691 4086 ε
2724 4024 2853 4088 Aut
2888 4028 2983 4088 est
3009 4029 3320 4101 creatum,
3355 4029 3469 4088 aut
3496 4025 3745 4090 increa-

2199 4134 2341 4195 tum
2391 4150 2408 4194 ε
2448 4131 2808 4200 increatum
2852 4151 3005 4213 non,
3049 4133 3205 4215 quia
3232 4132 3389 4197 illud
3415 4136 3510 4196 est
3532 4151 3744 4198 unum

2200 4241 2410 4305 solum
2434 4261 2451 4320 ;
2481 4242 2536 4304 si
2565 4246 2871 4322 creatum,
2903 4262 3061 4324 ergo
3087 4247 3376 4309 creatura
3390 4249 3593 4327 potest
3608 4263 3745 4309 esse

2202 4350 2761 4431 proportionabilis
2787 4350 3063 4415 Creatori
3092 4369 3108 4414 ε
3140 4356 3203 4416 et
3229 4352 3283 4415 si
3304 4352 3446 4432 hoc,
3474 4371 3623 4418 cum
3649 4354 3746 4417 ni-

2200 4455 2293 4518 hil
2323 4456 2496 4520 aliud
2526 4456 2860 4540 impediat,
2891 4458 3047 4541 quin
3074 4463 3369 4525 creatura
3403 4461 3598 4543 possit
3641 4460 3747 4523 vi·

2200 4561 2348 4628 dere
2392 4563 2595 4628 Deum
2639 4564 2709 4628 in
2755 4584 2874 4631 sua
2905 4566 3283 4648 substantia,
3330 4572 3522 4633 restat
3572 4568 3749 4650 quod

2200 4671 2417 4735 anima
2440 4670 2667 4737 Christi
2703 4674 2796 4737 sic
2831 4654 2985 4739 eum
3025 4675 3242 4741 videre
3272 4680 3536 4759 poterat,
3567 4679 3631 4740 et
3653 4676 3749 4742 vi·

2200 4777 2409 4842 debat.

2282 4885 2463 4967 Item,
2493 4887 2547 4951 si
2575 4906 2690 4971 per
2716 4889 3026 4968 medium,
3073 4896 3186 4956 aut
3229 4892 3388 4957 illud
3429 4896 3524 4957 est
3551 4910 3751 4975 supe·-

2200 4993 2335 5057 rius
2383 4994 2598 5058 anima
2635 4994 2863 5060 Christi
2905 4998 3124 5076 beata,
3169 5004 3285 5065 aut
3326 5000 3594 5065 inferius
3633 5022 3648 5063 :
3691 5001 3752 5064 si

2200 5099 2491 5180 inferius,
2524 5119 2680 5183 ergo
2703 5103 3106 5170 immediator
3131 5111 3228 5171 est
3259 5108 3478 5172 anima
3513 5105 3754 5171 Christi

2199 5206 2348 5286 De0,
2378 5227 2577 5291 quam
2621 5210 2704 5274 sit
2734 5211 2892 5275 illud
2915 5214 3086 5295 quod
3115 5218 3189 5278 tu
3216 5215 3372 5279 dicis
3407 5215 3691 5279 medium
3727 5235 3745 5277 t

2199 5334 2390 5398 ergo,
2452 5316 2561 5381 illo
2629 5318 3107 5403 circumscripto
3124 5369 3142 5401 ,
3210 5323 3439 5387 melius
3500 5321 3750 5389 videbit

2204 5427 2427 5492 Deum.
2462 5427 2530 5493 Si
2559 5429 2853 5511 superius
2869 5480 2889 5510 ,
2937 5449 3095 5513 ergo
3143 5434 3382 5517 aliquid
3419 5440 3516 5501 est
3539 5436 3749 5500 excel-
