4185 6288
1104 518 1479 585 DISTINCT.
1523 518 1680 584 XVI.
1724 516 1908 585 ΛΒΤ.
1956 522 2032 585 11.
2079 523 2376 602 QUAEST.
2423 529 2471 595 1.

660 716 1142 788 ARTICULUS
1186 720 1270 788 11.

299 868 744 955 Consequenter
767 874 1084 957 quaeritur
1117 876 1195 940 de
1240 876 1647 958 passibilitate
1673 882 1737 941 et

228 975 422 1043 dolore
462 978 661 1062 ipsius
694 980 931 1045 animae
986 980 1213 1047 Christi
1242 983 1643 1067 {specialiter-3
1675 990 1736 1050 et

227 1083 377 1148 eirca
398 1084 515 1149 hoc
539 1090 926 1170 quaeruntur
974 1089 1095 1154 tria
1127 1112 1142 1154 :
1176 1090 1383 1174 primo
1426 1093 1738 1173 quaeritur

227 1193 429 1255 utrum
456 1191 735 1258 Christus
772 1212 999 1279 passus
1022 1197 1216 1262 fuerit
1241 1200 1593 1264 secundum
1640 1218 1738 1265 ra·

226 1296 468 1378 tionem,
504 1319 590 1365 an
612 1300 824 1366 solum
850 1304 1202 1368 aeeundum
1229 1306 1732 1384 sensualitatem;

226 1405 498 1486 secundo,
523 1407 670 1472 dato
698 1409 865 1492 quod
897 1428 1120 1492 passus
1159 1411 1349 1476 fuerit
1385 1413 1735 1479 secundum

229 1513 538 1593 rationem,
568 1516 882 1598 quaeritur
907 1522 1127 1581 utrum
1175 1536 1396 1601 passus
1419 1521 1609 1583 fuerit
1634 1538 1737 1584 se-

228 1620 486 1683 cundum
511 1627 759 1704 partem
782 1622 1171 1706 inferiorem,
1199 1631 1262 1689 et
1299 1629 1694 1710 superiorem
1717 1651 1734 1707 ;

228 1727 389 1789 tertio
418 1775 436 1804 ,
491 1728 637 1792 dato
689 1729 858 1812 quod
924 1733 1275 1797 secundum
1352 1739 1689 1817 utramque
1717 1784 1735 1812 ,

230 1833 522 1912 quaeritur
548 1839 769 1899 utrum
806 1838 1125 1920 poenalius
1150 1858 1373 1922 passus
1412 1842 1604 1906 fuerit
1640 1861 1741 1907 se-

226 1940 489 2005 cundum
515 1943 854 2022 rationem,
883 1963 1078 2028 quam
1099 1949 1451 2013 secundum
1486 1969 1742 2015 sensua-

222 2043 470 2112 litatem.

751 2201 1110 2281 QUAESTIO
1154 2206 1203 2270 l.

224 2335 305 2393 An
328 2338 565 2396 Christus
584 2353 776 2412 pamas
798 2342 972 2409 liter-it
995 2341 1277 2399 sommam
1302 2346 1566 2403 rationem
1582 2387 1601 2416 ‚
1644 2353 1743 2404 aue

439 2420 452 2431 ’
582 2429 871 2486 neumam
895 2431 1301 2489 seroeualitatsm
1328 2431 1367 2488 ¹.

289 2585 513 2653 Utrum
565 2588 849 2653 Christus
900 2609 1124 2674 passus
1172 2592 1363 2659 ruerit
1389 2599 1742 2664 secundum

221 2704 513 2770 rationem
530 2754 549 2785 ‚
592 2726 676 2770 an
704 2710 951 2773 tantum
981 2709 1334 2776 secundum
1360 2715 1743 2779 sensualita-

221 2817 380 2893 tem;
420 2820 485 2879 et
531 2813 705 2896 quod
749 2817 1101 2882 secundum
1153 2819 1463 2883 rationem
1492 2871 1495 2874 ,
1520 2840 1744 2904 passus

220 2921 391 2987 fuerit
418 2972 438 3000 ,
484 2923 762 2989 videtur.
814 2924 1048 2989 Anima
1096 2944 1280 3009 passa
1325 2933 1422 2990 est
1468 2929 1743 3009 patiente

220 3046 486 3113 corpore,
503 3030 657 3113 quia
686 3031 909 3096 unitur
932 3033 1177 3116 corpori
1206 3033 1372 3097 sicut
1400 3036 1734 3117 perfectio:

221 3132 315 3196 sed
339 3133 557 3199 anima
584 3133 911 3199 rationalis
936 3140 1032 3199 est
1080 3136 1375 3220 perfectio
1434 3139 1739 3221 eorporis,

220 3258 334 3305 non
382 3246 638 3306 tantum
690 3243 1040 3308 secundum
1092 3245 1587 3323 sensualitatem,
1631 3248 1742 3312 sed

220 3348 393 3414 etiam
447 3349 800 3415 secundum
828 3351 1135 3414 rationem
1190 3372 1206 3414 ε
1258 3368 1417 3431 ergo
1472 3356 1741 3447 utroque

221 3457 391 3520 modo
420 3475 602 3537 passa
629 3456 751 3521 fuit
776 3475 1037 3541 corpore
1063 3457 1361 3539 patiente.

288 3562 443 3628 Item
483 3566 691 3647 major
716 3568 813 3630 est
838 3567 1202 3648 conjunctio
1241 3567 1482 3632 virium
1509 3570 1741 3637 animae

219 3670 289 3735 ad
317 3672 619 3750 invicem,
640 3692 835 3755 quam
854 3673 933 3737 sit
956 3674 1192 3739 animae
1217 3675 1294 3739 ad
1312 3695 1540 3760 corpus
1565 3701 1580 3742 ε
1606 3681 1736 3761 sed,

219 3777 480 3857 patiente
503 3796 789 3861 corpore,
845 3782 1081 3862 patitur
1119 3782 1334 3845 anima
1362 3805 1378 3848 z
1408 3802 1593 3867 erge,
1624 3804 1737 3869 pa·

217 3885 396 3951 tiente
422 3906 554 3951 una
582 3887 886 3970 potentia,
903 3888 1140 3970 patitur
1165 3889 1328 3953 alia:
1352 3884 1509 3973 ergo
1529 3893 1742 3959 dolore

217 3992 513 4059 existente
556 3994 628 4058 in
656 3993 1081 4076 sensualitate,
1113 4014 1362 4061 necesse
1389 4001 1484 4061 est
1510 4018 1648 4064 esse
1674 4000 1742 4065 in

198 4144 201 4149 »
216 4099 467 4165 ratione.

291 4208 445 4273 Item
477 4211 683 4290 major
708 4212 803 4272 est
848 4208 1003 4272 unio
1034 4210 1459 4293 potentiarum
1510 4214 1745 4278 animae

220 4311 281 4376 in
308 4313 446 4397 ipsa
474 4314 715 4395 anima,
744 4333 938 4397 quam
964 4315 1045 4380 sit
1071 4317 1506 4382 membrorum
1529 4337 1746 4403 eorpo-

220 4418 299 4484 ris
322 4421 389 4487 in
419 4422 562 4504 ipso
589 4440 849 4505 corpore
882 4445 896 4487 :
929 4425 1061 4504 sed,
1091 4425 1364 4509 patiente
1391 4447 1522 4492 uno
1550 4448 1748 4493 mem-

220 4525 349 4606 bro,
395 4529 867 4612 compatiuntur
916 4535 1146 4596 caetera
1177 4552 1194 4595 ε
1226 4551 1384 4615 ergo
1436 4535 1491 4598 si
1512 4536 1749 4619 patitur

221 4635 498 4714 potentia
540 4635 873 4716 sensualis,
908 4655 1158 4702 necesse
1182 4641 1278 4702 est
1301 4641 1469 4721 quod
1497 4660 1751 4729 eompa-

220 4740 409 4806 tiatur
426 4747 491 4805 et
516 4742 862 4806 rationalis,

298 4847 454 4913 Item
510 4848 682 4932 quod
734 4848 899 4913 inest
948 4849 1182 4914 animae
1226 4855 1577 4920 secundum
1604 4858 1753 4924 sub-

227 4956 515 5020 stantiam
545 4974 730 5020 suam
751 4962 816 5021 et
845 4958 1205 5039 essentiam,
1225 4978 1339 5043 per
1364 4981 1756 5048 consequens

227 5062 537 5128 redundat
578 5063 645 5126 in
698 5082 922 5129 omnes
970 5068 1283 5149 potentias
1311 5087 1328 5131 ε
1378 5070 1487 5134 sed
1539 5074 1757 5139 anima

229 5165 453 5235 Christi
478 5169 859 5253 patiebatur,
889 5173 1164 5254 patiente
1190 5192 1473 5259 corpore,
1503 5186 1759 5264 propter

230 5276 621 5341 essentialem
648 5276 955 5342 unionem
984 5278 1182 5360 ipsius
1201 5281 1280 5344 ad
1298 5299 1530 5366 eorpus
1561 5307 1576 5349 :
1602 5305 1760 5370 ergo

299 5419 314 5454 ι
349 5417 428 5480 cs,
472 5419 525 5469 s.
556 5417 717 5467 Thom
743 5454 760 5478 ,
790 5431 841 5481 p.
875 5418 968 5479 ΙΙΙ,
989 5433 1042 5482 q.
1074 5430 1224 5484 xtvr,
1250 5424 1342 5471 art.
1371 5428 1435 5488 ⁵5
1464 5425 1762 5495 aichardus,

293 5512 359 5574 (α)
384 5510 505 5563 Goet.
534 5509 657 5561 edit.
687 5525 833 5578 quos.

3258 542 3371 603 357

1844 676 2101 726 neeesse
2125 662 2247 728 fuit
2273 665 2405 748 pati
2431 667 2782 732 seeundum
2825 687 2892 734 se
2919 675 3116 736 totam
3152 696 3167 737 ε
3219 692 3377 756 ergo

1844 769 2203 834 seeundum
2231 775 2474 854 partem
2500 775 2860 841 sensualem
2885 781 2949 841 et
2976 778 3373 846 rationalem.

1920 871 2077 936 Item
2125 874 2410 941 Christus
2466 899 2585 944 sua
2628 882 2918 964 passione
2953 902 3083 950 non
3125 890 3377 952 tantum

1840 999 1959 1045 nos
1986 981 2277 1049 liberavit
2293 1004 2331 1050 a
2345 987 2633 1068 passione
2658 1007 2786 1072 qua
2804 990 3043 1073 patitur
3063 997 3202 1076 conj
3211 999 3378 1059 'unc-

1840 1093 2006 1169 tum,
2036 1087 2148 1156 sed
2173 1091 2366 1157 etiam
2401 1113 2439 1158 a
2464 1097 2755 1179 passione
2798 1116 2927 1181 qua
2975 1101 3212 1183 patitur
3237 1104 3379 1168 ani-

1843 1215 1950 1262 ma
1980 1205 2266 1283 separata
2299 1222 2315 1265 :
2348 1202 2458 1267 sed
2485 1203 2704 1269 anima
2753 1214 3041 1290 separata
3073 1228 3206 1275 non
3232 1217 3378 1276 tan—

1841 1310 1984 1369 tum
2032 1306 2269 1389 patitur
2319 1310 2671 1375 secundum
2723 1315 3219 1399 sensualitatem,
3270 1322 3378 1387 sed

1842 1412 2036 1477 etiam
2068 1413 2305 1496 patitur
2330 1417 2680 1482 secundum
2708 1438 2776 1483 se
2800 1425 2996 1486 totam
3016 1471 3035 1500 ‚
3062 1425 3381 1510 praecipue

1842 1519 2193 1584 seeundum
2223 1527 2465 1603 partem
2485 1523 2971 1592 intellectualem
2990 1578 3009 1611 ,
3042 1534 3226 1614 quus
3257 1535 3382 1599 ha-

1842 1626 1950 1690 bet
1980 1645 2171 1690 usum
2214 1632 2278 1692 et
2304 1631 2735 1712 operationem
2768 1656 2783 1696 :
2815 1635 2868 1697 si
2905 1655 3066 1719 ergo
3099 1639 3384 1706 Christus
3426 1654 3433 1660 ’

1843 1755 1959 1817 pro
1986 1741 2200 1801 nostra
2225 1737 2596 1804 liberatione
2639 1739 2708 1803 in
2734 1760 2803 1807 se
2829 1745 3104 1828 suscepit
3145 1746 3260 1830 huj
3270 1767 3376 1811 us-

1845 1842 2018 1906 modi
2070 1844 2419 1928 passiones,
2449 1844 2702 1911 videtur
2739 1849 2909 1931 quod
2953 1867 3086 1915 non
3131 1856 3385 1919 tantum

1845 1969 2069 2033 passus
2125 1952 2313 2017 fuerit
2349 1952 2703 2018 secundum
2746 1956 3239 2039 sensualitatem,
3270 1979 3380 2026 ve-

1845 2077 1994 2123 rum
2017 2060 2212 2123 etiam
2229 2059 2580 2123 secundum
2608 2060 2940 2126 rationem.

1926 2166 2048 2231 Sed
2077 2171 2297 2231 contra
2327 2171 2427 2231 21.
2461 2167 2641 2242 Quod
2662 2167 2902 2232 nullius
2931 2171 3127 2252 partis
3151 2191 3383 2257 eorpo-
3417 2199 3484 2244 Aa
3503 2211 3607 2255 opp.

1846 2275 1936 2339 ris
1961 2278 2056 2338 est
2098 2277 2298 2353 aetus,
2329 2290 2460 2337 non
2508 2273 2747 2357 patitur
2774 2294 3038 2358 corpore
3064 2278 3379 2359 patiente:

1847 2382 2064 2446 anima
2113 2382 2463 2446 seeundum
2517 2386 2764 2465 partem
2807 2383 3073 2448 rationis
3143 2385 3386 2451 nullius

1847 2489 2045 2572 partis
2072 2489 2354 2572 corporis
2392 2491 2487 2553 est
2524 2492 2735 2565 aetus,
2767 2493 2840 2554 ut
2877 2489 3026 2555 dicit
3047 2492 3070 2526 ¹
3097 2490 3387 2559 Philoso-

1846 2597 2015 2680 phus
2059 2619 2074 2661 :
2108 2615 2265 2678 ergo
2302 2615 2636 2680 nunquam
2678 2599 2937 2680 patitur,
2978 2618 3239 2683 corpore
3280 2622 3386 2685 pa-

1846 2705 2042 2768 tiente
2071 2724 2089 2768 2
2122 2722 2278 2785 ergo
2304 2703 2522 2768 anima
2547 2704 2614 2768 in
2642 2703 2886 2768 Christo
2915 2705 2969 2768 si
3010 2725 3193 2788 passa
3237 2710 3379 2789 fuit,

1847 2828 1979 2874 non
2005 2810 2128 2875 fuit
2152 2829 2336 2894 passa
2358 2810 2482 2875 nisi
2503 2810 2712 2876 solum
2739 2811 3092 2877 secundum
3119 2833 3385 2881 sensua-

1844 2917 2113 2983 litatem.

1924 3030 1986 3090 2.
2019 3026 2203 3106 Item,
2255 3025 2428 3109 quod
2480 3044 2613 3090 non
2666 3028 3102 3114 corrumpitur
3145 3030 3224 3095 ad
3253 3049 3385 3095 cor-

1846 3133 2209 3217 ruptionem
2234 3132 2515 3213 alterius,
2545 3152 2676 3200 non
2729 3134 2971 3219 patitur
3025 3138 3383 3220 passionem

1844 3241 2127 3321 alterius,
2179 3239 2332 3324 quia
2374 3241 2583 3324 passio
2636 3246 2733 3307 est
2779 3242 2886 3309 via
2914 3244 2997 3308 ad
3041 3246 3386 3329 corruptio·

1844 3367 1997 3413 nem
2054 3369 2071 3413 :
2137 3349 2246 3413 sed
2299 3348 2519 3413 anima
2567 3348 2795 3413 Christi
2858 3351 3211 3416 secundum
3275 3371 3378 3416 ra·

1844 3458 2085 3523 tionem
2114 3475 2249 3522 non
2299 3456 2506 3539 potuit
2546 3458 2876 3541 corrumpi
2920 3458 3001 3522 ad
3032 3459 3382 3543 corruptio-

1844 3581 1994 3628 nem
2024 3563 2305 3646 corporis
2350 3586 2366 3629 ε
2415 3582 2572 3646 ergo
2600 3582 2720 3628 neo
2767 3564 2922 3648 pati,
2971 3581 3234 3646 corpore
3264 3583 3383 3647 pa-

1844 3671 2060 3736 tiente.

1926 3785 1987 3844 3.
2037 3779 2230 3857 Item,
2259 3778 2432 3862 quod
2459 3777 2639 3844 nullo
2688 3778 2878 3844 modo
2910 3778 3104 3844 habet
3123 3784 3381 3845 eontra-

1846 3887 2020 3953 rium
2070 3885 2334 3969 aliquid,
2384 3903 2503 3949 neo
2548 3884 2740 3949 habet
2778 3884 3016 3967 aliquid
3067 3886 3383 3968 superius,

1846 4012 1980 4059 non
2008 3997 2210 4078 potest
2233 3992 2365 4077 pati
2387 3993 2467 4056 ab
2496 3991 2713 4075 aliquo
2756 3995 3012 4074 agente,
3052 3993 3154 4058 vel
3185 3992 3333 4059 laedi
3365 4019 3381 4060 ε

1848 4103 1957 4166 sed
2001 4090 2219 4165 anima
2270 4099 2498 4166 Christi
2524 4099 2879 4164 seeundum
2921 4099 3234 4164 rationem
3265 4118 3385 4165 nee

1846 4207 2041 4273 habet
2090 4206 2335 4289 aliquid
2389 4206 2812 4287 contrarium,
2872 4225 2990 4273 nec
3036 4206 3226 4271 habet
3281 4206 3390 4272 ali-

1848 4313 2005 4399 quid
2042 4319 2326 4379 oreatum
2362 4313 2568 4397 seipsa
2615 4314 2910 4397 superius
2941 4336 2956 4379 :
3015 4332 3174 4396 ergo
3213 4313 3391 4380 nullo

1851 4421 2043 4487 modo
2067 4421 2419 4488 secundum
2441 4421 2758 4488 rationem
2778 4421 2907 4503 pati
2930 4421 3152 4504 potuit,
3178 4422 3281 4486 vel
3307 4422 3393 4487 al*-

1849 4528 2015 4610 fligi.

1936 4642 1999 4703 4.
2033 4636 2219 4716 Item,
2244 4635 2407 4700 nihil
2431 4635 2702 4715 idem,et
2722 4636 3077 4700 secundum
3092 4636 3284 4715 idem,
3314 4638 3395 4702 de

1856 4746 2078 4813 eodem
2129 4743 2390 4827 gaudet,
2417 4746 2483 4809 et
2528 4742 2818 4807 tristatur
2858 4742 2939 4808 de
2984 4743 3252 4808 eodem:
3283 4744 3394 4809 sed

1856 4854 2072 4920 anima
2105 4850 2333 4918 Christi
2360 4848 2711 4914 seeundum
2741 4849 3051 4915 rationem
3075 4851 3397 4932 gaudebat

1858 4963 1937 5029 de
1971 4960 2297 5026 doloribus
2337 4961 2402 5021 et
2425 4956 2845 5041 passionibuS,
2878 4976 3026 5041 quae
3056 4959 3134 5041 (α)
3166 4976 3397 5041 eorpus

1860 5067 2235 5153 perferebat,
2291 5063 2573 5147 alioquin
2599 5081 2732 5127 non
2766 5069 3119 5129 mereretur
3158 5086 3175 5128 z
3213 5082 3396 5146 ergO,

1862 5177 2143 5264 patiente
2189 5189 2474 5259 corpore,
2503 5188 2635 5236 non
2662 5170 3040 5254 patiebatur,
3077 5190 3195 5239 nec
3231 5172 3398 5238 affli-

1863 5285 2158 5371 gebatur.

1869 5448 1935 5498 111
1952 5442 2249 5505 Sent.,dist.
2268 5453 2360 5503 xv,
2380 5444 2476 5491 art.
2489 5442 2538 5504 Ι,
2553 5454 2605 5505 q.
2628 5451 2682 5490 ιν
2699 5454 2716 5502 ;
2738 5438 2916 5504 Steph.
2934 5438 3140 5500 Brnlet„
3161 5440 3223 5489 nl
3245 5441 3405 5503 Sene„

1869 5520 1986 5576 dist.
2012 5528 2123 5578 xvi,
2145 5528 2197 5586 q·
2217 5526 2288 5567 lv.
2315 5539 2375 5553 -
2392 5515 2415 5547 ¹
2443 5511 2612 5575 Arist„
2642 5511 2702 5563 de
2729 5512 2931 5572 Ammo,
2954 5509 3040 5567 lib.
3073 5511 3160 5579 nl,
3188 5513 3324 5567 cont.
3353 5513 3402 5565 6.
