4185 6288
690 485 808 549 392

688 615 1035 682 mationem
1090 610 1317 694 gratiae
1335 658 1354 690 ,
1412 627 1561 674 cum
1630 608 1775 674 talis
1841 609 2242 675 confirmatio

689 722 882 788 simul
912 722 1033 785 stet
1054 736 1204 784 cum
1226 717 1427 781 libera
1448 716 1800 797 voluntate,
1833 717 1926 781 sic
1952 734 2088 782 non
2116 718 2243 783 tol-

688 830 765 897 lit
805 830 887 895 ab
927 829 1064 911 ipso
1094 843 1287 909 opere
1327 824 1680 889 bonitatem
1724 826 1953 905 moris,
1981 843 2134 890 cum
2157 826 2245 890 sit

688 936 1129 1005 voluntarium
1166 954 1187 1013 ;
1245 951 1322 998 ac
1373 951 1488 1016 per
1526 933 1652 997 hoc
1700 950 1817 997 nec
1869 931 2241 1015 qualitatem

689 1042 922 1108 meriti.
960 1041 1032 1106 In
1058 1040 1304 1106 Christo
1339 1043 1557 1104 autem
1599 1039 1723 1104 fuit
1760 1039 2041 1103 liberum
2067 1039 2242 1103 arbi-

687 1149 885 1214 trium
913 1146 1411 1213 determinatum
1439 1145 1520 1211 ad
1546 1164 1786 1226 unum,
1822 1163 1955 1210 non
1986 1162 2103 1228 per
2124 1163 2242 1210 ne-

687 1255 1039 1320 cessitatem
1075 1256 1359 1336 naturae,
1384 1253 1493 1319 sed
1530 1271 1646 1336 per
1689 1253 2242 1318 confirmationem

685 1362 938 1444 gratiae.

765 1472 829 1533 2.
859 1467 958 1532 Ad
1005 1466 1164 1532 illud
1206 1465 1380 1549 quod
1422 1464 1744 1548 objicitur,
1790 1464 1963 1549 quod
1992 1464 2242 1531 habens

687 1592 929 1639 munus
951 1573 1178 1656 gloriae
1204 1591 1338 1638 non
1382 1572 1531 1638 tacit
1556 1590 1720 1656 opus
1742 1571 2236 1651 remunerabile,

687 1681 1027 1748 dicendum
1053 1679 1225 1763 quod
1251 1678 1408 1744 illud
1439 1697 1670 1745 verum
1698 1682 1794 1744 est
1816 1678 2075 1762 quando
2119 1677 2241 1743 ali-

687 1788 836 1871 quis
877 1792 973 1852 est
1024 1786 1391 1870 simpliciter
1442 1786 1513 1849 in
1563 1791 1732 1850 statu
1773 1786 2035 1870 patriae;
2086 1804 2238 1851 cum

686 1901 904 1962 autem
944 1915 1077 1962 non
1104 1900 1356 1961 tantum
1382 1900 1477 1961 est
1504 1896 1577 1959 in
1611 1898 1782 1961 statu
1812 1896 2233 1980 comprehen-

684 2009 877 2088 soris,
911 2027 1138 2074 verum
1182 2009 1375 2073 etiam
1426 2008 1498 2072 in
1535 2011 1707 2072 statu
1753 2007 2048 2088 viatoris,
2079 2014 2237 2073 tunc

684 2133 849 2198 opus
877 2118 1019 2197 ejus
1061 2133 1198 2180 esse
1223 2117 1430 2197 potoet
1463 2113 1934 2179 remunerabile
1977 2118 2237 2197 propter

683 2226 920 2288 statum
965 2222 1094 2287 viae
1124 2243 1141 2286 :
1172 2227 1237 2287 et
1280 2222 1372 2286 sic
1414 2224 1509 2286 est
1556 2221 1836 2305 reperire
1874 2221 1943 2285 in
1990 2221 2234 2286 Christo

683 2329 1035 2395 secundum
1102 2330 1386 2394 divinam
1452 2330 2006 2415 dispensationem.
2068 2330 2125 2396 N
2127 2350 2234 2396 am

683 2434 848 2500 sicut
881 2436 1102 2500 anima
1141 2435 1391 2516 Christi,
1422 2440 1679 2520 propter
1718 2438 1857 2520 conj
1865 2437 2235 2503 unctionem

681 2541 785 2606 sui
823 2560 974 2608 cum
1016 2542 1375 2622 divinitate,
1423 2543 1617 2608 habet
1667 2546 1907 2608 statum
1956 2544 2229 2626 patriae3

682 2647 795 2727 sic,
828 2653 1086 2731 propter
1111 2649 1628 2731 conjunctionem
1662 2649 1764 2713 sui
1803 2668 1956 2715 cum
2002 2668 2194 2716 carne
2207 2697 2230 2731 ‚

681 2753 873 2820 habet
911 2759 1147 2820 statum
1176 2755 1303 2821 viae
1327 2759 1392 2820 et
1432 2756 1712 2821 miseriae
1757 2774 1876 2839 pro
1918 2758 2028 2822 illo
2069 2762 2235 2823 tem-

679 2879 858 2945 pore.
889 2861 967 2927 Εἰ
1000 2862 1142 2928 ideo
1186 2863 1350 2928 sicut
1376 2864 1585 2947 potuit
1621 2882 1757 2929 esse
1784 2864 1852 2928 in
1879 2869 2048 2930 statu
2092 2867 2236 2930 via-

681 2968 837 3033 toris
882 2969 1079 3035 simul
1129 2975 1192 3035 et
1241 2971 1831 3054 comprehensoria,
1879 2973 1972 3037 sic
2010 2972 2236 3038 habuit

677 3076 955 3159 gloriam
995 3077 1076 3142 ed
1117 3079 1811 3163 comprehendendum,
1860 3084 1924 3147 et
1956 3083 2234 3165 gratiam

676 3186 759 3251 ad
796 3189 1198 3255 merendum.
1231 3190 1310 3255 Et
1357 3196 1453 3257 est
1491 3191 1700 3258 simile
1743 3193 1822 3258 de
1864 3194 2134 3276 angelis,
2163 3195 2235 3260 in

676 3294 913 3379 quibus
961 3299 1263 3380 ponimus
1326 3300 1464 3365 vim
1530 3300 2108 3367 administrativam
2172 3306 2236 3369 et

680 3404 1260 3487 contemplativam,
1309 3407 1664 3472 secundum
1706 3425 1987 3491 quarum
2034 3428 2234 3475 unam

680 3516 1034 3591 merentur,
1065 3518 1129 3578 et
1158 3513 1514 3580 secundum
1541 3516 1806 3580 alteram
1837 3515 2145 3581 fruuntur
2169 3518 2233 3584 et

674 3619 1126 3700 praemiantur.

755 3729 816 3789 3.
846 3725 945 3790 Ad
973 3726 1132 3792 illud
1160 3727 1332 3810 quod
1360 3728 1696 3812 objicitur,
1725 3731 1896 3814 quod
1923 3731 2227 3815 quicum-

670 3848 800 3915 que
842 3839 1147 3915 meretur,
1196 3836 1502 3902 merendo
1546 3838 1837 3920 proficit,
1882 3839 2228 3905 dicendum

670 3939 844 4023 quod
872 3942 1179 4023 proficere
1207 3946 1305 4009 est
1331 3943 1587 4010 duobus
1612 3946 1853 4012 modis:
1875 3947 1979 4012 vel
1999 3947 2069 4011 in
2096 3967 2230 4013 me-

669 4046 795 4112 rito
848 4048 1107 4114 habitus
1126 4098 1145 4131 ,
1199 4052 1305 4118 vel
1353 4052 1425 4116 in
1480 4052 1890 4120 multitudine
1931 4060 2220 4121 actuum.

669 4151 806 4234 Vel,
835 4173 952 4239 per
992 4157 1119 4222 alia
1159 4160 1381 4240 verba,
1416 4164 1512 4225 est
1553 4162 1860 4244 proficere
1904 4166 2222 4245 quantum

668 4261 752 4326 ed
776 4262 1083 4330 virtutem
1104 4267 1415 4347 merendi,
1446 4272 1511 4333 et
1532 4273 1850 4352 quantum
1874 4270 1956 4335 ad
1980 4288 2220 4337 nume-

668 4385 819 4435 rum
875 4373 1276 4439 meritorum.
1329 4375 1547 4442 Primo
1596 4377 1788 4443 modo
1854 4378 2221 4462 accipiendo

669 4477 1026 4559 profectum
1041 4529 1060 4560 ‚
1116 4499 1251 4548 non
1297 4484 1598 4567 competit
1641 4484 1828 4550 tertio
1876 4485 2067 4551 modo
2119 4486 2221 4552 di-

668 4583 853 4649 cendi
904 4587 1252 4668 meritum;
1299 4591 1653 4657 secundum
1705 4609 1901 4675 quem
1951 4594 2218 4659 tertium

664 4682 932 4759 modum
959 4698 1409 4764 tantummodo
1437 4699 1669 4766 dicitur
1697 4702 2009 4767 meruisse
2035 4702 2218 4769 Chri-

658 4801 820 4866 stus.
847 4800 992 4868 Alio
1017 4805 1214 4871 modo
1241 4806 1606 4890 accipiendo
1631 4810 2011 4892 protectum,
2044 4829 2217 4876 com·

657 4906 814 4987 petit
840 4908 983 4989 sibi,
1016 4911 1182 4977 sicut
1207 4917 1381 4997 patet
1407 4933 1523 4999 per
1546 4933 1743 5000 supra
1768 4917 2053 4983 habitam
2079 4918 2211 4985 dis·
2237 4988 2250 4995 ,

655 5010 1052 5082 tinctionem.

731 5123 795 5183 4.
833 5119 931 5184 Ad
971 5122 1131 5189 illud
1162 5126 1346 5208 quod
1383 5127 1686 5211 objicitur
1704 5178 1723 5210 ,
1752 5132 1927 5215 quod
1974 5135 2206 5199 mereri

716 5233 735 5268 ¹
764 5227 846 5294 Cf.
879 5235 1023 5286 Alex.
1056 5239 1284 5305 Alensis,
1310 5256 1363 5306 p.
1385 5244 1474 5307 ΙΙΙ,
1494 5258 1545 5309 q.
1580 5257 1710 5309 xvir,
1730 5248 1921 5299 memb.
1940 5251 1990 5312 3,
2018 5253 2117 5301 art.
2141 5254 2169 5300 3
2186 5266 2204 5315 ;

651 5308 707 5357 s.
726 5307 1205 5378 Thom.‚1118ent.,
1237 5316 1354 5369 dist.
1380 5330 1543 5383 xvm,
1564 5334 1617 5385 q.
1638 5332 1657 5371 1
1675 5359 1694 5387 ‚
1715 5325 1822 5382 jart.
1850 5325 1879 5373 5
1894 5339 1913 5387 ς
1942 5323 2204 5391 Richard„

653 5375 720 5425 ιιι
751 5377 915 5433 Seni..
940 5381 1057 5434 dist.
1087 5395 1240 5448 xvm,
1261 5401 1314 5452 q.
1335 5399 1419 5452 1v;
1450 5390 1688 5455 stephan.
1721 5393 1930 5459 Brulet„
1953 5397 2020 5448 111
2040 5398 2205 5461 sent„

712 5455 781 5517 (a)
816 5456 943 5512 Cat.
962 5461 1086 5512 edit.
1114 5465 1513 5528 separationem.

1809 472 2437 540 summanum
2475 473 2625 541 un.
2667 476 2776 542 111.

2347 615 2445 676 est
2482 610 2689 677 facere
2735 610 2814 678 de
2857 614 3138 681 indebito
3181 617 3471 685 debitum
3486 668 3506 700 ,
3552 619 3892 690 dicendum

2347 719 2521 801 quod
2548 720 2707 787 illud
2742 725 2838 786 est
2870 740 3106 788 verum
3144 731 3460 809 quantum
3487 729 3570 794 ad
3614 730 3892 814 aliquem

2348 826 2613 892 modum
2639 829 2956 908 merendi,
2989 832 3099 895 sed
3125 850 3258 898 non
3282 840 3600 917 quantum
3644 838 3726 903 ad
3751 857 3892 903 om-

2346 950 2494 1013 nes,
2540 935 2706 1000 sicut
2747 938 2927 1019 prius
2978 938 3219 1005 dicmm
3258 947 3353 1008 est
3399 968 3417 1010 2
3468 947 3533 1009 et
3574 943 3719 1011 ideo
3762 965 3892 1012 non

2345 1038 2537 1105 habet
2561 1039 2779 1106 locum
2804 1042 2872 1106 in
2901 1046 3243 1127 proposito.

2428 1152 2491 1211 5.
2521 1148 2620 1213 Ad
2655 1148 2814 1214 illud
2842 1150 3017 1232 quod
3041 1152 3375 1235 objicitur,
3404 1156 3579 1239 quod
3619 1156 3892 1225 liberum

2346 1256 2687 1323 arbitrium
2736 1258 2960 1324 eodem
3012 1260 3202 1326 modo
3252 1280 3321 1327 se
3367 1262 3560 1331 habet
3613 1284 3789 1332 nunc
3830 1272 3893 1334 et

2345 1363 2548 1446 prius,
2577 1363 2919 1431 dicendum
2964 1368 3138 1450 quod
3172 1386 3402 1435 verum
3426 1377 3522 1437 est
3557 1391 3674 1456 per
3713 1393 3892 1441 com-

2346 1471 2743 1553 parationem
2782 1472 2865 1537 ad
2900 1475 3217 1557 superius,
3247 1477 3482 1543 scilicet
3528 1480 3611 1545 ad
3649 1480 3890 1563 Deum;

2343 1593 2478 1641 non
2515 1580 2732 1643 tamen
2769 1584 2866 1644 est
2914 1598 3149 1646 verum
3190 1602 3308 1667 per
3354 1588 3894 1669 comparationem

2343 1684 2422 1749 ad
2466 1686 2757 1768 inferius,
2802 1688 3037 1754 scilicet
3084 1692 3166 1757 ad
3210 1711 3470 1760 carnem
3503 1697 3889 1778 passibilem,

2343 1808 2426 1856 ex
2477 1796 2664 1877 cujus
2717 1798 3167 1879 conjunctione
3213 1803 3349 1865 tam
3390 1802 3669 1868 liberum
3716 1806 3894 1869 arbi-

2342 1897 2543 1963 trium
2558 1947 2578 1978 ,
2608 1919 2803 1983 quam
2838 1903 3048 1983 gratia
3076 1904 3292 1987 ipsum
3334 1907 3667 1988 perficiens
3706 1908 3896 1975 habet

2343 2002 2657 2084 pertinere
2695 2003 2776 2069 ad
2823 2009 3063 2070 statum
3109 2006 3257 2072 viae.
3315 2006 3493 2074 Unde
3543 2028 3677 2075 non
3727 2010 3898 2076 valet

2340 2107 2500 2172 illud
2537 2110 2706 2192 quod
2751 2111 2969 2194 objicit
3014 2113 3094 2178 de
3138 2131 3360 2195 carne,
3409 2116 3581 2198 quod
3626 2135 3759 2182 non
3802 2123 3897 2184 est

2339 2215 2730 2299 principium
2768 2218 3058 2284 merendi
3089 2239 3106 2283 ε
3151 2220 3276 2284 hoc
3304 2221 3483 2286 enim
3526 2240 3760 2288 verum
3804 2229 3900 2290 est

2339 2339 2455 2405 per
2478 2341 2546 2387 se
2571 2322 2890 2406 loquendo
2916 2347 2933 2403 ;
2964 2326 3116 2390 facit
3160 2331 3379 2392 tamen
3418 2329 3500 2394 ad
3545 2330 3853 2397 meritum
3876 2382 3895 2409 ,

2341 2427 2498 2491 dum
2539 2428 2688 2493 facit
2729 2431 2810 2495 ad
2854 2436 3092 2497 statum
3131 2433 3344 2499 meriti
3357 2481 3376 2511 ,
3414 2435 3582 2500 sicut
3619 2440 3791 2520 patet
3831 2436 3898 2501 in

2341 2536 2793 2618 conjunctione
2823 2539 3058 2604 animae
3094 2542 3174 2605 ad
3206 2559 3496 2622 carnem,
3527 2547 3591 2607 et
3621 2546 3766 2626 ejus
3792 2563 3897 2610 se-

2340 2643 2669 2725 paratione
2720 2645 2827 2728 (a).
2874 2646 3111 2711 Anima
3152 2648 3328 2713 enim
3372 2654 3592 2714 nostra
3605 2698 3627 2728 ,
3678 2652 3897 2716 statim

2339 2748 2497 2814 dum
2524 2768 2564 2813 a
2591 2768 2781 2815 carne
2818 2758 3151 2835 separatur
3167 2803 3186 2834 ,
3220 2755 3501 2838 amplius
3535 2775 3668 2822 non
3706 2758 3899 2825 habet

2342 2857 2654 2937 merendi,
2680 2858 2785 2923 vel
2813 2858 3182 2925 demerendi
3209 2866 3470 2929 statum.
3725 2855 3734 2862 ’

2833 3081 3242 3161 QUAESTIO
3285 3083 3416 3151 111.

2459 3238 2554 3296 An
2582 3184 2824 3298 Chi-§ism
2853 3244 3108 3299 mei-uerit
3143 3243 3362 3316 aliquid
3388 3245 3450 3299 in
3466 3245 3718 3318 passione
3736 3245 3779 3301 ¹.

2424 3397 2650 3465 Utrum
2678 3400 2966 3468 Christus
3002 3403 3242 3486 aliquid
3279 3405 3588 3470 meruerit
3633 3406 3706 3470 in
3742 3424 3895 3490 pas-
3922 3432 4113 3478 rum

2340 3507 2555 3587 sione3
2588 3514 2654 3575 et
2677 3511 2851 3594 quod
2894 3511 3016 3589 sic,
3046 3511 3303 3577 videtur
3345 3512 3556 3595 primo
3600 3532 3715 3597 per
3741 3519 3890 3580 tex-

2340 3618 2479 3680 tum
2505 3616 2789 3700 Apostoli
2811 3625 2835 3661 ¹
2867 3638 2885 3684 ε
2917 3620 3311 3687 Humiliavit
3335 3622 3742 3703 semetipsum
3773 3638 3891 3689 us-

2337 3738 2459 3805 que
2486 3725 2577 3790 ad
2603 3731 2897 3804 mortem,
2921 3732 3180 3810 propter
3216 3728 3391 3811 quod
3416 3735 3480 3796 et
3507 3731 3674 3796 Deus
3701 3729 3889 3797 exal-

2337 3834 2503 3898 tavit
2567 3832 2775 3914 illum,
2824 3837 2945 3900 etc.
2981 3857 2996 3899 :
3035 3835 3230 3918 quod'
3267 3836 3539 3900 verbum
3608 3841 3886 3902 tractans

2337 3935 2641 4021 Magister
2705 3940 2856 4006 dicit
2912 3946 3127 4025 aperte
3170 3960 3189 4006 ι
3245 3966 3277 4003 α
3325 3942 3488 4008 Dicit
3540 3943 3885 4027 Apostolus

2333 4052 2666 4130 propterea
2690 4048 2904 4132 ipsum
2942 4048 3293 4113 exaltatum
3323 4067 3438 4132 per
3475 4050 3883 4134 impassibili-

2333 4154 2480 4218 tatis
2521 4156 2797 4239 gloriam
2810 4204 2828 4237 ,
2862 4156 3018 4239 quia
3042 4160 3139 4220 est
3167 4156 3544 4221 humiliatus
3583 4175 3698 4240 per
3735 4173 3883 4240 pas-

2331 4264 2526 4329 sionis
2568 4265 3012 4331 obedientiam.
3042 4290 3075 4328 »
3136 4265 3308 4348 Ergo
3344 4266 3580 4332 meruit
3617 4267 3690 4330 in
3737 4285 3885 4351 pas-

2331 4390 2530 4440 sione.

2412 4481 2572 4547 Item
2600 4482 3028 4564 Augustinus,
3055 4499 3386 4567 exponens
3408 4483 3685 4549 verbum
3710 4498 3880 4566 prae·

2328 4588 2572 4655 dictum
2590 4637 2608 4667 ,
2651 4590 2865 4673 inquit
2881 4592 2903 4628 ⁸
2937 4612 2951 4654 :
2990 4613 3022 4652 α
3057 4589 3139 4654 Ut
3173 4588 3460 4654 Christus
3502 4590 3884 4655 clarificetur

2327 4696 2396 4761 in
2447 4697 2913 4764 resurrectione
2931 4745 2949 4777 ,
3004 4698 3186 4782 prius
3235 4696 3616 4762 humiliatus
3667 4701 3764 4762 est
3811 4696 3883 4760 in

2325 4805 2639 4888 passione.
2672 4826 2703 4864 ι
2738 4802 3001 4871 Videtur
3028 4823 3188 4887 ergo
3218 4805 3395 4889 quod
3420 4822 3535 4887 per
3574 4804 3880 4869 meritum

2322 4912 2634 4997 passionis
2687 4913 3055 4997 pervenerit
3094 4912 3176 4977 ad
3228 4912 3507 4995 gloriam
3554 4929 3879 4978 resurrec-

2321 5020 2537 5086 tionis.

2402 5127 2561 5193 Item
2578 5174 2595 5205 ‚
2627 5125 2791 5192 nihil
2818 5128 2913 5190 est
2949 5125 3161 5208 magis
3201 5124 3602 5191 meritorium
3619 5171 3638 5207 ,
3668 5142 3871 5209 quam

2317 5330 2435 5383 dist.
2460 5340 2610 5392 xvm,
2634 5342 2686 5393 q.
2705 5339 2765 5379 111
2778 5342 2795 5391 ;
2823 5297 3246 5392 Gabr.'Bie1.,111
3272 5325 3431 5386 Sem..
3452 5324 3570 5377 dist.
3589 5338 3738 5391 xvm,
3760 5342 3814 5393 q.
3833 5340 3872 5392 1,

2315 5403 2439 5455 dub.
2465 5413 2546 5452 ¹11.
2569 5427 2631 5437 —
2649 5401 2673 5436 ἱ
2696 5398 2914 5462 Philip..
2944 5411 3002 5459 ιι,
3020 5402 3069 5463 8,
3090 5401 3141 5448 9.
3157 5425 3219 5437 -
3236 5397 3259 5433 ⁸
3278 5399 3430 5462 Aug„
3460 5398 3512 5446 in
3528 5398 3692 5449 λοσε..
3720 5403 3869 5449 tract.

2321 5488 2427 5536 etv,
2453 5487 2508 5523 n.
2534 5476 2582 5522 3.
