4185 6288
491 859 653 902 Divisio

470 924 602 967 totius
633 921 682 963 li-

481 986 550 1029 bri
571 985 674 1028 Sen-

499 1048 655 1090 tentia·

522 1122 635 1152 rum.

703 503 743 561 2
1794 492 2418 562 SENTENTIARUM
2458 493 2607 560 LIB.
2653 495 2760 559 111.

707 635 969 716 quinem
996 633 1234 715 ipsius,
1267 633 1510 699 salvati
1532 632 1615 712 (a)
1644 633 1883 698 erimus
1905 633 1986 698 ab
2012 633 2119 697 ira
2139 647 2252 713 per

711 741 927 823 ipsum
936 761 964 819 ;
986 758 1130 804 ecce
1160 738 1334 804 salus
1361 738 1643 803 hominis
1672 739 1970 821 reparati.

792 846 870 911 Et
905 847 1262 912 secundum
1302 846 1443 910 haeo
1474 850 1775 929 quatuor,
1807 864 1952 927 quae
1983 844 2052 908 in
2083 864 2252 927 prae-

712 954 876 1018 dicta
900 954 1269 1019 auctoritate
1296 953 1767 1033 describuntur,
1798 958 2076 1035 quatuor
2099 956 2255 1016 sunt

712 1061 861 1126 libri
886 1060 1368 1125 sententiarum.
1398 1058 1560 1123 Nam
1590 1061 1657 1123 in
1689 1061 1894 1142 primo
1919 1060 2083 1123 libro
2114 1059 2253 1139 agi-

712 1173 822 1233 tur
845 1168 921 1233 de
941 1167 1359 1250 reparationis
1384 1166 1660 1232 Auctore
1679 1215 1696 1246 ,
1719 1169 1940 1248 utpote
1960 1166 2038 1230 de
2066 1166 2252 1229 beata

710 1275 1037 1340 Trinitate.
1070 1275 1141 1339 ln
1161 1275 1440 1339 secundo
1463 1293 1619 1340 vero
1642 1275 1863 1356 agitur
1883 1275 1961 1338 de
1978 1293 2252 1357 persona

710 1382 1078 1465 reparabili,
1101 1386 1321 1464 utpote
1342 1382 1421 1447 de
1445 1381 1709 1447 homine
1736 1382 1996 1446 cadente
2015 1400 2054 1446 a
2079 1386 2248 1445 statu

710 1488 1086 1554 conditionis
1103 1492 1168 1553 et
1188 1490 1590 1553 innoeentiae.
1616 1488 1685 1553 in
1713 1490 1898 1553 tertio
1924 1490 2146 1572 agitur
2172 1490 2251 1554 de

708 1613 981 1678 persona
1007 1595 1438 1679 Reparatoris,
1481 1599 1702 1679 utpote
1737 1597 1816 1662 de
1845 1597 2091 1663 Christo
2120 1596 2249 1662 Deo

709 1706 773 1765 et
794 1702 1077 1767 homine.
1102 1701 1176 1765 In
1202 1707 1433 1785 quarto
1456 1721 1612 1769 vero
1633 1705 1851 1785 agitur
1871 1704 1949 1769 de
1972 1703 2253 1767 homiuis

709 1811 987 1893 reparati
1011 1810 1214 1875 salute
1233 1858 1250 1887 ,
1281 1829 1431 1893 quae
1459 1811 1719 1893 quidem
1746 1811 2030 1876 consistit
2046 1814 2117 1876 in
2145 1831 2255 1876 ex-

710 1918 990 2001 piatione
1017 1917 1223 2001 culpae
1238 1966 1256 1997 ,
1287 1922 1351 1982 et
1372 1919 1692 1983 amotione
1716 1920 1927 1984 omnis
1949 1920 2249 1985 miseriae.

711 2023 790 2089 Et
818 2025 908 2088 sic
933 2028 1106 2107 patet
1135 2026 1458 2107 quomodo
1483 2026 1600 2091 iste
1628 2027 1836 2091 totalis
1856 2026 2017 2091 liber
2044 2046 2255 2092 versa-

708 2136 819 2196 tur
836 2132 1003 2195 circa
1026 2137 1262 2197 nostrae
1285 2134 1702 2217 reparationis
1732 2135 2112 2217 mysterium
2138 2154 2253 2199 ex-

707 2241 1077 2324 plicandum
1097 2263 1114 2320 ;
1132 2242 1489 2324 specialiori
1508 2248 1722 2307 tamen
1739 2243 1932 2307 modo
1950 2243 2072 2307 hoc
2082 2262 2257 2326 spec-

709 2352 804 2413 tat
825 2349 904 2413 ad
939 2348 1201 2413 tertium
1232 2349 1502 2426 librum,
1536 2350 1605 2413 in
1629 2369 1758 2433 quo
1785 2352 2250 2432 manifestatur,

709 2456 983 2538 qualiter
1025 2457 1458 2520 convivificati
1493 2476 1724 2521 sumus
1751 2477 1867 2540 per
1902 2458 2248 2523 Christum.

709 2567 784 2627 Et
823 2563 945 2627 hoc
975 2568 1153 2628 notat
1193 2563 1535 2647 Apostolus
1562 2564 1632 2628 in
1667 2566 1866 2629 verbo
1907 2565 2243 2647 praedictO,

709 2688 860 2734 cum
883 2670 1045 2735 dixit
1072 2689 1090 2734 ι
1123 2671 1623 2752 convivificavit
1647 2689 1765 2739 nos
1796 2673 2044 2739 Christo
2053 2694 2080 2753 ;
2100 2673 2255 2755 quia

708 2776 877 2841 Deus
893 2778 1241 2842 vivificavit
1257 2798 1377 2843 nos
1398 2780 1463 2843 in
1493 2779 1770 2859 Christo,
1803 2800 1955 2845 eum
1984 2780 2252 2861 Christo,

709 2904 824 2968 per
852 2885 1206 2963 Christum,
1245 2892 1310 2951 et
1335 2888 1692 2954 secundum
1720 2887 2065 2952 Christum.

792 2988 1008 3057 Primo
1050 3011 1210 3075 ergo
1258 2994 1425 3060 Deus
1482 2996 1956 3060 conviviticavit
2006 3014 2126 3059 nos
2183 2995 2252 3060 in

713 3099 961 3167 Christo
993 3123 1008 3166 ε
1041 3102 1195 3184 quia
1223 3102 1291 3166 in
1331 3121 1606 3187 persona
1641 3107 1783 3188 ejus
1812 3104 2256 3170 mortalitatem

711 3213 998 3274 nostram
1019 3209 1170 3273 vitae
1189 3211 1483 3292 sociavit,
1510 3213 1864 3277 seeundum
1884 3212 2041 3275 illud
2069 3213 2259 3277 Joan-

712 3319 823 3383 nis
842 3319 862 3353 ¹
883 3343 907 3385 .·
939 3316 1118 3386 Sicut
1133 3317 1329 3385 Pater
1347 3320 1530 3385 habet
1559 3321 1766 3386 vitam
1798 3321 1874 3384 in
1901 3320 2257 3401 semetipso,

715 3429 813 3494 ita
840 3435 902 3497 et
918 3430 1086 3497 Filio
1114 3429 1297 3497 dedit
1320 3429 1542 3494 habere
1565 3427 1767 3493 vitam
1795 3429 1871 3493 in
1893 3428 2256 3508 semetipso.

717 3532 784 3598 Si
804 3554 962 3617 ergo
979 3537 1178 3601 vitam
1202 3536 1394 3600 habet
1410 3532 1610 3599 Filius
1634 3533 1704 3597 in
1718 3533 2079 3615 semetipso,
2103 3534 2261 3598 dum

715 3641 837 3706 sibi
886 3643 1336 3707 mortalitatem
1382 3644 1668 3706 nostram
1721 3640 2095 3724 assumpsit,
2146 3659 2266 3704 nos

716 3750 1062 3815 immortali
1092 3753 1245 3816 vitae
1273 3749 1575 3829 sociavit,
1623 3767 1697 3812 ae
1727 3766 1843 3831 per
1884 3747 2007 3812 hoc
2039 3749 2110 3811 in
2155 3767 2264 3812 se-

717 3858 988 3942 metipso
1042 3857 1536 3923 convivisscavit.
1601 3855 2082 3920 Convivifleavit
2146 3875 2265 3921 nos

719 3967 913 4030 etiam
939 3985 1088 4031 cum
1132 3966 1374 4032 Christo
1393 4015 1410 4045 ,
1451 3965 1608 4029 dum
1638 3963 1775 4046 ipse
1804 3963 2121 4041 Christus,
2153 3963 2263 4045 qui

720 4074 854 4139 vita
877 4080 1048 4154 erat,
1083 4075 1252 4140 inter
1282 4075 1579 4139 mortales
1612 4073 1905 4137 homines
1932 4073 2128 4150 vixit,
2160 4091 2262 4137 se-

720 4182 1005 4247 cundum
1020 4182 1177 4247 illud
1195 4183 1364 4266 quod
1389 4183 1622 4247 dicitur
1640 4181 1710 4246 in
1728 4182 1970 4247 Joanne
1990 4187 2013 4220 ³
2037 4203 2061 4245 .·
2089 4178 2268 4253 Quod

723 4291 853 4370 tuit
881 4289 959 4356 ab
985 4292 1183 4357 initio
1201 4339 1221 4370 ,
1251 4289 1424 4372 quod
1449 4287 1859 4368 audivimus,
1890 4287 2064 4370 quod
2090 4287 2268 4354 vidi-

723 4413 865 4462 mus
905 4398 1107 4464 oculis
1139 4399 1419 4476 nostris,
1463 4396 1635 4479 quod
1665 4397 2119 4477 perspeximus
2141 4444 2158 4474 ,
2207 4402 2270 4461 ec

722 4516 955 4567 manus
994 4507 1229 4569 nostrae
1255 4505 1802 4568 contrectaverunt
1829 4498 1907 4565 de
1944 4500 2144 4567 Verbo
2172 4500 2271 4566 vi-

797 4697 819 4735 ¹
839 4697 1003 4759 loon„
1030 4707 1083 4759 v,
1103 4698 1185 4747 26.
1206 4715 1261 4735 ›-
1285 4697 1348 4747 ⁸1
1375 4698 1539 4759 Joan„
1568 4708 1616 4758 1,
1644 4699 1691 4746 ¹.
1709 4719 1773 4732 —-
1791 4695 1814 4731 ⁸
1834 4691 1978 4754 Bar„
2000 4706 2097 4760 111,
2127 4696 2274 4746 38.—

729 4767 995 4891 zlgetr„
1023 4779 1112 4834 ιιι,
1145 4771 1223 4821 ¹8.
1242 4794 1306 4807 -—
1330 4769 1353 4805 ⁸
1380 4770 1462 4820 Ps.
1495 4779 1582 4833 xv,
1612 4770 1691 4818 Η.
1714 4768 1819 4805 -θ
1839 4766 2066 4832 Philip„
2113 4779 2150 4817 ιι
2171 4801 2187 4830 ,
2215 4769 2265 4832 7,

768 4876 788 4904 ‚
848 4874 865 4890 .

2364 636 2445 696 ιω
2470 652 2495 692 .·
2525 638 2588 697 et
2611 633 2753 697 vita
2779 631 3203 711 manifestata
3231 635 3356 708 est,
3386 636 3446 697 et
3481 627 3809 706 vidimus,
3853 634 3909 695 et

2366 745 2700 818 testamur,
2719 746 2781 805 ec
2805 738 3281 804 annunciamus
3307 736 3483 804 vobis
3502 739 3706 803 vitam
3732 743 3911 802 oeler-

2365 863 2519 910 nam
2544 869 2569 911 .·
2598 851 2661 909 et
2683 846 2771 909 sie
2795 847 2951 909 dum
2978 846 3001 882 ²
3028 846 3102 911 in
3124 846 3315 911 terris
3336 852 3431 911 est
3449 847 3656 922 visus,
3685 849 3743 910 et
3767 861 3911 909 cum

2367 953 2732 1021 hominibus
2760 961 3172 1021 conversatus
3198 961 3324 1032 est,
3360 953 3524 1016 Deus
3552 971 3669 1016 nos
3697 952 3912 1015 convi-

2368 1060 2653 1125 vificavit
2687 1081 2835 1125 oum
2866 1063 3146 1141 ChrIstO,
3176 1062 3331 1125 dum
3371 1061 3587 1125 vivere
3616 1078 3736 1124 nos
3767 1059 3914 1123 fecit

2367 1186 2516 1231 cum
2554 1168 2716 1251 ipso.

2447 1275 2862 1339 Convifieavit
2884 1275 3077 1338 etiam
3096 1292 3214 1338 nos
3234 1292 3350 1356 per
3377 1273 3725 1352 Christum,
3753 1274 3911 1337 dum

2367 1401 2484 1446 nos
2509 1402 2549 1447 a
2585 1387 2790 1447 morte
2830 1382 3067 1465 eripuit
3093 1400 3207 1465 per
3238 1384 3510 1445 mortem
3538 1381 3773 1463 ipsiuS,
3806 1400 3913 1445 se-

2367 1491 2654 1554 cundum
2694 1490 2852 1554 illud
2887 1491 3114 1572 primae
3154 1487 3324 1553 Petri
3361 1489 3562 1571 capite
3604 1488 3792 1552 tertio
3820 1488 3842 1522 ⁸
3890 1509 3906 1551 ε

2371 1599 2656 1666 Christus
2675 1600 2867 1666 semel
2886 1614 3006 1681 pro
3030 1599 3312 1680 peccatis
3342 1598 3585 1665 nostris
3616 1603 3911 1663 mortuus

2367 1713 2480 1787 est,
2501 1710 2721 1792 justus
2741 1707 3184 1791 promittetis,
3215 1713 3291 1775 ut
3326 1722 3444 1774 nos
3472 1705 3727 1789 offerret
3758 1705 3908 1772 Deo.

2367 1816 2535 1881 Dum
2571 1835 2731 1898 ergo
2772 1816 3059 1881 Christus
3085 1816 3288 1878 vitam
3331 1831 3516 1877 suam
3561 1831 3680 1896 pro
3723 1811 3914 1876 nobis

2367 1925 2611 2007 posuit,
2667 1924 2832 1989 Deus
2873 1942 2989 2007 per
3031 1924 3245 2006 ipsum
3290 1940 3501 2003 genus
3545 1921 3914 1985 humanum

2369 2036 2699 2096 mortuum
2748 2030 3122 2094 vivificavit.
3183 2028 3511 2094 Postremo
3556 2028 3914 2092 seeundum

2367 2140 2686 2204 Christum
2708 2158 2824 2203 nos
2850 2139 3223 2217 vivificavit,
3250 2139 3409 2202 dum
3434 2137 3514 2201 ad
3538 2138 3680 2218 ejus
3699 2154 3916 2198 exem-

2369 2246 2550 2329 plum
2577 2265 2697 2310 nos
2721 2264 2835 2329 per
2855 2245 3032 2309 viam
3073 2245 3224 2309 vitae
3253 2244 3508 2320 direxit,
3540 2244 3731 2324 juxta
3755 2241 3915 2305 illud

2373 2355 2603 2419 Psalmi
2630 2360 2651 2395 ⁸
2688 2378 2703 2419 ι
2731 2356 2929 2421 Notas
2955 2354 3120 2419 mihi
3153 2355 3361 2433 fecisti
3389 2354 3535 2418 vias
3570 2351 3746 2417 vitoe.
3785 2348 3916 2412 No-

2370 2469 2466 2527 tas
2491 2463 2677 2527 nobis
2695 2462 2842 2526 feeit
2870 2462 3010 2526 vias
3038 2463 3188 2526 vitae
3205 2511 3223 2540 ,
3262 2462 3419 2525 dum
3445 2459 3634 2524 nobis
3676 2458 3871 2521 fidem
3895 2505 3913 2534 ,

2370 2575 2433 2636 et
2457 2589 2666 2653 spem,
2710 2574 2773 2634 et
2800 2570 3205 2647 charitatem,
3247 2574 3309 2633 et
3338 2570 3509 2633 dona
3553 2565 3919 2649 gratiarum

2377 2677 2724 2757 distribuit,
2769 2682 2834 2741 et
2867 2676 3169 2740 mandata
3207 2676 3537 2757 adjunxit,
3578 2674 3648 2738 in
3678 2673 3921 2756 quibus

2372 2785 2505 2867 ipse
2538 2782 2824 2848 Christus
2852 2782 3232 2861 ambulavit,
3265 2786 3329 2846 et
3363 2782 3431 2844 in
3481 2780 3719 2864 quibus
3758 2798 3919 2844 con-

2371 2892 2532 2955 sistit
2559 2891 2668 2955 via
2697 2892 2887 2968 vitae,
2934 2908 3049 2973 per
3092 2908 3288 2972 quam
3326 2888 3615 2952 Christus
3644 2905 3761 2951 nos
3798 2886 3920 2951 do-

2373 2998 2509 3061 cuit
2533 2998 2886 3064 ambulare.
2918 2996 3086 3062 Deus
3112 3015 3271 3077 ergo
3296 3012 3416 3059 nos
3440 2992 3796 3059 vivificavit
3825 3012 3922 3057 se·

2374 3107 2661 3172 cundum
2680 3104 3026 3183 Christum,
3052 3104 3205 3187 quia
3227 3103 3307 3168 ad
3328 3103 3504 3168 viam
3530 3102 3750 3184 dirigit
3771 3100 3921 3165 imi-

2374 3217 2607 3279 tatores
2632 3214 2853 3297 ipsius,
2884 3212 2971 3277 De
2997 3212 3101 3275 his
3128 3215 3405 3293 quatuor
3433 3210 3625 3274 simul
3646 3209 3923 3274 habetur

2375 3318 2465 3384 ad
2483 3317 2927 3399 Philippenses
2950 3317 2974 3352 ⁸
2996 3338 3022 3381 .·
3051 3314 3459 3380 Eoeinanivit
3486 3313 3918 3396 semetipsum,

2379 3427 2651 3506 sormam
2672 3427 2848 3491 servi
2875 3425 3239 3507 accipiens‚·
3273 3440 3415 3486 ecce
3446 3421 3733 3504 primum
3751 3468 3767 3497 ,
3799 3419 3922 3483 sci-

2375 3533 2521 3596 licet
2555 3533 2728 3615 quod
2765 3533 3216 3597 mortalitatem
3260 3533 3544 3594 nostram
3588 3527 3738 3591 vitae
3782 3544 3922 3590 suae

2377 3641 2593 3706 univit
2624 3664 2639 3705 ι
2668 3641 2748 3704 In
2772 3639 3292 3706 similitudinem
3319 3637 3652 3703 hominum
3682 3636 3919 3715 sactus,

2377 3756 2435 3816 et
2453 3749 2677 3817 habitu
2701 3752 3007 3816 inventus
3033 3756 3105 3815 ut
3125 3748 3338 3823 homo;
3377 3764 3519 3810 ecce
3542 3742 3921 3817 secundum,

2377 3859 2671 3923 videlicet
2723 3857 2896 3941 quod
2951 3875 3101 3920 eum
3167 3853 3539 3918 hominibus
3598 3856 3672 3915 ut
3726 3849 3926 3915 homo

2379 3964 2544 4028 vixit
2593 3987 2607 4028 :
2673 3965 3061 4030 Humiliavit
3112 3964 3521 4043 semetipsum
3577 3974 3773 4041 usque
3835 3957 3928 4023 ad

2379 4078 2680 4154 mortem;
2705 4091 2847 4138 ecoe
2886 4071 3151 4136 tertium
3173 4119 3190 4148 ,
3238 4069 3568 4148 videlicet,
3610 4066 3783 4149 quod
3811 4083 3928 4148 per

2380 4184 2653 4243 mortem
2681 4198 2866 4243 suam
2889 4197 3008 4242 nos
3039 4197 3078 4241 a
3113 4180 3318 4241 morte
3345 4175 3640 4240 liberavit
3672 4196 3687 4239 ε
3722 4172 3928 4256 Prop-

2382 4293 2477 4354 ter
2502 4288 2676 4372 quod
2701 4292 2759 4353 et
2779 4287 2945 4353 Deus
2971 4287 3290 4353 exaltavit
3316 4286 3501 4351 illum
3515 4303 3543 4366 ;
3568 4303 3710 4348 ecce
3738 4301 3930 4365 quar-

2381 4400 2552 4472 tum,
2575 4396 2748 4478 quod
2773 4395 3065 4460 videlicet
3089 4398 3229 4476 post
3255 4397 3528 4457 mortem
3551 4390 3785 4454 multos
3806 4388 3928 4453 ha-

2381 4502 2526 4568 huit
2571 4521 2872 4586 sequaces
2889 4550 2907 4579 ,
2967 4506 3032 4567 et
3079 4501 3428 4564 imitatores
3480 4498 3806 4563 credentes
3856 4497 3926 4559 in

2384 4628 2558 4674 eum.

2451 4839 2516 4904 (a)
2548 4838 2698 4905 Vulg.
2721 4852 2852 4890 nunc
2872 4839 3170 4903 sanctificati
3195 4839 3250 4887 in
3269 4835 3511 4901 sanquine
3535 4833 3718 4898 ipsius,
3740 4831 3893 4883 salvi.
