4185 6288
1184 409 1561 479 mS‘rmc'r.
1604 409 1764 477 xvl.
1810 409 1994 477 ΛΒΤ.
2045 410 2128 476 u.
2173 409 2476 492 QUAEST.
2524 411 2606 476 ll.

293 546 457 613 enim
492 545 566 610 in
604 545 817 611 verbis
854 546 1199 630 praemissis
1250 546 1582 612 excludere
1622 546 1831 611 voluit

293 673 565 721 oerorem
593 653 757 734 Arii,
791 655 903 738 qui
946 655 1195 721 dicebat
1233 655 1556 721 Christum
1598 672 1832 720 wenn-

291 762 442 827 dum
477 771 547 828 s'e
586 766 795 827 totum
842 781 1103 845 passum
1142 763 1363 828 fuisse.
1389 762 1601 827 Tertio
1641 763 1832 827 modo

289 870 725 952 respondem,
758 870 929 952 quod
958 868 1239 933 Hilarius
1259 887 1390 935 non
1430 868 1576 933 vult
1614 874 1831 934 osten-

291 976 771 1043 dereChristum
783 994 915 1041 non
936 975 1243 1041 habuisse
1260 993 1490 1041 verum
1522 975 1829 1057 dolorem,

291 1085 397 1150 sed
439 1102 574 1150 non
616 1084 914 1149 habuisse
954 1103 1215 1149 causam
1249 1084 1486 1149 doloris
1521 1106 1540 1148 ε
1569 1089 1633 1149 et
1658 1084 1833 1149 hunc

292 1188 548 1271 quidem
573 1187 843 1254 modum
867 1188 1155 1253 solvendi
1179 1189 1396 1253 innuit
1434 1188 1736 1271 Magister
1766 1188 1834 1251 in

288 1295 513 1375 littera,
543 1299 609 1361 et
635 1296 790 1360 satis
823 1300 921 1360 est
944 1296 1366 1376 rationabilis,
1414 1296 1578 1361 sicut
1606 1296 1674 1360 in
1716 1309 1830 1360 ex-

290 1403 595 1486 positione
621 1403 851 1468 litterae
877 1402 1110 1467 melius
1130 1403 1482 1486 apparebit.

368 1517 428 1577 2.
456 1510 559 1576 Ad
584 1510 744 1576 illud
785 1527 943 1578 vero
972 1510 1141 1593 quod
1176 1508 1476 1592 objicitur
1512 1509 1590 1574 de
1617 1513 1834 1574 aucto-

290 1619 474 1684 ritate
522 1617 829 1701 Dionysii,
887 1616 1230 1682 dicendum
1271 1617 1446 1700 quod
1500 1615 1837 1699 Dionysius

292 1747 424 1794 non
449 1727 662 1793 voluit
688 1726 918 1807 dicere,
960 1744 1078 1791 nec
1103 1725 1314 1805 sentit,
1332 1725 1504 1808 quod
1532 1723 1582 1790 B
1596 1771 1612 1788 .
1637 1724 1673 1790 J
1675 1743 1838 1790 oan-

289 1857 404 1905 nes
423 1843 488 1903 et
522 1837 634 1902 alii
668 1837 865 1901 sancti
905 1853 1038 1900 non
1079 1835 1523 1919 experirentur
1552 1833 1836 1899 dolorem

290 1945 358 2009 in
383 1944 746 2025 tormentis;
771 1943 883 2008 sed
902 1942 1045 2009 vult
1068 1942 1518 2007 commendare
1545 1943 1835 2005 constan-

288 2050 443 2116 tiam
499 2050 733 2116 mentis
749 2098 769 2129 ,
820 2069 951 2134 qua
1004 2067 1139 2115 non
1208 2049 1419 2131 magis
1465 2064 1836 2113 eommove-

286 2159 477 2224 batnr
498 2177 584 2224 ex
611 2158 1003 2243 experientia
1038 2175 1287 2236 sensus,
1314 2174 1513 2241 quam
1544 2172 1837 2220 commo-

289 2271 551 2332 veretur
603 2284 688 2331 ex
735 2266 871 2332 sola
920 2264 1426 2331 consideratione
1477 2268 1542 2329 et
1590 2261 1838 2346 judicio

288 2372 577 2437 rationis·

371 2484 435 2544 3.
465 2479 565 2544 Ad
610 2478 771 2544 illud
812 2479 984 2562 quod
1030 2480 1331 2563 oincitur
1371 2478 1450 2545 de
1478 2478 1715 2562 Moyse,
1747 2477 1840 2542 di-

290 2587 569 2652 cendum
609 2586 783 2668 quod
826 2587 944 2651 etsi
976 2586 1244 2652 dulcedo
1293 2585 1840 2669 contemplationis

289 2693 571 2777 quodam
597 2694 788 2758 modo
815 2693 1030 2777 ipsum
1056 2695 1364 2773 reticeret,
1394 2696 1460 2758 et
1485 2712 1524 2757 a
1549 2692 1840 2757 sensibus

289 2801 714 2867 exterioribus
738 2801 1162 2879 abstraheret,
1209 2802 1367 2868 adeo
1408 2805 1483 2867 ut
1520 2802 1841 2866 naturales

290 2910 562 2975 virtutes
585 2910 864 2993 quodam
891 2910 1083 2975 modo
1106 2909 1484 2994 consopiret,
1504 2914 1578 2973 ut
1602 2909 1842 2974 nonita

287 3022 763 3097 consumerent,
807 3022 870 3083 et
908 3017 1127 3083 cibum
1161 3018 1592 3101 requirerent;
1624 3021 1840 3082 tamen

286 3126 461 3209 quod
487 3129 664 3190 tanto
687 3129 973 3209 tempore
992 3124 1316 3209 jejunavit
1334 3124 1473 3190 sine
1500 3123 1716 3208 aliqua
1737 3123 1841 3190 sui

289 3233 573 3312 laesione,
586 3232 727 3298 ·hoc
752 3234 872 3298 fuit
897 3251 1013 3316 per
1050 3232 1319 3316 speciale
1357 3232 1742 3297 beneficium
1780 3234 1846 3297 et

292 3341 593 3406 divinum
616 3340 1007 3405 miraculum
1037 3359 1057 3406 τ
1083 3344 1146 3405 et
1171 3339 1315 3404 ideo
1341 3339 1464 3404 hoc
1492 3357 1626 3405 non
1651 3338 1845 3404 habet

292 3446 509 3512 locum
532 3446 600 3511 in
620 3446 964 3529 proposit0,
991 3445 1147 3529 quia
1169 3444 1454 3511 Christus
1470 3444 1539 3509 in
1552 3443 1844 3528 passione

293 3572 411 3619 sna
460 3571 595 3618 non
646 3554 934 3619 exercuit
984 3552 1296 3619 miracula
1336 3552 1640 3635 potentias
1658 3598 1676 3630 ,
1734 3550 1843 3617 sed

294 3660 510 3744 potius
532 3664 627 3725 est
655 3679 815 3726 usus
838 3661 1039 3725 armis
1061 3659 1403 3744 patientiae.

373 3776 437 3835 4.
468 3771 569 3837 Ad
597 3772 755 3836 illud
792 3772 967 3855 quod
1006 3772 1338 3853 oincitur,
1402 3771 1575 3855 quod
1614 3774 1848 3836 natura

295 3896 500 3960 agens
547 3880 950 3960 praestantior
991 3882 1086 3943 est
1136 3879 1417 3961 patiente
1430 3926 1450 3955 ‚
1509 3878 1848 3943 dicendum

297 3986 467 4069 quod
494 3985 655 4050 illud
681 4004 815 4050 non
837 3988 1086 4069 oportet
1104 3985 1378 4067 intelligi
1417 3985 1590 4068 quod
1625 3986 1706 4049 sit
1728 4004 1849 4052 ve-

299 4111 449 4158 rum
477 4092 867 4175 simpliciter,
905 4092 1017 4157 sed
1066 4092 1276 4157 solum
1315 4091 1670 4157 secundum
1729 4091 1846 4157 ali-

300 4218 500 4284 quam
553 4199 1003 4265 conditionem.
1043 4198 1205 4277 Quia
1250 4200 1425 4265 enim
1468 4200 1632 4284 lapis
1676 4200 1851 4265 laedit

301 4308 553 4391 pedem,
587 4325 720 4371 non
761 4310 1006 4391 oportet
1045 4306 1215 4390 quod
1255 4306 1421 4391 lapis
1454 4306 1538 4371 sit
1576 4307 1850 4373 nobilior

300 4415 482 4499 pede,
532 4414 644 4479 sed
694 4414 930 4479 sufficit
980 4414 1154 4498 quod
1200 4413 1462 4479 excedat
1510 4413 1581 4478 in
1639 4414 1854 4498 aliqua

304 4521 686 4601 conditione,
718 4525 938 4606 utpote
974 4521 1045 4586 in
1090 4521 1328 4587 duritia
1366 4525 1430 4586 et
1468 4521 1782 4586 soliditate
1828 4545 1846 4586 ε

306 4633 371 4693 et
398 4629 488 4693 sic
515 4632 611 4693 est
630 4630 698 4692 in
724 4628 1064 4712 proposito.
1096 4626 1403 4705 Quamvis
1429 4628 1605 4693 enim
1631 4628 1853 4694 clavus

306 4755 440 4803 non
465 4741 627 4802 esset
653 4736 929 4801 nobilior
957 4754 1148 4801 carne
1174 4735 1429 4816 Christi,
1458 4739 1596 4801 erat
1634 4740 1852 4802 tamen

308 4844 532 4909 durior
558 4848 623 4909 et
649 4844 927 4918 solidior.
968 4843 1048 4908 Et
1071 4843 1126 4908 si
1161 4846 1235 4909 tu
1263 4843 1528 4927 objicias
1552 4843 1733 4908 mihi
1774 4845 1853 4910 de

308 4954 546 5035 anima,
577 4953 751 5037 quod
777 4971 910 5017 non
931 4952 1127 5036 possit
1140 4952 1295 5036 pati,
1319 4952 1664 5018 dicendum
1682 4953 1855 5037 quod

379 5198 398 5232 ¹
426 5199 575 5262 Aug,
605 5195 881 5255 deumne„
912 5194 1000 5245 lib.
1030 5196 1117 5261 Vl,
1146 5211 1189 5247 c.
1225 5206 1314 5258 xl,
1339 5210 1393 5248 n.
1424 5198 1502 5258 32,
1532 5197 1699 5263 quoad
1734 5212 1858 5249 sen-

3372 423 3482 486 351

1942 546 2162 611 anima
2183 546 2540 629 patiebatur
2564 563 2680 629 per
2706 545 3017 627 accidens,
3048 548 3287 617 scilicet
3326 572 3494 622 eom-

1940 653 2238 736 patiendo
2264 654 2480 732 carni3
2510 653 2637 731 vel,
2658 653 3011 718 secundum
3052 658 3492 740 Augustinum

1940 762 2018 826 in
2045 760 2298 825 Musica
2319 763 2336 795 ⁸
2373 781 2388 824 :
2418 769 2455 819 ἀ
2481 758 2716 824 Anima
2736 762 2934 825 sumit
2967 765 3362 831 occasionem
3385 787 3494 853 pa-

1941 866 2141 930 tiendi
2166 885 2248 930 ex
2276 884 2497 947 carne;
2527 872 2976 934 verumtamen
3003 872 3244 953 patitur
3287 892 3372 940 ex
3398 894 3490 957 se,

1941 973 2271 1038 occasione
2324 978 2577 1058 accepta
2630 975 2909 1040 aliunde.
2959 999 2993 1037 s
3047 976 3258 1044 Potest
3300 983 3492 1049 etiam

1942 1077 2066 1144 dici
2101 1079 2272 1163 quod
2318 1078 2474 1145 illud
2505 1081 2776 1146 verbum
2831 1082 3026 1148 habet
3076 1083 3347 1170 intelligi
3402 1107 3495 1154 se·

1942 1188 2230 1253 cundum
2274 1188 2744 1255 institutionem
2786 1195 3062 1273 naturae,
3098 1211 3229 1259 non
3259 1213 3495 1260 secun-

1941 1296 2101 1361 dum
2118 1297 2652 1380 dispensationem
2683 1297 3178 1378 misericordiae,·
3198 1305 3263 1366 et
3307 1303 3496 1386 puni-

1942 1403 2182 1469 tionem
2220 1405 2525 1487 justitiae,
2577 1424 2858 1489 quorum
2907 1407 3192 1490 primum
3242 1410 3498 1495 respicit

1943 1511 2229 1577 animam
2258 1511 2521 1593 Christi,
2552 1515 2909 1579 secundum
2955 1516 3239 1581 animam
3277 1535 3498 1601 pecca-

1943 1616 2166 1682 tricem
2183 1668 2202 1699 ,
2230 1618 2399 1684 sicut
2423 1620 2494 1684 in
2537 1619 2939 1687 distinctione
2981 1641 3156 1701 mv,
3198 1622 3362 1689 libro
3388 1622 3493 1701 IV,

1943 1722 2219 1789 habetur
2245 1743 2565 1809 expresse.

2026 1835 2084 1894 5.
2116 1832 2215 1896 Ad
2250 1831 2410 1897 illud
2449 1832 2620 1916 quod
2666 1834 2999 1917 objicitur,
3043 1835 3216 1918 quod
3260 1854 3494 1902 manus

1946 1936 2177 2003 Christi
2234 1939 2359 2005 fuit
2421 1941 2710 2008 curative
2772 1941 3066 2007 dolorum
3087 1991 3106 2021 ,
3156 1944 3498 2009 dicendum

1945 2048 2119 2131 quod
2145 2047 2269 2113 hoc
2296 2049 2416 2113 fuit
2443 2049 2681 2116 virtute
2719 2049 2970 2115 latentis
3010 2051 3408 2132 divinitatis;
3438 2056 3508 2116 et¹

1945 2156 2301 2221 secundum
2364 2156 2543 2220 illam
2618 2156 2924 2223 virtutem
2989 2160 3262 2224 concedo
3333 2160 3500 2224 bene

1945 2264 2119 2346 quod
2165 2265 2296 2347 pati
2339 2282 2471 2329 non
2505 2268 2786 2348 poterat,
2817 2285 2935 2331 nec
2960 2267 3173 2332 dolere
3216 2289 3233 2333 ε
3268 2287 3351 2333 ex
3375 2268 3501 2332 hoc

1946 2375 2161 2436 tamen
2192 2390 2326 2436 non
2355 2372 2668 2455 sequitur,
2698 2374 2868 2456 quod
2897 2374 3092 2438 fuerit
3116 2373 3350 2440 doloris
3386 2394 3502 2440 ex-

1945 2496 2131 2561 pers;
2181 2481 2320 2542 erat
2361 2479 2536 2543 enim
2579 2478 2667 2542 ibi
2713 2479 2836 2544 alla
2881 2481 3089 2545 virtus
3130 2485 3361 2562 creata,
3412 2500 3505 2548 se-

1947 2583 2233 2649 cundum
2260 2602 2459 2667 quam
2489 2585 2701 2651 dolere
2726 2590 2993 2669 poterat,
3025 2588 3259 2652 scilicet
3286 2592 3505 2672 poten-

1947 2691 2039 2756 tia
2063 2691 2300 2756 animae
2330 2691 2679 2756 sensitivae.

2026 2804 2090 2862 6.
2137 2796 2236 2862 Ad
2274 2797 2436 2862 illud
2472 2799 2645 2881 quod
2695 2798 2996 2881 objicitur
3014 2847 3034 2876 ‚
3074 2800 3249 2883 quod
3287 2801 3504 2866 anima

1950 2904 2119 2969 Petri
2164 2922 2296 2971 non
2344 2909 2669 2989 pateretur
2712 2906 2781 2970 in
2822 2907 3072 2974 inferno
3095 2957 3113 2988 ,
3162 2909 3504 2975 dicendum

1948 3014 2121 3096 quod
2149 3032 2283 3079 non
2311 3018 2407 3079 est
2433 3015 2638 3080 simile
2670 3037 2687 3080 t
2719 3017 2872 3099 quia
2896 3019 3113 3084 anima
3156 3018 3328 3085 Petri
3357 3023 3506 3102 post

1950 3121 2458 3205 purificationem
2496 3123 2837 3206 perfectam
2882 3142 3013 3189 non
3057 3129 3150 3190 est
3193 3126 3506 3209 passibilis

1950 3246 2034 3292 ex
2073 3247 2269 3294 causa
2294 3230 2551 3314 propria
2564 3278 2585 3310 ,
2627 3248 2749 3295 nec
2784 3249 2870 3296 ex
2905 3232 3372 3314 dispensatione
3401 3232 3506 3296 di-

1950 3334 2108 3401 vina
2146 3340 2404 3419 propter
2443 3337 2716 3405 salutem
2762 3338 3085 3405 alienam:
3115 3357 3248 3406 non
3284 3344 3503 3405 autem

1949 3441 2043 3505 sic
2076 3445 2172 3506 est
2211 3442 2291 3507 de
2336 3444 2556 3510 anima
2600 3444 2852 3526 Christi,
2883 3465 3032 3530 quae
3074 3447 3506 3530 dispensative

1951 3557 2014 3617 et
2081 3554 2441 3619 voluntarie
2509 3556 2986 3639 passibilitatem
3035 3558 3297 3639 habuit,
3358 3577 3509 3624 cum

1952 3660 2129 3726 carni
2154 3660 2434 3744 passibili
2463 3664 2802 3745 conjuncta
2833 3662 2982 3742 fuit,
3025 3664 3192 3729 sicut
3227 3683 3310 3731 ex
3334 3665 3506 3731 locu·

1950 3768 2125 3835 tione
2150 3771 2532 3853 praecedenti
2562 3771 2856 3836 habitum
2880 3770 3026 3836 fuit.

2490 3989 2849 4070 QUAESTIO
2901 3992 2981 4060 11.

2098 4162 2192 4220 Aa
2217 4164 2281 4220 in
2303 4162 2511 4222 Christo
2537 4164 2713 4233 riter-'t
2734 4165 3106 4225 acerbissimo
3131 4167 3290 4226 dolor
3317 4163 3360 4227 ¹.

2038 4321 2267 4387 Utrum
2296 4323 2368 4386 in
2408 4321 2655 4387 Christo
2698 4324 2889 4390 tuerit
2926 4322 3107 4391 dolor
3140 4327 3510 4393 accerbissi-

1957 4444 2148 4506 mus-3
2197 4434 2264 4492 et
2300 4428 2468 4511 quod
2512 4429 2635 4509 sic,
2675 4429 2931 4495 videtur
2951 4435 2976 4472 ⁸
3006 4451 3025 4495 :
3063 4434 3112 4497 0
3144 4449 3255 4502 vos
3300 4451 3513 4503 omnes

1959 4536 2076 4618 qm·
2101 4538 2404 4603 transitis
2428 4552 2543 4618 per
2574 4538 2753 4602 viam
2769 4585 2786 4616 ,
2815 4538 3158 4621 attendite,
3201 4549 3267 4610 ec
3297 4543 3510 4612 videte

1959 4645 2024 4709 si
2063 4646 2157 4710 est
2190 4642 2370 4710 dolor
2389 4690 2409 4723 ,
2440 4644 2613 4711 sicut
2653 4642 2834 4711 dolor
2874 4662 3051 4712 meus
3077 4668 3102 4711 .·
3130 4648 3253 4713 hoe
3282 4650 3514 4715 dicitur

1959 4749 2030 4813 in
2056 4767 2327 4832 persona
2354 4749 2582 4815 Christi
2627 4772 2644 4816 ε
2676 4769 2834 4833 ergo
2862 4753 3118 4819 videtur
3151 4758 3324 4840 quod
3369 4758 3511 4824 nul-

1961 4859 2064 4923 lus
2083 4857 2248 4922 alius
2267 4858 2448 4923 dolor
2476 4857 2711 4924 habeat
2741 4860 2800 4923 ei
2822 4862 3089 4943 aequari.

2041 4964 2203 5029 Item
2226 4965 2297 5027 in
2326 4964 2576 5029 Psalmo
2593 4969 2660 5029 ⁸:
2697 4966 2925 5034 Omnes
2959 4969 3195 5050 fluctus
3222 4977 3366 5041 tuos
3393 4976 3509 5042 in-

1961 5072 2227 5142 duxisti
2247 5089 2437 5159 super
2459 5091 2559 5142 me
2585 5095 2613 5139 .-
2658 5073 2891 5141 dicitur
2914 5077 2985 5142 in
3027 5098 3298 5163 persona
3336 5081 3513 5149 Chri·

314 5271 568 5318 sum-²
614 5269 699 5332 Cs.
728 5269 782 5320 S.
816 5267 1019 5328 Thom„
1065 5282 1118 5331 p.
1168 5267 1265 5331 111,
1302 5283 1355 5333 q.
1386 5280 1528 5333 xnvt,
1557 5273 1654 5322 art.
1698 5273 1756 5333 ὃς
1805 5276 1861 5322 et
1964 5273 2211 5335 ltlsent„
2230 5272 2347 5325 dist.
2362 5284 2451 5337 xv,
2469 5277 2566 5324 art.
2589 5276 2813 5339 t,q.111;
2836 5276 3012 5341 Steph.
3035 5280 3244 5345 Brulet'.,
3267 5283 3512 5347 nisena,

320 5340 381 5389 ΙΙΙ
403 5341 561 5391 Sene..
581 5339 699 5391 dist.
721 5351 809 5403 xv,
830 5353 881 5403 q.
902 5351 960 5403 ιι,
977 5342 1075 5389 art.
1097 5342 1144 5405 ³,
1165 5351 1324 5404 q.111;
1350 5341 1402 5389 ct
1421 5340 1600 5404 opusc.
1626 5343 1714 5402 ΙΙΙ,
1738 5356 1853 5408 cap.

317 5421 543 5462 mxxxtx
559 5426 578 5474 3
606 5412 809 5473 Scotus,
837 5410 902 5460 ΙΙΙ
937 5410 1098 5471 Seni„
1127 5409 1249 5461 dlst.
1281 5421 1371 5474 xv,
1392 5423 1447 5475 q.
1477 5414 1845 5477 13Richardus,

1967 5344 2086 5396 dist.
2113 5355 2204 5395 xvi
2227 5381 2245 5410 ,
2287 5359 2340 5410 q.
2370 5356 2447 5407 11;
2490 5345 2745 5396 Manilius
2772 5347 3005 5414 luguen„
3036 5350 3101 5401 Ill
3141 5351 3304 5422 Sena,
3330 5368 3382 5420 q.
3424 5367 3510 5423 ιι,

1965 5419 2064 5468 art.
2079 5417 2129 5468 3.
2146 5416 2461 5479 —⁸Thren.,
2479 5429 2520 5484 1,
2539 5420 2615 5470 ¹2.
2630 5443 2693 5457 -
2708 5418 2882 5472 δΡεαΙ.
2905 5431 3141 5486 mmm,
3164 5427 3216 5476 8.

3539 4388 3747 4437 Fundam.
