4185 6288
1241 492 1437 561 DIST.
1483 489 1644 559 xm.
1688 483 1873 557 ΛΒΤ.
1918 490 1999 557 11.
2042 489 2343 570 QUAEST.
2383 493 2463 561 11.

241 635 397 699 dum
424 651 620 717 quem
648 633 864 697 anima
889 636 983 696 est
1015 631 1139 695 Deo
1168 631 1393 695 similis
1417 635 1480 694 et
1508 634 1783 712 accepta.

239 742 361 806 Sed
406 741 618 823 gratia
660 740 920 803 unionis
967 738 1196 801 dicitur
1234 736 1582 819 tripliciter,
1626 735 1791 799 sicut

236 850 622 933 praedictum
659 847 782 911 fuit
824 864 1018 929 supra
1049 865 1064 907 ε
1096 863 1229 910 uno
1273 861 1553 926 namque
1599 844 1788 908 modo

238 958 473 1021 dicitur
522 956 732 1038 gratia
773 954 1032 1019 unionis
1071 953 1285 1034 gratia
1325 951 1562 1017 faciens
1597 950 1785 1015 unio-

235 1083 423 1140 nem,
479 1069 543 1126 et
588 1063 678 1126 sic
723 1061 1010 1125 nominat
1073 1059 1362 1123 divinam
1411 1059 1784 1139 essentiam,

235 1192 385 1256 quae
412 1172 547 1235 sola
579 1175 673 1234 est
705 1170 876 1233 illius
903 1168 1162 1233 unionis
1186 1185 1412 1244 causa3
1446 1167 1569 1231 alio
1596 1166 1786 1231 modo

235 1280 450 1361 gratia
491 1277 751 1342 unionis
794 1277 1027 1340 dicitur
1081 1275 1289 1356 gratia
1332 1274 1674 1356 disponens
1709 1272 1791 1336 ad

237 1388 549 1450 unionem
575 1387 654 1450 de
695 1402 1013 1466 congruo,
1049 1388 1112 1448 et
1139 1382 1228 1445 sic
1253 1369 1542 1444 nominat
1580 1378 1786 1462 quali·

236 1498 433 1557 tatem
482 1497 761 1556 creatam
783 1541 800 1570 ,
859 1490 1095 1555 scilicet
1163 1488 1456 1552 habitum
1513 1487 1783 1564 animae3

235 1601 424 1665 tertio
443 1600 635 1664 modo
653 1599 887 1662 dicitur
913 1597 1120 1677 gratia
1143 1595 1422 1670 unioniS,
1449 1594 1510 1658 id
1535 1599 1629 1658 est
1655 1593 1790 1676 ipsa

236 1709 396 1772 unio
428 1707 630 1788 gratis
655 1708 839 1780 sacta,
870 1710 928 1768 et
959 1705 1049 1767 sic
1077 1702 1368 1768 nominat
1393 1701 1598 1783 ipsam
1625 1700 1792 1765 rela-

237 1816 503 1884 tionem.
552 1812 917 1877 Secundum
980 1812 1101 1875 hoc
1163 1811 1353 1874 etiam
1419 1808 1788 1890 intelligen-

237 1924 419 1998 dum,
459 1922 632 2004 quod
677 1922 886 2002 gratia
923 1919 1145 2001 capitis
1186 1921 1387 2001 potoet
1435 1918 1537 1981 his
1583 1918 1790 1981 tribus

239 2031 446 2095 modis
489 2030 687 2113 accipi
738 2052 753 2092 ε
801 2048 931 2094 uno
985 2028 1173 2093 modo
1209 2029 1415 2110 potest
1452 2026 1790 2090 nominare

239 2138 626 2222 principium
654 2136 1018 2201 effectivum
1062 2152 1286 2198 sensus
1327 2138 1389 2196 et
1430 2136 1642 2197 motus
1668 2133 1791 2216 spi-

239 2245 490 2309 ritualis
527 2246 598 2307 in
642 2243 946 2308 membris
993 2241 1254 2320 Christi,
1285 2245 1348 2304 et
1387 2240 1476 2304 sic
1502 2239 1792 2305 nominat

241 2354 450 2434 ipsum
481 2351 705 2428 Deum,
735 2355 798 2413 et
829 2369 942 2431 per
977 2348 1557 2431 appropriationem
1584 2346 1791 2428 Spiri-

243 2464 380 2523 tum
427 2463 762 2533 sanctum;
807 2456 935 2521 alio
981 2456 1169 2521 modo
1210 2457 1501 2520 nominat
1539 2456 1786 2537 ipsum,

240 2567 412 2650 quod
439 2566 715 2648 disponit
739 2583 855 2647 per
881 2564 1148 2628 modum
1188 2564 1398 2628 meriti
1437 2567 1499 2628 et
1536 2581 1785 2647 praepa-

240 2675 511 2739 rationis
535 2673 613 2737 ad
642 2673 1049 2736 influentiam
1085 2676 1295 2736 motus
1318 2675 1381 2734 et
1405 2689 1625 2736 sensus
1651 2687 1792 2734 res-

239 2787 430 2866 pectu
493 2781 835 2863 cujuslibet
881 2778 1154 2844 membri
1173 2829 1190 2858 ,
1234 2783 1297 2843 et
1356 2780 1446 2842 sic
1502 2779 1795 2843 nominat

240 2891 537 2954 habitum
565 2889 801 2952 animae
842 2886 1105 2965 Christi,
1136 2904 1251 2969 per
1280 2903 1473 2969 quem
1511 2884 1793 2949 Christus

241 2999 428 3063 nobis
449 2997 727 3073 meruit;
759 2995 947 3059 tertio
976 2994 1166 3058 modo
1198 2994 1408 3074 gratia
1438 2992 1659 3076 capitis
1684 3010 1795 3075 po-

245 3111 364 3171 laet
408 3106 534 3171 dici
590 3104 728 3188 ipsa
783 3102 1066 3185 gratuita
1109 3100 1547 3184 praesidentia,
1598 3118 1794 3184 quam

245 3213 414 3278 Deus
439 3212 641 3293 gratis
665 3210 841 3289 fecit,
870 3211 1026 3275 dum
1068 3209 1351 3273 Verbum
1386 3226 1581 3273 suum
1612 3208 1798 3272 nobis

244 3321 632 3405 praeposuit,
676 3320 840 3383 sicut
877 3321 1066 3401 caput
1112 3314 1436 3380 membris}
1489 3314 1798 3379 Omnibus

246 3428 348 3491 his
375 3428 581 3491 modis
607 3427 675 3490 in
705 3425 973 3511 diversis
998 3428 1368 3488 sanctorum
1403 3422 1794 3510 auctoritati·

249 3537 374 3599 bus
423 3540 484 3598 et
528 3534 759 3615 glossis
804 3532 1136 3596 invenitur
1178 3530 1387 3612 gratia
1427 3529 1651 3612 capitis
1697 3547 1798 3593 ac·

247 3643 401 3726 cipi.
431 3642 497 3707 Si
531 3660 686 3723 ergo
714 3641 923 3722 gratia
949 3639 1173 3721 capitis
1209 3642 1272 3701 et
1298 3638 1556 3701 unionis
1580 3635 1795 3700 nomi-

247 3756 359 3814 nat
391 3751 778 3833 principium
811 3747 1173 3812 effectivum
1197 3746 1371 3809 illius
1397 3745 1799 3829 conjunctio-

248 3859 376 3937 nis,
409 3862 472 3921 et
496 3862 729 3923 nostrae
757 3855 1265 3920 sanctificationis
1301 3853 1677 3937 spiritualis,
1709 3853 1799 3917 sic

249 3970 311 4027 et
338 3963 513 4027 idem
540 3964 861 4040 nominat,
893 3965 954 4027 et
988 3962 1158 4027 idem
1185 3964 1337 4024 sunt
1363 3963 1677 4042 quantum
1718 3957 1797 4021 ad

250 4072 602 4155 principale
639 4070 1105 4153 significatum,
1149 4067 1382 4132 scilicet
1426 4067 1560 4149 ipse
1597 4066 1796 4143 Deus,

252 4184 316 4243 et
344 4178 621 4262 Spiritus
656 4182 912 4243 sanctus
942 4199 956 4241 ε
990 4180 1053 4241 et
1087 4178 1180 4239 est
1206 4174 1560 4240 differentia
1589 4171 1800 4236 solum

252 4292 571 4369 quantum
598 4287 677 4350 ad
708 4288 1120 4349 connotatum
1155 4305 1169 4347 :
1200 4284 1353 4365 quia
1378 4281 1585 4362 gratia
1611 4280 1801 4343 unio-

253 4396 357 4458 nis
384 4397 684 4458 connotat
723 4393 1024 4457 ess'ectum
1058 4390 1224 4455 circa
1254 4389 1617 4463 Christum;
1649 4404 1802 4468 gra-

255 4502 347 4564 tia
374 4500 598 4582 capitis
619 4548 637 4577 ‚
668 4499 968 4563 effectum
994 4496 1159 4560 circa
1186 4496 1477 4559 membra
1519 4493 1748 4558 Christi
1780 4512 1798 4557 ε

255 4614 321 4673 et
345 4608 653 4672 differunt
690 4626 730 4671 a
756 4606 964 4688 gratia
989 4604 1334 4686 singularis
1358 4620 1646 4686 personae
1665 4649 1682 4680 ‚
1715 4600 1804 4664 si-

259 4723 370 4782 cut
390 4717 743 4782 increatum
769 4734 809 4778 a
831 4718 1062 4791 creat0,
1105 4712 1269 4777 sicut
1297 4712 1513 4776 divina
1538 4709 1806 4775 essentia

257 4825 340 4888 ab
381 4823 606 4889 babitu
650 4820 902 4903 gratiae,
954 4837 1148 4902 quem
1189 4819 1489 4883 infundit.
1538 4816 1607 4882 Si
1652 4835 1806 4881 vero

256 4933 507 4997 dicatur
539 4930 750 5013 gratia
779 4928 1063 5003 unionis,
1108 4931 1170 4991 et
1199 4927 1456 5010 capitis,
1486 4925 1624 5008 ipsa
1649 4925 1807 4990 unio

259 5040 573 5122 gratuita,
624 5042 688 5102 et
728 5035 1166 5120 praesidentia3
1211 5035 1299 5098 sic
1347 5036 1499 5097 sunt
1540 5032 1808 5097 diversae

260 5148 597 5214 relationes
621 5149 686 5210 et
712 5142 1233 5225 comparationeS,
1263 5158 1410 5224 quae
1434 5143 1650 5203 tamen
1678 5157 1810 5203 non

262 5260 419 5323 sunt
441 5256 723 5320 fundatae
761 5270 952 5335 super
994 5248 1199 5325 aliud,
1230 5253 1294 5313 et
1317 5247 1496 5312 aliud
1520 5296 1537 5327 ,
1568 5247 1677 5311 sed
1701 5265 1813 5311 su-

263 5384 382 5449 per
406 5365 594 5429 idem.
626 5361 839 5427 Homo
866 5356 1039 5422 enim
1071 5356 1175 5418 ille
1214 5374 1289 5420 eo
1325 5356 1462 5438 ipso
1503 5359 1596 5418 em
1625 5359 1816 5436 caput

264 5474 536 5539 aliorum
565 5469 909 5536 hominum
924 5513 941 5544 ,
979 5480 1113 5547 quo
1158 5467 1250 5527 est
1273 5461 1481 5529 Verbo
1516 5460 1627 5526 Dei
1662 5460 1813 5526 uni-

625 5595 782 5644 τοιι.
817 5591 912 5640 lv.

3318 495 3439 562 289

1894 632 2019 691 tus.
2053 627 2131 692 Et
2174 629 2297 694 hoc
2333 629 2523 694 modo
2564 629 2774 695 differt
2810 631 3020 711 gratia
3058 631 3348 712 unioniS,
3378 636 3444 697 et

1893 735 2149 818 capitiS,
2194 755 2235 800 a
2273 737 2482 818 gratia
2526 736 2870 820 singularis
2913 757 3233 821 personae,
3277 741 3442 804 sicut

1894 842 2052 907 illud
2078 844 2157 908 ad
2187 845 2354 925 quod
2385 844 2715 909 ordinatur
2747 845 3089 930 dispositio,
3117 846 3328 911 differt
3358 848 3441 911 ab

1896 950 2033 1034 ipso
2060 951 2470 1033 disponente:
2496 954 2707 1034 gratia
2734 954 2909 1018 enim
2931 954 3278 1036 singularis
3302 973 3441 1038 per-

1898 1075 2071 1122 sonae
2106 1077 2220 1122 sua
2256 1061 2634 1142 perfectione
2668 1061 2875 1126 reddit
2920 1061 3095 1125 illam
3139 1065 3439 1128 naturam

1897 1167 2190 1232 idoneam
2235 1172 2309 1232 ut
2344 1167 2464 1233 Deo
2489 1169 2775 1249 uniatur,
2806 1189 2879 1234 ac
2907 1188 3020 1253 per
3045 1169 3169 1235 hoc
3196 1171 3443 1235 caeteris

1897 1275 2129 1338 sanctis
2157 1276 2570 1357 praessciatur,
2614 1277 2773 1340 sicut
2802 1282 2991 1360 caput
3017 1277 3342 1342 membris.
3374 1277 3441 1341 Si

1897 1400 2051 1445 vero
2080 1383 2289 1462 gratia
2313 1382 2588 1464 unionis,
2628 1389 2691 1448 et
2713 1386 2956 1468 capitis,
2989 1385 3233 1449 dicatur
3257 1385 3444 1449 habi-

1898 1493 2002 1553 tus
2028 1490 2370 1572 disponens
2394 1492 2473 1555 ad
2504 1493 2835 1573 unionem,
2864 1497 2930 1558 et
2953 1494 3226 1558 aliorum
3256 1510 3441 1558 sanc-

1897 1597 2329 1677 tisscationem,
2355 1599 2522 1663 sicut
2544 1601 2752 1680 gratia
2775 1601 3126 1681 singularis
3150 1618 3441 1683 persouae

1900 1704 2133 1769 dicitur
2162 1706 2421 1770 habitus
2446 1708 2682 1772 faciens
2707 1708 2940 1772 animae
2967 1713 3031 1772 et
3057 1708 3170 1773 Dei
3196 1709 3440 1773 assimi-

1898 1811 2234 1891 lationem;
2267 1813 2389 1878 hoc
2424 1816 2613 1880 modo
2655 1817 2775 1880 ista
2812 1817 3046 1899 triplex
3071 1817 3279 1898 gratia
3313 1836 3446 1883 non

1898 1922 1992 1981 est
2050 1919 2284 2001 triplex
2341 1921 2586 1986 ratione
2631 1923 3014 1987 diversitatis
3046 1923 3402 1990 ,habituum
3423 1972 3442 2007 ,

1898 2025 2008 2089 sed
2035 2026 2282 2090 ratione
2322 2027 2590 2093 diversae
2633 2030 3122 2112 comparationis
3160 2032 3446 2114 ejusdem

1899 2132 2175 2196 habitus
2216 2133 2378 2198 Nam
2404 2136 2509 2200 ille
2537 2136 2790 2200 habitus
2814 2137 3048 2201 dicitur
3077 2136 3287 2218 gratia
3322 2138 3447 2201 sin-

1901 2239 2148 2321 gularis
2192 2259 2480 2323 personae
2506 2291 2523 2322 ,
2577 2243 2644 2306 in
2692 2248 3006 2326 quantum
3045 2245 3322 2327 disponit
3365 2245 3449 2309 ad

1901 2349 2007 2413 Dei
2038 2349 2581 2432 assimilationem,
2614 2357 2677 2417 et
2707 2352 2771 2414 in
2800 2356 3118 2434 quantum
3143 2353 3291 2416 facit
3316 2353 3452 2416 ani-

1901 2475 2077 2521 mam
2117 2458 2490 2523 deiformem
2524 2481 2540 2523 z
2571 2463 2634 2523 et
2672 2479 2784 2542 per
2827 2460 2950 2524 hoc
2995 2463 3450 2543 consequenter

1901 2566 2179 2648 disponit
2203 2566 2282 2630 ad
2319 2567 2626 2631 unionem
2659 2566 3085 2648 personalem,
3118 2572 3181 2631 et
3217 2568 3451 2634 dicitur

1902 2672 2112 2752 gratia
2148 2672 2408 2737 unionis
2437 2696 2451 2735 ε
2488 2677 2551 2736 et
2576 2678 3034 2756 consequenter
3059 2692 3175 2757 per
3198 2674 3321 2739 hoc
3346 2675 3451 2760 ip-

1902 2796 2048 2841 sum
2078 2778 2356 2861 disponit
2382 2779 2461 2843 ad
2488 2779 2975 2844 redundantiam
3005 2782 3140 2845 sive
3173 2782 3454 2846 influen-

1902 2886 2059 2950 tiam
2107 2889 2318 2951 motus
2366 2892 2429 2952 et
2472 2906 2699 2951 sensus
2758 2888 2829 2950 in
2874 2892 3103 2952 caetera
3164 2890 3454 2956 membra

1905 2994 2131 3059 Christi
2166 3017 2180 3059 ε
2230 3000 2294 3058 et
2323 2995 2413 3058 sic
2456 2995 2687 3058 dicitur
2727 2996 2933 3076 gratia
2974 2997 3211 3080 capitis
3245 2998 3325 3062 Et
3364 2999 3456 3062 sic

1904 3106 2075 3186 patet
2101 3104 2273 3187 quod
2302 3104 2509 3186 gratia
2536 3103 2756 3187 capitis
2773 3155 2790 3185 ,
2822 3105 2887 3169 in
2916 3110 3231 3189 quantum
3275 3108 3455 3172 habi·

1905 3214 2032 3290 tus,
2060 3229 2195 3275 non
2222 3211 2434 3275 diflert
2457 3230 2496 3275 a
2517 3213 2724 3293 gratia
2757 3213 3107 3294 singularis
3136 3195 3447 3297 persona'3‚

1907 3318 2011 3382 vel
2041 3320 2297 3383 unionis
2314 3367 2333 3399 ,
2364 3319 2717 3384 secundum
2753 3320 3093 3386 habituum
3129 3323 3455 3389 diversita-

1905 3429 2059 3503 tem,
2105 3426 2212 3490 sed
2258 3427 2612 3491 secundum
2652 3430 3189 3511 comparationem
3233 3431 3455 3495 multi-

1907 3533 2158 3615 plicem.
2194 3532 2373 3597 Unde
2401 3532 2817 3599 concedendae
2860 3539 3013 3600 sunt
3054 3536 3333 3601 rationes
3375 3536 3457 3603 ad

1907 3639 2073 3705 hanc
2098 3652 2362 3722 partem.

1991 3756 2049 3813 1.
2086 3749 2178 3813 Ad
2216 3749 2371 3813 illud
2413 3768 2572 3830 ergo
2609 3751 2781 3832 quod
2825 3751 3033 3833 primo
3065 3753 3362 3835 objicitur
3388 3755 3456 3821 in

1909 3855 2341 3933 contrarium,
2370 3855 2543 3937 quod
2574 3856 2640 3918 in
2671 3855 2918 3922 Christo
2960 3860 3223 3940 ponitur
3248 3862 3458 3942 gratia

1909 3958 2266 4026 secundum
2294 3962 2605 4045 triplicem
2637 3964 3082 4043 differentiam,
3113 3966 3455 4032 dicendum

1909 4070 2080 4150 quod
2122 4071 2231 4134 illa
2269 4071 2499 4135 divisio
2541 4090 2672 4136 non
2708 4077 2802 4136 est
2843 4073 2990 4137 data
3032 4093 3226 4157 penes
3270 4076 3459 4140 diffe-

1909 4176 2183 4240 rentiam
2224 4177 2450 4258 gratiae
2507 4184 2822 4259 quantum
2881 4181 2957 4245 ad
3028 4182 3457 4247 diversitatem

1911 4283 2278 4360 habituum,
2327 4286 2437 4349 sed
2503 4292 2820 4368 quantum
2882 4290 2964 4353 ad
3029 4290 3457 4355 diversitatem

1913 4392 2465 4474 comparationum
2508 4399 2698 4476 atque
2739 4400 3164 4479 respectuum,
3200 4400 3334 4464 sive
3376 4398 3461 4462 er·

1913 4498 2198 4562 fectuum
2256 4504 2714 4581 consequenter
2763 4521 2829 4566 se
2882 4503 3257 4570 habentium
3279 4554 3297 4586 ,
3344 4505 3460 4589 qui

1914 4624 2046 4669 non
2073 4605 2501 4670 diversificant
2522 4608 2936 4674 essentialiter
2958 4611 3239 4677 habitus.

1997 4714 2056 4773 2.
2111 4708 2208 4772 Ad
2252 4709 2410 4773 illud
2452 4710 2624 4791 quod
2667 4711 3000 4794 objicitur,
3048 4715 3215 4796 quod
3254 4715 3463 4798 gratia

1918 4816 2141 4899 capitis
2163 4819 2697 4900 communicatur,
2737 4821 3078 4886 dicendum
3118 4823 3292 4906 quod
3317 4842 3464 4906 gra·

1919 4924 2020 5009 tia·
2057 4923 2277 5006 capitis
2316 4943 2450 4989 non
2494 4926 2585 4989 sic
2629 4929 3137 4994 communicatur
3179 4931 3349 5009 aliis,
3392 4936 3465 4997 ut

1921 5031 2013 5093 eis
2053 5030 2134 5093 sit
2172 5032 2380 5111 gratia
2424 5033 2680 5114 capitis;
2712 5035 2818 5099 sed
2846 5036 2974 5116 sic,
3007 5042 3080 5101 ut
3118 5038 3465 5105 efficaciam

1923 5137 2151 5202 habeat
2195 5139 2360 5202 circa
2404 5138 2562 5203 alios
2599 5162 2613 5203 ε
2657 5144 2721 5204 et
2761 5142 2884 5206 hoc
2925 5144 3187 5226 quidem
3228 5147 3469 5230 absque

1924 5245 2117 5310 dubio
2162 5247 2462 5329 competit
2504 5247 2731 5328 gratiae
2765 5249 3114 5332 singularis
3150 5270 3464 5337 personae,

1925 5358 1989 5418 et
2013 5353 2269 5418 unionis
2286 5402 2304 5432 ,
2339 5353 2492 5436 quia
2532 5355 2777 5419 ratione
2803 5358 2944 5438 ejus
2970 5360 3160 5425 nobis
3195 5363 3472 5443 meruit,

1928 5464 1991 5526 et
2029 5480 2145 5545 pro
2172 5461 2357 5526 nobis
2381 5461 2705 5527 satisfecit.
2747 5463 3049 5544 Quamvis
3073 5472 3291 5535 autem
3318 5489 3479 5554 gra-

3125 5582 3204 5643 19
